2479 4225
265 162 335 206 333
644 145 932 192 HEL

265 244 356 271 Musae
362 240 425 277 fiant
435 240 581 276 appellatae.
650 240 784 267 Amoenus
803 237 905 262 Lucret.
918 241 937 265 1,
952 237 999 263 118.
1064 232 1206 267 Virgineus
1222 232 1304 260 Ouid.

265 280 330 306 Met.
345 286 367 307 2,
381 285 434 309 219.
469 285 484 302 a
496 275 585 310 Musis,
603 284 663 311 quae
676 272 812 301 Heliconis
824 271 944 296 alumnae
964 269 1038 295 Idem
1051 269 1116 295 Fast.
1130 277 1159 302 4,
1172 276 1223 301 ¹93-
1258 267 1307 296 Sed

264 322 295 340 ex
309 314 392 339 Ponto
404 321 431 344 4,
444 320 460 338 2
469 330 478 343 ‚
492 319 514 338 ιι
544 311 675 338 Helicona
688 309 800 335 colentes
811 311 884 331 vocat
897 306 994 331 Paetus.

300 353 549 379 HELiCONlADES,
568 356 622 374 um.
641 346 660 372 f.
680 338 874 377 [Ἑλικαωοέδες]
904 340 992 376 Musae
1006 339 1304 367 Heliconemhabitantes.

262 384 329 410 Pers.
343 383 369 408 in
384 391 505 416 prooem.
519 392 538 416 4
569 378 806 411 Heliconiadasque
825 375 1003 411 pallidamque
1016 377 1142 408 Pyrenen.
1212 374 1304 400 Comi-

261 424 300 446 tes
312 418 519 444 Heliconiadum
545 418 646 444 Lucret.
662 422 689 446 ς,
703 420 772 444 1050.

298 460 318 479 H
328 460 344 479 E
354 460 370 479 L
380 455 413 480 'ic
422 455 442 480 ὁ
452 461 475 480 N
485 462 495 480 1
504 461 524 480 v
533 459 563 484 s,
580 460 610 481 a,
627 458 680 475 um.
725 447 785 474 Adi.
844 447 879 474 Vc
897 447 1039 473 Heliconia
1058 445 1136 471 mella
1160 444 1256 471 Claud.
1270 443 1303 471 de

259 488 344 516 Laud.
359 489 445 515 Seren.
459 497 528 516 v.10.
599 484 683 511 Collis
698 482 837 509 Heliconii
851 482 937 509 cultor
968 482 1053 510 Catul.
1066 484 1110 514 62,
1127 489 1146 506 1.

298 526 589 553 HELiocALLm,
625 518 679 546 vid.
700 524 955 546 HELIANTHE.

295 567 316 587 H
327 567 343 587 E
357 568 372 586 L
383 567 394 587 1
402 566 421 586 ο
429 565 446 586 c
454 566 474 585 A
482 560 553 583 ΜῐΝ
562 562 583 590 ιζ
593 560 622 585 s,
641 554 659 580 i.
680 564 715 580 m.
751 552 941 588 [ἦλιακοέμινος]
979 552 1024 580 Ad
1036 552 1134 579 verbum
1141 551 1236 578 Solaris
1242 549 1304 586 for-

260 605 311 622 nax
323 595 374 621 dici
383 593 470 630 potest.
524 588 564 623 Est
576 596 656 616 autem
670 591 752 617 Solare
771 592 931 624 vaporarium
951 591 979 615 in
997 591 1083 624 aprico
1100 589 1150 614 loco
1157 585 1250 620 situm,
1270 585 1305 612 acl

260 633 364 657 calorem
380 630 443 665 solis
459 625 641 660 excipiendum,
665 635 711 661 quo
729 628 829 660 antiqui
845 624 987 651 utebantur.
1081 623 1185 657 leian.
1200 622 1229 648 in
1245 621 1262 647 l.
1284 621 1303 647 sl

261 667 384 693 arborem
403 664 434 689 D.
447 661 479 687 de
492 661 580 688 seruit.
593 661 687 688 vrban.
701 661 790 695 praed.
824 660 850 686 Si
864 659 945 686 arbor
958 660 987 685 in
1000 658 1180 685 heliocamino
1200 656 1243 683 vel
1262 657 1303 682 so-

259 701 330 728 lario
344 700 424 726 solem
437 697 552 729 adimat,
575 697 715 723 dicendum
733 697 800 728 erit,
818 695 882 730 quia
896 694 1018 721 vmbram
1031 695 1094 721 facit
1107 695 1135 720 in
1149 694 1246 722 locum,
1260 691 1302 718 cui

259 737 299 764 sol
314 736 363 761 fuit
376 733 545 765 necessarius,
569 739 660 759 contra
672 733 827 758 seruitutem
842 730 989 765 impositam
1003 729 1071 756 lieri.
1142 729 1207 755 Plin.
1221 727 1301 762 Epist.

261 781 278 799 2
288 791 296 803 ‚
315 778 341 804 17
378 769 407 794 In
420 767 466 794 hac
481 770 572 795 Diaeta
589 767 781 794 heliocaminus
801 766 924 801 quidem,
943 766 995 791 alia
1008 766 1126 798 xystum,
1150 763 1201 790 alia
1214 772 1302 795 mare,

260 812 369 838 vtraque
383 804 479 836 solem,
500 803 652 830 cubiculum
666 810 753 829 autem
766 803 862 833 valuis,
882 802 1109 836 cryptoporticum
1124 800 1234 827 fenestra
1243 807 1303 833 pre-

260 841 345 875 spicit.
398 840 458 872 Qia
471 847 558 873 mare,
576 845 667 866 contra
681 839 809 873 parietem
829 837 964 870 medium,
999 837 1084 863 diaeta
1105 844 1231 871 perquam
1250 834 1304 861 ele-

257 881 348 911 ganter
361 875 468 901 recedit.

294 910 566 942 umnecmzfsos,
586 909 604 936 i.
622 919 659 937 m.
690 907 1120 943 Herbaaureamfloremproducens.
1153 906 1303 937 Plin.21‚11.

294 953 314 972 H
324 953 340 972 E
349 953 364 971 L
374 953 381 971 ι
393 952 412 972 O
421 952 441 972 G
451 952 472 972 A
481 950 497 971 E
508 943 529 971 Ᾰ
538 953 554 971 L
562 952 583 971 V
591 953 604 972 s
612 965 621 978 ,
640 945 658 972 i.
683 954 719 971 m.
755 945 793 971 M.
808 944 930 971 Aurelius
943 944 1093 970 Antoninus
1107 945 1246 978 Imperator
1261 950 1302 966 vo-

257 985 312 1008 cari
319 982 391 1017 Jolet,
406 983 531 1007 Antonini
542 980 774 1016 Caracallaefilim,
794 980 823 1006 de
834 989 880 1016 quo
893 980 957 1006 Aur.
971 978 1074 1006 Victor.
1090 987 1119 1011 23
1145 978 1303 1011 Accitusque

257 1018 296 1045 M.
310 1017 459 1043 Antoninus
473 1015 588 1042 Bassiano
607 1016 782 1050 (Caracalla)
802 1017 914 1050 genitus,
933 1015 980 1049 qui
993 1021 1065 1049 patre
1078 1021 1186 1040 mortuo
1202 1014 1229 1039 in
1236 1012 1304 1038 Solis

257 1052 432 1080 sacerdotium
443 1072 451 1085 ,
471 1061 550 1086 quem
566 1052 769 1086 Heliogabalum
783 1052 841 1083 Syri
856 1057 967 1082 vocant,
990 1056 1115 1084 tanquam
1128 1050 1227 1082 asylum
1243 1047 1302 1074 insi-

258 1088 362 1115 diarum
376 1094 448 1114 metu
462 1087 625 1121 confugerat,
642 1088 755 1121 hincque
768 1086 956 1121 Heliogabalus
969 1085 1072 1118 dietus,
1093 1091 1139 1111 etc.
1194 1084 1302 1111 Seruum

257 1124 292 1151 ad
304 1125 368 1150 Aen.
382 1131 408 1158 7,
424 1129 467 1153 180
498 1123 612 1149 Gabalus
632 1124 686 1157 (al.
701 1122 880 1156 Eliogaballus
895 1123 935 1148 vel
946 1120 1135 1155 Aliogabalus)
1168 1121 1302 1146 Romanus

257 1159 403 1194 imperator
416 1159 502 1185 Solem
516 1160 540 1184 se
554 1158 607 1184 dici
619 1158 718 1184 voluit:
755 1167 815 1184 nam
835 1156 1025 1191 Heliogabalus
1044 1156 1130 1183 dietus
1149 1156 1193 1182 est.
1245 1156 1303 1181 Ali-

255 1196 318 1231 quid
329 1198 384 1221 veri
395 1194 453 1221 huic
465 1193 628 1229 obseruationi
641 1193 712 1226 incjffi'
721 1199 845 1228 putarunt
863 1200 944 1226 certe,
966 1195 1010 1229 qui
1030 1193 1121 1219 Graece
1136 1190 1304 1222 ἧλιιηᾰβαλογ

255 1237 393 1257 vocarunt:
429 1239 482 1255 cum
495 1228 647 1263 Elagabalus
662 1238 746 1255 verum
758 1228 895 1262 nomenfit.
939 1228 997 1255 Vz'd.
1014 1229 1104 1255 cellar.
1119 1234 1143 1253 et
1158 1228 1252 1253 Hearn.
1270 1224 1305 1251 ad

254 1265 319 1292 illud
333 1266 440 1299 Eutrop.
456 1270 485 1296 8,
504 1273 537 1291 22
571 1264 694 1291 Sacerdos
708 1264 876 1299 Heliogabali
890 1264 984 1300 templi
998 1270 1063 1291 erat.
1112 1262 1180 1290 Add.
1198 1262 1262 1289 Selal.
1276 1261 1305 1287 de

256 1303 317 1329 Diis
331 1303 401 1335 Syris
413 1310 442 1331 2,
455 1310 487 1326 11.
543 1300 671 1335 spanhem.
691 1301 813 1326 Vaillant.

292 1343 336 1363 ΗΕ
347 1343 410 1363 Llo
421 1333 504 1362 Ρόιι
515 1343 544 1367 s,
565 1335 596 1362 is.
625 1335 643 1361 f.
681 1334 862 1368 [Ἡλιόπολις]
898 1335 994 1361 Ciuitas
1013 1332 1046 1367 est
1057 1335 1191 1370 Aegypti,
1214 1340 1274 1368 quae
1289 1340 1306 1358 a

254 1372 358 1399 Graecis
368 1391 375 1403 ,
395 1369 453 1404 telle
466 1371 577 1397 Diodoro
591 1371 686 1403 Siculo,
709 1371 790 1397 Thebe
803 1371 912 1403 dicitur,
929 1371 1002 1397 huius
1014 1373 1090 1401 ciues,
1110 1367 1168 1402 teste
1181 1367 1305 1394 Herodoto

255 1417 270 1434 2
296 1407 361 1442 apud
372 1409 517 1443 Aegyptios
529 1410 634 1433 omnium
642 1406 821 1441 stipientiffimi
835 1406 965 1433 habentur.
1038 1407 1128 1433 Altera
1147 1402 1179 1436 est
1198 1403 1305 1429 ciusdem

253 1445 362 1469 nominis
374 1446 400 1468 in
415 1444 503 1468 Cilicia
511 1445 601 1476 patria
613 1441 744 1477 Chrysippi
756 1443 842 1468 Stoici.
897 1441 1002 1468 Solinus
1037 1461 1044 1467 .
1082 1461 1088 1466 .
1153 1438 1304 1474 Vidsteph.

254 1478 284 1504 de
304 1478 361 1504 Vrh.
376 1485 398 1504 et
410 1477 595 1512 eruditcffi'mum
609 1478 772 1509 Holjiemum.
808 1478 865 1504 Cic.
880 1476 912 1503 de
927 1477 963 1503 N.
978 1477 1010 1502 D.
1024 1485 1045 1508 3,
1064 1484 1106 1509 34.

289 1520 310 1540 H
321 1520 335 1538 F
347 1519 362 1539 L
373 1519 410 1540 10
418 1520 433 1539 Ρ
443 1519 463 1539 0
474 1519 490 1538 L
500 1516 514 1539 ι’
523 1519 545 1540 Τ
554 1520 571 1540 E
579 1519 592 1539 s
601 1533 609 1546 ,
629 1522 669 1540 ae.
690 1522 725 1539 m.
764 1512 827 1539 Adi.
857 1513 962 1539 Nomos
970 1512 1149 1546 Heliopolites
1169 1510 1236 1536 Plin.
1246 1517 1268 1542 5,
1277 1517 1304 1542 9.

255 1546 421 1584 Praefct‘lura
433 1550 604 1584 Aegyptiam.
681 1548 910 1583 Heliopolitarum
924 1547 1087 1574 cerimoniae
1114 1546 1187 1573 Idem
1201 1547 1242 1578 36,
1262 1546 1302 1571 26.

291 1591 311 1611 H
321 1591 336 1610 Ε
346 1591 361 1610 L
371 1582 460 1610 1('>'P0
470 1591 490 1610 N
501 1603 507 1614 ,
543 1585 592 1618 (ni
606 1583 644 1618 fit
658 1585 822 1620 corruptum)
860 1583 928 1620 apud
950 1583 1027 1618 Apul.
1054 1583 1087 1609 de
1109 1581 1194 1608 Herb.
1218 1590 1240 1607 c.
1257 1589 1302 1615 49.

253 1619 321 1654 Idem
333 1626 404 1654 atque
418 1620 607 1654 Heliotropium.

291 1661 311 1680 H
321 1661 337 1680 L·
348 1662 362 1680 L
374 1661 382 1679 1
393 1661 412 1681 O
422 1662 434 1680 S
445 1660 462 1681 C
476 1660 495 1680 O
508 1660 523 1679 P
535 1662 544 1679 1
553 1661 605 1680 VM
614 1674 622 1686 ,
637 1655 656 1681 i.
677 1663 703 1681 n.
741 1656 822 1680 Genus
836 1655 988 1689 Heliotropii
1001 1661 1024 1680 et
1041 1653 1192 1687 Tithymali.
1218 1651 1303 1686 Diosc.

253 1699 282 1725 4,
296 1695 347 1723 165.
384 1690 451 1716 Plin.
460 1698 495 1720 22,
509 1698 536 1729 ⁷5¹
549 1696 573 1715 et
582 1692 624 1720 26,
639 1695 661 1719 8.
697 1690 811 1724 Apuleio
825 1689 856 1715 de
871 1690 954 1716 Herb.
972 1695 1046 1720 c.108
1072 1691 1103 1722 Ψ
1117 1688 1302 1721 Helioscopus.

290 1732 312 1751 H
321 1732 338 1751 E
349 1731 364 1750 L
375 1732 384 1750 ι
395 1732 414 1751 O
423 1732 436 1752 S
446 1732 494 1752 TR
503 1733 522 1751 o
531 1731 545 1751 P
555 1731 575 1751 H
584 1731 603 1751 O
613 1731 634 1750 N
642 1744 650 1755 ,
665 1725 683 1751 i.
701 1734 727 1750 n.
764 1725 853 1750 Malua
865 1727 984 1750 erratica.
1040 1724 1118 1758 Apul.
1132 1724 1164 1750 de
1180 1723 1263 1749 Herb.
1279 1731 1302 1748 c-

253 1768 299 1793 40.
334 1766 358 1785 et
372 1761 553 1795 Heliotropinm
567 1768 640 1792 c.49.

290 1801 311 1820 H
320 1801 336 1820 E
345 1802 361 1820 L
371 1802 380 1820 1
390 1801 408 1820 o
420 1800 442 1820 Τ
454 1801 473 1821 R
482 1801 501 1820 ο
510 1801 524 1820 P
534 1802 542 1821 1
553 1803 574 1821 v
583 1802 607 1820 M
617 1815 625 1826 ,
644 1795 663 1827 i.
683 1804 710 1821 n.
746 1793 931 1828 [ἡλιοτρόπιον]
968 1792 1060 1819 Herba.
1097 1793 1184 1818 Varro
1198 1792 1229 1816 R.
1239 1791 1270 1816 R.
1281 1799 1302 1822 1,

254 1832 290 1863 46
316 1830 374 1855 Nee
386 1829 473 1855 minus
487 1829 687 1861 admirandum,
708 1829 781 1863 quod
796 1829 824 1855 fit
839 1829 866 1854 in
881 1828 1007 1860 floribus,
1030 1836 1097 1862 quos
1110 1832 1205 1854 vocant
1220 1825 1304 1852 helio-

252 1865 341 1898 tropia
356 1864 389 1890 ab
402 1873 449 1894 eo,
469 1863 541 1898 quod
557 1864 588 1890 ad
602 1863 669 1889 Solis
684 1870 774 1889 ortum
787 1871 863 1889 mane
875 1863 1004 1896 spec'lant,
1030 1863 1126 1888 eteius
1145 1863 1196 1888 iter
1214 1862 1251 1887 ita
1267 1861 1303 1886 se-

254 1907 373 1935 quuntur
388 1900 419 1926 ad
432 1900 551 1926 occasum
563 1919 571 1931 ,
588 1904 617 1924 vt
631 1898 663 1924 ad
679 1907 739 1924 eum
753 1899 854 1931 semper
867 1896 990 1930 speeiem.
1060 1897 1128 1922 Plin.
1143 1905 1173 1927 2,
1187 1904 1217 1928 41
1249 1896 1302 1921 Mi-

254 1942 328 1964 retur
345 1935 411 1967 hoc,
437 1935 484 1970 qui
505 1944 558 1960 non
571 1934 695 1960 obseruet
708 1932 867 1967 quotidiano
878 1931 1061 1965 experimento
1081 1930 1190 1956 herbam
1208 1938 1304 1959 vnam,

255 1981 323 2007 quae
335 1977 446 1997 vocatur
460 1970 671 2004 heliotropium,
693 1969 835 1995 abeuntem
853 1967 936 1993 solem
955 1966 1056 1992 intueri
1079 1967 1196 1999 semper,
1216 1963 1303 1990 onmi-

253 2007 356 2041 busque
370 2006 444 2033 horis
458 2015 517 2032 cum
531 2015 563 2032 eo
577 2005 661 2036 verti,
678 2005 722 2031 vel
737 2003 832 2030 nubilo
846 2001 1032 2029 obumbrante.
1125 2001 1198 2027 Idem
1211 2008 1259 2031 22,
1275 2007 1303 2024 21

252 2043 281 2070 de
295 2053 321 2069 ea
335 2043 427 2078 copiosi*
441 2042 551 2077 disputat
564 2048 587 2067 et
601 2048 629 2071 ιθ
638 2061 645 2072 ,
669 2050 708 2074 27.
764 2038 871 2074 Qidam
880 2044 975 2073 putant
994 2046 1044 2063 eom
1057 2035 1100 2071 effi
1110 2035 1208 2064 herbam
1218 2055 1225 2067 ,
1243 2043 1304 2070 quae

254 2082 327 2105 etiam
342 2077 473 2104 Calendula
486 2077 589 2104 dicitur.
631 2075 690 2103 Vici.
705 2075 782 2108 Apul.
798 2073 830 2099 de
844 2072 926 2098 Herb.
942 2082 962 2098 c.
971 2074 1011 2103 63.
1167 2070 1188 2107 ff
1209 2079 1225 2097 2
1261 2067 1304 2102 ΕΠ

253 2121 278 2141 et
290 2113 503 2147 Heliotropium,
523 2114 636 2144 Gemma,
654 2111 682 2137 de
695 2120 743 2146 qua
756 2109 822 2136 Plin.
836 2115 878 2143 37,
892 2116 920 2133 10
940 2108 958 2133 s.
973 2109 1016 2132 60.

290 2156 421 2181 HELis,
456 2148 509 2174 val.
527 2153 618 2174 ELis.

291 2191 313 2211 H
322 2183 339 2211 ἑ
348 2192 364 2211 L
373 2192 383 2210 ι
392 2192 410 2210 x
420 2204 428 2216 ‚
447 2184 503 2210 icis.
523 2184 543 2210 f.
594 2184 676 2210 Genus
687 2181 788 2209 hederae
802 2181 838 2206 cel
850 2188 893 2211 ae,
907 2178 977 2214 folia
990 2178 1064 2204 multo
1078 2179 1174 2203 minora
1189 2174 1304 2202 habentis

254 2229 326 2257 quam
342 2221 465 2254 reliquae,
482 2228 517 2244 ne.
528 2227 554 2244 ue
567 2227 675 2253 unquam
682 2215 801 2252 frufium
832 2218 938 2246 creantis,
963 2221 992 2239 vt
1012 2215 1095 2248 inquit
1110 2208 1303 2251 Theophrastus.

254 2254 327 2282 dista
342 2255 422 2281 Helix
432 2274 440 2287 ,
460 2264 505 2290 quo
536 2255 627 2280 multas
642 2254 727 2279 habeat
743 2253 982 2279 circmnuolatianes.
1013 2248 1040 2274 de
1054 2258 1100 2284 qua
1120 2247 1186 2273 Plin.
1200 2249 1244 2278 16,
1259 2254 1301 2279 34.

252 2291 323 2320 Add.
338 2290 404 2317 Ibid.
419 2295 485 2322 0-38-

291 2324 557 2357 HELLiinicvs,
576 2333 607 2356 a,
623 2333 677 2350 um.
713 2322 775 2350 Adi.
812 2322 928 2348 Graecus.

256 2362 310 2389 duo
322 2370 416 2396 genera
430 2361 518 2391 fuere,
538 2360 705 2386 Helladicum
720 2366 745 2384 et
760 2357 911 2384 Asiaticum.

292 2404 312 2424 H
322 2404 338 2424 13
348 2405 360 2422 L
373 2404 389 2423 L
398 2404 419 2423 A
428 2404 449 2426 S,
464 2396 528 2422 adis.
546 2395 565 2421 f.
584 2394 709 2428 [Ἕλλας]
727 2403 811 2420 nomen
823 2394 942 2429 Regionis
949 2390 1069 2422 Achaiae,
1076 2399 1090 2415 a
1099 2387 1189 2422 nqslris
1199 2389 1304 2414 Graecia

255 2434 379 2469 appellata
392 2443 406 2458 a
422 2433 524 2463 Graeco,
538 2434 579 2466 qui
593 2433 693 2466 primus
714 2433 740 2455 in
759 2438 785 2455 ea
800 2431 931 2464 regnauit:
970 2435 985 2452 a
1002 2429 1070 2451 cuius
1089 2424 1143 2458 filia
1162 2431 1250 2450 uocata
1269 2420 1302 2455 est

254 2471 343 2496 Attis:
379 2467 465 2494 deinde
482 2468 512 2492 ab
528 2466 650 2498 Hellene,
669 2463 904 2499 Deucaliorzisfilio‚
923 2459 993 2488 diHa
1005 2461 1065 2496 fuit
1084 2460 1184 2486 Hellas.
1243 2458 1303 2485 Vni.

254 2504 352 2532 Melam
365 2512 391 2536 2,
406 2512 427 2535 3.
463 2503 529 2528 Plin.
545 2510 572 2534 4,
584 2509 610 2535 7.
652 2500 711 2528 Vid.
728 2499 893 2526 Prideauxius
906 2496 940 2523 ad
951 2498 1045 2523 Mat-m.
1056 2497 1136 2522 Oxon.
1154 2497 1196 2530 qui
1211 2494 1304 2520 erudite

254 2540 351 2575 causam
366 2538 487 2574 assignat,
500 2546 574 2572 quare
590 2537 694 2562 Graecia
707 2537 808 2561 Latinis
817 2534 928 2570 semper,
943 2531 1003 2567 {Pfis
1019 2529 1233 2557 Graecis‘sssmas.

292 2582 312 2602 H
323 2582 338 2601 Ε
349 2581 365 2600 L
375 2582 391 2599 L
401 2582 418 2600 E
427 2593 435 2604 ,
447 2583 482 2599 es.
504 2573 522 2599 f.
544 2572 660 2607 [Ἕλλη]
681 2572 746 2598 Filia
757 2570 930 2600 Athamantis,
941 2570 1008 2603 regis
1022 2567 1169 2598 Thebarum,
1181 2573 1241 2600 quae
1249 2573 1303 2590 cum

254 2611 358 2645 Phryxo
365 2610 454 2646 fratre
461 2610 507 2644 suo
526 2609 666 2634 nouercales
684 2606 789 2640 infidias
803 2605 927 2641 fugiens,
951 2606 1028 2630 ariete
1047 2601 1146 2629 vestore
1160 2600 1258 2636 delapsa
1276 2602 1304 2626 in

255 2655 323 2672 mare
342 2649 414 2671 iuxta
434 2646 585 2679 Byzantium
602 2642 711 2678 demersa
728 2640 778 2674 est,
803 2640 868 2676 quod
895 2639 952 2665 inde
969 2638 1060 2664 Helles
1081 2643 1174 2672 pontus
1193 2643 1305 2676 vocatur.

257 2682 332 2709 Sidus
346 2683 444 2707 Arietis
461 2683 497 2705 ita
510 2679 626 2713 describit
647 2677 728 2704 Ouid.
742 2675 808 2703 Fast.
822 2685 855 2708 4,
868 2683 912 2709 713
943 2675 963 2701 Ε
977 2674 1043 2700 duce
1057 2673 1170 2707 lanigeri
1188 2679 1306 2710 pecoris,

258 2718 305 2751 qui
321 2715 438 2750 prodidit
452 2714 563 2744 Hellen,
582 2714 626 2739 Sol
640 2713 695 2740 abit
708 2719 754 2739 etc.
826 2711 932 2736 Colum.
950 2719 993 2742 10,
1016 2716 1055 2743 155
1086 2710 1151 2735 Mox
1165 2707 1214 2734 vbi
1227 2706 1305 2733 nubi*

257 2761 340 2787 genae
352 2751 451 2782 Phryxi
471 2750 624 2784 (portitor)
642 2757 689 2774 nec
704 2747 819 2782 portitor
833 2745 936 2775 Helles,
955 2753 1001 2772 etc.

295 2795 315 2813 u
328 2793 343 2811 r
353 2793 369 2812 L
379 2794 394 2812 L
404 2793 419 2812 1:
431 2793 446 2812 B
454 2783 473 2812 ὁ
483 2792 500 2810 R
511 2792 531 2810 v
541 2791 575 2815 M,
586 2785 611 2819 J.
629 2790 645 2809 E
655 2791 672 2809 L
682 2790 696 2808 L
707 2790 723 2809 E
733 2790 749 2810 B
757 2788 776 2808 o
786 2789 804 2808 R
814 2789 834 2808 v
844 2787 880 2813 M,
900 2781 1002 2814 (variat
1009 2779 1225 2815 erzirnfiriptura)
1241 2778 1258 2804 i.
1277 2787 1304 2804 n.

258 2820 425 2857 [ἒλλέεῗοροε]
462 2820 546 2846 Herba
558 2821 699 2845 vomitoria.
735 2817 803 2844 Plin.
818 2824 859 2849 ες,
872 2823 885 2849 5
909 2815 1044 2842 hellebori
1058 2815 1111 2841 duo
1119 2815 1191 2851 facit
1200 2823 1306 2849 genera,

259 2858 319 2890 licat
333 2865 356 2883 et
371 2857 459 2883 Diosc.
471 2864 498 2888 4.
555 2853 721 2885 Candidum,
747 2852 818 2888 quod
833 2852 909 2879 Italia
923 2853 1062 2878 Veratrum
1076 2851 1166 2877 album
1180 2850 1307 2884 appellat,

259 2900 285 2921 et
300 2894 423 2927 Nigrum.
460 2889 533 2926 de
545 2889 726 2924 Melampodion
742 2895 846 2920 vocant,
872 2887 901 2913 ab
920 2890 1047 2913 inuentore
1066 2886 1219 2921 Melampode
1232 2892 1306 2918 uate,

982 2318 1049 2346 Plin.
1063 2326 1107 2352 35,
1120 2326 1148 2345 ιο
1180 2316 1300 2344 Ρίἑὶιιι-εε

258 2931 300 2956 vel
308 2927 416 2964 pastore,
433 2927 497 2963 quod
508 2929 531 2952 is
542 2922 761 2957 animaduertisset,
774 2933 799 2950 eo
807 2926 917 2959 purgari
924 2930 1022 2958 capras.
1059 2922 1145 2948 deinde
1160 2921 1217 2949 dato
1226 2931 1308 2949 earum

783 2959 829 2986 Scis
842 2959 943 2985 Gellius
958 2967 996 2993 17,
1013 2966 1036 2999 ις
1055 2958 1308 2998 Pliniunisequutus,

258 2963 324 2992 lac'l'e
333 2984 339 2994 ‚
356 2964 457 2998 sanauit
472 2961 600 2988 Proetidas
601 2960 728 2996 furffiles.

260 3004 298 3028 ait
311 2999 409 3026 coloris
423 2997 643 3029 discerniculum,
667 3004 722 3022 non
740 2995 769 3020 in
788 2995 901 3025 semine,
920 3003 1005 3029 neque
1020 3003 1049 3020 in
1062 2994 1200 3028 vnguffls,
1221 2992 1263 3019 sed
1277 2993 1306 3019 in

261 3036 349 3063 radice
363 3042 497 3069 apparere.
552 3031 672 3059 Candido
686 3034 830 3057 vomitiones
844 3032 953 3061 cientur,
970 3028 1197 3065 eoqueflomachum
1210 3036 1233 3055 et
1248 3038 1306 3055 ven-

261 3079 324 3098 trem
332 3072 484 3106 saper-iorem
495 3075 601 3105 purgat.

260 3108 343 3142 cicloja
349 3110 450 3142 Jamtio.
508 3103 644 3130 Carneades
657 3102 832 3132 Academicus,
844 3102 989 3137 scripuras
1000 3101 1127 3135 aduersum
1144 3102 1221 3128 Stoici
1233 3101 1307 3127 Zeno-

261 3152 278 3168 n
287 3146 303 3167 ‘s
315 3142 407 3174 libros,
431 3139 544 3166 candido
564 3139 705 3165 helleboro
713 3138 845 3173 superiora
859 3139 970 3171 corporis
980 3143 1091 3172 purgare
1098 3136 1189 3171 solitus
1201 3138 1310 3173 legitur,

262 3187 292 3203 nc
312 3177 372 3212 quid
384 3186 412 3203 ex
431 3185 502 3201 cori-u
522 3178 556 3201 tis
574 3178 600 3200 in
611 3173 738 3206 stomacho
757 3173 913 3204 humoribus,
940 3171 973 3197 ad
990 3172 1116 3198 domicilia
1133 3182 1208 3206 usque
1229 3174 1308 3198 animi

1115 3208 1149 3233 Ex
1163 3207 1249 3233 Plinio
1262 3209 1311 3242 igi·
1326 3210 1355 3239 85
1376 3211 1461 3236 luatus
1477 3208 1530 3235 est?

263 3212 422 3242 redundaret,
433 3218 456 3237 et
469 3214 506 3244 ins
520 3213 624 3241 antium,
637 3213 790 3245 vigoremque
796 3211 887 3235 mentis
898 3207 1055 3242 labe-faceret.

262 3255 306 3274 tur
318 3248 401 3274 videre
415 3248 472 3273 licet
485 3252 628 3281 vtrumque
642 3254 721 3278 genus
733 3251 789 3271 tum
803 3242 942 3270 candidum
951 3262 959 3274 ,
979 3248 1036 3269 tum
1049 3243 1155 3276 nigrum
1166 3263 1173 3274 ,
1197 3252 1255 3268 cum
1276 3242 1309 3268 ad

265 3284 317 3310 alia
331 3283 467 3317 complura
487 3281 573 3313 mala,
597 3286 653 3306 tum
674 3280 796 3306 aduersus
814 3277 1033 3309 melancholiam,
1056 3278 1203 3304 remedium
1217 3278 1309 3305 efficax

754 3317 818 3342 Intt.
833 3316 937 3341 Petron.
957 3324 979 3340 c.
993 3319 1029 3344 88.
1057 3319 1080 3339 et
1093 3313 1126 3339 ad
1141 3314 1207 3340 Pers.
1223 3323 1244 3345 1,
1264 3315 1308 3346 64.

265 3355 347 3381 Plaut.
358 3355 428 3379 Men.
438 3361 460 3384 ς,
468 3362 490 3385 5,
505 3361 528 3385 ις
552 3352 579 3378 dc
587 3352 673 3388 insum
683 3350 791 3377 curando
799 3350 915 3382 medicus,
931 3350 995 3376 Non
1005 3349 1087 3384 potest
1095 3348 1158 3375 haec
1171 3358 1211 3375 res
1219 3350 1310 3383 iugere

267 3389 396 3415 hellebori
406 3388 561 3414 obtinerier.
570 3391 588 3413 i.
597 3396 622 3413 eo
630 3386 699 3413 modo
706 3386 874 3420 hellebori,qui
880 3389 906 3411 in
915 3392 965 3411 tato
973 3389 1055 3421 ingere
1064 3394 1111 3410 vno
1118 3395 1181 3412 anno
1185 3387 1311 3420 prouenit.

268 3425 335 3450 Hor.
352 3424 430 3457 bpist.
444 3432 470 3456 τε,
485 3432 515 3456 2,
530 3431 572 3457 137
607 3422 713 3457 Expulit
728 3420 865 3448 helleboro
881 3420 1023 3452 morbum,
1047 3419 1183 3455 bilemque
1195 3428 1310 3447 meraco.

270 3459 388 3484 Ouiaex
397 3460 506 3492 Pont.4‚
518 3467 575 3492 353
594 3459 623 3490 1,
637 3457 837 3488 bibedixissem,
852 3463 990 3490 purgantes
998 3455 1105 3490 chtora
1114 3457 1211 3488 succos,
1226 3455 1312 3490 Quid-

817 3491 976 3518 Helleborue
984 3495 1056 3518 etiam
1070 3495 1140 3519 inm.
1147 3502 1200 3529 gen.
1208 3490 1314 3518 dicitur.

266 3318 372 3345 habere.
430 3317 504 3353 Conf.
525 3317 591 3343 Plin.
604 3323 651 3348 23,
667 3324 697 3342 ιι.

271 3493 368 3527 quidet
382 3494 409 3518 in
422 3500 476 3520 tota
489 3493 602 3521 nascitur
614 3494 748 3525 Anticyra.

653 3067 741 3101 Nigro
753 3067 823 3092 aluus
836 3065 945 3100 inser-ior
958 3066 1075 3092 diluitur.
1100 3069 1229 3100 utriusque
1238 3067 1308 3099 peri-

1368 234 1533 271 borificmfit‚
1553 242 1624 270 quam
1632 240 1683 269 par
1689 233 1757 271 suit.

1371 276 1404 296 Τ.
1422 270 1604 298 helleborosus
1616 271 1681 296 suin.

1368 305 1449 332 babet.

1409 348 1429 367 H
1438 349 1455 368 E
1466 348 1481 367 L
1492 347 1508 367 L
1517 348 1534 368 E
1544 347 1566 367 N
1575 360 1583 372 ,
1598 341 1664 367 enis.
1684 349 1721 367 m.
1744 338 1872 374 ΓἘλλην]
1906 341 2066 368 Deucalionis
2078 347 2102 368 et
2110 342 2221 376 Pyrrhae
2227 340 2303 377 filius
2310 359 2318 372 ,
2341 349 2358 366 a
2368 347 2414 376 qua

1327 378 1342 405 5
1371 376 1511 409 Hellenes,
1535 378 1648 403 nonnulli
1662 376 1765 402 credunt
1772 375 1851 411 fuiſje
1866 380 2014 403 nominator.

1405 418 1426 438 H
1438 418 1456 438 E
1468 418 1485 437 L
1498 419 1515 437 L
1527 418 1544 438 Ε
1555 419 1577 438 Ν
1587 420 1596 438 1
1606 420 1619 439 s
1628 418 1649 438 T
1657 419 1679 439 A
1690 419 1706 438 E
1715 432 1723 444 ‚
1742 420 1826 438 arum.
1846 421 1881 437 m.
1907 412 1994 438 Iudaei
2002 413 2130 447 religione,
2138 418 2210 447 gente
2219 412 2317 438 Graeci.

1370 446 1428 473 A&
1438 448 1525 481 Apost.
1533 456 1555 474 c.
1564 450 1590 480 6,
1598 457 1617 475 ι.
1637 457 1663 480 9,
1672 456 1714 481 29.
1734 456 1767 478 ιι,
1777 456 1815 473 ιο.

1369 483 1437 508 Dan.
1451 483 1538 518 Heins.
1552 490 1575 510 et
1587 483 1724 517 Salmasius.

1369 518 1459 544 Funus
1471 519 1589 552 Linguae
1600 518 1786 545 Hellenisticae
1795 537 1804 550 ,
1830 524 1876 543 etc.

1330 559 1361 578 10
1369 556 1478 579 euntium
1485 554 1623 589 sententias
1635 555 1717 589 refert
1734 554 1832 580 fabric.
1844 556 1872 579 in
1886 553 1951 580 Bibl.
1965 555 2051 580 Graec.
2070 554 2094 580 V
2093 554 2125 579 ol.
2130 562 2145 585 3
2151 560 2180 588 p.
2188 556 2242 579 226.

1407 595 1428 614 H
1437 595 1454 615 E
1461 595 1478 615 1.
1486 596 1503 615 L
1511 596 1528 616 E
1537 597 1550 616 S
1558 597 1573 616 Ρ
1582 597 1601 616 O
1610 596 1631 614 N
1642 597 1663 615 T
1672 597 1692 615 V
1700 597 1713 616 S
1721 609 1730 622 ‚
1748 590 1767 616 i.
1797 598 1832 615 m.
1888 587 2098 623 [Ἑλλήσποντος]
2174 589 2272 614 Fretum
2287 585 2415 623 angustum

1367 623 1399 650 ab
1420 626 1502 659 Aegeo
1519 627 1546 650 in
1566 624 1733 660 Propontida,
1759 625 1801 650 vbi
1815 624 1879 660 sunt
1896 625 1954 650 illae
1975 623 2117 660 angustiae,
2136 623 2230 659 septem
2251 630 2347 649 tantum
2360 622 2426 656 sta-'

2346 657 2416 684 Vnde

1368 659 1420 685 diis
1432 659 1517 693 Afiam
1531 660 1561 686 ab
1574 663 1670 695 Europa
1685 660 1834 686 diuidentes.
1890 659 1931 685 Ibi
1944 659 2022 685 Helle
2035 663 2062 684 in
2076 660 2188 686 Pontum
2202 658 2340 720 damme·
2389 694 2395 698 1

2333 701 2366 720 ic.
2386 701 2416 720 ιιι

1367 698 1411 730 qui
1420 698 1494 730 prius
1507 696 1604 722 Pontus
1615 696 1758 728 dicebatur,
1779 694 1864 731 postea
1877 695 2065 728 Hellespontus
2077 701 2179 722 vocatus
2191 694 2234 728 est.

1322 738 1348 765 ις
1369 731 1443 757 Orat.
1460 733 1502 763 163
1531 733 1591 764 Qua
1604 732 1701 757 Pontus
1714 731 1805 758 Helles
1820 732 1924 766 superat
1936 730 2055 757 niodum.
2162 729 2416 763 IunxitHellespon-

1327 766 1333 772 ⁶
1369 771 1426 792 tum
1439 766 1537 793 Xerxes
1566 766 1605 793 Id.
1621 766 1652 792 de
1667 766 1725 792 Fin.
1736 775 1761 798 2,
1777 775 1825 793 112.

1368 804 1441 838 glane
1453 801 1526 835 Asiae
1539 806 1611 829 iuxta
1623 800 1691 834 istud
1696 802 1795 837 fretum
1804 804 1956 837 pertinente.
2004 763 2075 828 geist.
2084 801 2147 827 Ruf.
2163 801 2194 827 de
2206 801 2328 827 Prouiuc.
2337 801 2415 827 Rom.

1367 846 1389 863 c.
1405 846 1433 863 10
1459 837 1552 869 Caria,
1578 837 1763 872 Hellespontus
1776 845 1804 864 ac
1819 837 1932 872 Phrygia
1945 837 1974 863 in
1986 836 2142 872 potestatem
2154 837 2181 863 P.
2195 836 2227 863 R.
2239 835 2331 862 iundh
2343 834 2427 862 dedi-¹

1315 908 1331 926 2
1369 873 1444 899 tione
1459 880 1645 907 peruenerunt.

1334 909 1351 926 0

1369 942 1626 979 [Ἓλλησποντιικκδς]

1369 979 1466 1013 Priapi.
1537 981 1614 1015 Aqua
1626 980 1838 1014 Hellespontiaca
1866 980 1947 1007 Ouid.
1963 980 2042 1014 Epist.
2058 988 2094 1012 19,
2110 988 2146 1011 32·

1368 1015 1531 1048 spontiamm
1558 1016 1633 1042 Idem
1647 1016 1713 1042 ibid.
1727 1021 1762 1047 18,
1775 1015 1837 1044 108(

1369 1050 1474 1084 spontio
1486 1051 1679 1078 controuersiae
1702 1052 1758 1078 Cic.
1770 1052 1843 1077 Fam.
1858 1058 1893 1082 13,
1906 1059 1941 1083 53.

1310 1094 1342 1120 25
1369 1086 1547 1121 Hellespontii
1572 1088 1639 1113 Plin.
1654 1096 1678 1120 ς,
1694 1095 1734 1118 30.

1375 1228 1433 1255 Via'.
1454 1229 1584 1256 Columel.
1600 1235 1630 1262 8,
1651 1232 1686 1256 16.
1743 1229 1825 1255 Ouid.
1842 1229 1871 1255 in
1886 1229 2003 1255 Halieut.
2017 1231 2059 1261 96.

1310 1271 1343 1295 30
1370 1264 1440 1290 Gell.
1452 1272 1477 1298 7,
1486 1267 1511 1304 ⁶:
1582 1266 1698 1292 Pithoeus·
1711 1265 1745 1292 ad
1757 1265 1861 1291 Petron.
1876 1274 1900 1299 p.
1912 1272 1954 1298 ¹73
1975 1262 2086 1297 Goldast.

1405 1306 1602 1333 HELORvs,
1622 1302 1640 1327 i.
1661 1310 1696 1327 m.

1369 1335 1512 1370 stagnantis
1527 1336 1624 1363 Helori
1651 1337 1725 1370 Virg.
1741 1337 1805 1362 Aen.
1820 1345 1833 1368 3
1844 1356 1852 1368 ,
1868 1339 1926 1369 698.

1405 1373 1606 1403 HELGTAE,
1628 1373 1670 1398 vel
1687 1378 1870 1399 HELo'rEs
1886 1372 1912 1407 s.
1933 1377 2095 1398 1L0TAE.

1369 1415 1449 1440 genus
1463 1406 1596 1441 quoddam
1611 1406 1769 1438 hominum,
1789 1407 1836 1438 qui
1851 1407 1962 1433 Helotae
1975 1413 2102 1438 vocatur,
2123 1415 2238 1441 quorum
2251 1414 2345 1439 magna
2352 1404 2419 1431 mul-

1310 1450 1340 1477 35
1369 1442 1457 1468 titudo
1472 1451 1548 1476 agros
1562 1441 1835 1468 Lacedaemoniorum
1853 1442 1933 1474 colit,
1959 1443 2150 1476 seruorumque
2164 1450 2274 1467 umnere
2287 1441 2418 1474 fungitur.

1368 1478 1479 1504 Helotas
1494 1478 1681 1503 Lacedaemonii
1689 1477 1784 1513 seruos,
1798 1486 1858 1512 quos
1869 1477 1929 1503 bello
1938 1476 2060 1512 cepissent,
2069 1477 2233 1511 appellabant.
2250 1475 2297 1502 a'nd
2305 1477 2338 1502 τΞ
2349 1476 2418 1507 ἐλῶν,

1368 1513 1433 1549 quod
1445 1512 1478 1546 est
1491 1520 1584 1547 capere.
1645 1513 1735 1540 suidas
1747 1513 1778 1539 ab
1792 1512 1862 1538 Helo
1875 1515 1997 1545 ciuitate,
2019 1521 2067 1548 qua
2085 1519 2175 1547 capta,
2201 1513 2321 1547 Spartani
2337 1519 2417 1538 onmes

1369 1552 1396 1575 in
1412 1548 1560 1584 seruitutem
1582 1547 1745 1584 redegerunt,
1776 1546 1858 1574 distas
1880 1547 1979 1582 aJJerit.
2043 1548 2106 1575 Sunt
2127 1554 2208 1574 autem
2225 1547 2296 1584 serm
2311 1546 2413 1582 publici.

1373 1584 1432 1611 Via.
1446 1584 1520 1618 Crag.
1535 1583 1563 1609 de
1578 1585 1639 1619 Rep.
1655 1583 1796 1610 Lacedaem.
1811 1593 1840 1616 1,
1859 1593 1892 1610 11.
1948 1583 2044 1619 liseur-fi
2057 1582 2133 1618 ΑΗΕ.
2148 1584 2237 1609 Lacon.
2252 1586 2275 1609 ό.
2351 1581 2414 1608 Liu.

1310 1631 1348 1656 40
1368 1628 1411 1654 34,
1425 1627 1456 1654 27
1483 1620 1613 1645 Ilotarum
1627 1618 1723 1646 deinde
1737 1618 1864 1655 quidam,
1887 1618 1917 1646 hi
1939 1620 1997 1646 sunt
2019 1621 2073 1645 iam
2091 1619 2153 1645 inde
2171 1618 2316 1653 antiquitus
2327 1616 2417 1643 castel-

1368 1655 1440 1687 lani,
1458 1654 1557 1689 agreste
1571 1663 1669 1689 genus,
1686 1661 1732 1681 etc.

1403 1698 1424 1717 H
1433 1698 1449 1717 E
1457 1698 1473 1716 L
1483 1698 1503 1717 V
1512 1698 1534 1717 A
1544 1696 1561 1716 c
1573 1696 1590 1716 F.
1599 1697 1620 1716 V
1629 1698 1670 1721 M,
1692 1692 1709 1718 i.
1730 1699 1757 1716 n.
1778 1690 1921 1722 Heluacea,
1933 1690 2023 1716 Genus
2036 1690 2186 1717 ornamenti
2201 1687 2280 1721 Lydii
2295 1684 2417 1711 ἆίἃῑῑῖῐὶἓ

1368 1726 1459 1753 colore
1471 1725 1562 1757 boum,
1576 1726 1624 1760 qui
1635 1727 1672 1753 est
1684 1727 1754 1753 inter
1767 1726 1858 1752 rufum
1870 1733 1895 1752 et
1910 1725 1999 1752 album
2014 1726 2126 1757 medius,
2144 1725 2341 1760 appellaturque
2356 1718 2419 1745 Hel-

2157 1263 2284 1290 Scrt'bitur
2295 1269 2319 1289 et
2332 1262 2418 1297 Elops.

1367 1770 1416 1787 vus
1445 1761 1555 1787 Festus:
1592 1765 1650 1797 qui,
1683 1761 1805 1797 quodnam
1836 1768 2023 1788 ornamentum
2050 1761 2166 1794 Lydium
2201 1759 2344 1793 intelligat,
2369 1763 2420 1781 ”0'2
2430 1762 2445 1782 l*

1309 1800 1343 1826 43
1367 1794 1513 1830 aſjequebar.

1403 1832 1608 1862 HEinevs,
1643 1830 1697 1857 vid.
1721 1836 1886 1858 Echvs.

1403 1872 1650 1898 HELVELLAE,
1671 1875 1755 1892 arum.
1790 1866 1810 1892 f.
1859 1865 2045 1900 [λαχαναέρωι]

1368 1901 1487 1926 Generale
1507 1899 1540 1931 tjsl
1559 1901 1700 1927 vocabalum
1720 1904 1881 1926 minutiorum
1899 1902 2027 1927 herbarum
2036 1920 2045 1932 ‚
2058 1900 2103 1935 fi‘u
2122 1901 2291 1935 olusculorum.

1367 1934 1439 1959 Fam.
1453 1941 1486 1966 7,
1500 1941 1534 1966 27
1565 1935 1687 1967 Frrngos,
1708 1935 1850 1964 helrressas,
1870 1934 1966 1960 herbas
1979 1934 2070 1959 omnes
2087 1935 2124 1960 ita
2142 1934 2288 1966 condiunt,
2306 1939 2335 1960 vt
2349 1932 2420 1960 nihil

1311 1970 1344 1995 50
1368 1967 1441 2002 pollit
1455 1969 1502 1993 effe
1516 1968 1631 1994 suauius.

1403 2009 1505 2030 HELv
1516 2009 1565 2029 EN
1576 2010 1693 2030 AC1vs
1709 2009 1733 2028 et
1753 2004 2041 2036 HELvENA’cvs,
2061 2010 2085 2029 ee
2105 2009 2335 2031 nervine-civ&
2357 2002 2418 2030 Adi.

1370 2040 1407 2065 Ex
1419 2038 1508 2065 Heluo
1522 2040 1609 2065 colore.

1404 2081 1677 2106 HELVEOLVM,
1714 2073 2007 2101 vid.HELVOLvs.
2296 2104 2297 2107 Ἴ

1404 2117 1424 2135 H
1434 2116 1450 2135 E
1460 2115 1476 2134 L
1486 2116 1507 2134 v
1516 2116 1532 2135 Ε
1541 2115 1562 2135 Τ
1573 2118 1583 2136 1
1592 2117 1602 2136 1
1615 2130 1624 2142 ,
1644 2119 1732 2136 orum.
1756 2119 1792 2136 m.
1830 2111 1918 2145 Populi
1932 2110 1977 2136 hoc
1995 2119 2081 2136 nomen
2088 2109 2221 2145 seruantes
2238 2109 2318 2137 hodie.

1311 2148 1339 2175 53
1368 2145 1410 2172 bis
1432 2144 1486 2170 vid.
1504 2145 1560 2170 Cic.
1576 2145 1608 2171 de
1619 2146 1700 2172 Prou.
1714 2146 1793 2172 Conl'.
1808 2153 1844 2177 33.
1880 2153 1902 2171 et
1915 2146 1986 2172 Caes.
2001 2146 2029 2172 B.
2044 2146 2076 2172 G.
2092 2154 2111 2171 1.

1405 2186 1425 2206 H
1435 2186 1450 2205 E
1459 2187 1476 2206 L
1485 2187 1505 2205 v
1516 2187 1524 2206 1
1534 2187 1552 2206 D
1562 2188 1571 2206 1
1580 2187 1600 2207 v
1610 2187 1623 2207 s
1631 2200 1638 2212 ‚
1660 2181 1679 2207 i.
1697 2190 1732 2207 m.
1770 2182 1866 2207 Nomen
1872 2182 2018 2214 Romanum,
2034 2189 2063 2208 vt
2071 2181 2214 2208 Heluidius
2221 2181 2321 2208 Priscus
2327 2180 2418 2208 Tacit.

1369 2215 1437 2241 Anu.
1453 2223 1479 2241 ιε
1494 2215 1547 2250 seq.
1627 2216 1771 2242 Heluidius
1785 2216 1871 2242 Rufus
1897 2217 1952 2243 Cic.
1965 2225 2015 2250 pro
2027 2216 2131 2243 Cluent.
2171 2236 2178 2242 .
2213 2236 2220 2243 .

1405 2258 1425 2277 H
1435 2258 1451 2277 E
1461 2257 1476 2276 L
1485 2257 1505 2275 v
1517 2258 1562 2283 11,
1582 2260 1668 2278 orum.
1690 2261 1726 2278 m.
1763 2252 1859 2278 Galliae
1873 2250 2041 2284 Narbonensis
2048 2253 2146 2286 populi.
2184 2252 2252 2279 Plin.
2265 2260 2287 2284 3,
2299 2260 2326 2286 4.

1405 2293 1452 2312 HE
1463 2286 1621 2318 LViCVS‚
1641 2296 1656 2314 a
1675 2288 1780 2322 Populo,
1805 2286 1866 2312 Adi.
1903 2292 1947 2319 ut,
1967 2286 2068 2312 Vinum
2082 2286 2227 2313 Heluicum
2250 2288 2316 2314 Plin.
2330 2295 2376 2320 14,
2395 2294 2415 2313 1.

1403 2329 1424 2348 H
1435 2328 1476 2347 EL
1487 2329 1526 2348 V1
1537 2328 1559 2346 N
1571 2329 1629 2356 vs,
1653 2332 1670 2350 a
1688 2323 1782 2349 Calore.
1823 2321 1890 2348 Plin.
1912 2329 1959 2356 14,
1979 2330 2007 2355 4.
2048 2319 2108 2346 Vid.
2129 2326 2200 2348 HEL
2211 2329 2293 2349 vvs.
2345 2321 2414 2351 Add.

1368 2363 1386 2383 E
1394 2363 1411 2383 L
1421 2364 1441 2383 V
1454 2365 1463 2383 1
1473 2364 1494 2383 N
1503 2363 1523 2382 V
1534 2364 1558 2384 S.

1406 2399 1426 2418 H
1435 2400 1451 2419 Ε
1459 2400 1475 2419 L
1485 2400 1506 2419 V
1515 2399 1535 2419 O
1545 2413 1554 2425 ‚
1578 2399 1603 2419 et
1625 2398 1647 2419 H
1655 2398 1672 2418 E
1681 2399 1698 2418 L
1707 2399 1724 2419 L
1733 2399 1755 2418 V
1764 2397 1784 2418 Ο
1794 2408 1803 2422 ‚
1823 2392 1891 2418 finis.
1928 2400 1965 2418 m.
2019 2387 2155 2425 ['‘Aa·a›¹r05,
2172 2389 2318 2424 καταφανής
2330 2390 2411 2416 Gloss‘.

1367 2427 1423 2454 Lat.
1438 2428 1505 2461 Gr.]
1548 2429 1633 2454 Vorax
1647 2427 1750 2454 dicitur.
1787 2427 1889 2453 Festus:
1910 2427 2000 2453 Heluo
2013 2426 2098 2453 dietus
2114 2425 2285 2452 immoderate
2292 2425 2360 2452 bona
2367 2426 2412 2452 sua

1367 2464 1536 2489 consumens:
1555 2463 1588 2490 ab
1602 2463 1725 2490 eluendo.
1762 2462 1835 2497 quod
1854 2471 1953 2489 nomen
1976 2461 2038 2489 ideo
2051 2461 2214 2496 adspiratur,
2235 2466 2264 2487 vt
2275 2461 2315 2487 rei
2327 2460 2412 2487 auidi-

1319 2494 1350 2526 65
1368 2504 1405 2525 tas
1431 2498 1514 2531 magis
1542 2499 1731 2533 exprobretur:
1768 2498 1799 2524 fit
1825 2499 1898 2524 enim
1938 2498 2151 2532 (adspiratione)
2184 2505 2238 2522 vox
2271 2496 2414 2523 incitatior.

1368 2534 1437 2561 Ter.
1452 2535 1548 2560 Heaut.
1564 2541 1586 2566 ς,
1599 2542 1632 2566 4,
1646 2542 1675 2560 ιο
1706 2533 1733 2559 Si
1748 2533 1820 2560 Scire
1832 2534 1874 2559 vis
1884 2553 1892 2565 ‚
1911 2542 1960 2567 ego
1973 2533 2074 2559 dicam:
2109 2541 2205 2567 gerro,
2224 2532 2312 2562 iners,
2327 2530 2416 2562 fraus,

1369 2569 1467 2599 heluo,
1485 2577 1584 2603 ganeo,
1600 2569 1748 2596 damnosus.
1784 2569 1859 2604 Conf.
1873 2568 2004 2603 Eugraph.
2017 2572 2045 2594 in
2057 2569 2109 2595 lul.
2163 2568 2220 2594 Cic.
2234 2575 2283 2601 pro
2295 2566 2416 2599 Rsmio

1369 2607 1399 2631 26
1414 2614 1436 2631 c.
1445 2613 1466 2630 ιι
1487 2605 1532 2630 Me
1545 2604 1631 2638 ipsum
1643 2611 1672 2631 vt
1685 2604 1821 2631 contemsit
1836 2604 1919 2631 heluo
1933 2604 2048 2639 patriae?
2083 2602 2219 2638 namquid
2232 2611 2281 2636 ego
2294 2601 2419 2636 patrimo-

2103 1865 2207 1892 Minuta
2224 1863 2296 1889 olera
2303 1883 2312 1896 ,
2333 1861 2419 1889 Festo.

1309 2322 1344 2347 60

1369 2640 1410 2666 nii
1422 2639 1508 2665 dicam
1517 2659 1526 2671 ,
1546 2638 1620 2673 quod
1631 2640 1693 2672 ille,
1714 2648 1774 2665 cum
1788 2640 1859 2674 quasi
1875 2640 2009 2674 quaestum
2021 2639 2135 2670 faceret,
2155 2637 2257 2665 amisit?
2318 2638 2419 2672 Gurges

1319 2679 1356 2707 70
1370 2682 1449 2710 atque
1462 2674 1543 2701 heluo
1557 2680 1631 2701 natus
1644 2674 1782 2702 abdomini
1797 2676 1846 2701 suo
1883 2676 1956 2702 Idem
1969 2676 1998 2701 in
2011 2675 2097 2701 Pison.
2109 2683 2150 2707 4¹·
2254 2674 2421 2704 Concinnus,
2433 2692 2435 2694 -

1370 2711 1424 2738 vid.
1446 2717 1462 2737 C
1471 2717 1521 2737 ΟΝ
1531 2717 1547 2737 c
1556 2718 1566 2737 1
1575 2718 1596 2737 N
1606 2717 1628 2736 N
1638 2716 1658 2737 v
1670 2718 1694 2737 s.
1789 2711 1912 2745 Impurus
1946 2712 2002 2738 Cic.
2017 2710 2048 2737 de
2063 2711 2092 2737 L.
2107 2711 2170 2744 Agr.
2187 2719 2196 2736 1
2205 2729 2212 2741 ,
2232 2719 2254 2736 2.
2324 2710 2420 2735 Imma-

1371 2747 1428 2778 nis,
1450 2745 1623 2780 spurciss'tmus
1632 2765 1640 2777 ,
1659 2747 1725 2773 item
1738 2746 1907 2782 nequiffimus
1938 2747 2011 2773 Idem
2027 2755 2075 2780 pro
2089 2746 2178 2772 Domo
2192 2746 2235 2771 sua
2248 2753 2288 2777 24.
2325 2751 2349 2770 et
2361 2745 2397 2771 Po

1372 2782 1428 2809 red.
1447 2782 1475 2807 in
1489 2782 1583 2808 Senatu
1598 2791 1630 2814 13.
1665 2789 1689 2809 et
1703 2783 1774 2809 Fam.
1789 2784 1834 2814 16,
1848 2787 1883 2812 18.
1971 2782 2061 2808 Heluo
2079 2781 2230 2812 librorum,
2252 2789 2268 2806 a
2288 2780 2420 2806 Cicerone

1365 2825 1413 2855 per
1426 2819 1617 2843 translationem
1630 2816 1715 2844 dil-'lus
1723 2838 1732 2850 ‚
1753 2818 1785 2845 de
1798 2818 1856 2845 Fin.
1865 2827 1888 2850 3,
1902 2823 1915 2848 8
1928 2827 1951 2845 c.
1965 2827 1978 2844 2
1993 2825 2041 2853 pro
2054 2818 2097 2849 Eo,
2110 2820 2153 2853 qui
2165 2815 2264 2852 legendo
2270 2816 2368 2851 satim-i
2379 2824 2420 2841 ne-

1320 2859 1353 2887 75
1371 2857 1443 2890 quit,
1468 2854 1531 2887 Qio
1547 2862 1630 2887 quum
1648 2854 1787 2886 venissem,
1814 2855 1853 2880 M.
1867 2855 2011 2885 Catonem,
2036 2861 2116 2887 quem
2134 2852 2175 2878 ibi
2193 2851 2241 2877 esse
2259 2851 2420 2884 nescieram,

1372 2888 1430 2916 vidi
1444 2888 1472 2914 in
1492 2888 1656 2916 bibliotheca
1674 2888 1821 2920 sedentem,
1847 2889 1938 2915 multis
1956 2888 2143 2915 circumfusum
2162 2887 2313 2913 Stoicorum
2334 2886 2420 2915 libris.

1373 2930 1427 2951 erat
1440 2923 1512 2950 enim
1527 2925 1555 2951 in
1569 2933 1618 2957 eo,
1637 2930 1666 2951 vt
1680 2925 1744 2957 scis,
1764 2924 1916 2951 inexhausta
1930 2924 2041 2951 auiditas
2055 2921 2176 2961 legendi,
2196 2931 2244 2948 nec
2258 2923 2348 2949 satiari
2361 2928 2420 2957 pot-

1372 2966 1444 2992 erat,
1462 2966 1508 2985 etc.

1373 2996 1455 3023 heluo
1470 2995 1604 3029 librorum
1621 2996 1657 3027 (si
1672 2996 1722 3022 hoc
1734 2996 1818 3024 verbo
1832 3003 1885 3022 tarn
1900 2997 1927 3022 in
1941 2995 2009 3021 clara
2022 3002 2051 3020 re
2058 2993 2184 3019 vtendum
2198 2993 2250 3025 est)
2268 2993 2419 3020 videbatur.

1410 3038 1430 3057 H
1441 3038 1457 3057 E
1466 3038 1482 3056 L
1493 3036 1513 3055 V
1524 3038 1543 3057 O
1553 3038 1571 3057 R
1581 3051 1589 3063 ,
1610 3031 1659 3057 firi.
1697 3032 1762 3065 Dep.
1800 3030 1933 3066 [λαιμάζω
1941 3050 1950 3062 ,
1970 3028 2071 3061 λαιμάω
2081 3049 2090 3062 ,
2108 3027 2260 3062 λαιμάσσω]

1373 3067 1518 3102 consumere.
1555 3067 1612 3092 Cic.
1625 3075 1674 3100 pro
1682 3067 1770 3092 Domo
1783 3075 1830 3100 124
1844 3077 1864 3093 c.
1874 3074 1909 3101 47
1922 3072 1986 3091 extr.
2055 3064 2094 3090 Id.
2108 3073 2156 3097 pro
2167 3064 2258 3090 Sextio
2273 3073 2306 3090 ιιι
2325 3064 2420 3097 Quid?

1373 3108 1479 3130 tumeo
1497 3101 1618 3135 periculo
1636 3110 1729 3135 gurges
1749 3111 1778 3128 ac
1797 3111 1898 3136 vorago
1918 3099 2073 3135 patrimonii
2096 3098 2250 3126 heluabere:
2285 3106 2314 3126 vt
2334 3099 2352 3126 fi
2368 3108 2418 3134 ego

1374 3138 1472 3166 Consul
1487 3136 1628 3171 Rempubl.
1641 3143 1732 3164 contra
1745 3144 1786 3170 te,
1812 3144 1838 3164 et
1850 3137 1966 3171 gregales
1980 3141 2039 3161 tuos
2052 3134 2236 3168 defendissem,
2261 3135 2290 3161 in
2310 3135 2420 3162 ciuitate

1375 3174 1424 3200 esse
1438 3182 1479 3199 me
1492 3173 1593 3199 nolles?
1684 3172 1722 3198 Id.
1736 3173 1768 3199 de
1782 3174 1902 3200 Prouinc.
1916 3171 2022 3197 Consul.
2032 3179 2061 3203 ¹4
2074 3180 2095 3197 c.
2109 3174 2135 3196 6.

1324 3035 1357 3061 80

1567 3207 1652 3235 Catul.
1667 3216 1716 3240 29,
1737 3217 1746 3234 1
1770 3229 1774 3234 .

1375 3247 1407 3273 In
1421 3246 1503 3271 fratre
1517 3243 1674 3279 parsimonia
1694 3216 1767 3277 Virg-
1780 3244 1809 3270 in
1821 3242 1903 3270 Catal.
1917 3252 1942 3276 p.
1953 3250 1996 3274 ¹42
2014 3243 2099 3268 Burm.

1412 3288 1433 3306 H
1444 3288 1460 3307 E
1470 3287 1485 3306 L
1496 3287 1516 3306 v
1525 3287 1548 3306 A
1558 3285 1579 3305 'r
1591 3287 1600 3305 1
1609 3286 1643 3309 o,
1664 3279 1730 3304 onis.
1759 3279 1779 3305 f.
1815 3278 1981 3313 [λαιμασία]
2043 3277 2098 3303 Cic.
2113 3276 2169 3311 post
2181 3276 2236 3304 red.
2249 3276 2278 3302 in
2290 3277 2373 3304 Senat.
2389 3286 2418 3304 η

1459 3316 1514 3342 Cur
1528 3316 1556 3341 in
1568 3314 1654 3340 lustris
1672 3320 1697 3340 et
1716 3313 1912 3340 heluationibus
1931 3312 2008 3338 huius
2025 3312 2194 3348 calamistrati
2213 3312 2342 3339 saltatoris
2363 3319 2417 3339 tam

1920 3349 2019 3375 Vacare
2033 3347 2182 3374 heluatioui
2205 3347 2292 3375 Treb.
2307 3348 2373 3375 Poll.
2389 3348 2419 3375 in

1375 3325 1397 3342 c.
1412 3319 1426 3341 6

1375 3351 1475 3377 eximia
1488 3351 1573 3377 virtus
1585 3355 1639 3376 tam
1653 3348 1699 3375 diu
1713 3351 1833 3376 cessauit}

1324 3392 1360 3418 90
1377 3387 1502 3413 Gallieno
1516 3395 1538 3412 c.
1554 3395 1581 3419 4.

1416 3428 1437 3448 u
1447 3429 1463 3448 E
1476 3428 1491 3447 L
1501 3428 1521 3447 v
1530 3427 1581 3448 ΛΤ
1591 3426 1611 3446 o
1620 3427 1655 3452 R,
1681 3420 1748 3447 Idem
1760 3429 1789 3446 ac
1803 3420 1895 3451 Helue,
1913 3418 1979 3454 apud
1992 3418 2111 3445 Tertull.
2151 3439 2157 3445 .
2195 3438 2203 3445 .

1417 3462 1575 3483 HELVOL
1588 3461 1608 3480 v
1621 3462 1650 3487 s,
1663 3455 1716 3488 fiae
1736 3454 1986 3486 HereoLvs,
2006 3462 2036 3486 a,
2055 3463 2109 3481 um.
2147 3453 2208 3480 Adi.

1379 3492 1434 3518 lum
1449 3494 1543 3519 vinum
1570 3492 1636 3517 Cato
1651 3491 1682 3517 de
1697 3491 1728 3517 R.
1736 3491 1766 3516 R.
1780 3499 1801 3515 c.
1816 3492 1854 3522 63.

2249 3453 2283 3480 Vt
2291 3473 2300 3486 ‚
2317 3453 2419 3480 Heluo-

2339 153 2438 218 884⁴„

1825 233 1907 262 Plaut.
1922 234 1991 262 Rud.
2004 243 2039 269 4,
2049 243 2079 268 3,
2098 237 2134 270 67
2166 235 2272 269 Qiaeso
2284 235 2358 262 sanus
2371 235 2450 264 33¹⁷·

1740 270 1813 297 Forte
1835 273 1909 297 etiam
1927 272 2007 297 valuit
2022 279 2087 303 eum,
2102 274 2145 307 qui
2159 270 2259 298 elleboro
2272 270 2344 311 ualde
2357 277 2427 313 opus-'¹
2441 275 2444 284 '

1868 448 1906 473 De
1912 450 1947 474 iis
1959 449 2093 482 plurimum
2106 450 2172 473 inter
2179 411 2437 484 fidsgladimsstzlff

1767 482 1826 508 Vid.
1840 482 1913 509 huius
1926 484 2057 509 Commeat.
2070 481 2099 508 de
2111 482 2214 515 Lingua
2228 481 2450 515 Hellenisticafri.

1936 520 2101 545 Plurimorum
2115 521 2142 543 in
2156 517 2267 553 diuersas
2273 523 2363 552 partes
2375 515 2452 543 ab-vsz

2048 773 2065 791 2
2101 765 2211 793 Sumitur
2225 769 2298 791 etiam
2308 772 2357 800 pro
2370 764 2429 791 Re-';

1405 914 1574 935 HELLESP
1586 915 1753 940 oN'rlvs‚
1773 914 1797 934 et
1818 904 2218 940 HELLESPONTIA'CVS,
2235 915 2260 939 a,
2280 916 2335 934 um.
2354 905 2417 934 Adi.
2447 930 2449 935 .

1683 945 1758 978 Virg.
1775 944 1873 978 Georg.
1887 952 1920 977 4,
1934 953 1969 970 ιιι
2001 943 2208 977 Hellespontiaci
2227 943 2313 969 seruet
2333 942 2431 972 tutelas

2240 980 2314 1005 Mare
2328 978 2428 1004 Helle-2

1899 1015 1926 1041 Si
1940 1015 2005 1050 quid
2019 1014 2129 1041 habebit
2147 1023 2206 1040 cum
2221 1014 2314 1047 aliquo
2329 1013 2419 1040 Helle·
2429 1022 2449 1047 τ,

2012 1052 2067 1077 Ora
2080 1049 2264 1084 Hellespontia
2283 1049 2368 1076 Catul.
2383 1054 2418 1079 18.
2443 1055 2453 1074 Ἀ

1831 1086 2044 1120 Hestespontius,
2066 1088 2161 1112 Nomen
2176 1088 2246 1111 venti
2263 1085 2418 1119 Plin.4,47.
2442 1086 2453 1105 ,¹

1407 1129 1428 1148 H
1439 1128 1455 1148 E
1465 1128 1571 1155 LOPS,
1591 1123 1658 1157 opis.
1677 1132 1712 1148 m.
1749 1119 1790 1155 Est
1806 1122 1886 1148 Genus
1896 1123 1985 1158 piscis.
2020 1121 2152 1156 Qxinffll.
2168 1129 2190 1153 ς,
2205 1129 2234 1146 10
2257 1121 2288 1147 Et
2306 1120 2418 1154 piscium

1370 1165 1478 1192 quoque
1493 1166 1588 1191 genera
1600 1159 1652 1184 alia
1670 1158 1754 1192 planis
1771 1157 1900 1191 gaudent,
1919 1157 1971 1184 alia
1985 1157 2093 1190 saxosis,
2119 1156 2275 1190 regionibus
2294 1157 2374 1182 etiam
2386 1155 2418 1182 li·
2441 1163 2443 1167 ⁴

1369 1193 1528 1227 toribusque
1542 1193 1651 1221 discreta
1665 1195 1737 1225 sunt,
1756 1202 1803 1219 nec
1817 1192 1940 1227 helopem
1954 1193 2045 1219 nostro
2058 1192 2142 1223 mari,
2162 1200 2209 1217 nec
2218 1192 2318 1217 scarum
2330 1191 2428 1222 ducas„

2115 1228 2225 1260 Plin.'9,
2242 1235 2279 1261 17-
2306 1233 2329 1253 et
2341 1235 2377 1260 3²,
2390 1233 2417 1262 7.
2436 1245 2453 1258 ,.

1732 1300 1871 1335 [Ἓλωρος]
1909 1301 2009 1327 Siciliae
2014 1300 2121 1337 fluuius.
2156 1298 2318 1333 Praepingue
2331 1298 2417 1326 folum
2438 1307 2446 1315 ⁶

2151 1371 2243 1404 Nepos
2256 1379 2282 1404 4,
2296 1378 2319 1402 3,
2333 1371 2350 1396 6
2374 1365 2427 1396 Est¹
2441 1358 2446 1361 .

2363 1897 2421 1923 Cic.

1679 2038 1749 2065 Vitis
1757 2037 1901 2065 heluenaca
1924 2039 1990 2069 Plin.
2000 2047 2040 2074 14,
2054 2048 2079 2072 9.
2116 2039 2248 2065 Columel.
2257 2047 2311 2072 535.
2328 2046 2351 2065 et
2358 2047 2382 2072 3,
2395 2047 2434 2066 2⁸..A
2447 2070 2450 2074 ι

2379 2095 2440 2155 1)σὲ

1545 2969 1600 2994 quo
1612 2961 1695 2994 inagis
1709 2966 1765 2986 turn
1780 2961 1808 2987 in
1828 2961 1930 2987 summo
1947 2960 2020 2992 otio,
2046 2965 2214 2992 maxsmaque
2232 2958 2325 2992 copia,
2348 2957 2418 2992 quasi
2438 2966 2444 2973 ··

2308 3030 2402 3055 Vorare
2409 3049 2418 3062 ,
2441 3040 2446 3058 ι

1910 3491 1971 3516 leem
1985 3490 2115 3516 Columcl.
2129 3497 2156 3521 3,
2172 3498 2184 3516 2
2213 3489 2275 3516 Sunt
2289 3494 2316 3515 et
2328 3488 2421 3515 heluo-

2448 3060 2452 3069 ι

2433 3075 2455 3138 l

2204 3172 2245 3197 An
2264 3179 2355 3205 parum
2374 3170 2419 3197 he-
2439 3183 2442 3188 .

1878 3206 1980 3241 Paffiue.
2017 3206 2046 3232 Et
2063 3205 2171 3233 heluato
2184 3207 2239 3233 sera
2254 3206 2430 3241 patrimonio·

271 3527 403 3555 Columel.
419 3537 455 3559 10,
470 3537 498 3563 17
518 3529 565 3555 Sed
580 3536 657 3563 negat
670 3528 838 3560 helleboros,
854 3532 879 3553 et
892 3527 972 3552 noxia
980 3527 1089 3560 galbana
1096 3529 1180 3554 succo.
1238 3528 1312 3562 Virg.
1380 3528 1433 3559 lae,
1453 3537 1516 3562 quas
1529 3526 1649 3553 nonnulli
1663 3528 1748 3552 varias
1760 3526 1904 3560 appellant,
1924 3534 2010 3560 neque
2024 3534 2185 3559 purpureae,
2210 3533 2296 3559 neque
2312 3525 2420 3558 nigrae,

271 3564 371 3596 Georg.
383 3571 408 3601 3,
419 3571 462 3594 45¹
495 3564 706 3599 Hell.borosque
721 3572 829 3598 graues,
848 3562 1007 3596 nigrumque
1021 3562 1150 3590 bitumen.
1224 3563 1313 3589 Helle·
1330 3567 1362 3593 95
1380 3563 1413 3590 ab
1428 3563 1507 3590 heluo
1529 3563 1574 3595 (ni
1586 3561 1685 3593 fallor)
1700 3561 1790 3588 colore
1809 3563 1946 3588 vocitatae.
1997 3560 2065 3587 Add.
2081 3561 2138 3587 Cat.
2152 3569 2174 3586 c.
2185 3568 2225 3592 24.
2261 3560 2328 3586 Plin.
2343 3568 2382 3593 14,
2397 3568 2419 3586 2.

271 3598 368 3626 borum
383 3597 423 3622 hlS
438 3598 589 3625 hOminibus
601 3609 666 3634 opus
679 3600 715 3626 est
751 3599 832 3625 Plaut-
845 3597 934 3624 Pseud·
949 3607 981 3630 4,
994 3603 1023 3629 8,
1038 3603 1079 3630 89·
1168 3598 1259 3625 Danda
1275 3599 1312 3624 est
1418 3605 1438 3624 H
1448 3606 1464 3625 E
1475 3605 1490 3625 L
1501 3605 1571 3624 VVS
1583 3596 1681 3627 Color,
1710 3597 1761 3631 Qui
1779 3597 1869 3623 medius
1889 3595 1922 3630 est
1941 3599 2008 3622 inter
2026 3596 2129 3622 rubrum
2148 3602 2172 3622 et
2190 3598 2290 3630 nigrum
2307 3596 2418 3621 colorem.
2460 3592 2461 3596 ¹

272 3632 404 3661 hellebori
418 3632 502 3657 multo
515 3642 571 3666 pars
584 3636 698 3662 maxima
711 3635 799 3662 auaris
829 3634 896 3660 Hor.
909 3634 992 3660 Serm.
1007 3641 1033 3664 2,
1046 3641 1058 3665 3
1067 3653 1076 3666 ,
1089 3638 1126 3664 8²-

274 3669 442 3696 helleborum
466 3668 551 3693 Catul.
568 3677 611 3702 94.

309 3712 329 3731 H
340 3712 356 3731 E
368 3711 382 3729 L
393 3710 408 3729 L
418 3710 434 3729 E
444 3709 461 3729 Β
470 3708 489 3727 0
499 3709 516 3727 R
526 3704 539 3741 ι’
550 3710 569 3728 N
580 3711 595 3729 E
604 3723 611 3734 ,
629 3713 664 3731 es.
691 3705 710 3731 f.
746 3703 929 3738 Herbafimilis
943 3703 1079 3730 Hellehoro.
1115 3704 1182 3730 Plin.
1196 3712 1241 3740 27,
1253 3714 1278 3737 9.

310 3743 630 3769 HELLEBORITES,
651 3748 689 3765 ae.
728 3749 764 3766 ru.

272 3775 339 3803 Plin.
357 3784 396 3807 14,
413 3776 441 3800 16
456 3774 511 3806 s.19
537 3773 578 3800 sic
591 3779 617 3799 et
629 3774 792 3801 Elleboriten
806 3774 865 3803 fieri
886 3784 918 3802 ex
931 3780 1037 3802 veratro
1050 3776 1127 3809 nigro
1146 3776 1213 3803 Cato
1227 3776 1305 3804 docet

271 3810 382 3846 Rtspiclt
396 3819 417 3836 c.
433 3817 479 3841 115.

309 3849 677 3875 HELLEBORANDVS,
698 3853 728 3875 a,
746 3853 800 3872 um.

848 3847 953 3873 Veratro
961 3846 1006 3884 Jeu
1019 3844 1145 3872 Helleboro
1152 3845 1304 3884 purgandus

274 3881 345 3908 Cael.
362 3880 449 3907 Aurel.
463 3879 548 3906 Tard.
562 3888 591 3912 4,
603 3888 624 3911 3.

309 3923 330 3944 u
339 3923 355 3944 E
364 3924 381 3944 L
389 3923 406 3944 L
415 3922 432 3944 n
442 3922 458 3943 Β
468 3922 487 3943 0
497 3922 517 3944 R
525 3916 544 3943 6
552 3922 566 3944 s
575 3922 596 3944 v
604 3922 618 3943 s
626 3934 636 3950 ‚
651 3922 678 3948 a,
695 3921 750 3942 um.
784 3913 848 3942 Adi.
882 3913 1083 3952 [ἐλλεςσρώδης]
1114 3917 1165 3952 Qu·
1171 3918 1231 3953 plus
1243 3917 1314 3946 belle-

1220 3633 1313 3661 Triste

822 3741 913 3766 Vinum
943 3749 972 3766 ex
1006 3740 1133 3766 Helleboro
1165 3739 1312 3776 corffefflum.

1307 3796 1314 3803 .
1379 3777 1445 3803 ralis
1458 3775 1625 3802 etMuralium
1638 3773 1742 3801 dicitur.
1777 3775 1845 3801 Plin.
1858 3782 1897 3807 22,
1912 3781 1949 3809 ¹7·
2000 3774 2062 3800 Alia
2073 3771 2135 3798 ibid.
2149 3782 2190 3803 21,
2201 3782 2217 3808 5
2234 3778 2257 3799 et
2275 3775 2314 3798 16.

1381 3635 1468 3660 Varro
1482 3634 1514 3660 de
1528 3633 1596 3659 KR.
1611 3640 1641 3662 2,
1660 3639 1673 3664 ς
1707 3632 1735 3657 de
1754 3635 1819 3659 corio
1833 3633 1918 3664 boum,
1944 3632 2056 3658 Corium
2077 3630 2174 3658 airaon
2191 3639 2246 3656 non
2259 3631 2377 3665 asperum
2389 3639 2418 3656 ac

1379 3669 1492 3703 durum,
1511 3668 1600 3695 colore
1614 3666 1772 3700 potiffimum
1784 3669 1876 3702 nigro,
1900 3667 1994 3694 deinde
2006 3666 2101 3699 rubeo,
2118 3665 2199 3692 tertio
2211 3665 2302 3698 heluo,
2322 3671 2418 3700 quarto

1379 3705 1451 3732 albo.
1503 3703 1575 3739 Confi
1589 3702 1680 3729 isidor.
1694 3711 1731 3735 19,
1745 3709 1780 3734 28·
1817 3707 1847 3730 it.
1867 3702 1930 3736 Voff.
1947 3704 2049 3736 Etymol.
2062 3709 2108 3728 etc.

1321 3748 1369 3766 100
1416 3747 1437 3767 H
1449 3747 1465 3767 E
1474 3746 1490 3765 L
1500 3747 1518 3766 x
1529 3746 1539 3766 1
1547 3745 1569 3765 N
1577 3744 1594 3765 Β
1602 3757 1610 3769 ,
1633 3746 1668 3763 es.
1690 3737 1709 3764 f.
1745 3739 1860 3772 [ἑλξίνη]
1895 3738 1988 3772 Herba,
2000 3746 2059 3772 quae
2073 3737 2161 3762 Latine
2175 3737 2318 3764 Parietaria
2326 3741 2350 3762 et
2361 3735 2419 3763 Mu-

1745 3837 1777 3867 H
1881 3837 1907 3867 E
2012 3833 2051 3865 M

1554 3878 1639 3915 [Φεῧ]
1687 3881 1842 3909 Interieefio
1871 3883 1979 3907 omnium
2010 3882 2196 3907 commotionum
2231 3881 2310 3905 animi
2337 3876 2418 3904 index.

1417 3886 1511 3907 HEM.

1324 3923 1368 3952 105
1380 3915 1530 3948 Irascentis,
1554 3918 1638 3951 inquit
1652 3916 1746 3946 Donat.
1760 3918 1829 3946 Ter.
1848 3916 1932 3946 Andr.
1946 3926 1974 3950 ι,
1988 3923 2019 3947 2»
2032 3922 2071 3947 ²3·
2333 3948 2419 3974 Dm„

2136 3913 2206 3942 Ibid-
2221 3922 2249 3947 2,
2262 3915 2295 3948 6,
2307 3922 2321 3946 3
2347 3910 2419 3945 Qiid
2460 3906 2461 3939 l
