2479 4225
0 0 75 49 W
116 0 120 4 .

17 166 156 250 ,ἶηιοῃ
443 195 459 236 1
540 195 585 236 N
671 197 705 237 C

67 285 197 314 sterilitas
210 292 326 312 annonae
336 283 433 310 incenit
446 283 600 312 hominibus
618 285 804 317 Colum.'2,10‚
819 292 838 310 1.
888 282 1012 309 Incetl‘ere
1020 281 1105 310 hostes

68 321 272 351 iaculisetsaxis,
292 326 336 346 aut
346 320 407 354 pilis
430 320 568 355 Liu.8,24
582 327 605 346 et
618 328 654 352 37.
727 317 903 347 Plaut.'Cistcl.
941 337 948 344 .
986 338 992 344 .
1028 318 1105 344 Illius

31 370 35 375 ·
67 364 118 392 ego
131 357 205 383 istam
218 356 312 382 incess'o
325 355 392 381 male
406 356 525 390 gratiam.
595 355 726 389 Qinffil.
741 363 764 388 ς,
778 365 790 387 7
820 352 918 381 Probos
931 353 1059 387 quosdam
1078 360 1104 380 et

28 390 30 394 '
66 391 227 419 verecundos
240 400 293 417 non
306 391 393 425 aspere
406 391 526 417 incess‘ere
539 391 650 425 profuit.
740 390 807 417 Idem
819 389 996 424 ac'Aceusare:
1032 389 1103 421 Sym-

66 427 149 456 mach.
164 427 241 461 Epist.
257 435 281 457 1,
296 433 309 459 ς
345 427 389 453 Ne
406 426 552 462 quidquam
571 425 756 453 taciturnitatis
769 424 923 452 inceffimur.
1030 425 1102 451 Idem
1124 428 1137 455 5

20 491 22 494 ,
45 491 50 497 ,
66 462 159 494 ibid-1,
173 467 207 495 83'
231 463 276 488 Me
290 462 475 489 taciturnitatis
489 460 597 494 inceffis,
611 461 684 496 quod
698 460 746 488 diu
759 458 848 487 officio
860 458 1011 493 scriptionis
1026 460 1103 486 absti-

65 499 121 525 nui.
192 497 266 524 Bello
281 497 397 532 aliquem
430 498 492 524 Stat.
506 497 570 524 Silu.
586 505 606 529 1,
619 507 651 530 4,
665 498 709 531 76.
778 493 910 521 Conuicio
922 502 1001 528 quem
1032 496 1101 522 Suet.

66 533 163 561 Tiber.
179 542 200 559 c.
216 542 248 560 11.
320 533 406 560 Dictis
419 533 534 568 aliquem
563 532 645 559 Ouid.
659 533 722 559 Met.
736 538 777 562 13,
790 538 840 561 232.
935 529 1010 555 nolis
1023 530 1103 558 inces-

58 569 121 602 ‚sere
134 569 250 603 aliquem
276 568 357 595 Plaut.
371 569 466 604 Amph.
479 577 508 602 4,
522 576 538 595 2
555 568 662 603 Suppos.
670 574 709 601 37.
777 564 872 591 loculis
884 563 1013 591 intellitur
1022 566 1100 593 index

65 604 145 631 Ouid.
155 605 246 630 Amor.
260 613 281 636 3,
294 613 328 637 13,
342 613 375 631 21.
444 603 575 638 Lapidum
590 603 658 630 iabiu
673 600 794 628 incessere
806 600 923 634 aliquem
951 601 1021 626 Idem
1036 603 1100 629 Met.
1116 608 1145 625 10

26 638 31 642 ’
64 647 100 672 13,
113 642 169 672 566.
239 640 367 673 Quinctil.
379 647 411 674 7,
427 647 439 672 3
477 639 561 666 Satius
574 639 610 665 est
622 637 695 665 omni
707 637 733 663 se
746 635 878 663 anteafflie
891 635 961 661 vitae
973 636 1101 665 abstinere

64 675 185 702 conuitio
194 695 200 706 ,
216 684 296 710 quam
310 675 412 702 leuibus
421 695 430 707 ‚
449 681 496 702 aut
509 674 633 706 friuolis,
655 677 698 699 aut
712 671 851 698 manifesto
865 670 934 697 falsis
947 673 1101 699 rumoribus

63 719 141 738 rcum
158 711 288 738 inceffere.
359 711 471 738 Monitis
490 711 585 737 amaris
604 709 721 743 aliquem
745 707 791 733 Sil.
806 715 835 739 3,
856 714 902 739 ι7ι.
971 707 1102 743 Obiurga.

63 746 138 773 tione
152 755 232 781 quem
257 746 324 773 Gell.
338 755 359 779 ι,
372 755 398 773 2.
469 747 562 773 Poenis
576 750 680 779 gentem
710 743 772 769 Stat.
787 741 877 769 Theb.
892 750 912 773 1,
926 749 983 775 245.
1038 745 1101 770 Ver.

62 781 105 809 bis
119 782 215 808 amaris
226 782 344 817 aliquem
372 781 418 808 Sil.
435 790 472 814 11,
486 789 546 813 209.
741 776 761 815 q
782 786 798 804 2
833 775 994 809 Intranfitine
1011 777 1044 811 cst
1063 782 1101 804 in-
1118 780 1143 807 15

61 826 164 854 gruere,
183 817 299 844 accidere.
353 817 501 844 Admiratio
514 815 618 846 inceslit,
631 813 703 849 quod
716 822 829 849 pugnam
840 821 895 839 non
908 812 1005 839 inirent
1042 815 1101 841 Liu.

62 860 91 888 7,
104 860 137 886 34
154 853 259 888 subaud.
273 853 393 880 Decium.
449 851 536 878 'Idem
551 860 576 883 9,
589 857 602 881 8
633 852 710 884 Qtae
725 849 773 876 vbi
786 848 869 881 dixit,
889 853 958 874 tauta
971 849 1045 875 fimul
1059 850 1102 876 ad.

62 888 173 915 miratio
187 889 374 922 miseratioque
388 887 442 915 viri
463 886 559 914 inccslit
572 887 708 917 homines,
727 891 771 917 vt,
796 891 841 910 etc.
915 884 1047 911 Animalia
1063 895 1103 912 re-

61 924 188 957 gionibus
201 924 282 950 noxia
308 924 413 950 Colum.
428 931 458 953 11,
472 931 494 955 3,
508 925 550 950 62.
619 922 766 948 Autumnus
779 919 907 946 incesserit
934 919 970 945 Id.
985 928 1014 952 3,
1050 940 1056 947 ‚

63 959 251 994 crepusculum
265 959 361 986 incenit
386 958 424 985 Id.
438 967 468 989 ιι,
481 967 500 991 ι,
514 963 548 989 18.
617 957 676 983 Liu.
692 966 732 990 24,
747 964 770 987 ι3
795 955 881 989 Ipsum
893 955 982 989 ingens
996 956 1101 990 Cupido
1113 962 1148 980 20

13 1016 16 1021 .
61 995 197 1022 incelserat
211 995 325 1022 Tarenti
339 993 472 1029 potiundi.
541 993 628 1021 Valer.
641 993 711 1019 Max.
727 990 808 1025 praef.
824 1000 830 1016 1
856 990 914 1016 Nec
927 991 994 1018 mihi
1008 992 1101 1019 cunt‘la

62 1030 256 1065 couipleelendi
263 1030 368 1064 Cupido
381 1029 486 1056 incenit.
555 1028 659 1063 Cupido
671 1027 788 1061 aliquem
801 1025 897 1052 inceffit
911 1026 1022 1053 adeundi
1036 1034 1101 1054 tem-

61 1065 137 1100 plum
150 1066 260 1092 Veneris
286 1065 377 1092 Tacit.
393 1065 460 1091 Hist.
474 1073 504 1097 2,
517 1072 539 1091 2.
626 1064 695 1090 Cura
709 1062 797 1096 grauis
817 1066 901 1095 patres
914 1062 1010 1089 incellit
1039 1063 1099 1090 Liu.

61 1109 103 1133 23,
118 1106 152 1133 38.
222 1101 361 1127 Discordia
375 1100 471 1127 incetlit
484 1099 590 1134 regibus
613 1098 791 1132 Virg.Georg.
805 1106 832 1130 4,
845 1099 888 1131 67.
960 1099 1048 1125 Fames
1062 1099 1100 1125 in.

60 1135 129 1162 cellit
155 1136 284 1163 Columel.
299 1145 325 1168 9,
339 1145 376 1170 ¹4·
446 1136 556 1169 Frigora
579 1134 651 1161 Idem
666 1142 703 1165 12,
718 1140 760 1165 50,
773 1140 810 1158 12.

27 1194 37 1195 -
59 1170 241 1204 Mithridatis,
266 1171 397 1198 Restituto
412 1171 507 1198 deinde
519 1170 587 1205 apud
599 1169 729 1196 Gaberam
747 1167 880 1203 exercitu,
899 1174 925 1194 et
938 1169 1016 1195 variis
1031 1171 1100 1196 inter

60 1208 104 1232 me
116 1211 194 1240 atque
206 1207 347 1233 Lucullum
360 1205 483 1242 praeliis,
499 1207 592 1242 Inopia
606 1205 694 1231 rursus
707 1203 798 1230 ambos
810 1203 914 1230 incellit.
980 1205 1100 1232 Licentia

23 1241 25 1244 ⁴
58 1241 197 1268 incessebat
209 1243 281 1269 enim
295 1242 440 1269 deterrimo
454 1241 549 1275 cuique
572 1240 663 1266 Tacit.
676 1241 744 1265 Ann.
758 1248 781 1272 3,
794 1241 834 1271 36.
905 1239 964 1265 Liu.
977 1249 1004 1272 3,
1017 1249 1047 1274 59
1055 1249 1099 1276 pr.

39 1282 41 1287 ⁴
59 1277 154 1311 Ingens
167 1284 250 1304 metus
263 1278 396 1305 incess'erat
412 1283 505 1312 patres.
575 1275 710 1302 Moestitia
717 1274 814 1301 incessit
827 1275 929 1301 animos
948 1275 1020 1302 Idem
1030 1285 1100 1309 29‚3.

58 1312 151 1339 Morbi
164 1314 205 1340 vis
220 1319 289 1341 tanta
302 1313 398 1340 incessit
417 1313 446 1340 in
460 1311 541 1338 castra
570 1311 608 1337 Id.
631 1319 679 1344 29,
699 1319 737 1338 10.
806 1311 867 1337 Mos
890 1310 983 1337 incessit
1004 1318 1048 1344 vt,
1080 1315 1098 1338 i.
1112 1318 1143 1342 30

48 1348 172 1383 ,Inualuit
184 1356 228 1375 aut
240 1347 351 1375 inuec‘sus
363 1347 411 1381 eli:
447 1346 546 1374 Sallust.
560 1346 592 1373 de
606 1348 669 1381 Rep.
681 1346 747 1373 Ord.
761 1345 793 1372 ad
806 1346 941 1372 Caesarem
952 1353 993 1382 pr.
1025 1349 1098 1381 Quo-

30 1387 32 1390 ’
57 1383 130 1409 niam
146 1384 168 1410 is
188 1384 285 1411 incenit
305 1385 380 1416 Mos,
406 1389 434 1410 vt
450 1382 573 1409 homines
587 1382 777 1409 adolescentuli
791 1382 836 1408 sua
850 1389 928 1416 atque
939 1382 1024 1408 aliena
1039 1392 1100 1408 con-

36 1417 40 1422 *
57 1418 178 1452 sumere,
206 1419 276 1446 nihil
296 1419 422 1451 libidini,
448 1424 527 1453 atque
549 1419 608 1445 aliis
620 1417 776 1452 rogantibus
789 1418 933 1451 denegare,
953 1418 1098 1452 pulcherri-

56 1462 131 1484 mum
143 1461 245 1488 putent.
339 1455 502 1488 Principium
513 1455 576 1480 anni
589 1454 698 1480 foedum
711 1452 810 1479 iuceslit
833 1453 924 1480 Tacit.
940 1454 1005 1480 Ann.
1020 1464 1047 1488 4,
1059 1456 1098 1483 63.

12 1519 13 1522 Ἴ
56 1489 189 1516 Columel.
202 1499 235 1523 2,
248 1499 275 1517 21
305 1490 332 1516 Si
345 1499 411 1520 vero
424 1489 555 1516 Procellae
568 1495 723 1519 ventorum,
743 1494 788 1515 aut
806 1489 925 1516 turbines
940 1490 1100 1521 incefferint,
1114 1494 1143 1520 35

21 1547 26 1562 .=
55 1525 144 1552 maior
157 1534 215 1561 pars
228 1525 260 1552 ad
271 1531 370 1552 terram
385 1525 486 1552 defluit.
593 1524 700 1557 Religio
720 1524 781 1550 dein
799 1524 896 1551 incenit
927 1525 1018 1551 Tacit.
1032 1526 1099 1552 Anu.

23 1560 31 1590 ,“
55 1567 79 1594 3,
92 1567 130 1594 71.
208 1561 277 1588 Ter.
293 1561 375 1587 Andr.
389 1570 418 1594 4,
431 1569 460 1593 3,
476 1567 501 1592 ις
529 1559 609 1586 Noua
623 1568 692 1586 nuuc
706 1559 813 1593 Religio
827 1560 897 1586 vnde
909 1565 934 1586 te
948 1561 1042 1588 isthaec
1061 1561 1101 1587 in-

56 1595 140 1629 ceslit,
159 1596 241 1623 c'ed03
307 1597 364 1622 Sen.
379 1597 510 1622 Controu.
534 1604 578 1628 10,
603 1604 613 1622 1
648 1595 760 1622 Arellius
773 1596 883 1628 Fuscus,
904 1603 950 1622 etc.
981 1596 1055 1622 diues
1074 1602 1100 1623 et

56 1640 158 1666 pauper
170 1632 262 1658 eadem
274 1632 384 1666 vestigia
396 1631 548 1657 incessimus.
619 1631 709 1657 Tacit.
723 1632 791 1657 Anu.
807 1639 827 1662 ι,
841 1638 854 1663 ς
879 1632 986 1666 Qtippe
999 1633 1101 1658 Rumor

55 1667 198 1694 incesserat.
305 1667 344 1694 Id.
358 1666 426 1694 ibid.
442 1675 467 1699 1,
487 1669 514 1693 16
538 1667 628 1700 Quum
642 1667 801 1693 Pannonicas
815 1666 931 1701 legiones
946 1667 1047 1693 Seditio
1061 1668 1142 1695 ιιι-40

57 1701 133 1728 cessit.
203 1702 338 1729 Siccitates
363 1703 471 1730 Colum.
485 1709 507 1734 ς,
521 1710 547 1734 9,
562 1709 594 1728 11.
662 1703 722 1737 Spes
735 1702 868 1729 incefferat
893 1702 983 1729 Tacit.
998 1704 1064 1729 Ann.
1078 1712 1100 1735 1,

165 1737 298 1765 Columel.
312 1747 333 1770 2,
347 1747 376 1765 ιο
385 1759 393 1771 ,
410 1747 419 1764 ι
450 1739 557 1764 Famem
571 1746 692 1772 quoque,
709 1737 860 1765 siSterilitas
873 1746 991 1764 annonae
1003 1737 1099 1764 inceffit

651 1773 856 1799 Taciturnitatis
874 1773 991 1807 aliquem
1028 1774 1098 1804 Sym-

296 245 299 257 J

12 1788 13 1791 =
55 1745 228 1806 sagminibus,
246 1774 387 1801 commode
405 1773 547 1809 propulsat.

23 1822 27 1828 ι
55 1808 139 1834 mach.
154 1809 232 1843 Epist.
247 1818 267 1841 1,
280 1817 302 1841 5.
327 1816 351 1835 et
363 1814 400 1841 83.
493 1807 649 1841 Tempestas
678 1808 783 1834 Colum.
799 1816 844 1839 12,
859 1816 881 1836 2,
895 1816 915 1837 3.
1009 1808 1100 1833 Tene-

55 1840 119 1868 brae
133 1843 258 1869 incessunt
287 1844 379 1870 Tacit.
395 1844 462 1870 Ann.
476 1850 518 1875 ις,
528 1846 570 1876 37.
662 1843 723 1868 Liu.
736 1851 767 1873 2,
781 1849 798 1876 7
815 1848 857 1876 pr.
891 1842 922 1867 T
924 1846 998 1867 antus
1014 1845 1140 1870 terror45

31 1887 37 1892 ·
53 1876 241 1913 Tarquinium
254 1883 332 1913 atque
345 1879 488 1904 Hetruscos
500 1876 610 1907 incesl'it,
627 1881 656 1902 vt
669 1877 759 1902 omiffa
773 1876 849 1903 irrita
862 1884 891 1902 re
900 1896 907 1908 ,
932 1883 977 1902 cte.
1045 1876 1099 1902 Ti-

19 1922 26 1928 ’
54 1921 115 1939 ιιιοι·
126 1914 248 1940 omnium
262 1922 370 1948 magnus
384 1913 481 1946 int-ellit
498 1912 570 1938 Caes.
579 1912 608 1938 B.
622 1912 652 1938 C.
667 1921 693 1945 2,
707 1920 748 1944 29.
816 1911 891 1937 Idem
900 1920 921 1943 3,
937 1921 975 1945 44
997 1911 1100 1938 Timor

52 1956 163 1982 magnus
177 1949 330 1984 sagittarum
344 1949 486 1975 incesserat.
594 1948 654 1973 Liu.
668 1956 693 1979 1,
709 1955 737 1981 17
775 1947 878 1973 Timor
897 1946 993 1972 deinde
1012 1948 1099 1973 Patres

54 1983 152 2011 incessit
164 2004 173 2016 ,
200 1993 234 2010 ne
256 1984 393 2010 ciuitatem
412 1983 464 2010 sine
487 1983 602 2016 imperio
629 1981 669 2008 vis
694 1982 783 2015 aliqua
804 1988 911 2007 externa
938 1981 1099 2007 adoriretur.

55 2019 148 2045 Tacit.
162 2020 229 2045 Anu.
247 2028 268 2050 1,
283 2026 312 2053 71
339 2018 452 2051 Quoties
465 2017 590 2044 valetudo
603 2016 707 2043 aduersa
722 2016 869 2043 Flamiuem
877 2016 980 2041 Dialem
993 2015 1099 2041 incessis-
1111 2019 1143 2044 50

55 2056 101 2080 set.
258 2052 279 2091 ff
297 2062 310 2086 3
349 2053 439 2088 Paſjiu.
475 2052 552 2086 Virg.
567 2053 632 2078 Aen.
647 2059 689 2083 12,
703 2058 749 2083 593
779 2051 882 2085 Regina
895 2056 923 2076 vt
937 2051 1011 2077 tec'lis
1026 2051 1099 2077 veni-

54 2095 141 2120 entem
155 2090 281 2124 prospicit
294 2088 410 2120 hostem,
439 2087 525 2114 Inceffi
539 2096 645 2116 muros,
665 2093 709 2112 etc.
746 2086 772 2112 li.
786 2095 809 2112 e.
830 2085 932 2112 Inuadi.
953 2087 1068 2112 Seruius.

91 2131 101 2150 1
111 2132 133 2152 N
142 2132 158 2152 c
167 2131 183 2150 E
192 2132 205 2151 s
214 2133 227 2152 s
236 2132 253 2151 Ε
263 2132 284 2152 N
293 2131 305 2150 s
315 2144 322 2156 ,
340 2125 417 2151 entis.
463 2123 556 2151 Partic.
612 2122 658 2149 Sil.
673 2130 707 2154 ιι,
720 2130 770 2155 234
795 2121 940 2149 Ferocibus
954 2121 1005 2148 alte
1019 2122 1100 2148 inces-

66 2232 148 2259 endae
161 2231 282 2258 vitandae
299 2231 422 2263 fuerunt,
447 2230 669 2262 inccffionumque
681 2226 822 2260 archetypa
835 2226 975 2260 fugienda,
992 2225 1098 2251 contici-

354 2273 451 2298 tanien‚
470 2271 516 2292 etc.
570 2262 740 2289 Inceslionum
753 2261 906 2295 archetypa,
932 2264 950 2287 i.
973 2262 1053 2298 Origo
1074 2267 1098 2287 et

48 2306 136 2338 prima
149 2303 220 2338 causa
233 2305 450 2336 vituperationum.
505 2299 553 2326 Sed
564 2299 716 2325 vehementer
722 2294 836 2332 fiukluat
847 2294 930 2323 team.

92 2345 100 2363 1
111 2345 132 2364 N
143 2343 161 2363 c
171 2344 188 2364 E
197 2345 211 2364 s
220 2344 261 2365 sn
270 2343 303 2363 131
313 2342 347 2362 ιι
356 2342 385 2367 s,
406 2344 429 2361 e.
473 2333 533 2360 Adi.
591 2335 649 2359 Non
662 2331 778 2367 defluens.
835 2332 947 2358 Hieron.
961 2332 1040 2366 Epist.
1054 2333 1097 2358 26.

53 2373 125 2400 Cael.
141 2371 229 2399 Aurel.
242 2371 364 2403 Tarda„
376 2373 402 2397 6.
439 2370 516 2396 Oros.
531 2377 651 2403 prooem.
665 2375 690 2402 7.
725 2369 805 2393 Mart.
819 2368 918 2401 Capell.
934 2376 954 2400 1,
992 2387 998 2394 .
1034 2386 1041 2392 .

90 2415 100 2434 1
110 2415 158 2435 Nc
168 2415 228 2435 ess
240 2413 305 2434 Ant
315 2413 330 2432 L
340 2413 445 2432 ITER.
484 2404 552 2431 Adu.
589 2403 703 2430 Saluian.
718 2402 788 2429 Gub.
803 2403 854 2429 Dei
865 2412 891 2436 2,
927 2422 934 2430 .
972 2423 979 2430 .
1017 2404 1096 2429 Mart.

24 2456 27 2458 ·
54 2443 153 2478 Capell.
168 2452 193 2476 9,
228 2463 235 2470 .
334 2441 449 2468 Hieron.
464 2439 541 2474 Epist.
555 2444 605 2468 ης.

28 2483 31 2490 '
56 2491 57 2494 =
90 2483 382 2506 1Ncnsan'rER.
419 2475 487 2502 Adu.
524 2474 599 2501 Idem.

54 2515 176 2542 cessanter
188 2513 307 2540 auctores
329 2520 390 2538 cum
405 2510 556 2538 reuerentia
571 2510 704 2544 antiquos.

55 2549 219 2586 Aquaedue‘k.
566 2576 568 2582 y

90 2593 103 2614 1
111 2592 133 2611 N
143 2591 208 2612 cm.
217 2591 238 2610 A
247 2590 269 2610 T
277 2591 299 2610 v
308 2590 323 2611 s
332 2603 340 2616 ,
359 2592 373 2610 a
382 2603 390 2615 ,
409 2591 464 2609 um.
502 2581 563 2610 Adi.
603 2578 735 2617 ἔκρυπτον,
753 2580 896 2607 incelatum
908 2579 988 2606 Gloss‘.
1001 2580 1060 2606 Ver.

14 2651 21 2657 ι
91 2629 101 2648 ι
110 2629 133 2648 N
142 2627 159 2648 c
170 2627 186 2646 E
196 2627 213 2646 L
223 2618 240 2646 ιὲ·
249 2626 292 2646 BR
302 2626 350 2652 is,
369 2628 392 2645 e.
430 2618 490 2645 Adi.
525 2615 669 2651 [ἔκλυτος]
704 2616 787 2643 Vallis
796 2615 935 2643 incelebris
952 2615 997 2642 Sil.
1006 2620 1029 2647 8,
1037 2622 1095 2649 379.

14 2661 18 2672 ’
54 2656 130 2693 Conf.
143 2654 262 2683 Macrob.
275 2655 377 2682 Saturn.
393 2663 414 2687 1,
428 2661 453 2689 7.
489 2659 512 2679 rt
526 2653 594 2679 Gell.
607 2659 630 2684 ς,
646 2661 677 2686 14
686 2659 730 2687 pr.

91 2699 101 2717 1
114 2698 137 2717 N
150 2697 192 2718 cia
203 2696 425 2721 LEBRA‘rvs,
445 2696 475 2719 a,
490 2696 545 2715 um.
580 2688 641 2713 Adi.
695 2686 785 2713 Tacit.
800 2687 867 2713 Ann.
882 2688 916 2719 6,
932 2693 949 2720 7
961 2691 1026 2712 extr.
1054 2683 1097 2710 Ab

54 2726 114 2754 aliis
128 2725 303 2757 incelebrata,
329 2728 351 2752 «i.
369 2734 418 2751 non
431 2723 566 2754 celebrata,
584 2732 633 2748 non
645 2728 786 2749 memorata.
1103 2729 1139 2756 70

91 2769 101 2788 1
112 2769 135 2788 N
145 2768 162 2789 C
172 2767 189 2788 Ε
201 2768 224 2787 N
236 2768 282 2789 Do
290 2781 299 2794 ,
324 2761 368 2793 di,
387 2761 442 2786 sum
451 2779 459 2792 ,
486 2761 539 2785 ere.
597 2758 741 2793 [ἔμπυρὸω,
760 2755 877 2789 didm-w]
938 2755 1097 2791 Inflammare

52 2803 106 2826 tum
122 2800 241 2832 proprie,
263 2803 319 2823 eum-
328 2797 420 2823 tralate
431 2797 539 2821 excitare
550 2799 574 2820 et
584 2799 722 2828 promtum,
740 2790 923 2827 studiosumque
940 2792 1046 2817 alicuius
1060 2792 1098 2816 rci

53 2832 164 2860 reddere.
215 2832 297 2861 Plaut.
317 2832 389 2858 Men.
413 2840 425 2857 2
439 2850 447 2863 ,
471 2839 501 2863 3,
523 2838 535 2862 3
577 2829 690 2855 Sternite
713 2828 809 2860 tectos,
838 2826 972 2853 incendite
991 2826 1096 2853 odores.

15 2879 18 2884 ·
53 2869 139 2902 Agros
151 2868 289 2895 incendere
327 2868 403 2901 Virg.
418 2867 515 2899 Georg.
534 2873 554 2897 ι,
573 2869 613 2897 84.
705 2865 780 2890 Mens
794 2862 866 2889 nulla
879 2862 961 2897 potest
974 2861 1097 2893 incendi,

21 2899 26 2910 i
53 2904 103 2931 nisi
117 2905 172 2939 ipse
184 2903 217 2930 ad
229 2912 287 2930 eam
304 2902 397 2930 ardens
411 2901 541 2928 accesseris
570 2901 625 2927 Cic.
639 2899 671 2926 de
683 2901 756 2927 Orat.
771 2907 802 2932 2,
818 2901 872 2932 196.
989 2899 1095 2925 Nauem
1107 2907 1140 2935 75

53 2940 230 2971 inflammari,
250 2939 409 2973 incendique
422 2937 489 2964 iussit
523 2935 596 2962 Idem
611 2937 688 2962 Verr.
702 2943 730 2969 ς,
750 2943 793 2968 90.
847 2933 920 2960 Idem
938 2934 991 2961 Att.
1012 2942 1048 2966 9,
1069 2935 1094 2959 6.

54 2975 158 3003 ociores
170 2975 318 3002 Galbaneos
331 2974 470 3001 incendere
496 2972 571 3007 Virg.
580 2972 677 3006 Georg.
691 2980 719 3004 4,
733 2973 790 3005 264.
868 2970 947 2996 Tura
959 2975 985 2996 et
999 2969 1096 2996 odores

14 3006 23 3028 ’Ἦ
50 3010 112 3038 Cic.
125 3013 203 3038 Verr.
215 3019 242 3044 4,
255 3018 295 3046 77
312 3019 334 3036 c.
347 3017 384 3043 33.
454 3007 558 3035 Vrbem
580 3006 740 3034 IdemCatil.
753 3014 765 3038 3
784 3015 806 3032 c.
818 3014 841 3038 3.
912 3005 980 3032 Ter.
989 3004 1094 3031 Phorm.

17 3043 36 3080 i
55 3055 78 3078 1,
92 3054 120 3079 4,
134 3055 150 3079 9
175 3047 332 3081 Loquarne3
355 3044 506 3074 incendam,
522 3044 638 3069 taceam?
662 3042 792 3076 instigem.
885 3041 942 3067 Cic.
958 3042 1059 3074 Fam.5‚
1070 3049 1095 3067 12

24 3097 25 3100 =
55 3085 144 3108 Genus
158 3082 230 3109 enim
245 3083 403 3117 scriptorum
416 3087 525 3108 tuorum
538 3078 583 3105 etfi
598 3083 654 3105 erat
663 3079 763 3112 semper
775 3085 840 3103 ame
848 3077 1036 3111 exspectatum:
1060 3082 1095 3102 ta.
1107 3083 1140 3110 80

25 3150 27 3153 ¹
56 3125 118 3144 men
131 3117 197 3143 vicit
209 3118 365 3151 opinionem
376 3123 477 3144 meam:
513 3123 608 3148 meque
624 3114 662 3141 ita
682 3114 725 3140 vel
743 3113 828 3148 cepit,
859 3113 902 3139 vel
914 3112 1048 3144 incendit,
1066 3117 1095 3138 vt

16 3156 18 3162 '
56 3161 274 3187 cuperenrquam
299 3153 437 3180 celerrime
462 3161 502 3179 res
519 3150 619 3177 nostras
639 3149 816 3177 monumentis
834 3148 1015 3175 commendari
1034 3148 1095 3175 tuis.

34 3189 39 3195 '
55 3187 176 3216 Incendit
188 3195 243 3219 eos,
256 3188 302 3222 qui
315 3189 425 3216 audiunt
443 3189 500 3215 Cic.
510 3186 542 3213 de
555 3186 614 3212 Fin.
628 3194 660 3219 4,
696 3204 703 3212 .
741 3204 748 3211 .
803 3184 946 3210 Incendere
960 3191 983 3210 et
991 3184 1096 3216 Sedare,

24 3224 39 3256 -l,
56 3225 187 3251 contraria
218 3222 257 3248 Id.
271 3223 303 3257 de
316 3224 408 3259 Legib.
423 3235 450 3257 3,
468 3232 511 3257 24.
708 3218 729 3258 ff
749 3228 766 3247 2
802 3221 926 3252 Nomina,
941 3219 1028 3254 quibus
1043 3222 1098 3245 iun-

18 3257 38 3291 ,,’“
76 3267 145 3286 nur.-
180 3258 278 3284 Amore
291 3258 395 3287 incendi
420 3260 476 3287 Cic.
491 3260 527 3292 Q
539 3258 606 3284 Frat.
619 3265 641 3289 3,
655 3265 674 3283 1.
735 3255 862 3282 Animum
875 3255 994 3281 incendit
1007 3263 1098 3283 amore
1110 3262 1139 3291 ες

30 3303 35 3313 ”
56 3269 133 3329 eug·
148 3295 214 3321 Aen·
229 3295 264 3326 6,
288 3298 348 3326 889.-
449 3296 577 3322 Animum
590 3292 668 3319 dictis
690 3291 807 3318 incendit
838 3290 876 3319 Id.
896 3290 963 3317 ibid.
983 3299 1017 3323 4,
1041 3298 1097 3324 197.

58 3331 170 3358 Animos
184 3329 318 3355 bonorum
329 3329 466 3357 incendere
490 3331 546 3357 Cic.
562 3330 616 3355 Att.
631 3336 657 3361 2·,
671 3330 709 3355 16.
813 3328 951 3354 Annonam
977 3327 1051 3352 Varr.
1066 3326 1098 3352 de

58 3368 90 3394 R.
98 3367 130 3393 R.
144 3374 168 3398 3,
183 3373 205 3391 2.
246 3363 304 3390 Vid.
319 3364 366 3399 Ios.
382 3366 471 3402 Scalig.
483 3369 511 3393 in
525 3368 603 3392 Aetn.
618 3374 641 3399 p.
652 3372 707 3390 102.
800 3364 902 3390 Aurum
915 3362 957 3388 Sol
971 3361 1098 3394 incendit,

16 3413 19 3421 ι
57 3406 78 3428 ἐξ
87 3407 89 3410 ·
91 3402 221 3438 fulgorem
235 3400 303 3426 illius
315 3405 386 3460 αιιῗεῑ
398 3401 478 3428 Ouid.
489 3410 521 3428 ex
535 3402 620 3428 Ponto
634 3408 655 3430 2,
668 3408 687 3430 1,
700 3407 740 3432 41.
805 3399 916 3426 Caelum
930 3398 1044 3424 clamore
1057 3398 1096 3424 in-

18 3442 24 3454 *
57 3437 188 3468 cendunt,
214 3436 232 3462 i.
249 3444 271 3461 e.
292 3436 349 3468 Imp
361 3440 412 3460 ent.
434 3432 552 3464 Sei-nius:
589 3436 665 3469 Virg-
681 3436 744 3461 Aen·
760 3443 799 3467 102
811 3440 866 3468 895-

38 3487 43 3489 ·
58 3479 112 3500 tem
123 3471 236 3498 alicuius
259 3471 314 3498 Cic.
329 3471 401 3496 Fam.
415 3477 449 3502 ις,
461 3479 495 3497 21.
564 3472 745 3506 Cupiditatem
759 3477 785 3497 et
793 3469 969 3506 arrogantiam
982 3470 1095 3495 alicuius

18 3521 36 3538 ξ
56 3508 97 3536 Id.
109 3508 182 3535 Brut.
196 3515 223 3540 4.
295 3507 325 3532 Ec
340 3507 379 3540 Q
393 3505 461 3532 Frat.
476 3514 503 3537 3,
521 3515 531 3532 ι
561 3508 659 3535 Amore
679 3505 794 3533 incendi.
902 3504 1037 3531 Desiderio
1056 3504 1096 3530 in-

25 3552 30 3575 ζ
59 3543 136 3572 cendi
164 3542 204 3569 Id.
218 3542 247 3568 in
260 3542 333 3568 Orat.
348 3549 382 3573 33.
475 3541 574 3568 Dolore
587 3544 641 3569 acri
654 3543 757 3569 incensa
790 3542 864 3576 Virg.
887 3542 952 3567 Aen.
976 3549 1015 3571 11,
1033 3547 1095 3574 709.

59 3579 170 3606 Facibus
178 3578 298 3612 corporis
311 3576 471 3603 inflammari
482 3582 507 3602 et
519 3577 622 3605 incendi
635 3578 667 3605 ad
680 3578 836 3613 cupiditates
860 3577 916 3604 Cic.
925 3576 1006 3602 Tusc.
1016 3584 1036 3607 1,
1049 3584 1095 3608 44.

12 2148 36 2177 »ι
46 2161 112 2189 ,rens
127 2160 216 2187 viam·
232 2161 319 2187 diois.

17 2177 67 2300 >
88 2203 206 2223 mens
217 2201 294 2229 sto,
313 2195 381 2222 onis.
403 2194 422 2222 f.
469 2193 597 2221 Laudatur
611 2192 666 2219 cte.
680 2193 734 2218 Aa.
748 2200 783 2223 12,
795 2199 808 2224 ς
820 2197 885 2218 mr.
909 2190 980 2217 Mihi
994 2190 1038 2217 effi
1049 2191 1098 2217 ea.
1114 2192 1142 2218 53

38 2292 39 2297 ,
54 2267 190 2302 endaeque
202 2267 318 2294 tabulae:

1102 2371 1138 2397 60

642 2473 732 2500 Sidon.
746 2473 826 2508 Epist.
840 2480 863 2506 8,
879 2482 901 2500 11
929 2473 1045 2507 Legebat
1057 2474 1097 2499 in-

756 2509 831 2545 Conf.
851 2510 913 2544 Leg.
928 2518 957 2535 10
980 2508 1046 2536 Cod.
1064 2508 1097 2534 de
1109 2532 1141 2581 ἐς

15 3310 43 3437 Ψ

30 3634 36 3648 a
58 3616 147 3643 Furiis
162 3614 266 3641 incensa
292 3613 367 3647 Virg.
381 3612 445 3637 Aen.
458 3619 487 3644 4,
500 3613 557 3646 376,
570 3614 571 3617 ’

58 3651 143 3678 studia
173 3650 229 3676 Cic.
242 3649 325 3675 Tusc.
340 3657 359 3681 1,
373 3656 391 3679 4
404 3656 425 3672 c.
434 3654 459 3672 2.
546 3648 588 3674 Ira
600 3648 721 3682 incendi,
746 3649 901 3676 Vehementer
912 3647 989 3682 irafti
1016 3646 1096 3672 Plaut.

18 3697 23 3702 ·
59 3686 129 3713 Asin.
143 3694 165 3718 2,
177 3694 207 3718 4,
220 3694 259 3718 14.
366 3682 434 3709 Ter.
449 3681 515 3722 Hec-
527 3690 554 3715 4,
567 3691 586 3714 ι,
599 3691 636 3718 47
658 3684 787 3715 Aderam,
803 3684 876 3710 cuius
890 3683 999 3710 consilio
1013 3691 1043 3708 ea
1051 3690 1097 3716 par

59 3722 146 3749 suerat
159 3720 288 3755 prospici,
306 3717 480 3754 quamobrem
488 3717 614 3756 incendor
624 3719 674 3746 ira.
746 3720 844 3746 Lutihis
859 3719 998 3746 incendens
1019 3718 1094 3752 Virg.

59 3758 124 3784 Aen.
138 3766 163 3790 9,
177 3764 234 3789 500.
305 3755 434 3785 macutus,
445 3759 476 3779 rt
489 3753 530 3778 Ira
543 3752 675 3786 ince'nsun,
691 3760 820 3783 contraria
850 3756 905 3781 Cic.
921 3756 973 3781 Att.
987 3756 1014 3786 6,
1029 3762 1043 3780 2
1053 3760 1098 3788 pr.

19 3806 25 3840 ι
59 3791 182 3826 Querelis
195 3789 335 3818 incendere
349 3790 464 3823 aliquem
483 3787 559 3821 Virg.
573 3788 637 3814 Aen.
651 3798 677 3821 4,
690 3794 746 3821 360,

25 3835 30 3854 z
57 3828 174 3854 vestrum
186 3827 303 3853 incensus
317 3825 353 3853 est
383 3826 438 3851 Cic.
453 3823 485 3850 de
497 3824 571 3850 Orat.
588 3830 607 3853 1,
619 3829 653 3857 97
666 3832 729 3850 c.21.

57 3862 90 3890 ad
104 3871 196 3896 agrum
209 3862 351 3889 colendum
365 3861 478 3895 pertinet
508 3859 547 3885 Id.
567 3866 617 3892 pro
629 3858 705 3884 Rosc.
718 3861 805 3887 Amet.
820 3867 863 3894 48.

24 3897 35 3927 Ἴ,
44 3902 47 3907 ’
57 3897 169 3928 incensi,
185 3906 243 3924 rem
257 3898 286 3924 in
297 3897 417 3924 medium
431 3903 525 3921 vocare
538 3899 681 3928 coeperunt
704 3893 742 3919 ld.
753 3903 800 3927 pro
807 3897 954 3929 Cluent.73.

2 3937 3 3940 ’
36 3943 39 3945 ·
57 3935 133 3960 suum
147 3933 287 3962 incendere
320 3933 403 3961 Plaut.
422 3930 503 3957 Trin.
522 3938 551 3962 3,
569 3937 601 3960 2,
619 3937 664 3961 49.
698 3930 717 3954 i.
749 3930 868 3958 celebrius
886 3932 996 3960 reddere.

20 3962 30 3991 ἰ
59 3970 136 3996 Gron.
151 3967 208 4004 ObJI
220 3977 282 4003 4,.3.
325 4000 328 4001 .
351 3969 429 3995 Vires
441 3965 527 4002 pudor
541 3963 659 3992 incendit
675 3963 752 3998 Virg.
765 3965 832 4009 Aen.¹
843 3973 866 4001 ς,
879 3975 936 4002 455,

793 3826 887 3853 Studio
902 3825 1007 3855 incensi,
1022 3824 1095 3859 quod

943 3861 1096 3896 Suspicione

1008 3897 1096 3922 Genus

1037 3931 1097 3958 Viti.

885 1133 893 1138 ,
987 1134 992 1138 ι
1154 1101 1298 1138 flammatio
1307 1104 1413 1136 propria
1426 1108 1449 1126 et
1461 1099 1635 1135 meiaphorica.

879 1132 976 1159 balfflst*
985 1142 1010 1159 ¹¹¹
1022 1135 1098 1169 Epist·
1110 1137 1142 1164 23
1163 1136 1258 1163 cendio
1271 1137 1437 1163 consumtum
1457 1135 1502 1162 est.

958 3433 1095 3467 Cupidita-
1106 3439 1142 3464 90

852 3790 946 3817 Studio
959 3790 1149 3823 vtriusquetoo
1158 3800 1203 3827 quo
1210 3792 1344 3828 frumenta
1353 3797 1506 3828 purgantur.

1536 197 1552 237 1
1643 196 1688 236 N
1781 199 1815 239 C
2116 211 2205 256 1038

1165 288 1227 314 dere
1248 288 1276 314 in
1289 287 1315 313 se
1327 285 1407 318 odia,
1435 285 1565 312 concitare
1583 288 1610 312 in
1625 285 1654 322 J?
1671 286 1777 314 aliorum
1793 289 1940 316 inimicitias
1976 290 2032 318 Cic.
2052 292 2104 320 Att.
2125 302 2142 326 9
2183 303 2203 321 1.

1166 324 1198 349 ln
1209 323 1325 357 aliquem
1338 320 1443 348 incendi
1478 321 1549 348 Idem
1564 322 1634 348 Fam.
1650 331 1670 354 1,
1683 330 1709 356 9.
2149 314 2157 326 '

1204 365 1213 384 1
1225 365 1296 385 Nee
1306 363 1329 384 N
1339 363 1418 392 svs,
1438 365 1468 389 a,
1488 366 1541 383 um.
1584 357 1676 384 Partic.
1730 356 1964 393 [ἓμπεπυρωμένσς]
2019 362 2086 388 vrb,
2100 363 2202 391 incensa

1164 394 1241 428 Virg.
1254 395 1320 420 Aen.
1331 401 1355 425 2,
1369 399 1425 426 327.
1528 392 1567 418 Ad
1581 392 1779 427 Rempublicam
1794 392 1860 419 bene
1875 394 2013 426 gerendam
2030 397 2145 425 incensus
2155 400 2203 425 im-

1165 436 1270 463 perator
1301 429 1358 455 Cic.
1372 427 1405 453 de
1417 427 1493 454 Prou.
1507 427 1613 454 Consul.
1628 437 1655 462 3,-
1674 437 1695 454 c.
1709 437 1747 461 14.
1818 428 1961 455 Contentio
1976 429 2075 458 incensa
2091 434 2203 461 inimici-

1164 465 1209 491 tiis
1241 464 1279 490 Id.
1294 465 1326 490 de
1338 464 1400 497 Opt.
1413 471 1471 496 gen.
1486 462 1559 488 Orat.
1568 471 1608 489 22.
1680 463 1769 490 Pefilus
1784 463 1916 489 incensum
1928 472 2018 490 amore
2051 469 2123 501 Virg.
2137 471 2202 496 Aen,

1165 508 1187 531 3,
1204 505 1260 532 298.
1332 498 1440 525 Sthenio
1453 497 1622 524 vehementer
1635 499 1753 525 incensus
1777 499 1834 525 Cic.
1847 499 1944 526 Verra
1958 508 1979 525 c.
1990 502 2027 530 36.
2062 504 2103 530 ΑΙ,
2120 505 2203 531 iut'en-
2222 504 2224 507 ’

1165 535 1214 561 sus.
1285 534 1413 561 Voluntas
1428 533 1530 559 incensa
1542 532 1631 559 officio
1658 533 1696 560 Id.
1707 535 1777 560 Fam.
1793 536 1820 567 6,
1833 536 1859 560 6.
1963 535 2074 570 Compar.
2110 540 2202 567 claud,

1164 570 1196 596 de
1211 571 1286 604 Rapt.
1300 571 1417 603 Proserp.
1432 576 1455 600 3,
1470 576 1512 594 201
1548 583 1592 587 —
1614 568 1720 603 Phlegra
1733 569 1811 595 nobis
1825 569 1954 596 incensior
1966 570 2064 598 aether.

1201 610 1365 632 1NCssNs1
1377 611 1396 631 ο
1408 624 1416 637 ,
1434 604 1502 629 onis.
1523 603 1543 629 f.
1580 603 1762 640 [ἓμπύρευμικ]
1799 605 1855 631 Cic.
1870 614 1918 639 pro
1932 605 2028 638 Sull.33
2044 615 2094 633 c.11
2115 607 2204 634 Incen-

1164 641 1234 667 sione
1246 641 1355 672 vrbem,
1376 639 1557 666 internecione
1571 640 1656 671 ciues,
1675 640 1793 666 vastitate
1807 640 1908 667 Italiam
1917 661 1926 674 ‚
1945 641 2054 669 interitu
2061 643 2203 678 Rempubl.

1162 676 1298 703 liberauit.
1404 673 1521 701 Incensio
1534 673 1661 709 Capitolii
1686 675 1724 701 ld.
1739 676 1767 701 in
1779 676 1858 702 Catil.
1870 684 1892 708 3,
1905 685 1921 708 9
1933 685 1953 702 c.
1967 685 1994 709 4.

1203 719 1211 736 1
1225 719 1248 738 N
1258 718 1299 739 (ΞΕ
1309 716 1386 737 NSE.
1419 709 1487 736 Adu.
1541 710 1610 736 Gell.
1627 719 1666 742 10,
1679 719 1691 742 3
1719 711 1814 737 Cicero
1829 711 1920 737 odium
1934 713 1960 737 in
1974 713 2084 739 Verrem
2098 712 2205 740 detesta-

1163 747 1318 782 tionemque
1330 744 1398 780 apud
1413 745 1493 772 Ciues
1513 745 1645 772 Romanos
1671 746 1775 772 incense
1794 752 1873 781 atque
1894 747 1989 773 acriter
2005 754 2084 783 atque
2103 749 2205 775 inflam-

1166 789 1267 809 manter
1285 781 1357 808 facit.

1199 825 1240 844 1N
1255 819 1465 847 CENsivvs,
1486 824 1516 849 a,
1533 825 1588 843 um.
1623 815 1685 843 Adi.

1164 854 1249 880 virtus
1263 852 1298 878 est
1311 851 1492 886 incensiuaque
1505 857 1531 878 et
1542 853 1618 879 acris.

1198 896 1207 915 1
1218 894 1241 914 N
1251 895 1268 915 c
1277 893 1294 914 E
1303 893 1326 913 N
1335 895 1347 914 S
1357 893 1377 914 ο
1388 894 1406 913 R
1415 907 1423 919 ‚
1446 887 1510 913 oris.
1530 897 1566 913 m.
1604 888 1656 914 l.16
1675 885 1699 924 §.
1713 886 1811 921 penult.
1825 887 1857 914 D.
1871 886 1904 913 de
1915 888 2021 922 poenis,
2041 889 2158 916 Messium
2165 890 2204 916 in-

1163 924 1290 950 censores.
1347 922 1420 958 Conf.
1437 923 1507 948 Paul.
1528 924 1631 957 Recept.
1646 930 1659 955 5
1680 922 1721 949 tit.
1734 931 1776 949 20.
1891 924 2024 951 Ammian.
2038 933 2073 958 31,
2085 934 2116 959 ις
2146 927 2205 954 Per-

1164 965 1236 986 emto
1249 958 1384 985 incensore
1397 958 1544 985 turbarum.

1722 817 1822 844 Macer.
1835 815 1867 843 de
1883 817 1970 852 Iunip.
1984 826 2011 851 4,
2025 826 2054 845 10
2084 819 2204 854 Iuniperi

1200 1001 1209 1020 ι
1220 1000 1290 1021 NCE
1299 1000 1321 1020 N
1331 1001 1344 1021 s
1356 1000 1375 1019 v
1387 1000 1426 1025 M,
1446 994 1463 1020 i.
1489 1003 1515 1020 n.
1551 992 1714 1028 Sacrificium.
1769 992 1889 1021 Tei-tull.
1902 1000 1992 1021 contra
2004 992 2060 1022 Iud.
2075 1004 2096 1020 c.
2111 1002 2125 1029 ς
2139 1003 2204 1023 extr.

1163 1031 1302 1056 Incensum
1316 1029 1482 1056 abominatio
1495 1029 1532 1055 est
1543 1028 1622 1055 mihi.
1679 1027 1752 1063 Conf-
1766 1028 1843 1054 Gloss.
1859 1028 1950 1055 Isidor.
1963 1030 1979 1056 l.
1995 1040 2021 1065 4.

1199 1073 1239 1092 ιΝ
1248 1071 1266 1091 c
1276 1071 1292 1091 E
1302 1071 1324 1091 N
1334 1071 1352 1090 D
1363 1073 1400 1092 tv
1411 1072 1432 1090 M
1444 1085 1452 1097 ,
1472 1064 1491 1091 i.
1525 1073 1552 1090 n.
1595 1062 1756 1098 [ἓμπρησμὸς
1764 1082 1772 1094 ,
1790 1064 1903 1097 ἔκπρησις
1912 1083 1919 1094 ,
1938 1066 2103 1099 πυφσίκτωσις]
2163 1067 2205 1093 ln-

1690 1098 1756 1124 Plin.
1770 1106 1807 1133 12,
1821 1106 1849 1130 19
1874 1099 1963 1125 Donec
1977 1101 2002 1126 id
2015 1101 2154 1127 delubrum
2167 1103 2204 1128 in·

1548 1164 1549 1167 ¹
1572 1134 1718 1168 Tanquam
1742 1133 1853 1167 aliquod
1877 1134 2029 1161 incendium
2051 1137 2206 1170 improbita-

1162 1178 1217 1199 tem
1230 1172 1399 1206 restinguere.
1467 1171 1524 1197 Cic.
1538 1170 1613 1196 Verr.
1630 1178 1648 1199 1,
1665 1177 1702 1202 153
1731 1169 1876 1195 Communi
1891 1170 2019 1204 praesidio
2033 1171 2090 1197 talis
2106 1172 2205 1206 impro-

1162 1207 1245 1240 bitas,
1265 1213 1388 1241 tanquam
1402 1206 1513 1241 aliquod
1526 1204 1693 1237 incendium,
1718 1204 1901 1237 restinguenda
1921 1205 1965 1231 cst.
2039 1206 2146 1233 Aestatis
2167 1208 2206 1233 in-

1163 1242 1255 1270 cendia
1282 1242 1375 1270 Pallad.
1388 1251 1398 1268 1
1407 1261 1415 1274 ,
1428 1251 1462 1274 4,
1482 1250 1500 1268 ι.
1536 1244 1554 1267 i.
1574 1239 1662 1273 aestus.
1752 1240 1880 1266 Annonae
1893 1240 1925 1266 ad
1941 1240 2092 1269 incendium
2105 1243 2207 1276 suppri-

1163 1287 1236 1306 mere
1254 1278 1356 1305 fruetus
1387 1277 1520 1311 Quintilii.
1540 1277 1613 1302 Decl.
1632 1284 1667 1302 12.
1761 1276 1828 1302 Belli
1849 1276 1980 1307 incendia,
2008 1280 2027 1303 i.
2053 1279 2099 1303 Vis
2126 1279 2205 1313 Virg-

1163 1316 1228 1341 Aen.
1243 1323 1264 1347 1,
1277 1316 1334 1347 566.
1429 1313 1508 1339 Clara
1535 1311 1573 1338 ld.
1588 1312 1653 1338 ibid.
1668 1320 1693 1342 2,
1706 1313 1762 1344 569.
1834 1312 1912 1337 Mitia
1938 1312 2018 1339 Ouid.
2034 1313 2099 1339 Fast.
2114 1321 2138 1344 1,
2150 1322 2205 1346 411.

1163 1351 1243 1377 Saeua
1271 1350 1347 1384 Virg.
1360 1349 1424 1375 Aen.
1441 1356 1473 1381 9,
1484 1355 1528 1382 77.
1622 1347 1718 1373 Patere.
1733 1355 1758 1379 2,
1774 1354 1813 1379 125
1837 1347 1944 1378 Drusus,
1958 1348 2004 1381 qui
2019 1357 2033 1374 a
2046 1357 2118 1382 patre
2132 1350 2159 1375 in
2176 1348 2204 1376 id

1162 1386 1249 1421 ipsum
1267 1385 1385 1420 plurimo
1404 1383 1513 1418 quidem
1533 1382 1594 1417 igne
1617 1383 1732 1408 emicans
1752 1382 1904 1408 incendium
1930 1383 2054 1410 militaris
2076 1385 2205 1411 tumultus

1163 1421 1251 1448 miffus
1265 1426 1335 1453 erat,
1355 1419 1438 1455 prisca
1450 1419 1611 1453 antiquaque
1627 1418 1767 1445 seueritate
1780 1419 1838 1444 vsus
1849 1427 1893 1444 eos
1908 1419 2032 1446 coe'rcuit.
2104 1421 2206 1446 Ardere

1163 1456 1311 1484 continenti
1325 1455 1463 1485 incendio,
1499 1454 1670 1488 Compescere
1683 1453 1814 1485 incendia,
1851 1454 1979 1480 Consumi
1992 1454 2128 1486 inccndio,
2152 1455 2205 1482 uid.

1161 1493 1202 1520 hh.
1218 1502 1262 1518 υυ.
1328 1492 1423 1518 Facere
1436 1490 1589 1516 incendium
1620 1489 1676 1515 Cic.
1697 1489 1725 1515 in
1746 1488 1834 1515 Parad.
1848 1498 1874 1522 4.
1947 1490 2069 1524 Flagrare
2088 1490 2205 1517 abstruso

1163 1527 1288 1555 incendio
1296 1547 1303 1558 ,
1323 1527 1376 1554 vid.
1390 1534 1411 1553 Α
1421 1533 1437 1553 Β
1446 1533 1458 1552 S
1469 1532 1490 1552 T
1500 1533 1520 1552 R
1530 1533 1549 1551 v
1558 1531 1577 1550 D
1586 1532 1616 1552 O.
1722 1524 1860 1551 Glomerat
1874 1525 1994 1551 incendia
2009 1532 2099 1552 ventus
2131 1527 2205 1560 Virg.

1163 1565 1261 1598 Geor-g.
1269 1571 1294 1594 2,
1307 1571 1354 1594 3ιι.
1415 1561 1587 1588 -Inflammari
1600 1559 1729 1586 incendiis
1738 1560 1927 1594 cupiditatum,
1947 1561 1998 1586 vid.
2020 1567 2206 1588 iNFLAMMO.

1163 1600 1275 1627 Miscere
1288 1597 1409 1624 incendia
1434 1598 1509 1630 Virg.
1524 1598 1588 1623 Aen.
1604 1605 1627 1628 2,
1641 1604 1696 1628 329.
1790 1595 1918 1629 Neglecta
1937 1596 2020 1622 solent
2034 1597 2154 1622 incendia
2166 1598 2206 1622 su-

1164 1644 1237 1661 mere
1250 1634 1321 1660 vires
1350 1634 1417 1660 Hor.
1432 1633 1510 1666 Epist.
1526 1641 1544 1662 1,
1558 1637 1592 1663 ιε,
1607 1637 1644 1663 83.
1700 1630 1804 1657 Offerre
1817 1630 1983 1661 incendium,
2003 1632 2054 1657 vid.
2074 1637 2207 1658 OFFERO.

1162 1671 1273 1697 Posuere
1286 1670 1356 1697 vires
1369 1668 1489 1695 incendia
1516 1667 1592 1701 Virg.
1606 1668 1670 1693 Aen.
1686 1672 1707 1697 ς,
1721 1668 1780 1695 680.
1850 1665 1932 1692 Plaut.
1942 1666 2039 1698 Asin.5,
2049 1674 2071 1694 2,
2080 1669 2114 1698 69
2135 1667 2207 1693 Nam

1162 1706 1193 1732 ni
1206 1706 1335 1740 impetro,
1360 1712 1448 1738 regem
1465 1702 1586 1737 perdidi,
1614 1709 1646 1727 ex
1658 1709 1748 1726 amore
1762 1705 1862 1726 tantum
1875 1700 1909 1726 est
1923 1700 2028 1726 homini
2046 1701 2206 1728 incendium.

1162 1741 1332 1774 Restinguam
1346 1738 1499 1765 incendium
1512 1745 1600 1762 meum
1617 1736 1695 1761 ruina
1729 1734 1808 1760 Catil.
1824 1735 1891 1769 apud
1907 1735 2006 1761 Sallust.
2020 1745 2060 1768 31,
2080 1745 2105 1769 9.
2147 1737 2206 1763 l‘id.

1163 1776 1267 1806 Ruina,
1287 1777 1315 1799 in
1332 1779 1351 1798 R
1360 1780 1380 1798 v
1390 1779 1419 1800 o.
1490 1772 1545 1798 Cic.
1555 1772 1583 1796 in
1595 1771 1669 1796 Orat.
1682 1777 1715 1802 27
1736 1769 1823 1795 Facile
1838 1770 1874 1795 est
1886 1770 1957 1796 enim
1972 1772 2083 1798 verbum
2097 1771 2206 1806 aliquod

1161 1809 1256 1841 ardens
1277 1812 1323 1840 (vt
1337 1808 1375 1834 ita
1388 1806 1492 1838 dicam)
1516 1812 1623 1836 notare,
1641 1804 1723 1839 idque
1736 1804 1876 1831 Restinetis
1889 1806 1942 1831 iam
1955 1807 2104 1833 animorum
2119 1802 2207 1833 incen-

1161 1842 1230 1876 diis,
1245 1843 1368 1869 irridere.
1418 1841 1504 1877 Sensus
1518 1839 1568 1873 tstf
1605 1841 1689 1867 Multa
1707 1839 1839 1872 dicuntur,
1859 1849 1931 1875 quum
1948 1845 2026 1867 animi
2045 1844 2084 1868 vel
2093 1846 2148 1874 ira,
2168 1844 2208 1869 vel

1161 1878 1348 1915 mzfiricordia,
1370 1878 1411 1904 vel
1428 1879 1477 1904 alio
1498 1875 1593 1910 affiuflu
1612 1878 1694 1910 aliquo
1711 1878 1832 1901 concitati
1843 1876 1922 1910 fimt,
1949 1885 2010 1911 quae
2029 1878 2163 1913 tranquilso
2182 1885 2207 1904 ct

1161 1918 1242 1950 quieto
1255 1917 1337 1940 animo
1350 1922 1398 1938 non
1409 1912 1558 1938 d1‘cerentur.
1614 1911 1701 1944 Itaque
1706 1910 1780 1944 facit
1797 1910 1919 1944 improbe,
1944 1915 1987 1946 qui
1998 1912 2097 1948 fidam
2114 1916 2207 1940 animis

1161 1949 1253 1976 irridet
1265 1958 1307 1980 ea,
1329 1956 1389 1983 quae
1406 1950 1433 1972 in
1442 1946 1629 1980 perturbatione
1642 1943 1711 1970 dit-'la
1719 1945 1837 1979 fuerunt.
1910 1946 2062 1974 Resurrcxit
2077 1949 2145 1974 male
2158 1949 2207 1975 ob-

1161 1990 1252 2010 rutum
1264 1982 1416 2009 incendium
1441 1981 1534 2008 Florus
1555 1989 1584 2013 3,
1605 1988 1640 2006 21.
1673 1979 1709 2014 ,de
1723 1979 1780 2006 bello
1793 1981 1864 2007 ciuili
1882 1980 1997 2009 Cumano.
2095 1984 2206 2011 Rcuiui-

1162 2020 1235 2046 scunt
1249 2018 1352 2044 maiore
1367 2018 1471 2043 flamma
1489 2015 1606 2043 extincta
1628 2024 1721 2049 parum
1747 2014 1860 2042 fideliter
1873 2016 1994 2043 incendia
2034 2017 2107 2044 Idem
2130 2028 2162 2051 3,
2181 2027 2203 2052 ς.

1162 2056 1199 2081 De
1214 2053 1268 2080 odio
1277 2053 1375 2088 publico
1383 2052 1407 2087 fi
1424 2052 1533 2079 Inuidia.
1586 2051 1641 2077 Cic.
1657 2059 1705 2084 pro
1719 2051 1871 2083 Muraen.51
1888 2060 1907 2076 c.
1922 2060 1952 2084 25
1978 2053 2004 2078 Si
2018 2053 2090 2088 quod
2106 2056 2165 2080 effet
2176 2056 2206 2082 in

1162 2091 1217 2116 suas
1231 2089 1350 2116 fortunas
1362 2087 1514 2114 incendium
1528 2086 1686 2117 excitatum,
1712 2084 1741 2111 id
1754 2086 1779 2111 se
1791 2094 1845 2111 non
1859 2095 1941 2121 aqua,
1968 2087 2010 2114 sed
2023 2090 2100 2116 ruina
2115 2090 2206 2116 restin-

1162 2125 1276 2151 ἃιιτιιιῃ.
1322 2123 1351 2149 de
1365 2123 1485 2149 Catilina.
1557 2120 1658 2147 Ardere
1670 2120 1794 2147 incendio
1803 2141 1812 2154 ,
1831 2121 1882 2149 old.
1896 2123 1921 2149 h.
1937 2132 1962 2149 υ.
2035 2125 2206 2160 Conflagrare

1164 2160 1283 2186 inuidiae
1295 2158 1419 2183 incendio
1444 2158 1499 2184 Cic.
1515 2156 1594 2183 Catil.
1610 2165 1619 2182 1
1637 2165 1658 2182 c.
1672 2164 1704 2183 11.

1196 2199 1290 2220 INCE
1303 2200 1326 2219 N
1338 2198 1528 2224 DlARiVS,
1557 2192 1575 2218 i.
1617 2200 1652 2218 m.
1707 2190 1843 2227 [πυρρὸς]
1899 2193 1989 2220 Tacit.
2007 2195 2074 2221 Ann.
2098 2202 2141 2228 ις,
2161 2194 2206 2232 '⁶7-

1161 2228 1292 2262 Qxine'fil.
1307 2228 1381 2254 Decl.
1395 2236 1411 2261 9
1445 2228 1571 2254 Morabar
1586 2227 1655 2254 inter
1677 2227 1831 2261 sacrilegos,
1855 2228 2050 2260 incendiarios,
2073 2236 2099 2257 ct
2119 2234 2207 2266 (quae

1161 2263 1355 2298 gladiatoribus
1376 2272 1428 2290 vna
1451 2264 1506 2291 laus
1529 2263 1583 2295 est)
1621 2262 1768 2290 homicidas
1797 2262 1911 2289 inclusos
1939 2266 2060 2299 turpiore
2080 2267 2207 2295 custodia.

1163 2300 1232 2326 Suet.
1247 2299 1339 2326 Vitell.
1353 2309 1374 2325 c.
1383 2307 1421 2333 17.
1681 2303 1684 2306 “

1197 2342 1239 2361 1N
1251 2341 1268 2361 c
1280 2341 1431 2361 ENDtAR
1443 2341 1520 2364 1vs,
1539 2342 1572 2366 a,
1595 2342 1650 2360 um.
1707 2333 1768 2359 Adi.
1826 2333 2016 2366 Plin.10‚13s.
2031 2345 2056 2367 17
2089 2337 2206 2373 Inauspi-

1160 2377 1214 2397 cata
1228 2370 1264 2397 est
1277 2376 1303 2397 et
1315 2370 1478 2397 incendiaria
1489 2369 1562 2401 auis,
1583 2374 1692 2403 propter
1713 2376 1792 2403 quam
1806 2368 1879 2403 saepe
1893 2379 2005 2397 numero
2019 2371 2150 2399 lustratam
2163 2383 2206 2400 vr-

1158 2407 1220 2433 bem
1233 2407 1263 2432 in
1283 2405 1430 2432 Annalibus
1451 2405 1620 2437 inuenimus,
1645 2403 1708 2430 licut
1729 2404 1758 2429 L.
1776 2404 1858 2430 Caffio
1878 2405 1908 2431 C.
1928 2407 2017 2432 Mario
2039 2413 2123 2434 coss.
2151 2418 2206 2444 quo

1159 2450 1229 2468 anno
1242 2446 1268 2467 et
1289 2440 1398 2467 bubone
1416 2440 1475 2467 viso
1491 2439 1597 2466 lustrata
1616 2439 1660 2466 est.
1713 2440 1788 2472 Quae
1808 2439 1838 2466 sit
1858 2441 1913 2466 auis
1929 2450 1973 2471 ea,
1998 2451 2044 2468 nec
2063 2444 2206 2477 reperitur,

1159 2486 1208 2504 nec
1219 2476 1341 2503 traditur.
1397 2475 1514 2509 Quidam
1536 2475 1573 2501 ita
1586 2476 1806 2509 interpretantur,
1830 2475 2019 2503 incendiariam
2042 2479 2106 2510 etse,
2127 2489 2205 2513 quae.

1159 2521 1264 2546 cunque
1277 2511 1429 2546 apparuerit
1442 2511 1584 2537 carbonem
1598 2511 1683 2537 ferens
1697 2519 1728 2536 ex
1743 2511 1795 2537 aris
1815 2511 1856 2537 vel
1876 2511 2010 2538 altaribus.
2062 2514 2118 2540 Alii
2137 2515 2205 2549 spin-

1160 2549 1291 2575 turnicem
1306 2556 1363 2574 eam
1377 2553 1488 2578 vocant,
1518 2546 1561 2572 sed
1580 2546 1644 2572 haec
1667 2546 1739 2580 ipsa,
1764 2554 1831 2580 quae
1849 2547 1911 2573 esset.
1928 2548 1998 2574 inter
2015 2557 2092 2581 aues,
2118 2551 2205 2584 quise

1577 2583 1649 2608 Mala
1664 2581 1781 2607 eiusmodi
1792 2582 1901 2617 auspicia
1907 2582 1932 2617 s.
1946 2583 2067 2618 prodigia
2076 2588 2162 2620 potius
2174 2586 2206 2612 ab

2133 2621 2204 2649 Add.

1875 2653 1947 2680 Tela
1961 2654 2123 2682 incendiaria
2143 2657 2205 2684 Am-

1159 2585 1226 2611 scire
1242 2583 1341 2610 diceret
1354 2592 1409 2610 non
1422 2582 1522 2609 inueni.

1158 2618 1323 2646 incendiaria
1336 2619 1397 2651 aui,
1415 2618 1534 2653 expiata,
1563 2616 1617 2643 old.
1633 2616 1700 2652 apud
1711 2617 1761 2643 Iul.
1775 2616 1871 2652 Obseq.
1894 2627 1914 2643 c.
1931 2627 1977 2644 100
1998 2626 2021 2644 et
2035 2628 2079 2645 ιιι.

1159 2660 1388 2682 AMBVSTAN
1402 2660 1469 2680 Dvs
1490 2660 1513 2678 et
1534 2658 1741 2679 SPINTVRN
1755 2659 1801 2679 lx.

1160 2690 1241 2716 mian.
1255 2698 1299 2722 20,
1314 2698 1353 2722 29.
1407 2689 1480 2724 Cons.
1497 2687 1632 2722 Lamprid.
1646 2687 1787 2714 Commod.
1801 2697 1821 2715 c.
1831 2690 1867 2715 16.

1195 2730 1517 2755 INCENDEFAclo,
1547 2725 1587 2749 vel
1614 2729 1739 2750 1NCEN
1752 2729 1938 2757 mencio,
1968 2725 2022 2752 ere.

1159 2760 1252 2788 Claud.
1267 2770 1289 2787 c.
1302 2766 1325 2791 8.
1371 2759 1430 2786 Vid-
1445 2758 1545 2795 Salmas.
1559 2759 1594 2786 H.
1609 2760 1639 2785 A.
1658 2768 1682 2793 p.
1697 2767 1751 2791 330.

1195 2804 1205 2824 1
1214 2803 1235 2823 N
1245 2803 1261 2824 c
1270 2803 1286 2823 E
1298 2803 1321 2822 N
1331 2802 1350 2822 D
1360 2798 1398 2823 16
1408 2802 1420 2821 s
1429 2803 1450 2822 v
1459 2801 1472 2821 s
1481 2815 1488 2826 ‚
1508 2803 1523 2821 a
1532 2814 1540 2827 ‚
1560 2804 1615 2820 um.
1651 2795 1711 2821 Adi.
1748 2794 1824 2829 Apul.
1837 2793 1869 2821 de
1882 2795 1965 2823 Herb.
1980 2805 2002 2822 c.
2011 2802 2039 2826 58
2068 2797 2144 2824 Folia
2159 2808 2206 2833 gu-

1158 2832 1197 2859 stu
1210 2831 1389 2859 remordentia
1403 2838 1428 2858 et
1450 2830 1611 2857 incendiosa.
1706 2830 1818 2865 Compar.
1871 2830 1989 2865 Fulgent.
2002 2832 2117 2865 Mythol.
2130 2843 2139 2860 1
2148 2854 2157 2866 ‚
2179 2843 2206 2869 ις

1159 2868 1227 2895 Solis
1241 2867 1333 2894 feruor
1346 2868 1425 2894 Iunio
1438 2867 1563 2901 Iulioque
1575 2865 1707 2892 mensibus
1720 2865 1906 2892 incendiosior.

1196 2911 1207 2930 1
1217 2910 1237 2929 N
1246 2910 1263 2930 c
1271 2910 1287 2930 Ε
1296 2910 1319 2929 Ν
1329 2910 1341 2930 s
1349 2911 1370 2929 v
1378 2911 1390 2930 S
1399 2924 1408 2937 ‚
1429 2912 1444 2929 a
1452 2923 1461 2935 ,
1479 2911 1536 2928 um.
1571 2901 1729 2936 [οἷτίμητος]
1766 2902 1827 2928 Adi.
1847 2911 1862 2927 α
1881 2902 1974 2928 Censu.
2024 2904 2134 2936 Incensi,
2151 2906 2205 2941 Qui

1158 2942 1186 2966 in
1204 2939 1275 2974 censu
1294 2937 1435 2974 peragendo
1456 2938 1550 2973 cenfiri
1571 2937 1699 2963 nolebant:
1735 2937 1780 2964 hoc
1805 2936 1838 2971 est
1845 2956 1854 2969 ,
1874 2940 1919 2972 qm*
1942 2947 1990 2964 non
2012 2939 2204 2973 profitebantur.

1159 2976 1221 3002 Erat
1233 2982 1314 3000 autem
1326 2973 1433 3004 mulfha,
1453 2980 1481 2999 vt
1493 2973 1607 3000 libertate
1616 2975 1788 3007 priuarentur.
1841 2973 1898 3000 Cic.
1911 2982 1959 3008 pro
1974 2973 2078 3000 Caecin.
2093 2984 2126 3007 99
2138 2985 2158 3001 c.
2172 2985 2204 3009 34

1159 3012 1251 3044 Quum
1263 3016 1352 3036 autem
1367 3009 1501 3036 incensum
1514 3007 1651 3040 vendidit,
1676 3007 1726 3034 hoc
1739 3008 1851 3034 iudicat:
1888 3018 1969 3043 quum
1984 3008 2020 3041 ii,
2045 3010 2091 3043 qui
2109 3011 2136 3036 in
2152 3012 2204 3038 ser.

1157 3047 1245 3072 vitute
1258 3046 1323 3072 iusta
1335 3045 1459 3077 fuerunt,
1478 3045 1555 3071 censu
1579 3044 1743 3076 liberentur,
1769 3053 1845 3077 eum,
1870 3045 1917 3077 qui
1935 3053 2017 3078 quum
2039 3044 2109 3071 liber
2127 3047 2204 3078 esset,

1160 3082 1259 3109 censeri
1271 3081 1397 3112 noluerit,
1414 3080 1499 3114 ipsum
1512 3079 1561 3106 sibi
1574 3079 1727 3106 libertatem
1739 3079 1903 3105 abiudicass'e.
1960 3079 2020 3105 Liu.
2029 3088 2048 3112 1,
2061 3089 2100 3113 44
2117 3080 2203 3108 Censu

1159 3117 1293 3153 perfecffo,
1319 3125 1398 3151 quem
1412 3121 1589 3143 maturauerat
1602 3120 1673 3142 metu
1687 3115 1751 3149 legis
1765 3115 1796 3140 de
1810 3114 1918 3141 incensis
1931 3113 2005 3140 latae.

1195 3160 1205 3180 1
1217 3158 1322 3180 NCEN
1334 3158 1535 3186 T10,1NCE
1547 3157 1569 3178 N
1582 3158 1723 3181 'rivvs‚
1743 3150 1796 3176 vid.
1818 3156 1970 3176 1N01N0.
2008 3150 2202 3184 EtGell.16‚1t.

1196 3195 1207 3214 Ι
1218 3194 1240 3214 Ν
1251 3194 1269 3215 c
1280 3195 1297 3215 E
1309 3195 1330 3214 Ν
1342 3194 1363 3214 Τ
1372 3196 1381 3214 ι
1391 3195 1410 3215 V
1419 3195 1440 3214 v
1450 3195 1475 3215 M
1483 3208 1492 3220 ,
1512 3194 1562 3223 pro
1581 3188 1683 3214 Stimulo
1692 3205 1698 3217 ,
1723 3185 1768 3221 stu
1786 3188 1932 3211 incitatione
1940 3204 1948 3216 ‚
1979 3185 2026 3211 huc
2038 3188 2140 3212 relatum
2159 3186 2202 3221 gli,

1158 3223 1224 3261 quod
1235 3223 1265 3251 ab
1278 3223 1447 3250 incendendis
1462 3226 1554 3250 animis
1564 3222 1734 3249 deriuaretur:
1764 3220 1811 3256 sed
1823 3219 1856 3254 est
1872 3220 1902 3247 ab
1916 3220 2076 3254 incinendo,
2099 3229 2129 3248 vt
2143 3229 2152 3249 1
2165 3229 2203 3249 Ν-

1160 3267 1202 3287 CE
1213 3265 1236 3285 N
1249 3265 1271 3286 'r
1283 3267 1330 3286 OR
1350 3266 1374 3286 et
1391 3261 1496 3295 reliqua.

1193 3302 1203 3321 1
1214 3302 1236 3322 N
1249 3301 1266 3322 C
1279 3303 1295 3322 E
1304 3303 1318 3322 P
1328 3303 1340 3322 s
1349 3315 1357 3327 ‚
1375 3301 1420 3330 pro
1433 3297 1563 3330 Deinceps.
1598 3293 1746 3327 Antiquam.
1782 3291 1880 3318 Festus.
1916 3291 2058 3318 *Adiee'tiue
2067 3293 2203 3328 vficrpatur

1157 3332 1187 3358 ab
1199 3331 1276 3366 Apul.
1291 3331 1390 3358 Florid.
1403 3339 1415 3362 3
1436 3340 1460 3365 p.
1476 3338 1516 3362 333
1549 3329 1589 3355 De
1601 3327 1708 3362 incipiti
1727 3327 1771 3353 die
1784 3327 1981 3361 perretS’turum,
2013 3330 2031 3354 i.
2052 3331 2203 3364 incipiente,

1157 3370 1310 3394 contrarium
1324 3367 1462 3402 praecipiti
1476 3365 1529 3392 die.

1195 3410 1205 3430 1
1216 3409 1238 3429 N
1251 3408 1292 3429 ΟΕ
1303 3409 1318 3428 ι’
1331 3410 1343 3429 s
1355 3410 1363 3428 1
1373 3409 1404 3429 T.
1440 3399 1581 3435 [ἄρξηται]
1617 3397 1765 3433 Inceperit,
1785 3398 1909 3432 antique,
1928 3401 2011 3433 inquit
2022 3398 2118 3425 Festus.

1195 3444 1453 3470 1NCEPTO,1N
1466 3441 1632 3467 ΟΕΡΤΟΚ,
1653 3440 1868 3465 ιΝεΕΡΤιο,
1905 3433 1957 3459 vid.
1979 3441 2019 3459 1N
2034 3440 2155 3462 CIPIO.

1193 3481 1203 3499 1
1213 3481 1235 3500 N
1247 3480 1263 3500 C
1277 3480 1294 3500 E
1304 3481 1323 3500 R
1332 3481 1353 3500 N
1362 3480 1381 3500 o
1390 3493 1399 3504 ,
1419 3472 1506 3503 creui,
1525 3474 1626 3497 eretum
1634 3489 1643 3502 ,
1658 3471 1712 3496 erc.
1749 3469 1835 3494 Cribro
1844 3469 1964 3504 sporgere
1977 3471 2087 3495 inlocum
2097 3472 2203 3506 aliquem

1158 3509 1224 3536 Cato
1237 3510 1268 3536 R.
1283 3510 1313 3536 R.
1335 3518 1356 3535 c.
1370 3513 1403 3541 48
1439 3507 1517 3534 Tum
1531 3506 1617 3533 semen
1636 3505 1716 3532 serito
1735 3503 1857 3530 crebrum
1870 3510 1994 3539 tanquam
2009 3505 2111 3538 linum,
2130 3512 2156 3533 et
2168 3516 2202 3534 eo

1157 3550 1257 3572 terram
1269 3544 1359 3571 cribro
1372 3543 1514 3570 incernito.
1585 3542 1691 3568 Vitruu.
1700 3548 1727 3574 7,
1742 3549 1751 3566 1
1777 3539 1859 3573 Super
1870 3539 2024 3566 fricaturam
2035 3561 2043 3573 ,
2062 3541 2203 3576 leuigatio-

1156 3581 1235 3607 nibus
1249 3587 1274 3607 et
1289 3579 1413 3615 polituris
1428 3587 1510 3613 quum
1523 3577 1606 3604 fuerit
1621 3576 1753 3612 perstem,
1778 3575 1929 3602 incernatur
1946 3585 2072 3604 marmor.
2127 3578 2201 3615 Cous.

1193 3659 1204 3678 1
1214 3659 1234 3678 N
1244 3657 1261 3678 c
1270 3659 1290 3678 R
1299 3653 1318 3678 1}
1327 3657 1349 3677 ‘r
1360 3657 1381 3677 v
1393 3656 1405 3676 s
1415 3669 1423 3682 ‚
1444 3658 1474 3682 a,
1492 3658 1547 3675 um.
1581 3647 1675 3674 Partic.
1713 3647 1771 3672 Non
1785 3652 1882 3679 cretus,
1894 3646 1919 3682 s.
1932 3646 2066 3674 cribratus.
2122 3649 2200 3682 Apul.

1158 3687 1223 3713 Met.
1237 3695 1254 3721 7
1270 3696 1294 3721 p.
1309 3695 1356 3720 194
1386 3685 1514 3712 Furfures
1526 3682 1690 3719 apponebant
1703 3681 1817 3708 incretos
1831 3690 1860 3708 ac
1880 3681 2001 3709 sordidos
2014 3683 2153 3718 multoque
2165 3683 2201 3709 la-

1159 3722 1220 3756 pide
1234 3722 1390 3749 salebrosos.

1196 3764 1205 3782 1
1216 3765 1237 3784 N
1247 3764 1264 3784 C
1276 3765 1292 3784 E
1302 3764 1321 3783 R
1331 3765 1353 3783 N
1363 3764 1371 3782 1
1382 3763 1399 3783 C
1409 3755 1456 3783 V'L
1468 3762 1488 3782 v
1501 3762 1526 3782 M
1534 3774 1543 3788 ,
1562 3754 1581 3780 i.
1601 3762 1627 3779 n.
1663 3751 1832 3787 [κου-Μήδιον]
1868 3753 1993 3785 Cribrum,
2002 3752 2200 3785 lustramentum,

1565 3789 1632 3815 Plin.
1647 3793 1669 3819 8,
1684 3798 1722 3822 44
1734 3795 1798 3815 exer.
1833 3789 1973 3816 Decretum
1986 3789 2080 3818 fecere,
2093 3796 2146 3821 quo
2160 3796 2200 3814 ca-

1158 3834 1277 3859 veretur,
1291 3837 1324 3854 ne
1331 3826 1500 3854 frumentarii
1509 3825 1687 3858 negotiatores
1700 3823 1733 3850 ab
1745 3825 1914 3851 incerniculis
1930 3833 1989 3851 eum
2004 3829 2128 3851 arcerent.

1197 3869 1237 3889 IN
1247 3868 1264 3889 C
1277 3864 1321 3889 {R
1330 3869 1364 3895 0,
1383 3867 1435 3889 are.
1473 3860 1587 3896 [κηρόω]
1623 3859 1729 3897 Aliquid
1739 3869 1795 3887 cera
1808 3860 1923 3887 oblinere.
1977 3857 2094 3884 quenal.
2110 3866 2137 3883 ιο
2147 3876 2155 3888 ,
2170 3863 2200 3888 ςς

1159 3898 1250 3924 Genua
1263 3898 1380 3925 incerare
1393 3898 1511 3924 deorum.
1567 3895 1641 3930 Qcod
1651 3898 1764 3923 imitatus
1778 3896 1900 3922 Prudent.
1914 3892 2008 3927 Apoth.
2022 3900 2074 3925 457
2096 3892 2199 3926 ,Genua

1160 3933 1277 3960 incerare
1289 3934 1396 3961 Dianae.
1451 3931 1599 3967 Ramirgsius
1611 3931 1645 3957 ad
1656 3931 1771 3958 Martial.
1786 3940 1811 3962 ι,
1826 3939 1856 3963 93
1886 3928 2004 3963 intelligit
2019 3927 2047 3952 dc
2054 3927 2171 3962 sordibus
2184 3935 2200 3951 a

2078 2726 2203 2756 Trebell.

651 3614 746 3640 Gloria
765 3621 854 3639 omnes
868 3612 1045 3638 incenduntur
1063 3611 1095 3637 ad
1106 3617 1140 3643 95
1158 3616 1289 3642 ColumeL
1305 3623 1326 3648 ς,
1343 3618 1366 3642 6,

1004 3968 1242 4005 Incen-1o5fiadore
1250 3969 1400 4005 frequenter
1418 3976 1498 4004 genua
1511 3966 1715 4003 prehendendum
1732 3970 1800 3994 inter
1807 3962 1995 4002 supplicandum
2007 3961 2201 3997 adhaerescenti-

2142 3996 2200 4023 bus:

1355 4004 1464 4031 61²2
