2479 4225
4 185 188 274 ιξιιιςΔ
408 214 677 257 GRV
1496 211 1779 255 GVR
2083 230 2162 277 846

10 320 15 335 ,ι
39 304 152 339 finitur,
172 306 306 338 reuoluat,
332 310 360 333 vt
375 305 429 341 ipsc
449 314 555 340 quoque
568 306 696 339 quiescat:
730 304 757 331 in
776 303 833 331 eius
851 303 937 330 locum
957 301 1067 328 succedit
1130 301 1205 328 detur
1217 301 1326 329 humani
1337 301 1438 329 consilii
1452 307 1580 329 tantarum
1593 310 1683 332 reruni
1696 304 1852 339 gubernatio
1865 309 1912 334 else
1926 314 2032 344 potuisse
2053 314 2124 342 Idem
2133 316 2163 343 in

2 343 15 363 'a
40 352 70 371 ex
81 343 115 370 iis
128 350 193 376 quae
205 342 379 376 adquierunt,
399 350 480 376 caque
493 340 640 367 vicissitudo
659 341 687 367 in
705 340 780 366 omni
800 339 873 365 cursu
891 337 1066 363 conseruatur.
1132 338 1209 363 Catil.
1221 347 1242 370 3,
1256 344 1277 368 8.
1371 339 1490 372 Magnam
1504 340 1720 372 gubernationem
1733 341 1773 367 tui
1786 342 1903 374 confini,
1924 351 2034 381 tuaeque
2047 352 2166 378 auetori-

7 391 9 406 ε
41 380 108 407 Hinc
121 376 259 403 Palamedis
268 380 327 403 aues
335 376 425 403 aiche.
466 376 524 402 md.
539 384 554 402 Ρ
564 384 585 402 Α
595 383 611 401 L
621 384 641 402 A
650 381 699 402 ΜΕ
708 381 750 401 ΒΕ
761 381 782 400 S.
853 373 960 399 clamor
973 381 1067 406 gruum
1132 375 1190 398 tatis
1203 383 1242 400 res
1256 372 1409 399 deiiderabit
1437 373 1474 398 ld.
1490 374 1560 400 Brut.
1571 384 1609 408 14.
1661 375 1728 402 Add.
1740 376 1779 403 Id.
1795 377 1826 402 de
1840 378 1941 405 Inueni.
1957 390 1968 405 2
1983 391 2002 407 c.
2015 391 2055 416 54,

40 415 142 442 Lucret.
154 420 182 444 4,
197 417 244 442 182.
299 412 416 439 Hiberna
429 410 570 446 Rhodopes
583 420 644 445 grus
664 411 724 437 Stat.
734 410 796 436 Silu.
808 417 837 442 4,
852 410 878 440 6,
891 416 916 440 9.
968 408 1067 434 Thrci-
1168 415 1188 434 G
1201 415 1218 433 v
1232 415 1248 435 Β
1258 415 1274 435 Ε
1284 416 1302 435 R
1312 416 1330 448 {V
1342 416 1361 434 A
1372 414 1389 434 c
1400 408 1418 433 V
1431 416 1436 433 1
1455 414 1472 433 v
1481 415 1503 434 ιιι
1514 429 1522 441 ,
1549 411 1566 436 i.
1603 420 1627 439 ιι,
1670 411 1683 445 [
1690 411 1756 443 otas,
1775 410 1908 446 πηδάλιον]
1961 417 2062 444 Dicitur
2074 421 2162 449 cymam

2 445 3 450 ¹
34 450 80 476 'cia
113 446 189 475 Ouid.
205 448 236 473 de
251 448 313 473 Arte
325 449 383 474 Am.
396 457 424 480 3,
444 453 492 477 182.
584 447 719 472 Aduenam
738 445 832 479 laqueo
851 448 956 481 „captare
977 452 1067 477 gruem
1098 449 1110 474 ς
1132 447 1212 469 nauis.
1290 444 1345 470 Cic.
1361 443 1392 469 de
1405 444 1505 469 Inue-nt.
1520 453 1550 476 2,
1565 453 1608 478 ¹54
1639 447 1690 472 Hic
1704 447 1750 473 ille
1763 447 1902 482 naufragus
1914 449 1945 475 ad
1959 451 2164 484 gubernaculfflu

2 491 3 494 ¹
41 486 107 512 Hor.
119 483 197 517 Epod.
213 491 244 515 2,
260 492 296 515 35.
469 480 490 520 ff
512 491 525 508 a
562 483 645 513 Grus,
664 481 784 508 Machina
796 478 983 513 abJubleuanda
997 488 1069 505 onera
1131 479 1235 504 acceilit.
1330 479 1523 505 Gubernaclum
1532 486 1577 514 per
1586 481 1724 516 syncopen:
1762 490 1790 508 ut
1802 482 1996 511 Gubernaclum
2008 494 2164 524 ‘Ontorquet

41 517 204 546 accommoda.-
233 517 271 552 fic
279 516 348 545 alifia
356 538 363 550 ‚
382 517 447 554 quod
459 521 485 543 in
499 519 596 552 longum
604 519 758 552 prominent,
777 513 862 540 collum
874 517 945 550 gruis
959 514 1053 548 resin-at
1062 525 1069 539 :
1133 514 1222 553 uauim
1236 523 1288 549 quo
1302 514 1367 539 libet
1400 514 1503 539 Lucret.
1516 523 1550 546 4,
1564 523 1623 546 902.
1708 518 1851 544 Reuuisum
1889 519 1962 554 Virg.
1975 522 2038 547 Aen.
2053 526 2085 556 6,
2105 534 2163 557 349,v

40 556 127 581 Graece
140 554 231 588 γέρανος
242 553 350 580 dicitur:
379 553 670 588 cuiussaepefit'mentio
681 549 746 586 apud
758 549 922 576 Vitruuium.
982 549 1068 575 Labeo
1131 549 1244 575 Affidere
1256 548 1437 583 gubernaculis
1447 569 1454 580 ‚
1476 549 1528 574 vid.
1550 556 1690 577 ASS1DEO.
1759 553 1885 580 Sollemnis
1898 553 1930 587 est
1942 558 2097 592 metaphora,
2117 570 2165 595 qua

10 591 11 594 ’
40 589 68 616 in
82 588 98 614 1.
126 588 151 614 Si
166 590 253 615 seruus
265 595 323 616 tuus
343 590 374 615 D.
398 590 436 615 De
448 587 545 615 aetion.
560 594 621 614 emt.
639 592 665 613 et
682 585 780 612 vendit.
817 585 872 617 Qui
892 592 937 618 per
955 583 1070 620 κατάδρο-
1130 585 1164 610 acl
1177 586 1278 619 reipubl.
1292 585 1527 617 administrationem
1542 586 1660 620 refertur.
1731 588 1785 613 Cic.
1798 597 1847 622 pro
1859 589 1928 616 Sext.
1936 599 1966 616 20
1979 600 2025 626 c.9
2051 594 2167 622 Clauum

39 634 83 659 μον
94 623 179 658 yepoc‘va
198 623 367 654 descendere,
389 630 434 651 aut
449 624 476 650 in
490 624 605 650 cloacam
622 620 724 648 demitti
737 620 828 646 solitus
841 620 908 645 ess'et.
964 622 1004 647 Ita
1020 622 1069 646 Ha-
1085 624 1113 641 10
1132 621 1197 646 tanti
1211 620 1317 654 imperii
1331 627 1433 649 tenere,
1463 626 1487 645 ct
1510 620 1684 653 gubernacula
1705 621 1874 657 Reipublicae
1896 625 2016 654 traetare.
2088 630 2166 656 Acce-

10 668 14 676 ”
29 658 146 694 'handen
182 659 228 687 Sed
240 660 439 694 oliiJimpliciter
452 667 498 694 per
510 659 692 685 catadromum
705 654 868 681 descendere.
895 654 952 681 Vici.
967 661 1069 682 CATA=
1132 655 1193 681 dere
1205 654 1234 680 ad
1249 655 1421 689 gubernacula
1435 654 1557 688 Reipubl.
1582 655 1652 681 Idem
1667 657 1698 682 de
1705 657 1806 684 Inucnt.
1818 668 1838 690 2,
1853 668 1906 692 154.
1941 662 2084 691 Adcllbid.
2095 673 2104 690 1
2116 674 2165 697 c.3.

10 699 12 702 '
31 698 179 723 JDROMVS.
245 697 282 721 De
298 696 382 721 Grues
396 701 474 721 autem
492 695 509 720 s.
523 693 606 729 γεμένιε
622 691 666 727 vsu
684 694 712 717 in.
730 691 837 717 theatris
857 689 891 716 ad
910 689 1032 725 defi-enjus
1047 698 1070 716 et
1132 690 1170 717 Id.
1184 700 1231 724 pro
1246 692 1332 717 Domo
1346 691 1388 715 sua
1401 698 1435 723 24
1465 693 1554 723 Quini
1566 690 1685 717 Senatum
1701 700 1714 717 a
1728 693 1907 726 gubernaculis
1922 696 2066 732 dcicciffes,
2085 709 2168 735 popu-

6 727 10 732 '
29 735 141 764 φατρίαι,
157 739 181 756 υ.
193 738 217 764 g.
231 732 343 756 Aurorae
357 738 443 765 corpus
450 730 587 756 Memnonis
599 729 736 762 rapientis,
758 725 973 762 ripraesentamlos
987 726 1071 752 Pollux
1134 726 1187 751 lum
1202 735 1216 751 e
1230 726 1293 752 naui
1306 725 1479 757 exon-baises,
1510 726 1562 759 ipse
1584 725 1741 761 archipirata
1765 738 1822 755 cuni
1836 738 1896 764 rege
1908 733 2067 764 praedonum
2083 737 2168 770 impu-

15 754 68 799 ξφ,
82 774 128 796 13⁰·
182 767 220 791 De
233 766 306 792 Grue
319 766 336 791 s.
350 767 440 792 Coruo
453 763 609 791 demolitore
635 762 740 788 Viti-uu.
753 771 780 794 4,
797 769 833 794 19.
1132 761 1228 787 rillimo
1245 760 1392 795 pleniffiinis
1407 760 1472 787 velis
1486 762 1631 795 nauigarcs.
1701 763 1756 790 Cic.
1769 765 1839 790 Fam.
1854 768 1896 797 16,
1910 774 1941 800 27
1965 769 2020 801 Qui
2032 770 2079 796 nifi
2094 779 2109 797 a
2122 780 2168 806 gu-

74 806 94 826 G
105 806 199 832 RVO,
223 802 275 827 ere.
319 799 487 834 [κλαγγαίζω]
541 798 643 828 Festus,
663 798 766 824 Gruere
784 797 907 824 dicuntur
925 804 1017 832 grues,
1043 801 1072 824 vt
1091 803 1115 828 15
1132 796 1276 822 bernacnlis
1290 796 1451 828 recesserint,
1469 797 1613 823 maximum
1626 796 1659 822 ab
1674 799 1796 825 vniuerso
1811 800 1949 834 naufragio
1962 804 2107 836 periculum
2122 802 2178 835 ests

39 835 94 862 sues
108 835 242 869 grunnire.
280 836 359 863 Gloff.
372 837 431 862 Vet.
445 835 565 866 Gruunt,
583 831 723 869 γερανίζεσι.
1133 832 1268 866 Repellere
1282 840 1331 857 vna
1347 840 1426 866 paene
1438 840 1503 857 voce
1517 839 1648 858 oratorem
1661 841 1675 858 a
1692 833 1873 867 gubernaculis
1887 837 2024 865 ciuitatum
2048 841 2121 868 Idem
2133 842 2167 869 de

48 963 57 989 =¹
76 985 97 1006 G
105 984 124 1005 R
132 985 152 1005 Y
159 998 169 1012 ,
204 978 286 1013 [γρῦ]
320 979 370 1006 Res
381 976 497 1012 viliffima
507 983 550 1004 aut
563 976 653 1002 nullius
662 974 767 1011 prorsus
779 976 900 1001 momenti.
937 975 1004 1002 Hinc
1013 976 1070 1002 acla-
1083 980 1118 998 20
1131 978 1212 999 tatum
1227 972 1398 1006 regendarum
1413 973 1587 1006 gubernacula
1614 973 1688 999 Idem
1700 974 1732 1000 de
1745 976 1818 1002 Orat.
1828 984 1837 1002 1
1845 996 1854 1009 ‚
1866 985 1911 1010 214
1924 988 1945 1005 c.
1954 988 1998 1013 49,
2066 982 2169 1012 Guber,

9 851 57 1156 l

75 876 124 898 GR
134 878 153 898 v
163 878 177 897 Ρ
187 877 243 904 Es,
277 870 382 907 [γράπις
398 872 455 898 Vet.
468 869 565 903 Glosst]
601 875 650 905 pro
663 866 808 905 gryphibus.
1131 868 1206 929 ἕξει.
1223 869 1360 928 ‘’fimf-cn
1382 886 1388 892 .
1433 910 1443 916 -
1459 867 1552 893 Sedere
1571 868 1645 929 origii
1663 874 1784 928 tp'nipore
1801 871 1832 896 ad
1853 872 2027 904 gubernacula
2042 876 2166 911 Reipubl.

426 931 455 963 G
562 931 590 962 R
674 929 701 960 Y
1131 911 1286 972 ...[,ἐζῖζῖωιξῖ
1297 907 1610 971 ξ’..ιὲῖξξὲίιῖἱὶὲἶὶρῃιι.
1624 905 1812 966 ἕξέ..ιξ.,ῗὶ.“ἑῖ““
1828 909 2168 974 ι’ἕιὲἓῖἔὲἕᾞὶἷῖῗῗέἰζ

58 1016 106 1040 ium
124 1021 175 1040 tum
196 1017 298 1041 Graecis
316 1020 366 1039 tum
389 1014 490 1039 Latinis
506 1021 640 1038 commune:
674 1009 718 1037 δ’δὲ
734 1011 794 1046 γρῦ,
818 1010 862 1037 Ne
885 1018 932 1044 gry
955 1011 1069 1045 quidem.
1131 1009 1220 1035 nacula
1236 1009 1303 1034 Vitae
1327 1007 1392 1033 Ρίίῐῐ-
1406 1016 1445 1040 11,
1457 1016 1496 1042 37-

44 1049 103 1077 Vid.
119 1051 181 1076 Scal.
195 1053 222 1075 in
238 1047 344 1076 Coraca.
358 1054 381 1074 et
393 1048 459 1084 Lips.
475 1047 550 1084 Epist.
563 1049 611 1082 Q.
624 1057 650 1077 1,
668 1056 690 1073 2.
1167 1050 1187 1070 G
1197 1051 1216 1069 v
1226 1050 1241 1070 Β
1251 1050 1266 1069 Ε
1276 1050 1294 1068 R
1304 1049 1324 1065 'x'
1338 1049 1357 1067 V
1370 1050 1410 1074 M,
1432 1044 1450 1069 i.
1477 1052 1501 1069 ιι.
1558 1045 1607 1070 Pro
1621 1044 1796 1071 Gubernaculo.
1850 1045 1953 1074 Lucret.
1966 1057 1993 1081 2,
2006 1057 2046 1083 553
2082 1052 2169 1080 Disie-

75 1091 270 1116 GRYLLVS,
289 1084 307 1110 i.
328 1092 362 1109 m.
399 1083 540 1119 [γρύλλος]
588 1082 693 1109 Animal
709 1080 744 1106 est
759 1080 940 1114 magnitudine
954 1081 1069 1114 cicadae,
1132 1078 1202 1104 &are
1214 1079 1279 1105 solet
1299 1086 1421 1112 magnum
1440 1087 1511 1105 mare
1530 1079 1655 1110 transtra,
1674 1079 1800 1114 guberna.
1870 1082 1902 1106 Et
1915 1092 1949 1115 4,
1970 1092 2020 1116 44¹
2054 1086 2084 1113 Et
2097 1089 2170 1116 reeta

38 1128 150 1154 corpore
163 1120 295 1154 longiore,
316 1119 441 1152 pernicies
454 1126 586 1153 agrorum.
628 1117 684 1144 Vid.
698 1116 762 1142 Plin.
775 1123 825 1147 29,
839 1119 864 1143 6.
935 1118 971 1143 De
984 1118 1069 1151 gryllo
1132 1115 1241 1148 superne
1256 1113 1379 1148 guberna.
1448 1113 1533 1140 Lucil.
1553 1114 1603 1141 Sat.
1622 1122 1657 1140 20
1689 1115 1782 1142 Proras
1802 1114 1963 1151 despoliare,
1986 1125 2013 1146 et
2032 1119 2169 1151 detundite

39 1155 203 1188 Aristotelis,
222 1154 273 1181 vid.
287 1154 414 1187 Quinctil.
422 1163 447 1186 2,
457 1162 493 1188 ¹7·
550 1154 589 1179 De
600 1152 646 1188 vfic
659 1151 833 1188 gryllimedico
854 1152 1006 1178 Sammonic.
1016 1162 1068 1185 292.
1083 1155 1115 1182 25
1132 1149 1257 1184 guberna·
1294 1149 1401 1175 Nonius
1415 1154 1438 1181 8>
1453 1158 1492 1182 39·

39 1187 61 1227 fl
83 1198 98 1216 2
134 1192 195 1217 Item
218 1189 333 1216 picturae
346 1189 465 1216 ridiculae
479 1197 563 1225 genus.
633 1187 698 1213 Plin.
713 1194 755 1219 35,
773 1195 801 1213 10
834 1186 907 1213 Idem
922 1187 1009 1214 iocoso
1023 1197 1070 1214 no·
1169 1191 1243 1212 GVB
1253 1191 1268 1210 Ε
1278 1192 1324 1211 RN
1336 1187 1356 1210 Ᾱ
1366 1191 1389 1210 Μ
1400 1192 1416 1210 Ε
1426 1192 1446 1210 Ν
1457 1204 1465 1217 ,
1486 1185 1543 1211 inis.
1562 1193 1588 1211 ιι.
1625 1184 1744 1211 Ambros.
1758 1185 1836 1212 Inscr.
1847 1186 1925 1221 Epist.
1940 1195 1967 1222 7,
1981 1198 2028 1223 44.

39 1224 111 1251 mine
123 1225 245 1257 Gryllum
257 1224 365 1251 ridiculi
377 1224 481 1251 habitus
494 1222 587 1257 pinxit.
622 1222 698 1249 Vnde
710 1221 759 1248 hoc
768 1222 887 1256 picturae
898 1232 975 1257 genus
984 1223 1070 1255 Grylli
1168 1226 1190 1247 G
1198 1228 1218 1247 V
1227 1227 1243 1247 Β
1253 1227 1268 1246 E
1278 1227 1296 1246 R
1306 1227 1327 1246 N
1338 1227 1346 1245 1
1357 1226 1377 1245 V
1386 1227 1410 1246 M
1419 1239 1426 1251 ‚
1445 1221 1463 1246 i.
1483 1229 1508 1246 n.
1546 1221 1594 1247 Pro
1607 1221 1792 1247 Gubernatione.
1835 1222 1893 1248 Vid.
1908 1223 1976 1250 Geli.
1990 1227 2027 1257 16,
2040 1233 2066 1261 7.

16 1283 19 1288 ,
37 1265 174 1287 vocantur.
244 1262 286 1287 An
299 1260 357 1286 hinc
372 1259 405 1293 est
413 1279 423 1292 ‚
440 1258 505 1294 quod
515 1263 646 1286 commenta
657 1257 762 1294 abstirda
773 1264 797 1284 et
809 1259 911 1285 inutilia
922 1262 987 1285 vitae
994 1258 1070 1291 Gryl-
1168 1262 1217 1282 GV
1227 1262 1291 1283 BER
1300 1275 1307 1287 ,
1327 1255 1371 1281 ris·
1394 1264 1429 1281 m·
1457 1256 1478 1295 ·[
1485 1255 1644 1290 κυβερνήτης]
1681 1257 1729 1282 Pro
1745 1257 1917 1285 Gubernatori:
1954 1259 2032 1287 Gloff.
2046 1261 2094 1289 Gr.
2111 1262 2169 1291 Lat,

8 1307 9 1312 ¹
39 1294 78 1322 los
91 1302 181 1321 vocant
195 1296 329 1322 Germani?
699 1326 729 1362 st
832 1303 833 1307 ¹
1167 1298 1189 1319 G
1199 1297 1220 1317 V
1230 1297 1298 1318 BER
1307 1297 1328 1316 N
1340 1298 1350 1317 1
1362 1296 1381 1317 0
1390 1311 1399 1324 ‚
1418 1293 1486 1317 oms.
1511 1299 1547 1317 m.
1583 1292 1659 1317 Idem.
1699 1290 1755 1318 Ifid.
1771 1300 1806 1324 19,
1820 1301 1839 1318 1.

7 1330 17 1350 ‘³
48 1326 250 1362 .;r⁸GRYL1.0,
271 1331 311 1356 vel
330 1335 479 1356 murro
515 1332 567 1356 are.
608 1329 694 1357 Voxs.
730 1337 756 1356 re
773 1331 824 1355 itus
852 1339 865 1355 r
883 1329 919 1356 lli.
960 1330 990 1356 Et
1020 1338 1033 1356 r
1052 1329 1071 1356 l-
1085 1334 1116 1358 30

6 1371 12 1394 ξ
40 1372 42 1375 “
91 1365 184 1399 gryllat
197 1365 227 1391 A.
242 1364 401 1391 Philomelae
414 1374 439 1391 v.
452 1347 495 1391 62s
753 1334 772 1365 P
834 1338 882 1374 gy
1004 1338 1019 1364 g
1035 1339 1049 1362 y
1375 1353 1403 1384 G
1453 1353 1481 1382 V
1531 1353 1554 1383 L
1626 1361 1661 1384 et
1733 1353 1761 1384 G
1811 1354 1840 1384 V
1889 1355 1927 1386 M

0 1410 11 1431 ,2
51 1412 54 1418 ·
103 1407 209 1427 RYNA
220 1406 304 1432 nvs,
325 1408 354 1432 a,
373 1408 426 1425 um.
448 1399 522 1427 Adi.
558 1399 700 1435 [Γρένεισς]
735 1400 872 1431 Grynaeus
881 1400 977 1434 Apollo
994 1401 1070 1434 Virg.
1169 1404 1191 1425 G
1203 1405 1223 1425 v
1236 1404 1300 1431 LA,
1320 1406 1358 1425 ae.
1377 1398 1397 1425 f.
1433 1396 1568 1432 φάρυγξ,
1585 1397 1694 1432 λαιμὸς]
1747 1399 1812 1426 Pars
1817 1400 1933 1436 stiperior
1952 1402 2094 1440 oesophagi,
2121 1413 2171 1441 qua

6 1448 11 1455 .
84 1436 87 1438 ’
114 1444 141 1468 4,
154 1442 210 1468 345.
241 1460 243 1464 ,
285 1435 332 1461 Vbi
344 1434 464 1466 Seruius,
480 1435 637 1461 clazomene
650 1435 742 1461 ciuitas
755 1435 790 1460 est
803 1434 884 1461 Asiae.
920 1437 995 1463 quta
1007 1435 1072 1462 hanc
1133 1434 1201 1461 cibus
1222 1441 1293 1469 atque
1310 1440 1386 1469 potus
1405 1433 1544 1460 demoratur.
1603 1435 1727 1460 Interdum
1750 1438 1822 1460 etiam
1839 1444 1888 1471 pro
1916 1437 2035 1464 Faucibus
2053 1443 2170 1474 ponitur.

10 1489 15 1497 .
66 1500 68 1505 ‚
103 1470 130 1497 tis
141 1470 177 1497 est
184 1471 349 1502 Grynaeuiu,
369 1470 416 1496 vbi
428 1470 525 1504 Apollo
540 1470 646 1496 colitur.
705 1469 770 1496 Inde
783 1478 846 1504 ergo
859 1480 927 1497 nunc
936 1471 1072 1505 epitheton
1134 1469 1232 1495 Sallust.
1247 1469 1326 1496 Catil.
1344 1478 1364 1495 c.
1383 1477 1409 1501 55
1445 1469 1552 1503 Laqueo
1566 1469 1652 1503 gulam
1669 1470 1779 1503 fregere.
1849 1471 1929 1498 Plaut.
1949 1473 2030 1499 Merc.
2050 1483 2080 1507 3,
2092 1484 2126 1508 4,
2142 1482 2172 1507 23

10 1519 15 1523 ·
44 1505 124 1533 dedit:
159 1506 221 1532 licet
234 1511 260 1532 et
277 1507 307 1532 in
319 1505 386 1532 Delo
399 1505 526 1539 acceperit
541 1505 686 1531 oraculum.
758 1504 833 1531 Idem
846 1506 897 1532 Ecl.
910 1508 942 1538 6,
956 1514 991 1541 71.
1023 1507 1072 1534 His
1090 1508 1117 1533 35
1135 1504 1264 1531 Demisisti
1277 1504 1391 1540 gladium
1405 1505 1432 1531 in
1447 1505 1550 1539 gulam,
1570 1505 1622 1532 iam
1635 1505 1732 1530 cadam.
1804 1506 1859 1532 Cic.
1874 1509 1927 1533 Att.
1940 1515 1974 1540 13,
1987 1517 2013 1540 31
2043 1510 2068 1535 Ο
2082 1511 2171 1544 gulam

5 1538 11 1567 ἑ
38 1541 88 1569 tibi
101 1542 215 1573 Grynaei
227 1541 343 1567 nemoris
356 1540 459 1567 dicatur
472 1540 558 1573 origo.
1135 1540 1272 1572 insulsam,
1290 1539 1370 1575 pudet
1383 1549 1425 1566 me
1439 1540 1527 1574 patris.
1617 1541 1757 1575 Apponunt
1770 1541 1852 1567 oculis
1865 1542 1979 1576 plurima
2000 1552 2079 1578 pauca
2092 1547 2171 1579 gulae

58 1589 60 1595 ν
72 1583 146 1604 GRY
155 1584 170 1603 P
180 1583 192 1602 S
201 1597 209 1609 ‚
230 1576 296 1610 phis.
331 1576 455 1602 ueletiam
468 1581 517 1601 GR
528 1581 546 1600 Υ
558 1581 603 1601 1³11
612 1581 671 1606 vs,
690 1574 709 1601 i.
741 1584 777 1601 m.
814 1575 896 1610 [γριὶφ
903 1576 924 1610 ]·
970 1577 1075 1604 Animal
1134 1575 1249 1602 Martial.
1262 1585 1280 1607 4
1291 1595 1299 1607 ,
1318 1580 1357 1609 78.
1429 1575 1508 1601 Plaut.
1523 1575 1612 1601 Aulul.
1627 1584 1638 1600 2
1648 1595 1656 1607 ,
1668 1585 1686 1608 4
1697 1595 1705 1608 ,
1727 1584 1756 1607 23
1791 1577 1865 1609 Qiin
1878 1586 1958 1611 quum
1973 1579 1995 1604 it
2014 1579 2171 1614 dormitum,

30 1611 171 1649 fabulosum
200 1619 331 1646 pennatum
355 1617 378 1636 et
397 1609 550 1645 quadrupes,
582 1619 671 1645 magna
690 1619 719 1636 ex
735 1616 809 1645 parte
829 1613 877 1640 leo,
903 1612 952 1637 alis
968 1618 992 1637 et
1001 1612 1074 1647 facie
1135 1611 1226 1637 follem
1243 1610 1383 1644 obstringit
1397 1610 1432 1636 ob
1446 1612 1549 1644 gulam,
1574 1620 1606 1636 ne
1625 1611 1690 1644 quid
1706 1612 1809 1636 animae
1826 1612 2008 1638 forteaminat
2026 1613 2171 1642 donniens.

36 1649 128 1683 aquilis
133 1646 230 1680 simile,
252 1649 319 1682 equis
337 1645 487 1671 vehementer
500 1643 624 1680 infestum.
680 1644 758 1671 Iidem
778 1646 832 1671 Pici
853 1646 975 1672 veteribus
993 1649 1074 1682 appel·
1135 1646 1251 1678 Follem,
1280 1649 1298 1672 i.
1317 1653 1410 1676 vtrem,
1433 1656 1478 1681 quo
1497 1649 1635 1680 excipiatur
1642 1646 1752 1681 spiritus
1766 1655 1914 1678 commeans,
1939 1654 1963 1672 et
1980 1647 2037 1673 inde
2049 1649 2131 1675 redeat
2143 1653 2172 1675 in

36 1683 85 1710 lati
97 1683 169 1709 Non.
182 1690 204 1714 2,
217 1684 273 1715 641.
329 1680 410 1706 Plaut.
424 1680 483 1706 Aul.
497 1690 515 1715 4
524 1700 531 1712 ‚
545 1685 557 1710 8
568 1700 577 1712 ,
592 1688 610 1706 1.
682 1681 756 1714 Virg.
770 1681 820 1706 Ecl.
836 1686 858 1711 8,
874 1689 904 1715 27
930 1683 1073 1716 Iungentur
1082 1687 1119 1712 40
1128 1683 1263 1716 pulmones.
1315 1681 1431 1707 Ridicula
1443 1684 1522 1716 imago
1536 1684 1616 1706 auari.
1670 1679 1737 1706 Add.
1750 1681 1844 1715 reliqua
1856 1679 1931 1707 huius
1942 1682 1999 1713 Ioci,
2020 1691 2078 1717 quae
2085 1683 2173 1710 damus

14 1719 21 1733 '³
39 1718 92 1744 iam
105 1717 215 1751 gryphes
228 1716 311 1750 equis.
383 1715 449 1741 Plin.
463 1724 499 1747 10,
512 1724 548 1748 49
575 1716 681 1749 Pegasos
694 1716 793 1750 equino
807 1717 889 1750 capite
903 1717 1024 1744 volucres
1048 1723 1073 1744 et
1134 1719 1162 1741 in
1176 1722 1225 1742 Gv
1234 1722 1254 1740 T
1263 1721 1285 1741 'r
1294 1722 1315 1741 v
1324 1722 1343 1741 R
1364 1724 1389 1740 n.
1403 1723 1424 1740 2.
1495 1717 1544 1741 Pro
1564 1717 1674 1740 Luxuria
1693 1717 1719 1738 in
1738 1715 1808 1740 cibis.
1880 1715 1950 1741 Poffe
1962 1717 2173 1750 prouincialibus

38 1754 149 1787 gryphas
163 1752 262 1778 auritos
275 1751 422 1777 aduncitate
435 1751 530 1783 rostri,
547 1750 680 1777 fabulosos
695 1759 769 1777 reor:
798 1751 860 1777 illos
874 1751 901 1776 in
915 1752 1017 1782 Scythia
1025 1752 1072 1777 hos
1135 1751 1218 1783 copiis
1233 1749 1391 1782 profundam
1405 1749 1461 1774 eius
1473 1749 1573 1782 expleri
1585 1748 1671 1782 gulam
1701 1748 1770 1774 Suet.
1786 1749 1874 1775 Vitell.
1889 1758 1910 1775 c.
1923 1757 1948 1784 7.
2025 1753 2111 1780 Cocus
2125 1755 2173 1781 do..

15 1800 18 1805 ·
38 1788 67 1813 in
80 1787 227 1820 Aethiopia.
298 1786 370 1811 Idem
383 1794 451 1818 34‚4
464 1787 516 1811 1221
539 1787 642 1812 Aurum
654 1786 791 1811 inuenitur
802 1785 831 1811 in
844 1786 933 1811 nostro
948 1786 1023 1817 orbe,
1044 1791 1073 1811 vt
1135 1785 1203 1809 mini
1222 1784 1299 1809 debet
1322 1783 1419 1808 habere
1443 1783 1530 1816 gulam
1555 1783 1671 1809 Martifll-
1695 1791 1741 1815 ¹4⁵
1767 1791 1826 1809 220.
1862 1787 1881 1811 i.
1911 1786 2030 1813 iudicium
2047 1789 2077 1814 de
2097 1790 2171 1816 cibis.

37 1822 189 1848 omittamus
201 1820 320 1846 Indicum
334 1829 348 1845 a
361 1821 496 1851 formicis,
523 1825 569 1845 aut
589 1819 740 1852 Gryphibus
758 1819 826 1852 apud
841 1819 944 1849 Scythas
958 1826 1072 1845 erutum.
1135 1818 1258 1843 Crescens
1283 1819 1374 1843 quen.
1389 1818 1438 1843 Sat.
1454 1826 1491 1850 11,
1504 1826 1544 1850 39.
1614 1819 1758 1850 Innnensa,
1783 1819 1834 1844 vid.
1851 1826 1926 1846 IMM
1937 1827 1954 1846 E
1966 1829 2066 1849 Nsvs.
2119 1826 2172 1851 Ιιιι-

2 1864 5 1866 ’
37 1858 136 1884 Aelian.
148 1856 176 1881 de
189 1857 274 1881 Anim.
284 1865 308 1888 4,
321 1864 353 1887 27
375 1855 458 1887 Gryps
470 1855 511 1879 vel
522 1852 636 1886 gryphus
650 1852 683 1884 est
694 1855 789 1879 animal
801 1853 913 1879 Indicum
926 1853 1074 1888 quadrupes,
1086 1853 1119 1879 45
1136 1853 1233 1886 placata
1257 1852 1338 1878 Ouid.
1353 1853 1416 1878 Met.
1434 1858 1446 1882 8
1461 1873 1468 1884 ,
1488 1859 1544 1885 845.
1615 1853 1766 1887 Ingeniosa,
1802 1855 1917 1888 Ingenua
1926 1875 1934 1887 ,
1970 1857 2082 1891 insulsa,
2117 1860 2171 1887 vid.

20 1917 23 1927 ,
37 1898 67 1920 vt
80 1893 141 1923 Leo,
167 1887 334 1923 robuslffmis
353 1889 474 1924 unguibus
486 1889 579 1914 leonum
584 1886 716 1920 similibus.
771 1888 876 1923 Dorsum
887 1891 980 1923 pennis
991 1889 1075 1914 indui·
1135 1887 1177 1914 hh.
1192 1897 1233 1913 vu.
1305 1888 1397 1914 parens
1411 1889 1485 1921 gulae
1513 1889 1579 1914 Hor.
1595 1888 1675 1914 Serm.
1689 1896 1720 1917 2,
1733 1895 1765 1922 7,
1779 1896 1824 1915 ιιι.
1894 1891 2058 1925 Profundae,
2076 1894 2172 1921 intem-

3 1925 23 1971 j
37 1933 78 1959 ιμν
90 1928 190 1962 nigrim
226 1926 408 1965 aruer-forpors
421 1926 531 1965 corporis
545 1923 642 1964 rubeis,
661 1924 714 1965 alae
726 1923 851 1949 candidis.
869 1961 874 1965 ¹
902 1925 951 1950 Orc
964 1922 997 1956 ‘st
1005 1927 1075 1959 aqui.
1135 1923 1264 1957 pestiuae,
1286 1929 1311 1948 et
1331 1923 1451 1962 sordidae
1468 1923 1543 1957 gulae
1563 1922 1644 1963 honio
1675 1923 1779 1949 Sueton.
1795 1923 1823 1949 in
1843 1923 1954 1952 Vitellio
1980 1936 2001 1954 c.
2022 1936 2054 1960 13.
2113 1931 2172 1958 Vid.

18 1963 104 1994 ϋηο,
130 1962 206 1987 oculis
225 1962 320 1995 ignets,
347 1958 464 1993 nidosque
475 1967 502 1983 m
518 1958 639 1985 montibus
647 1957 728 1993 facit.
783 1956 872 1985 BaHrz
893 1961 982 1993 populi
1002 1959 1074 1985 Indis
1136 1963 1293 1989 Vlchs,
1313 1959 1429 1984 Viscera.
1518 1958 1648 1984 Subtilior
1674 1958 1805 1985 Columel.
1826 1964 1855 1992 8,
1877 1963 1905 1986 16
1911 1980 1920 1993 ‚
1942 1970 1969 1994 4.
2004 1970 2034 1989 vt
2052 1964 2121 1992 modo
2141 1975 2172 1993 ex

17 1997 20 2014 ἵ
37 1996 138 2034 finitimi
150 2005 188 2022 eos
202 1995 253 2021 illic
266 1997 324 2020 auri
341 1992 449 2026 custodes
463 1992 521 2026 este,
544 2002 675 2027 aurumque
697 1992 819 2026 effodere,
837 1993 956 2028 simulque
975 2003 1000 2019 eo
1020 1994 1073 2029 ipfh
1135 1992 1253 2019 Martiali
1264 1992 1403 2023 habuimus,
1423 1993 1539 2019 iudicium
1553 1992 1580 2018 de
1594 1994 1665 2019 cibis.

39 2032 107 2061 nidos
120 2030 256 2063 construere
270 2030 364 2056 dicunt.
420 2028 480 2055 Indi
494 2037 551 2055 vero
568 2031 624 2054 auri
635 2026 743 2060 custodes
760 2027 804 2062 esse
822 2035 929 2064 negant,
958 2027 989 2061 sir
996 2030 1074 2054 uidem
1091 2029 1123 2057 50
1170 2033 1220 2054 GV
1231 2034 1293 2060 LO,
1312 2028 1379 2054 onis.
1399 2037 1434 2054 m.
1470 2029 1548 2055 Homo
1561 2031 1631 2065 gulae
1646 2028 1750 2055 deditus.
1807 2029 1882 2063 Apul.
1897 2031 1973 2065 Apol.
1987 2041 2012 2067 p.
2021 2041 2066 2067 295
2089 2036 2171 2063 Gulo-

0 2071 1 2076 ’
41 2070 96 2097 auri
107 2069 203 2093 minime
216 2072 303 2101 egem,-
324 2064 380 2126 sd
395 2073 448 2090 cum
465 2063 500 2090 ad
519 2063 581 2090 illud
601 2063 760 2099 colligendum
781 2064 889 2090 homines
913 2073 974 2096 acce·
988 2070 1075 2096 crunt,
1135 2071 1180 2089 nes
1194 2064 1300 2095 omnes,
1318 2064 1363 2097 qui
1377 2064 1494 2097 impenso
1508 2067 1595 2097 pretio
1609 2072 1623 2089 a
1636 2064 1808 2097 piscatoribus
1824 2072 1979 2093 mercantur.
2051 2070 2172 2099 Macrob.

0 2120 7 2126 ..
43 2098 120 2138 baffi-de
129 2101 206 2137 pullis
213 2103 268 2136 fiiis
280 2101 323 2126 val
341 2110 351 2126 e
366 2102 476 2125 timentes
483 2106 531 2134 pro
544 2102 579 2125 eis
589 2106 710 2135 pugnare.
751 2099 854 2125 Certant
866 2101 938 2125 etiam
950 2108 1003 2125 cum
1015 2100 1075 2124 aliis
1135 2098 1236 2124 Saturn.
1256 2105 1286 2132 7,
1300 2107 1326 2124 12
1364 2099 1440 2124 Vnde
1459 2098 1494 2124 est
1510 2104 1537 2124 et
1554 2098 1620 2124 illud
1638 2098 1828 2133 prouerbium,
1852 2109 1906 2135 quo
1926 2108 2034 2130 Vtuntur
2052 2106 2171 2139 gulonesa

7 2131 16 2138 Ι
77 2141 93 2170 ᾖ
106 2137 190 2169 atibus,
207 2145 266 2171 quae
273 2135 398 2170 fizcillime
409 2137 520 2165 vincunt,
538 2141 564 2160 at
577 2143 664 2161 contra
678 2134 816 2170 elephantos
828 2141 852 2159 et
865 2135 943 2160 leones
947 2132 1018 2166 stare
1026 2143 1074 2159 non
1136 2133 1211 2168 Conf.
1225 2133 1290 2159 Fest.
1305 2136 1332 2158 in
1345 2133 1486 2167 Ingluuies.

49 2176 76 2201 aa
129 2192 135 2199 .
177 2171 234 2198 isid.
253 2170 389 2198 claudian.
402 2170 481 2197 Cons.
495 2171 599 2196 Honor.
614 2172 646 2201 6,
659 2178 698 2202 30.
769 2169 857 2195 Sidon.
869 2169 957 2195 earm.
971 2176 997 2201 2,
1014 2175 1073 2203 307,
1172 2173 1224 2193 GV
1237 2174 1252 2193 1.
1264 2170 1381 2199 ᾸΤΟΗ,
1402 2168 1466 2194 oriS.
1487 2177 1523 2194 m.
1561 2168 1635 2202 Idem.
1672 2170 1731 2195 Vet.
1746 2170 1824 2197 Glots.

44 2202 176 2245 ῃιιίςιιηιιι·
186 2207 311 2242 Apollinis
326 2206 440 2241 Giyphas
453 2208 536 2241 iungit
548 2208 621 2231 etiam
634 2206 721 2232 Carm.
735 2212 775 2236 22,
793 2206 827 2238 67
1090 2201 1119 2228 55
1170 2208 1216 2228 GV
1223 2203 1332 2235 Losvs,
1352 2212 1381 2235 a,
1403 2213 1456 2229 um·
1475 2203 1535 2230 Adi·
1556 2205 1569 2238 [
1577 2206 1910 2241 ναςριῖααργος,λαιῖααργυς]
1952 2208 2174 2242 Vorax‚vet-Gu1ao

0 2246 3 2269 ζ
69 2248 80 2277 '.
192 2242 310 2276 Gryphas
328 2247 354 2268 et
375 2240 433 2275 ipsa
446 2246 533 2273 tenet,
558 2240 646 2267 vultus
665 2239 705 2266 his
724 2239 811 2265 laurea
829 2245 923 2265 curuos
1134 2237 1260 2264 delicatae.
1331 2239 1422 2266 quen.
1437 2240 1487 2265 Sat.
1503 2248 1538 2270 11,
1560 2248 1588 2272 19
1621 2241 1652 2266 Et
1664 2240 1861 2274 quadringentis
1874 2243 1960 2270 numis
1978 2245 2086 2273 condire
2099 2248 2174 2281 gulo.

25 2265 27 2286 Ι
75 2286 89 2302 ,·
190 2278 296 2306 Fronde
314 2277 400 2311 lupata
420 2276 502 2310 ligant
526 2290 572 2296 —-
591 2275 682 2302 senfim
699 2275 756 2302 fera
775 2273 896 2301 subuolat
915 2273 967 2301 ales
1135 2274 1192 2299 sum
1222 2273 1327 2300 Fietile.
1398 2274 1512 2301 Martial.
1527 2280 1555 2307 8,
1577 2283 1603 2306 23
1634 2275 1750 2305 Ess'etibi
1764 2276 1859 2303 videor
1875 2278 1981 2311 saeuus,
2007 2281 2173 2318 nimiumque

68 2306 71 2314 ¹
168 2327 173 2331 -
190 2314 282 2339 A'e'rias
302 2318 440 2346 terraeque
457 2313 524 2342 iras,
544 2319 577 2337 ne
596 2311 667 2337 forte
686 2310 767 2336 citato
1135 2309 1248 2343 gulosus.
1320 2310 1433 2336 Martial.
1449 2319 1486 2342 10,
1500 2318 1529 2342 59
1568 2310 1631 2336 Non
1644 2319 1708 2344 opus
1723 2311 1758 2336 est
1771 2311 1848 2338 nobis
1862 2313 1976 2340 nimium
1988 2314 2086 2343 lectore
2099 2320 2174 2352 gulo-

85 2363 87 2365 >
190 2349 298 2374 Alarum
317 2347 424 2381 strepitu
445 2346 556 2381 lignosas
573 2346 676 2380 frangat
694 2345 815 2372 habenas.
1135 2345 1170 2370 so.
1207 2345 1231 2371 h.
1244 2354 1263 2371 e.
1291 2346 1389 2371 Multae
1401 2344 1515 2371 aaronis
1529 2346 1632 2380 curioso.
1705 2346 1782 2372 Nihil
1802 2346 1838 2373 est
1858 2348 1978 2375 miserius
1994 2360 2040 2377 nec
2059 2353 2174 2386 gulosius

0 2398 3 2417 ;
43 2383 278 2420 Qidquidscirbam
293 2383 320 2409 de
334 2382 464 2416 Gryphis,
487 2391 615 2417 congerere
627 2391 662 2407 me
681 2384 780 2406 memini
793 2384 820 2406 in
835 2389 931 2407 carmen
942 2379 987 2406 hoc
998 2381 1072 2406 titulo
1085 2376 1120 2401 60
1134 2379 1239 2406 Sanora
1271 2380 1387 2411 Martial.
1402 2388 1418 2414 7
1429 2400 1438 2412 ‚
1452 2389 1493 2406 20.
1582 2380 1745 2407 Abstinentia
1759 2382 1847 2415 gulosa
1885 2384 1996 2412 Hieron.
2012 2387 2089 2421 Epist.
2104 2397 2121 2423 7
2140 2389 2172 2416 ad

3 2432 5 2438 ,
36 2421 167 2457 [Μ-ΡΜΜ,
187 2426 210 2445 Η
221 2429 274 2445 cum
287 2418 487 2444 „momumffbm
499 2419 602 2443 relatum
615 2419 642 2442 in
656 2415 785 2450 Chrestom,
799 2417 866 2443 Plin.
882 2425 908 2442 n.
920 2422 972 2447 108.
1013 2415 1072 2444 Vid.
1134 2416 1249 2442 Laetam.
1285 2425 1344 2450 quae
1356 2425 1371 2440 a
1384 2415 1526 2450 quibusdam
1540 2414 1658 2448 abstinet,
1680 2424 1707 2442 ut
1721 2417 1837 2449 dtfiderio
1848 2420 1913 2444 velut
1927 2421 2034 2449 condiat.

1 2465 11 2482 i.
42 2456 110 2484 Mela
123 2464 149 2488 2,
163 2463 173 2481 1
181 2461 225 2491 pr.
262 2453 345 2480 Solin.
359 2462 379 2479 c.
389 2461 419 2479 20
426 2451 531 2488 subfin.
1170 2457 1190 2477 G
1200 2458 1221 2477 v
1230 2457 1245 2476 L
1257 2452 1276 2477 ὁ
1286 2457 1298 2476 s
1307 2458 1331 2477 E.
1370 2450 1437 2477 Adu.
1473 2451 1679 2486 [λαιμαργικῶς]
1735 2453 1864 2479 Columel.
1881 2463 1889 2480 1
1904 2456 2013 2487 praefat.
2046 2458 2171 2485 Contem-

26 2493 27 2498 ¹
62 2507 63 2510 ,
556 2509 558 2512 ,
1132 2486 1288 2513 tiffimorum
1308 2487 1438 2512 vitiorum
1458 2485 1574 2512 officinas
1594 2486 1707 2520 gulolius
1728 2487 1869 2514 condiendi
1889 2489 1962 2516 cibos
2005 2497 2030 2517 et
2052 2494 2172 2521 luxurio-

0 2527 13 2559 r·
419 2515 448 2546 G
544 2514 573 2545 V
668 2514 690 2545 B
1134 2522 1183 2548 sius
1197 2522 1294 2548 fercula
1306 2521 1431 2548 struendi.
1503 2522 1615 2547 Martial.
1630 2530 1642 2553 3
1652 2542 1660 2553 ‚
1676 2531 1708 2548 22
1741 2523 1789 2549 Nil
1803 2523 1855 2554 est,
1878 2524 1954 2558 Apici
1963 2511 1978 2558 ,³
1991 2527 2042 2553 tibi
2056 2529 2172 2562 gulosius

0 2555 27 2592 fi*
77 2570 98 2590 G
108 2569 128 2589 v
139 2567 266 2590 BERNO
276 2581 284 2594 ‚
299 2564 352 2588 gre,
389 2558 510 2594 [moins'ffi
528 2559 666 2595 nvG'rpm'w]
707 2556 906 2592 Administrare,
921 2565 1072 2595 procurare,
1086 2557 1117 2588 63
1134 2558 1241 2584 sachun.
1311 2556 1473 2583 Guloliffime
1487 2556 1570 2582 nutrit
1593 2556 1710 2583 Tertull.
1724 2557 1755 2583 de
1768 2558 1824 2584 Res.
1840 2559 1917 2585 Carn.
1932 2569 1952 2585 c.
1962 2570 1978 2586 1.
2147 2558 2149 2561 ’

0 2620 2 2623 .
39 2608 137 2636 regere,
156 2607 254 2634 gerere,
271 2597 401 2623 modwarj.
471 2596 526 2622 Cic·
540 2597 611 2622 pam·
626 2605 657 2627 2,
671 2603 688 2629 7
712 2596 810 2629 Teque
823 2594 924 2625 hortor,
938 2602 966 2621 vt
982 2595 1073 2621 omnia
1170 2598 1191 2618 G
1201 2600 1221 2619 V
1234 2599 1258 2618 M
1270 2599 1353 2624 ιΑΕ,
1372 2601 1455 2619 arum.
1475 2600 1510 2617 ιιι.
1546 2591 1706 2623 Communes,
1725 2594 1843 2619 lurcones.
1890 2595 1974 2621 Lucil.
1990 2596 2057 2632 apud
2068 2598 2122 2626 Cic.
2137 2600 2170 2627 de

0 2634 27 2662 nl
41 2637 169 2670 gubernes
183 2639 207 2659 et
222 2633 359 2659 moderere
373 2631 511 2671 prudentia
523 2637 575 2658 tua.
645 2630 684 2657 ld.
697 2631 729 2670 de
743 2631 779 2656 N.
794 2631 825 2656 D.
842 2639 862 2662 1,
877 2638 904 2662 52
931 2631 957 2669 Si
972 2639 1035 2656 vero
1045 2630 1073 2655 in
1134 2628 1192 2654 Fin.
1203 2635 1277 2665 2‚-2·4
1290 2632 1332 2656 c.8
1350 2627 1433 2653 Edere
1447 2626 1604 2661 compellans
1616 2627 1715 2666 gumias
1729 2636 1760 2654 ex
1771 2628 1865 2670 ordine
1878 2630 1988 2657 nostros
2023 2633 2171 2671 Aliilegunt

0 2666 28 2730 'ii
40 2671 97 2705 ipso
111 2668 210 2696 mundo
223 2668 285 2694 deus
300 2667 364 2694 inest
378 2667 484 2701 aliquis,
502 2668 549 2701 qui
568 2672 654 2706 regat,
681 2673 728 2700 qui
748 2665 889 2699 gubernet,
910 2674 958 2704 qm.
971 2666 1073 2696 cursus,
1134 2671 1163 2688 ex
1178 2661 1282 2688 Lucilio
1296 2662 1362 2696 apud
1375 2662 1446 2688 Non.
1466 2671 1497 2694 2,
1511 2669 1560 2696 377
1591 2662 1708 2689 Gemiae.
1751 2663 1808 2690 Vzd.
1828 2666 1907 2699 supra
1926 2671 1947 2691 G
1957 2673 2007 2693 EM
2017 2674 2026 2693 1
2038 2675 2101 2700 AE3
2136 2672 2170 2698 al,

41 2712 85 2733 etc.
107 2706 250 2731 conseruet.
322 2702 411 2729 Velim
425 2708 512 2728 totum
525 2701 575 2728 hoc
589 2707 625 2727 ita
636 2701 764 2735 gubernes
773 2719 781 2731 ‚
806 2706 834 2725 vt
847 2708 879 2725 ne
893 2701 1003 2725 minima
1016 2699 1073 2733 qui·
1134 2697 1258 2723 Gluuias:
1293 2697 1345 2722 vid.
1362 2697 1426 2737 fest.
1437 2700 1468 2738 *in
1482 2697 1624 2737 ingluuies.
1694 2699 1802 2738 Gumias
1812 2700 1902 2733 probat
1919 2704 1992 2728 etiam
2011 2705 2127 2738 Dauistus
2142 2710 2171 2732 in

11 2734 28 2761 ²³
42 2741 101 2768 dem
115 2749 143 2766 re
154 2740 207 2766 vlla
221 2738 295 2765 Bruti
311 2737 478 2764 commodum
492 2736 665 2772 impediamus
684 2735 722 2762 Id.
731 2735 784 2760 Att.
801 2743 835 2767 13,
847 2742 884 2767 25.
955 2735 1002 2760 Sed
1010 2734 1072 2760 haec
1081 2732 1117 2759 70
1133 2734 1226 2772 I⁰C²⁴m2
1291 2732 1490 2772 Testimonium
1506 2742 1536 2758 ex
1551 2732 1643 2758 libello
1657 2732 1709 2767 legi
1721 2733 1816 2772 audisti
1830 2736 1933 2769 gumiae
1946 2738 2078 2765 cuiusdam
2086 2746 2111 2767 et
2126 2742 2170 2769 de-

27 2776 29 2798 l
43 2776 103 2803 deus
115 2775 212 2810 aliquis
225 2773 382 2808 gubernabit
415 2773 454 2798 Id.
468 2772 534 2798 ibid.
550 2774 582 2804 6,
596 2780 618 2804 3.
724 2770 808 2804 Virga
827 2770 953 2803 gubernet
970 2771 1072 2805 Equum
1134 2768 1229 2801 sperati
1241 2766 1356 2794 lurconis
1381 2769 1457 2802 Apul.
1473 2768 1549 2801 Apol.
1564 2777 1588 2801 p.
1601 2772 1692 2800 311,'13
1712 2770 1766 2802 Jine
1780 2774 1909 2797 varietate.
1970 2773 2028 2800 Vid.
2042 2775 2089 2810 los.
2107 2777 2170 2804 Scal,

0 2822 1 2825 ¹
42 2811 155 2844 Martial.
170 2819 196 2843 9,
212 2819 247 2842 23.
318 2808 470 2835 Gubernare
482 2808 597 2842 aliquem
610 2805 724 2833 consiliis
750 2806 805 2832 Cic.
821 2806 892 2831 Brut.
908 2814 944 2833 10.
1009 2806 1072 2831 For·
1134 2804 1201 2829 Coni.
1216 2807 1242 2828 in
1255 2803 1329 2829 Varr.
1346 2803 1378 2829 de
1392 2804 1421 2830 L.
1431 2804 1459 2829 L.
1472 2806 1489 2830 6
1502 2812 1526 2838 p.
1537 2811 1584 2836 151.
1655 2805 1730 2839 9⁰¹!ss
1742 2806 1795 2831 Rei.
1809 2806 1888 2832 Lucil.
1896 2813 1925 2842 p.
1934 2813 1972 2837 82.
2043 2810 2171 2840 Lauremb.

3 2864 8 2871 ι
44 2852 118 2874 tunae
129 2855 194 2878 nos,
222 2850 348 2880 quantum
366 2844 481 2870 humano
502 2842 610 2870 confilio
628 2840 695 2868 effici
715 2841 827 2875 poterit,
853 2846 955 2866 motum
969 2841 1072 2867 ratione
1134 2839 1239 2874 Antiqui.
1250 2844 1277 2873 p.
1291 2845 1343 2873 193.

14 2889 20 2905 :
45 2882 152 2917 quadam
165 2880 369 2915 gubernabimus
397 2879 434 2905 Id.
449 2880 502 2905 Att.
516 2884 545 2911 8,
562 2887 589 2911 4.
678 2878 802 2911 Pompon.
817 2877 844 2902 in
864 2885 902 2911 pr.
920 2876 937 2902 l.
953 2884 968 2902 2
994 2877 1026 2903 D.
1040 2877 1072 2902 de
1171 2879 1190 2900 G
1202 2880 1289 2900 VMM
1299 2882 1317 2900 1.
1338 2883 1363 2900 n.
1389 2874 1477 2901 indecl.
1513 2881 1537 2901 et
1558 2880 1579 2900 G
1589 2880 1675 2900 VMM
1685 2881 1693 2900 1
1705 2882 1733 2905 S,
1760 2875 1778 2901 f.
1813 2875 1827 2909 [
1834 2876 1935 2913 κόμμι]
1975 2879 2091 2907 Lacrima
2102 2883 2172 2910 arbo·

0 2886 21 2954 G*
45 2918 110 2952 orig.
124 2918 206 2950 iuris,
225 2916 307 2942 Initio
321 2915 435 2942 ciuitatis
449 2914 566 2944 nostrae,
584 2913 695 2948 populus
707 2912 759 2938 fine
772 2918 842 2938 certa
856 2912 925 2945 lege,
949 2911 1001 2939 sine
1015 2912 1073 2938 iure
1090 2909 1123 2936 75
1133 2918 1186 2936 rum
1199 2909 1363 2945 quarundam,
1388 2919 1449 2945 quae
1468 2911 1545 2935 veluti
1562 2917 1635 2949 gutta
1656 2910 1771 2944 quaedam
1790 2912 1884 2948 viscosa
1899 2921 1946 2949 per
1963 2916 2040 2950 ipsum
2055 2921 2172 2945 corticem

2 2955 16 2976 lt
45 2959 114 2980 certo
128 2953 243 2988 primum
256 2960 332 2982 agere
354 2950 482 2982 instituit,
507 2949 650 2984 omniaque
667 2957 745 2974 manu
763 2948 832 2982 regis
851 2947 1072 2981 gubernabantur.
1134 2944 1297 2978 diffunditur.
1369 2945 1490 2972 Gummis
1517 2946 1635 2984 Scribon.
1651 2954 1688 2971 21.
1745 2946 1808 2972 Plin.
1825 2956 1858 2980 13,
1871 2957 1893 2974 ιι
1916 2950 2023 2976 Gummi
2038 2953 2170 2986 optimum

0 2982 13 3005 ,2
45 2988 231 3016 Patrimonium
245 2983 320 3013 su‘um
359 2986 414 3013 Cic.
431 2986 484 3012 Ate.
504 2994 531 3011 10
542 3005 550 3017 ‚
572 2990 594 3014 8.
665 2983 738 3010 Idem
761 2991 809 3018 pro
833 2983 906 3009 Rosc.
927 2984 1015 3009 Amer.
1036 2991 1072 3015 ¹31
1135 2981 1182 3007 effe
1196 2988 1226 3006 ex
1241 2980 1367 3014 Aegyptia
1378 2980 1450 3014 spina
1463 2986 1600 3012 conuenit,
1620 2981 1835 3014 vermiculatum,
1854 2984 1944 3010 colore
1956 2985 2055 3019 glauco,
2063 2996 2170 3020 purum,

51 3019 217 3053 Qumsolus
236 3021 436 3057 Rempublicarn
455 3029 572 3055 gereret,
598 3019 744 3054 orbemque
757 3025 887 3045 terrarum
906 3017 1072 3052 gubernaret.
1134 3016 1186 3043 fine
1200 3016 1314 3047 cortice,
1339 3016 1459 3042 dentibus
1473 3015 1625 3042 adhaerens.
1696 3017 1826 3043 Columel.
1841 3027 1881 3050 12,
1895 3027 1926 3052 50
1962 3021 2040 3047 Noua
2055 3022 2125 3049 dolia
2139 3024 2171 3050 li.

0 3074 2 3080 .
52 3055 90 3083 ld.
102 3063 148 3089 pro
155 3059 248 3085 Milon.
262 3065 289 3090 25
318 3056 428 3084 Clodius
443 3056 557 3082 contulit
575 3056 600 3081 se
613 3055 645 3081 ad
665 3055 720 3081 eius
733 3054 933 3088 competitores,
956 3054 999 3081 sed
1021 3054 1073 3085 ita,
1135 3051 1216 3086 quida
1231 3052 1331 3084 gummi
1345 3051 1473 3085 perluere.
1543 3051 1611 3077 Ibid.
1625 3051 1643 3078 s.
1659 3059 1687 3086 17
1718 3053 1798 3078 Multi
1818 3062 1900 3087 quum
1919 3055 1997 3081 semel
2015 3065 2084 3083 noua
2098 3057 2170 3085 dolia

0 3099 3 3116 ¹
53 3095 131 3117 totam
144 3094 331 3127 vtpetitionem
350 3093 402 3127 ipse
424 3092 491 3118 solus
509 3091 588 3118 etiam
608 3090 701 3117 inuitis
714 3090 767 3116 illis
781 3089 945 3124 gubernaret.
1016 3090 1073 3116 Cic.
1089 3084 1121 3110 80
1135 3087 1177 3113 vel
1191 3088 1269 3112 serias
1281 3087 1357 3113 crassa
1370 3086 1471 3120 gummi
1485 3086 1600 3126 liuerunt
1611 3106 1620 3119 ,
1647 3096 1696 3126 vna
1711 3088 1738 3113 in
1751 3095 1905 3121 perpetuum
1921 3090 2096 3124 gummitione
2108 3102 2170 3120 con.

1 3146 3 3151 ,
50 3132 98 3160 pro
110 3125 171 3152 Suu.
179 3133 206 3158 518
236 3129 386 3156 Tormenta
408 3128 534 3163 gubernat
550 3126 642 3158 dolor,
667 3125 817 3153 moderatur
829 3131 921 3152 natura
938 3125 1073 3160 cuiusque.
1135 3123 1202 3149 tenti
1215 3123 1279 3148 sunt.
1350 3123 1390 3149 Sic
1404 3131 1495 3158 quoque
1508 3122 1573 3148 le.
1587 3122 1874 3158 Gum1n1sferefi·mper
1886 3127 1912 3149 in
1918 3125 2045 3160 feminino
2057 3128 2170 3164 usurpat,

0 3179 3 3183 v
51 3161 140 3187 Vitam
153 3161 289 3197 gubernare
303 3165 403 3191 ratione
425 3168 528 3190 Lucret.
543 3170 572 3195 ς,
588 3164 649 3188 1116.
769 3175 772 3178 ⁴
1135 3158 1188 3185 vid.
1223 3158 1327 3184 Gronau.
1353 3158 1386 3184 ad
1411 3167 1456 3190 22,
1487 3166 1523 3188 23·
1614 3164 1632 3184 c
1648 3164 1668 3183 v
1685 3164 1709 3183 M
1723 3164 1749 3183 M
1766 3164 1776 3183 1
1789 3165 1802 3184 S
1824 3157 1949 3194 scribitur
1978 3161 2045 3195 apud
2075 3163 2169 3191 Caton,

0 3220 3 3223 ,
87 3202 136 3222 GV
146 3201 295 3225 BERNAN
305 3207 335 3233 s,
359 3199 435 3226 antis.
470 3198 564 3226 Partic.
601 3197 613 3231 [
627 3195 711 3224 διοικῶν
725 3198 739 3232 ]
792 3196 908 3223 Fortuna
927 3195 1073 3230 gubernans
1137 3195 1167 3220 R.
1178 3195 1209 3220 R.
1223 3202 1243 3219 c.
1258 3195 1300 3225 69.
1417 3227 1422 3233 .

0 3254 3 3259 .
51 3231 155 3257 Luci-et.
171 3238 199 3262 ς,
217 3239 268 3263 108.
801 3245 804 3247 >
1172 3234 1191 3254 G
1203 3236 1222 3253 V
1234 3235 1257 3254 M
1266 3235 1289 3254 M
1300 3235 1323 3254 A
1343 3227 1435 3254 definit
1449 3228 1555 3255 effluere
1594 3227 1688 3255 Pallad.
1702 3227 1760 3255 oet.
1777 3236 1819 3260 12,
1837 3229 1863 3256 6.
1917 3229 1964 3258 Sed
1975 3232 2009 3258 al.
2022 3232 2169 3269 Gummen,

0 3281 3 3293 ι
15 3269 17 3274 ’
90 3271 110 3291 G
119 3271 139 3290 V
149 3271 212 3301 BER
222 3273 244 3291 N
254 3274 276 3294 A
285 3274 306 3294 ἰ’
315 3275 371 3304 VS,
393 3278 424 3302 a,
442 3278 496 3296 um.
532 3269 598 3296 Part.
647 3268 702 3294 Cic.
716 3266 793 3302 Epist.
805 3267 836 3294 ad
849 3268 922 3294 Brut.
934 3275 970 3292 10.
1090 3264 1120 3293 85
1134 3266 1167 3291 al.
1186 3264 1304 3290 Gummi.

12 3299 16 3339 ,Ἰ
89 3307 109 3327 G
118 3306 138 3325 V
149 3306 164 3326 Β
172 3306 188 3325 Ε
197 3302 273 3327 ΕΝᾸ
283 3307 303 3328 Τ
314 3310 358 3330 OR
367 3326 376 3338 ‚
392 3305 456 3332 oris.
487 3314 523 3331 111.
566 3302 736 3338 [nvCepvrirn5‚
756 3301 868 3332 ὃιοικητὴς
876 3323 884 3334 ,
904 3302 1074 3334 πηγαλιέχος,
1170 3306 1191 3326 G
1200 3306 1220 3325 V
1229 3306 1252 3325 M
1261 3306 1278 3326 Ε
1288 3305 1309 3324 N
1319 3317 1326 3329 ,
1338 3298 1364 3334 s.
1384 3304 1405 3324 G
1413 3305 1435 3325 V
1443 3305 1467 3324 M
1474 3305 1499 3325 M
1508 3304 1524 3324 E
1533 3305 1555 3325 N
1563 3318 1572 3331 ‚
1592 3299 1652 3326 inis.
1676 3307 1702 3324 n.
1758 3297 1852 3326 pallad.
1865 3298 1925 3327 O&-
1940 3306 1958 3328 t.
1968 3309 1994 3328 12
2006 3301 2034 3328 in
2047 3303 2101 3331 MS.
2136 3308 2168 3334 it.

1 3341 19 3369 sl:
50 3334 171 3368 ⁰¹'“n‘5’l⁵]
206 3333 308 3367 maor,
325 3344 347 3364 et
358 3340 495 3367 moderator
505 3343 577 3366 ›zauis
587 3342 691 3374 proprie
704 3338 806 3365 dicitur.
858 3338 914 3364 Cic.
929 3337 960 3362 de
973 3337 1072 3363 Sene&
1134 3334 1203 3362 Ibid.
1218 3341 1235 3361 t.
1250 3343 1287 3366 14.
1323 3341 1346 3359 et
1356 3334 1429 3360 Nou.
1443 3341 1493 3368 t.7.
1625 3368 1630 3373 .

0 3375 16 3402 ιι
52 3379 81 3406 ¹7
94 3380 115 3396 c·
128 3372 145 3397 6
177 3370 212 3396 Vt
226 3369 243 3395 fi
257 3371 303 3403 qui
315 3372 509 3404 gubernatorem
523 3376 551 3401 in
563 3374 711 3409 nauigando
725 3383 801 3407 agere
813 3373 880 3399 nihil
895 3373 997 3404 dicant,
1027 3379 1072 3400 etc.
1171 3377 1192 3397 G
1203 3378 1222 3396 v
1234 3377 1257 3396 M
1267 3377 1290 3395 M
1303 3377 1318 3394 Λ
1332 3376 1352 3396 Τ
1363 3377 1383 3394 ν
1393 3377 1405 3396 s
1415 3390 1423 3402 ,
1441 3378 1471 3401 a,
1492 3378 1544 3396 um.
1581 3367 1640 3394 Ad1.
1692 3369 1722 3395 In
1735 3369 1824 3396 cerasis
1835 3376 1861 3397 et
1875 3370 1903 3397 in
1916 3373 2039 3399 omnibus
2051 3383 2169 3408 gumma„

0 3420 3 3435 ι
51 3406 126 3434 Idem
142 3404 172 3431 de
190 3406 291 3431 Inueni·
313 3413 340 3436 Ι,
361 3413 387 3438 58
412 3410 494 3437 Nauis
516 3419 583 3446 quae
601 3409 764 3436 scientissimo
783 3409 955 3443 gubernatore
980 3408 1072 3434 vtitur.
1135 3406 1168 3432 tis
1200 3404 1295 3432 Pallad.
1308 3404 1368 3432 Οὲὶ.
1383 3411 1401 3430 t.
1417 3413 1440 3446 κε
1448 3405 1542 3445 [ιώίηι.
1557 3403 1704 3446 arboribus.
1741 3405 1817 3439 Quid.
1853 3407 2028 3435 Gumminatis
2040 3411 2131 3445 legunt.
2203 3426 2205 3428 -

12 3456 13 3460 =
52 3442 90 3470 Id.
106 3440 184 3468 Acad.
200 3449 227 3473 4,
241 3449 294 3466 100.
331 3440 466 3476 Sen.Epist.
477 3451 512 3479 ες.
547 3447 614 3472 Plin.
633 3445 710 3480 Epist.
725 3454 753 3484 9,
767 3447 804 3470 26.
841 3443 957 3477 Schiffer.
972 3443 999 3468 de
1014 3444 1072 3469 Mil.
1087 3445 1122 3468 90
1172 3447 1254 3468 GVM
1265 3448 1287 3466 M
1298 3449 1306 3466 1
1316 3448 1337 3467 T
1347 3447 1400 3472 ιο,
1420 3448 1487 3466 onis.
1508 3439 1527 3465 f.
1564 3439 1727 3473 [κομμωσις]
1763 3441 1869 3467 Illinitio
1882 3442 1996 3476 quaedam
2008 3453 2037 3470 ex
2046 3447 2169 3483 glutinosa

0 3478 37 3507 22³
55 3479 120 3504 Nau.
137 3487 169 3510 4,
182 3479 205 3502 6.
276 3474 354 3508 Quod
368 3476 402 3501 est
416 3478 442 3503 in
454 3481 555 3508 triremi
573 3481 733 3516 gubernator
746 3489 775 3505 m
788 3489 864 3506 curru
881 3479 982 3510 reclor,
1000 3487 1073 3514 prae·
1135 3477 1176 3503 illo
1190 3477 1303 3502 arborum
1314 3476 1402 3511 succo,
1432 3485 1492 3511 quae
1515 3474 1589 3500 doliis
1603 3474 1659 3508 ficri
1670 3475 1780 3510 solebat,
1806 3476 2000 3511 quemadmodum
2020 3481 2116 3507 Picano
2137 3491 2168 3508 ex

0 3515 13 3546 15¹
52 3518 141 3539 centor
155 3512 183 3538 in
196 3511 313 3541 chorei&
334 3510 374 3536 lex
396 3510 424 3537 in
434 3514 511 3548 vrbe,
537 3517 589 3543 dux
609 3519 636 3543 in
656 3517 784 3543 exercitu:
820 3515 868 3541 hoc
882 3515 917 3541 est
932 3515 958 3540 in
974 3513 1072 3539 mundo
1129 3515 1202 3547 pice,
1220 3518 1248 3538 vt
1260 3514 1287 3537 in
1296 3511 1453 3546 praecedenti
1465 3510 1629 3537 Columellae
1642 3511 1761 3545 exemplo:
1795 3517 1820 3536 ct
1838 3521 1892 3538 rnox
1910 3513 2121 3543 Gummitionem
2132 3517 2169 3544 al-

6 3551 14 3583 ⁵3
53 3548 121 3574 Deus
152 3547 228 3581 Apul·
241 3546 272 3572 de
285 3545 395 3572 Mundo·
483 3551 586 3585 Custos,
612 3552 823 3587 gubernatorque
843 3551 918 3584 Reip.
954 3549 1009 3575 Cic.
1024 3557 1073 3583 pro
1136 3553 1219 3573 teram
1232 3555 1286 3573 non
1299 3547 1401 3580 recipit.

0 3574 19 3639 τ,
53 3583 142 3610 Rabir.
158 3582 222 3610 Post.
238 3584 268 3607 26
286 3591 307 3607 c.
320 3589 345 3614 9.
415 3581 512 3614 Bonus,
529 3587 580 3613 vid,
601 3594 617 3614 B
628 3594 646 3614 0
658 3594 707 3614 NV
717 3595 739 3614 s,
811 3586 868 3613 Cic.
881 3585 992 3619 Philipp.
1006 3592 1030 3618 7,
1044 3589 1072 3614 28
1174 3588 1195 3607 G
1205 3589 1257 3609 VM
1266 3589 1290 3607 M
1300 3584 1319 3608 ὁ
1329 3588 1341 3606 s
1353 3588 1371 3604 v
1382 3589 1411 3613 s,
1430 3589 1457 3611 a,
1478 3589 1531 3606 um.
1569 3579 1628 3606 Adi.
1664 3578 1828 3614 [καμμώδης]
1882 3582 1954 3617 Qiod
1965 3585 2065 3611 multum
2076 3591 2170 3622 gummi

53 3619 73 3645 s·
85 3624 146 3644 extr.
175 3619 341 3651 Quamquam
351 3624 404 3656 non
417 3624 474 3650 eges
487 3621 605 3654 consilio,
621 3632 679 3656 quo
688 3623 759 3649 vales
772 3621 914 3656 plurimum
924 3641 931 3653 ,
948 3625 1033 3646 tamen
1048 3625 1072 3645 et
1089 3621 1122 3648 95
1137 3616 1216 3644 habet.
1253 3617 1317 3643 Plin.
1332 3625 1369 3649 12,
1384 3625 1400 3649 9
1431 3616 1460 3641 de
1471 3616 1556 3656 bdellio
1568 3616 1670 3644 curbare,-
1704 3615 1822 3641 Indicum
1832 3635 1841 3648 ‚
1865 3616 1998 3645 humidius
2018 3626 2044 3646 et
2064 3622 2169 3649 facilius

0 3644 30 3696 *hi
53 3653 147 3680 summi
166 3654 352 3688 gubernatores
376 3659 403 3678 ιιι
423 3653 521 3685 magnis
540 3658 729 3691 tempestatibus
747 3667 762 3684 a
775 3657 925 3684 vefioribus
939 3655 1075 3681 admoneri
1138 3652 1204 3684 hoc,
1222 3658 1249 3678 et
1262 3652 1413 3683 crustofius,
1435 3659 1616 3684 amariusque:
1651 3656 1677 3676 at
1689 3651 1862 3684 gunnnosum.
1916 3653 1990 3680 Codd.
2009 3657 2083 3684 MSS.
2100 3659 2169 3685 exhi-

0 3684 14 3719 ‚h
27 3697 30 3715 ι
53 3683 144 3715 solent.
319 3685 338 3724 q
361 3696 373 3713 2
408 3686 536 3719 Quinem.
549 3695 572 3722 ει,
586 3695 612 3723 6,
626 3702 642 3724 9
661 3703 690 3719 e„
703 3695 793 3724 poe-m,
809 3692 975 3719 Gubernagor
982 3699 1074 3724 magna
1135 3687 1191 3713 bent
1206 3687 1406 3713 Gumminosum
1416 3706 1424 3718 ,
1444 3686 1501 3712 telle
1517 3686 1654 3711 Horduino.
1846 3715 1853 3719 .

0 3721 30 3782 ἔξ
52 3723 173 3751 contorsit
187 3731 284 3764 equum
297 3723 334 3749 vi.
378 3723 416 3764 De
428 3722 553 3762 agitatore
565 3724 655 3753 dil-tum
669 3729 717 3764 ipse
729 3735 808 3755 monet
824 3728 921 3754 Fabius,
1172 3728 1222 3761 GV
1231 3728 1288 3762 MM
1299 3729 1314 3748 E
1324 3729 1343 3746 v
1352 3729 1364 3749 3
1373 3742 1382 3754 ‚
1401 3732 1413 3748 a
1422 3741 1429 3752 ,
1448 3731 1500 3761 um.
1537 3720 1616 3759 Aliud
1628 3719 1687 3746 Adi.
1700 3721 1819 3763 “At-ison.
1834 3722 1927 3755 Eidyll.
1940 3726 1971 3757 6,
1983 3732 2020 3760 74
2038 3727 2166 3753 Gummea

0 3776 1 3788 ι
88 3764 343 3786 GvBERNATni
356 3766 373 3785 x
383 3778 390 3790 ‚
406 3767 462 3783 lcls.
480 3757 499 3783 f.
535 3757 720 3798 [noctem-9...]
756 3765 812 3790 Cic,
826 3763 857 3789 de
871 3764 943 3790 Orat.
954 3771 972 3794 ι,
988 3766 1014 3793 38
1028 3769 1074 3793 c.9
1136 3757 1244 3784 fletiferi
1258 3757 1384 3784 iaculatur
1397 3759 1496 3783 succina
1513 3762 1606 3781 trunci.
1658 3757 1713 3782 Aln
1731 3757 1772 3783 hic
1788 3759 1872 3793 legunt
1889 3759 2023 3787 Gemma,

0 3787 14 3821 ,le
26 3797 30 3814 l
53 3801 118 3828 extro,
139 3796 228 3828 Quum
241 3794 374 3821 ciuitatem
389 3793 430 3819 vel
445 3798 551 3827 paterno
563 3794 685 3828 confilio,
700 3799 741 3824 vel
754 3799 831 3825 auitis
844 3799 923 3825 armis
932 3795 1130 3823 florentini-100
1172 3799 1193 3819 G
1205 3798 1224 3817 V
1235 3798 1259 3818 M
1269 3799 1292 3818 M
1303 3792 1369 3819 ῐΝΟ
1377 3812 1385 3824 ,
1401 3797 1453 3819 are.
1490 3793 1584 3817 Gummi
1592 3789 1734 3824 producere.
1797 3793 1854 3821 Vici.
1867 3794 1956 3823 Barth,
1969 3795 2073 3831 Aduers:
2083 3802 2122 3827 38,
2140 3806 2167 3831 4,

4 3832 15 3850 ⁴=
27 3849 29 3851 .
54 3838 119 3856 mam
132 3830 294 3863 accepili'ent,
323 3830 369 3855 ista
383 3829 510 3862 praeclara
524 3828 716 3863 gubernatrice,
742 3840 770 3859 vt
791 3835 844 3866 ais,
870 3834 1006 3860 ciuitatum
1021 3832 1075 3858 elo-
1135 3826 1230 3855 Pallad.
1243 3827 1298 3853 Ian.
1312 3835 1347 3860 ις,
1358 3836 1392 3854 20
1418 3826 1572 3853 Gumminat
1584 3832 1691 3860 prunus.

6 3867 14 3886 ἵ
53 3865 156 3899 quentia
165 3885 172 3896 ,
191 3865 329 3899 Rempubl.
343 3864 534 3898 dissipauerunt.
601 3864 668 3890 Ter.
679 3865 743 3892 Eun.
756 3875 779 3899 ς,
791 3877 816 3901 9,
830 3871 859 3896 16
888 3871 928 3896 Λῃ
941 3869 1075 3895 fortunam

6 3905 8 3910 ⁷
53 3899 206 3932 collaudem,
219 3909 284 3934 quae
297 3900 466 3934 gubernatrix
479 3899 539 3925 fuit.
1515 3888 1543 3918 G
1636 3888 1665 3918 V
1761 3887 1789 3922 R

88 3942 109 3962 G
119 3942 135 3960 v
148 3941 164 3960 B
175 3942 191 3961 E
200 3942 218 3961 R
227 3943 248 3961 N
256 3942 278 3962 A
286 3943 307 3962 'r
315 3944 323 3962 1
332 3943 351 3962 o
361 3956 369 3968 ,
386 3936 454 3961 onis.
472 3935 491 3960 f.
530 3932 653 3967 [διοίκησις
661 3953 669 3966 ,
688 3933 830 3971 α’ναιιτορίοι]
865 3939 921 3966 Cic.
937 3939 969 3967 de
983 3939 1040 3965 Fin.
1049 3945 1076 3971 4,
1172 3941 1193 3961 G
1203 3941 1224 3960 V
1232 3941 1250 3962 R
1260 3940 1278 3960 D
1287 3941 1297 3959 Ι
1307 3954 1316 3966 ,
1335 3943 1421 3962 orum.
1437 3942 1472 3961 m.
1499 3934 1512 3967 [
1518 3932 1624 3967 ἓυὴᾶω]
1641 3933 1732 3961 Stolidi
1743 3936 1840 3997 ariulfo
1851 3936 1973 3962 dicantur.
2009 3935 2136 3967 Qinetil.
2145 3943 2166 3968 1,

53 3972 87 4005 ‘16
113 3971 144 4000 Et
156 3969 174 3998 fi
186 3970 215 3997 in
226 3971 279 4006 ipsa
290 3971 480 4007 gubernatione
493 3970 652 4006 negligentia
665 3969 701 3998 est
715 3970 789 3997 nauis
802 3974 898 4001 euersa.
967 3975 1020 4002 Vix
1038 3974 1128 4003 vi-105
1135 3978 1158 4007 5,
1173 3978 1204 4007 57
1230 3971 1261 3998 Et
1273 3970 1392 4002 Gurdos,
1412 3978 1477 4005 quos
1489 3977 1538 4004 pro
1550 3967 1651 3997 stolidis
1663 3970 1759 4006 accipit
1770 3980 1806 3999 vu
1817 3979 1878 4006 gus,
1893 3978 1923 3997 ex
1931 3970 2055 4003 Hispania
2068 3970 2166 3996 duxiffe

1288 4012 1303 4038 5
1322 4006 1347 4031 O
1383 4013 1401 4032 2·
2035 4005 2166 4039 originem
