<?xml version="1.0" encoding="UTF-8"?>
<!DOCTYPE html PUBLIC "-//W3C//DTD XHTML 1.0 Transitional//EN"
    "http://www.w3.org/TR/xhtml1/DTD/xhtml1-transitional.dtd">
<html xmlns="http://www.w3.org/1999/xhtml" xml:lang="en" lang="en">
 <head>
  <title>
</title>
<meta http-equiv="Content-Type" content="text/html;charset=utf-8" />
  <meta name='ocr-system' content='tesseract 3.04.00' />
  <meta name='ocr-capabilities' content='ocr_page ocr_carea ocr_par ocr_line ocrx_word'/>
</head>
<body>
  <div class='ocr_page' id='page_1' title='image "./novuslinguaeeter02gesn_0580.png"; bbox 0 0 2479 4225; ppageno 0'>
   <div class='ocr_carea' id='block_1_1' title="bbox 237 144 885 213">
    <p class='ocr_par' dir='ltr' id='par_1_1' title="bbox 237 144 885 213">
     <span class='ocr_line' id='line_1_1' title="bbox 237 144 885 213; baseline -0.012 -9"><span class='ocrx_word' id='word_1_1' title='bbox 237 174 314 213; x_wconf 80' lang='lat'><em>³¹23</em></span> <span class='ocrx_word' id='word_1_2' title='bbox 635 149 654 190; x_wconf 88' lang='grc' dir='ltr'>Ῑ</span> <span class='ocrx_word' id='word_1_3' title='bbox 738 145 783 188; x_wconf 84' lang='grc' dir='ltr'>Ν</span> <span class='ocrx_word' id='word_1_4' title='bbox 870 144 885 183; x_wconf 81' lang='grc' dir='ltr'>Ῐ</span> 
     </span>
    </p>
   </div>
   <div class='ocr_carea' id='block_1_2' title="bbox 233 225 1282 1261">
    <p class='ocr_par' dir='ltr' id='par_1_2' title="bbox 237 225 1278 565">
     <span class='ocr_line' id='line_1_2' title="bbox 277 225 1277 274; baseline -0.022 0"><span class='ocrx_word' id='word_1_5' title='bbox 277 252 384 274; x_wconf 78' lang='grc' dir='ltr'>ιΝιΤι</span> <span class='ocrx_word' id='word_1_6' title='bbox 394 249 510 274; x_wconf 73' lang='grc' dir='ltr'>Ατνε,</span> <span class='ocrx_word' id='word_1_7' title='bbox 526 250 556 274; x_wconf 85' lang='lat' dir='ltr'>a,</span> <span class='ocrx_word' id='word_1_8' title='bbox 571 249 625 267; x_wconf 88' lang='lat' dir='ltr'>um.</span> <span class='ocrx_word' id='word_1_9' title='bbox 646 240 714 266; x_wconf 84' lang='lat' dir='ltr'>Part.</span> <span class='ocrx_word' id='word_1_10' title='bbox 751 238 852 263; x_wconf 75' lang='lat' dir='ltr'>Praeter</span> <span class='ocrx_word' id='word_1_11' title='bbox 863 232 916 259; x_wconf 75' lang='lat' dir='ltr'>loca</span> <span class='ocrx_word' id='word_1_12' title='bbox 928 233 978 257; x_wconf 75' lang='lat' dir='ltr'>iam</span> <span class='ocrx_word' id='word_1_13' title='bbox 996 229 1108 256; x_wconf 78' lang='lat' dir='ltr'>indicata</span> <span class='ocrx_word' id='word_1_14' title='bbox 1127 225 1277 268; x_wconf 23' lang='lat' dir='ltr'>bucOreser-t-</span> 
     </span>
     <span class='ocr_line' id='line_1_3' title="bbox 240 265 1276 314; baseline -0.021 -5"><span class='ocrx_word' id='word_1_15' title='bbox 240 293 294 311; x_wconf 75' lang='lat' dir='ltr'>mus</span> <span class='ocrx_word' id='word_1_16' title='bbox 307 280 353 314; x_wconf 73' lang='lat' dir='ltr'>ista</span> <span class='ocrx_word' id='word_1_17' title='bbox 367 279 546 313; x_wconf 72' lang='lat' dir='ltr'>Metuphorica.</span> <span class='ocrx_word' id='word_1_18' title='bbox 589 276 654 302; x_wconf 86' lang='lat' dir='ltr'>Plin.</span> <span class='ocrx_word' id='word_1_19' title='bbox 669 273 746 308; x_wconf 78' lang='lat' dir='ltr'>Epist.</span> <span class='ocrx_word' id='word_1_20' title='bbox 761 281 780 303; x_wconf 75' lang='grc' dir='ltr'>ς,</span> <span class='ocrx_word' id='word_1_21' title='bbox 796 277 835 301; x_wconf 79' lang='lat'>13,</span> <span class='ocrx_word' id='word_1_22' title='bbox 850 273 870 307; x_wconf 40' lang='lat'>8·</span> <span class='ocrx_word' id='word_1_23' title='bbox 893 267 1018 307; x_wconf 37' lang='lat' dir='ltr'>¹³35&amp;ss</span> <span class='ocrx_word' id='word_1_24' title='bbox 1036 265 1155 300; x_wconf 78' lang='lat' dir='ltr'><strong>legebam</strong></span> <span class='ocrx_word' id='word_1_25' title='bbox 1174 268 1276 305; x_wconf 75' lang='lat' dir='ltr'>inuitus</span> 
     </span>
     <span class='ocr_line' id='line_1_4' title="bbox 241 298 1277 345; baseline -0.02 -1"><span class='ocrx_word' id='word_1_26' title='bbox 241 325 266 345; x_wconf 84' lang='lat' dir='ltr'>et</span> <span class='ocrx_word' id='word_1_27' title='bbox 281 316 382 343; x_wconf 83' lang='lat' dir='ltr'>cursim.</span> <span class='ocrx_word' id='word_1_28' title='bbox 417 313 485 341; x_wconf 82' lang='lat' dir='ltr'>Aliis</span> <span class='ocrx_word' id='word_1_29' title='bbox 502 313 572 338; x_wconf 89' lang='lat' dir='ltr'>enim</span> <span class='ocrx_word' id='word_1_30' title='bbox 587 311 703 341; x_wconf 68' lang='lat' dir='ltr'>chartis,</span> <span class='ocrx_word' id='word_1_31' title='bbox 714 307 772 334; x_wconf 84' lang='lat' dir='ltr'>aliis</span> <span class='ocrx_word' id='word_1_32' title='bbox 785 306 839 330; x_wconf 88' lang='lat' dir='ltr'>sum</span> <span class='ocrx_word' id='word_1_33' title='bbox 853 303 937 328; x_wconf 83' lang='lat' dir='ltr'>literis</span> <span class='ocrx_word' id='word_1_34' title='bbox 951 307 1085 332; x_wconf 78' lang='lat' dir='ltr'>initiatus,</span> <span class='ocrx_word' id='word_1_35' title='bbox 1106 309 1168 336; x_wconf 77' lang='lat' dir='ltr'>quas</span> <span class='ocrx_word' id='word_1_36' title='bbox 1185 298 1277 338; x_wconf 55' lang='lat' dir='ltr'>nitelh:</span> 
     </span>
     <span class='ocr_line' id='line_1_5' title="bbox 238 333 1277 390; baseline -0.016 -12"><span class='ocrx_word' id='word_1_37' title='bbox 238 362 295 390; x_wconf 76' lang='lat' dir='ltr'>gum</span> <span class='ocrx_word' id='word_1_38' title='bbox 309 353 408 382; x_wconf 72' lang='lat' dir='ltr'>melius,</span> <span class='ocrx_word' id='word_1_39' title='bbox 427 349 512 384; x_wconf 77' lang='lat' dir='ltr'>quibus</span> <span class='ocrx_word' id='word_1_40' title='bbox 525 350 605 383; x_wconf 75' lang='lat' dir='ltr'>magis</span> <span class='ocrx_word' id='word_1_41' title='bbox 618 350 694 372; x_wconf 73' lang='lat' dir='ltr'>iuuer.</span> <span class='ocrx_word' id='word_1_42' title='bbox 724 377 729 380; x_wconf 40' lang='grc' dir='ltr'>Ι</span> <span class='ocrx_word' id='word_1_43' title='bbox 766 339 856 365; x_wconf 71' lang='lat' dir='ltr'>Aurei·</span> <span class='ocrx_word' id='word_1_44' title='bbox 869 338 897 363; x_wconf 73' lang='lat' dir='ltr'>in</span> <span class='ocrx_word' id='word_1_45' title='bbox 911 337 926 363; x_wconf 83' lang='lat' dir='ltr'>l·</span> <span class='ocrx_word' id='word_1_46' title='bbox 942 338 992 364; x_wconf 70' lang='lat' dir='ltr'>ID·</span> <span class='ocrx_word' id='word_1_47' title='bbox 1001 337 1033 363; x_wconf 76' lang='lat' dir='ltr'>de</span> <span class='ocrx_word' id='word_1_48' title='bbox 1047 335 1137 376; x_wconf 63' lang='lat' dir='ltr'>officio</span> <span class='ocrx_word' id='word_1_49' title='bbox 1148 333 1277 375; x_wconf 43' lang='lat' dir='ltr'>praefeffl</span> 
     </span>
     <span class='ocr_line' id='line_1_6' title="bbox 238 373 1277 423; baseline -0.02 -8"><span class='ocrx_word' id='word_1_50' title='bbox 238 387 373 423; x_wconf 83' lang='lat' dir='ltr'>praetorio</span> <span class='ocrx_word' id='word_1_51' title='bbox 407 386 456 412; x_wconf 86' lang='lat' dir='ltr'>His</span> <span class='ocrx_word' id='word_1_52' title='bbox 470 383 606 411; x_wconf 78' lang='lat' dir='ltr'>cunabulis</span> <span class='ocrx_word' id='word_1_53' title='bbox 617 385 750 415; x_wconf 81' lang='lat' dir='ltr'>praetorio</span> <span class='ocrx_word' id='word_1_54' title='bbox 764 373 958 408; x_wconf 63' lang='lat' dir='ltr'>praefectorum</span> <span class='ocrx_word' id='word_1_55' title='bbox 970 373 1111 399; x_wconf 64' lang='lat' dir='ltr'>auetomtas</span> <span class='ocrx_word' id='word_1_56' title='bbox 1125 375 1240 401; x_wconf 77' lang='lat' dir='ltr'>initiata,</span> <span class='ocrx_word' id='word_1_57' title='bbox 1248 377 1277 393; x_wconf 87' lang='lat' dir='ltr'>m</span> 
     </span>
     <span class='ocr_line' id='line_1_7' title="bbox 238 403 1275 453; baseline -0.02 -3"><span class='ocrx_word' id='word_1_58' title='bbox 238 429 340 450; x_wconf 82' lang='lat' dir='ltr'>tantum</span> <span class='ocrx_word' id='word_1_59' title='bbox 360 406 456 447; x_wconf 71' lang='lat' dir='ltr'>niet-uit</span> <span class='ocrx_word' id='word_1_60' title='bbox 477 419 581 453; x_wconf 83' lang='lat' dir='ltr'>augeri,</span> <span class='ocrx_word' id='word_1_61' title='bbox 601 422 629 441; x_wconf 89' lang='lat' dir='ltr'>vt</span> <span class='ocrx_word' id='word_1_62' title='bbox 646 411 770 447; x_wconf 87' lang='lat' dir='ltr'>appellari</span> <span class='ocrx_word' id='word_1_63' title='bbox 789 419 802 435; x_wconf 89' lang='lat' dir='ltr'>a</span> <span class='ocrx_word' id='word_1_64' title='bbox 823 408 961 449; x_wconf 69' lang='lat' dir='ltr'>praefe&lt;ffis</span> <span class='ocrx_word' id='word_1_65' title='bbox 980 407 1114 448; x_wconf 73' lang='lat' dir='ltr'>praetorio</span> <span class='ocrx_word' id='word_1_66' title='bbox 1127 415 1181 431; x_wconf 91' lang='lat' dir='ltr'>non</span> <span class='ocrx_word' id='word_1_67' title='bbox 1194 403 1275 439; x_wconf 73' lang='lat' dir='ltr'>possit.</span> 
     </span>
     <span class='ocr_line' id='line_1_8' title="bbox 239 442 1276 492; baseline -0.018 -8"><span class='ocrx_word' id='word_1_68' title='bbox 239 459 292 484; x_wconf 83' lang='lat' dir='ltr'>Vix</span> <span class='ocrx_word' id='word_1_69' title='bbox 313 457 406 492; x_wconf 82' lang='lat' dir='ltr'>primis</span> <span class='ocrx_word' id='word_1_70' title='bbox 427 454 536 491; x_wconf 86' lang='lat' dir='ltr'>quidem</span> <span class='ocrx_word' id='word_1_71' title='bbox 557 450 671 485; x_wconf 81' lang='lat' dir='ltr'>apicibus</span> <span class='ocrx_word' id='word_1_72' title='bbox 695 444 852 473; x_wconf 85' lang='lat' dir='ltr'>sufficienter</span> <span class='ocrx_word' id='word_1_73' title='bbox 876 445 995 470; x_wconf 82' lang='lat' dir='ltr'>initiatus</span> <span class='ocrx_word' id='word_1_74' title='bbox 1024 443 1115 469; x_wconf 76' lang='lat' dir='ltr'>Sidon.</span> <span class='ocrx_word' id='word_1_75' title='bbox 1137 442 1182 475; x_wconf 83' lang='lat' dir='ltr'>Ep.</span> <span class='ocrx_word' id='word_1_76' title='bbox 1209 448 1235 471; x_wconf 79' lang='lat'>2,</span> <span class='ocrx_word' id='word_1_77' title='bbox 1257 447 1276 465; x_wconf 90' lang='grc' dir='ltr'>ι.</span> 
     </span>
     <span class='ocr_line' id='line_1_9' title="bbox 238 475 1278 528; baseline -0.016 -10"><span class='ocrx_word' id='word_1_78' title='bbox 238 494 286 521; x_wconf 63' lang='lat' dir='ltr'>Sed</span> <span class='ocrx_word' id='word_1_79' title='bbox 294 495 397 528; x_wconf 70' lang='lat' dir='ltr'>proprie</span> <span class='ocrx_word' id='word_1_80' title='bbox 410 502 418 516; x_wconf 86' lang='grc'>.-</span> <span class='ocrx_word' id='word_1_81' title='bbox 454 489 525 517; x_wconf 74' lang='lat' dir='ltr'>Mida</span> <span class='ocrx_word' id='word_1_82' title='bbox 539 487 569 512; x_wconf 89' lang='lat' dir='ltr'>ab</span> <span class='ocrx_word' id='word_1_83' title='bbox 584 483 690 517; x_wconf 81' lang='lat' dir='ltr'>Orpheo</span> <span class='ocrx_word' id='word_1_84' title='bbox 711 482 846 507; x_wconf 85' lang='lat' dir='ltr'>sacrorum</span> <span class='ocrx_word' id='word_1_85' title='bbox 865 479 1036 506; x_wconf 81' lang='lat' dir='ltr'>sollemnibus</span> <span class='ocrx_word' id='word_1_86' title='bbox 1059 477 1179 504; x_wconf 86' lang='lat' dir='ltr'>initiatus</span> <span class='ocrx_word' id='word_1_87' title='bbox 1198 475 1278 507; x_wconf 87' lang='lat' dir='ltr'>Phry·</span> 
     </span>
     <span class='ocr_line' id='line_1_10' title="bbox 237 518 1122 565; baseline -0.023 -9"><span class='ocrx_word' id='word_1_88' title='bbox 237 529 309 565; x_wconf 81' lang='lat' dir='ltr'>giam</span> <span class='ocrx_word' id='word_1_89' title='bbox 322 527 452 554; x_wconf 62' lang='lat' dir='ltr'>reliwione</span> <span class='ocrx_word' id='word_1_90' title='bbox 466 521 587 557; x_wconf 82' lang='lat' dir='ltr'>impleuit</span> <span class='ocrx_word' id='word_1_91' title='bbox 607 518 696 544; x_wconf 90' lang='lat' dir='ltr'>lustin.</span> <span class='ocrx_word' id='word_1_92' title='bbox 711 525 742 547; x_wconf 90' lang='grc' dir='ltr'>ιι,</span> <span class='ocrx_word' id='word_1_93' title='bbox 757 526 779 547; x_wconf 82' lang='lat'>7,</span> <span class='ocrx_word' id='word_1_94' title='bbox 795 525 829 547; x_wconf 67' lang='lat'>1⁴·</span> <span class='ocrx_word' id='word_1_95' title='bbox 1094 550 1098 554; x_wconf 92' lang='lat'>.</span> <span class='ocrx_word' id='word_1_96' title='bbox 1118 550 1122 554; x_wconf 40' lang='grc' dir='ltr'>Ι</span> 
     </span>
    </p>

    <p class='ocr_par' dir='ltr' id='par_1_3' title="bbox 233 543 1281 838">
     <span class='ocr_line' id='line_1_11' title="bbox 275 543 1278 590; baseline -0.016 -3"><span class='ocrx_word' id='word_1_97' title='bbox 275 571 284 590; x_wconf 85' lang='lat'><em>1</em></span> <span class='ocrx_word' id='word_1_98' title='bbox 297 568 338 590; x_wconf 80' lang='grc' dir='ltr'>Νἰ</span> <span class='ocrx_word' id='word_1_99' title='bbox 348 548 388 590; x_wconf 58' lang='grc' dir='ltr'>Τῗ</span> <span class='ocrx_word' id='word_1_100' title='bbox 401 569 420 588; x_wconf 82' lang='grc' dir='ltr'>Α</span> <span class='ocrx_word' id='word_1_101' title='bbox 434 567 455 586; x_wconf 87' lang='lat' dir='ltr'>T</span> <span class='ocrx_word' id='word_1_102' title='bbox 466 567 474 585; x_wconf 94' lang='lat'>1</span> <span class='ocrx_word' id='word_1_103' title='bbox 485 566 519 588; x_wconf 89' lang='grc' dir='ltr'>ο,</span> <span class='ocrx_word' id='word_1_104' title='bbox 539 556 605 581; x_wconf 75' lang='grc' dir='ltr'>ὓηίε.</span> <span class='ocrx_word' id='word_1_105' title='bbox 625 554 644 579; x_wconf 91' lang='lat' dir='ltr'>f.</span> <span class='ocrx_word' id='word_1_106' title='bbox 683 552 735 587; x_wconf 68' lang='lat' dir='ltr'>Ipse</span> <span class='ocrx_word' id='word_1_107' title='bbox 747 549 820 577; x_wconf 49' lang='lat' dir='ltr'>aetus</span> <span class='ocrx_word' id='word_1_108' title='bbox 831 549 1058 585; x_wconf 75' lang='lat' dir='ltr'>initiandi‚fizcri5</span> <span class='ocrx_word' id='word_1_109' title='bbox 1071 547 1121 573; x_wconf 80' lang='lat' dir='ltr'>dtct</span> <span class='ocrx_word' id='word_1_110' title='bbox 1132 543 1227 582; x_wconf 67' lang='lat' dir='ltr'>potest,</span> <span class='ocrx_word' id='word_1_111' title='bbox 1249 545 1278 571; x_wconf 80' lang='lat' dir='ltr'>de</span> 
     </span>
     <span class='ocr_line' id='line_1_12' title="bbox 238 584 1279 636; baseline -0.02 -9"><span class='ocrx_word' id='word_1_112' title='bbox 238 608 285 636; x_wconf 83' lang='lat' dir='ltr'>quo</span> <span class='ocrx_word' id='word_1_113' title='bbox 300 600 377 625; x_wconf 62' lang='lat' dir='ltr'>multa</span> <span class='ocrx_word' id='word_1_114' title='bbox 396 595 470 629; x_wconf 83' lang='lat' dir='ltr'>Apul.</span> <span class='ocrx_word' id='word_1_115' title='bbox 486 594 548 618; x_wconf 90' lang='lat' dir='ltr'>Met.</span> <span class='ocrx_word' id='word_1_116' title='bbox 564 599 594 616; x_wconf 94' lang='grc' dir='ltr'>ιι.</span> <span class='ocrx_word' id='word_1_117' title='bbox 632 588 678 615; x_wconf 68' lang='lat' dir='ltr'>Sed</span> <span class='ocrx_word' id='word_1_118' title='bbox 689 588 723 620; x_wconf 79' lang='lat' dir='ltr'>sic</span> <span class='ocrx_word' id='word_1_119' title='bbox 737 594 839 613; x_wconf 78' lang='lat' dir='ltr'>vocatur</span> <span class='ocrx_word' id='word_1_120' title='bbox 851 589 925 612; x_wconf 81' lang='lat' dir='ltr'>etiam</span> <span class='ocrx_word' id='word_1_121' title='bbox 938 588 1016 611; x_wconf 82' lang='lat' dir='ltr'>onmis</span> <span class='ocrx_word' id='word_1_122' title='bbox 1029 585 1073 610; x_wconf 75' lang='lat' dir='ltr'>illa</span> <span class='ocrx_word' id='word_1_123' title='bbox 1088 584 1235 609; x_wconf 76' lang='lat' dir='ltr'>occultorum</span> <span class='ocrx_word' id='word_1_124' title='bbox 1250 590 1279 606; x_wconf 81' lang='lat' dir='ltr'>cx</span> 
     </span>
     <span class='ocr_line' id='line_1_13' title="bbox 233 616 1277 671; baseline -0.019 -9"><span class='ocrx_word' id='word_1_125' title='bbox 233 643 310 671; x_wconf 74' lang='lat' dir='ltr'>parte</span> <span class='ocrx_word' id='word_1_126' title='bbox 324 635 448 661; x_wconf 61' lang='lat' dir='ltr'>Sacrorum</span> <span class='ocrx_word' id='word_1_127' title='bbox 459 627 596 653; x_wconf 64' lang='lat' dir='ltr'>celcbratio.</span> <span class='ocrx_word' id='word_1_128' title='bbox 647 624 715 650; x_wconf 78' lang='lat' dir='ltr'>Suet.</span> <span class='ocrx_word' id='word_1_129' title='bbox 730 623 833 649; x_wconf 84' lang='lat' dir='ltr'>Neron.</span> <span class='ocrx_word' id='word_1_130' title='bbox 848 630 869 647; x_wconf 86' lang='lat' dir='ltr'>c.</span> <span class='ocrx_word' id='word_1_131' title='bbox 884 630 916 653; x_wconf 79' lang='lat'>34</span> <span class='ocrx_word' id='word_1_132' title='bbox 942 620 1155 654; x_wconf 74' lang='lat' dir='ltr'>Peregrinatione</span> <span class='ocrx_word' id='word_1_133' title='bbox 1168 616 1277 657; x_wconf 77' lang='lat' dir='ltr'>quidem</span> 
     </span>
     <span class='ocr_line' id='line_1_14' title="bbox 242 654 1279 697; baseline -0.016 -3"><span class='ocrx_word' id='word_1_134' title='bbox 242 670 366 697; x_wconf 73' lang='lat' dir='ltr'>Graeciae</span> <span class='ocrx_word' id='word_1_135' title='bbox 386 663 518 691; x_wconf 70' lang='lat' dir='ltr'>tilcutiniis</span> <span class='ocrx_word' id='word_1_136' title='bbox 539 660 614 687; x_wconf 79' lang='lat' dir='ltr'>sacris</span> <span class='ocrx_word' id='word_1_137' title='bbox 625 679 632 691; x_wconf 89' lang='lat'>‚</span> <span class='ocrx_word' id='word_1_138' title='bbox 652 668 767 693; x_wconf 87' lang='lat' dir='ltr'>quorum</span> <span class='ocrx_word' id='word_1_139' title='bbox 782 658 933 684; x_wconf 72' lang='lat' dir='ltr'>initiatione</span> <span class='ocrx_word' id='word_1_140' title='bbox 946 657 1024 690; x_wconf 89' lang='lat' dir='ltr'>impii</span> <span class='ocrx_word' id='word_1_141' title='bbox 1039 662 1064 681; x_wconf 87' lang='lat' dir='ltr'>et</span> <span class='ocrx_word' id='word_1_142' title='bbox 1078 654 1195 680; x_wconf 83' lang='lat' dir='ltr'>scelerati</span> <span class='ocrx_word' id='word_1_143' title='bbox 1213 660 1279 678; x_wconf 87' lang='lat' dir='ltr'>voce</span> 
     </span>
     <span class='ocr_line' id='line_1_15' title="bbox 240 689 1278 740; baseline -0.017 -9"><span class='ocrx_word' id='word_1_144' title='bbox 240 704 373 740; x_wconf 82' lang='lat' dir='ltr'>praeconis</span> <span class='ocrx_word' id='word_1_145' title='bbox 396 699 596 727; x_wconf 65' lang='lat' dir='ltr'>submonent-ur,</span> <span class='ocrx_word' id='word_1_146' title='bbox 618 695 737 721; x_wconf 78' lang='lat' dir='ltr'>interesse</span> <span class='ocrx_word' id='word_1_147' title='bbox 760 702 813 719; x_wconf 91' lang='lat' dir='ltr'>non</span> <span class='ocrx_word' id='word_1_148' title='bbox 834 693 908 719; x_wconf 82' lang='lat' dir='ltr'>ausus</span> <span class='ocrx_word' id='word_1_149' title='bbox 931 692 975 718; x_wconf 83' lang='lat' dir='ltr'>est.</span> <span class='ocrx_word' id='word_1_150' title='bbox 1047 689 1175 721; x_wconf 85' lang='lat' dir='ltr'>Arnob.5</span> <span class='ocrx_word' id='word_1_151' title='bbox 1196 697 1220 722; x_wconf 89' lang='lat' dir='ltr'>p.</span> <span class='ocrx_word' id='word_1_152' title='bbox 1237 695 1278 720; x_wconf 84' lang='lat'>171</span> 
     </span>
     <span class='ocr_line' id='line_1_16' title="bbox 241 723 1279 767; baseline -0.016 -2"><span class='ocrx_word' id='word_1_153' title='bbox 241 740 301 767; x_wconf 68' lang='lat' dir='ltr'>med.</span> <span class='ocrx_word' id='word_1_154' title='bbox 327 739 398 763; x_wconf 67' lang='lat' dir='ltr'>Sacra</span> <span class='ocrx_word' id='word_1_155' title='bbox 425 740 449 759; x_wconf 91' lang='lat' dir='ltr'>et</span> <span class='ocrx_word' id='word_1_156' title='bbox 477 735 542 759; x_wconf 83' lang='lat' dir='ltr'>ritus</span> <span class='ocrx_word' id='word_1_157' title='bbox 568 730 725 757; x_wconf 81' lang='lat' dir='ltr'>initiationis</span> <span class='ocrx_word' id='word_1_158' title='bbox 746 729 838 762; x_wconf 65' lang='lat' dir='ltr'>ipsius,</span> <span class='ocrx_word' id='word_1_159' title='bbox 856 727 954 761; x_wconf 81' lang='lat' dir='ltr'>quibus</span> <span class='ocrx_word' id='word_1_160' title='bbox 975 726 1094 753; x_wconf 82' lang='lat' dir='ltr'>Sabadiis</span> <span class='ocrx_word' id='word_1_161' title='bbox 1116 733 1213 751; x_wconf 88' lang='lat' dir='ltr'>nomen</span> <span class='ocrx_word' id='word_1_162' title='bbox 1234 723 1279 748; x_wconf 86' lang='lat' dir='ltr'>est.</span> 
     </span>
     <span class='ocr_line' id='line_1_17' title="bbox 240 760 1281 804; baseline -0.017 -2"><span class='ocrx_word' id='word_1_163' title='bbox 240 773 355 802; x_wconf 82' lang='lat' dir='ltr'>Tertull.</span> <span class='ocrx_word' id='word_1_164' title='bbox 374 769 448 804; x_wconf 80' lang='lat' dir='ltr'>Apol.</span> <span class='ocrx_word' id='word_1_165' title='bbox 463 778 484 795; x_wconf 89' lang='lat' dir='ltr'>c.</span> <span class='ocrx_word' id='word_1_166' title='bbox 499 776 516 803; x_wconf 89' lang='lat'>7</span> <span class='ocrx_word' id='word_1_167' title='bbox 532 768 638 802; x_wconf 79' lang='lat' dir='ltr'>Semper</span> <span class='ocrx_word' id='word_1_168' title='bbox 652 766 731 791; x_wconf 87' lang='lat' dir='ltr'>etiam</span> <span class='ocrx_word' id='word_1_169' title='bbox 746 765 804 798; x_wconf 86' lang='lat' dir='ltr'>piae</span> <span class='ocrx_word' id='word_1_170' title='bbox 818 763 983 790; x_wconf 71' lang='lat' dir='ltr'>initiationes</span> <span class='ocrx_word' id='word_1_171' title='bbox 996 768 1085 789; x_wconf 78' lang='lat' dir='ltr'>arcent</span> <span class='ocrx_word' id='word_1_172' title='bbox 1098 760 1239 796; x_wconf 77' lang='lat' dir='ltr'>profan05‚</span> <span class='ocrx_word' id='word_1_173' title='bbox 1253 764 1281 784; x_wconf 85' lang='lat' dir='ltr'>et</span> 
     </span>
     <span class='ocr_line' id='line_1_18' title="bbox 236 806 501 838; baseline -0.019 -3"><span class='ocrx_word' id='word_1_174' title='bbox 236 811 270 838; x_wconf 77' lang='lat' dir='ltr'>ab</span> <span class='ocrx_word' id='word_1_175' title='bbox 282 806 386 834; x_wconf 88' lang='lat' dir='ltr'>arbitris</span> <span class='ocrx_word' id='word_1_176' title='bbox 401 810 501 831; x_wconf 83' lang='lat' dir='ltr'>canent.</span> 
     </span>
    </p>

    <p class='ocr_par' dir='ltr' id='par_1_4' title="bbox 235 831 1278 906">
     <span class='ocr_line' id='line_1_19' title="bbox 273 831 1278 871; baseline -0.014 -2"><span class='ocrx_word' id='word_1_177' title='bbox 273 850 309 869; x_wconf 70' lang='lat' dir='ltr'>m</span> <span class='ocrx_word' id='word_1_178' title='bbox 319 850 327 868; x_wconf 91' lang='lat'><em>1</em></span> <span class='ocrx_word' id='word_1_179' title='bbox 339 848 359 866; x_wconf 79' lang='grc' dir='ltr'>Τ</span> <span class='ocrx_word' id='word_1_180' title='bbox 370 849 377 867; x_wconf 90' lang='lat'>1</span> <span class='ocrx_word' id='word_1_181' title='bbox 387 848 407 866; x_wconf 84' lang='lat' dir='ltr'>A</span> <span class='ocrx_word' id='word_1_182' title='bbox 422 846 437 865; x_wconf 81' lang='lat' dir='ltr'>r</span> <span class='ocrx_word' id='word_1_183' title='bbox 447 848 465 866; x_wconf 84' lang='lat' dir='ltr'>o</span> <span class='ocrx_word' id='word_1_184' title='bbox 477 846 512 871; x_wconf 81' lang='lat' dir='ltr'>R,</span> <span class='ocrx_word' id='word_1_185' title='bbox 532 838 595 864; x_wconf 77' lang='lat' dir='ltr'>oris.</span> <span class='ocrx_word' id='word_1_186' title='bbox 616 846 652 862; x_wconf 91' lang='lat' dir='ltr'>m.</span> <span class='ocrx_word' id='word_1_187' title='bbox 679 834 844 869; x_wconf 69' lang='grc' dir='ltr'><strong><em>[αυςαγωγᾶς</em></strong></span> <span class='ocrx_word' id='word_1_188' title='bbox 855 833 935 860; x_wconf 81' lang='lat' dir='ltr'>Gloff.</span> <span class='ocrx_word' id='word_1_189' title='bbox 950 833 996 860; x_wconf 88' lang='lat' dir='ltr'>Gr.</span> <span class='ocrx_word' id='word_1_190' title='bbox 1011 833 1091 867; x_wconf 59' lang='lat' dir='ltr'>Lan]</span> <span class='ocrx_word' id='word_1_191' title='bbox 1118 832 1168 866; x_wconf 67' lang='lat' dir='ltr'>Qii</span> <span class='ocrx_word' id='word_1_192' title='bbox 1181 831 1278 856; x_wconf 80' lang='lat' dir='ltr'>initiat.</span> 
     </span>
     <span class='ocr_line' id='line_1_20' title="bbox 235 870 954 906; baseline -0.014 -1"><span class='ocrx_word' id='word_1_193' title='bbox 235 877 353 906; x_wconf 84' lang='lat' dir='ltr'>Tertull.</span> <span class='ocrx_word' id='word_1_194' title='bbox 369 876 429 902; x_wconf 86' lang='lat' dir='ltr'>adu.</span> <span class='ocrx_word' id='word_1_195' title='bbox 443 876 524 901; x_wconf 87' lang='lat' dir='ltr'>Marc.</span> <span class='ocrx_word' id='word_1_196' title='bbox 540 882 568 906; x_wconf 87' lang='lat'>4,</span> <span class='ocrx_word' id='word_1_197' title='bbox 584 881 619 905; x_wconf 75' lang='lat'>¹4.</span> <span class='ocrx_word' id='word_1_198' title='bbox 655 877 677 897; x_wconf 79' lang='lat' dir='ltr'>et</span> <span class='ocrx_word' id='word_1_199' title='bbox 691 870 812 897; x_wconf 85' lang='lat' dir='ltr'>Ambros.</span> <span class='ocrx_word' id='word_1_200' title='bbox 828 870 905 904; x_wconf 79' lang='lat' dir='ltr'>Epist.</span> <span class='ocrx_word' id='word_1_201' title='bbox 923 878 954 899; x_wconf 70' lang='grc' dir='ltr'>ις.</span> 
     </span>
    </p>

    <p class='ocr_par' dir='ltr' id='par_1_5' title="bbox 272 905 1103 940">
     <span class='ocr_line' id='line_1_21' title="bbox 272 905 1103 940; baseline -0.012 -1"><span class='ocrx_word' id='word_1_202' title='bbox 272 921 282 940; x_wconf 92' lang='lat'><em>1</em></span> <span class='ocrx_word' id='word_1_203' title='bbox 292 919 379 939; x_wconf 82' lang='lat' dir='ltr'>NiTl</span> <span class='ocrx_word' id='word_1_204' title='bbox 393 918 412 937; x_wconf 79' lang='grc' dir='ltr'>Α</span> <span class='ocrx_word' id='word_1_205' title='bbox 425 917 445 936; x_wconf 82' lang='grc' dir='ltr'><strong>Τ</strong></span> <span class='ocrx_word' id='word_1_206' title='bbox 457 917 475 936; x_wconf 77' lang='lat' dir='ltr'>R</span> <span class='ocrx_word' id='word_1_207' title='bbox 486 917 493 935; x_wconf 95' lang='lat'>1</span> <span class='ocrx_word' id='word_1_208' title='bbox 504 916 536 940; x_wconf 80' lang='lat' dir='ltr'>x,</span> <span class='ocrx_word' id='word_1_209' title='bbox 558 908 613 934; x_wconf 63' lang='lat' dir='ltr'>icis</span> <span class='ocrx_word' id='word_1_210' title='bbox 634 907 654 933; x_wconf 85' lang='lat' dir='ltr'>f.</span> <span class='ocrx_word' id='word_1_211' title='bbox 690 906 802 932; x_wconf 76' lang='lat' dir='ltr'>Saluiam.</span> <span class='ocrx_word' id='word_1_212' title='bbox 815 905 846 933; x_wconf 87' lang='lat' dir='ltr'>de</span> <span class='ocrx_word' id='word_1_213' title='bbox 859 905 960 931; x_wconf 83' lang='lat' dir='ltr'>Auarit.</span> <span class='ocrx_word' id='word_1_214' title='bbox 974 913 993 937; x_wconf 89' lang='lat'><strong>4</strong></span> <span class='ocrx_word' id='word_1_215' title='bbox 1012 913 1036 938; x_wconf 87' lang='lat' dir='ltr'>p.</span> <span class='ocrx_word' id='word_1_216' title='bbox 1052 905 1103 936; x_wconf 82' lang='lat'>165.</span> 
     </span>
    </p>

    <p class='ocr_par' dir='ltr' id='par_1_6' title="bbox 235 936 1280 1016">
     <span class='ocr_line' id='line_1_22' title="bbox 270 936 1280 976; baseline -0.013 -2"><span class='ocrx_word' id='word_1_217' title='bbox 270 955 280 974; x_wconf 83' lang='lat'>1</span> <span class='ocrx_word' id='word_1_218' title='bbox 292 953 380 974; x_wconf 77' lang='lat' dir='ltr'>Ni&#39;r1</span> <span class='ocrx_word' id='word_1_219' title='bbox 395 953 414 971; x_wconf 80' lang='lat' dir='ltr'>A</span> <span class='ocrx_word' id='word_1_220' title='bbox 427 953 441 970; x_wconf 76' lang='grc' dir='ltr'>ι,</span> <span class='ocrx_word' id='word_1_221' title='bbox 453 952 460 970; x_wconf 86' lang='lat'>1</span> <span class='ocrx_word' id='word_1_222' title='bbox 471 952 500 976; x_wconf 85' lang='lat' dir='ltr'>s,</span> <span class='ocrx_word' id='word_1_223' title='bbox 521 954 543 970; x_wconf 82' lang='lat' dir='ltr'>e.</span> <span class='ocrx_word' id='word_1_224' title='bbox 564 942 622 968; x_wconf 85' lang='lat' dir='ltr'>Adi.</span> <span class='ocrx_word' id='word_1_225' title='bbox 660 941 844 968; x_wconf 72' lang='lat' dir='ltr'>Primordialis.</span> <span class='ocrx_word' id='word_1_226' title='bbox 879 940 957 974; x_wconf 86' lang='lat' dir='ltr'>Apul.</span> <span class='ocrx_word' id='word_1_227' title='bbox 972 940 1038 966; x_wconf 87' lang='lat' dir='ltr'>Met.</span> <span class='ocrx_word' id='word_1_228' title='bbox 1054 948 1071 964; x_wconf 92' lang='lat' dir='ltr'>n</span> <span class='ocrx_word' id='word_1_229' title='bbox 1086 948 1110 973; x_wconf 87' lang='lat' dir='ltr'>p.</span> <span class='ocrx_word' id='word_1_230' title='bbox 1127 944 1175 969; x_wconf 81' lang='lat'>259</span> <span class='ocrx_word' id='word_1_231' title='bbox 1193 936 1280 963; x_wconf 83' lang='lat' dir='ltr'>Natu-</span> 
     </span>
     <span class='ocr_line' id='line_1_23' title="bbox 235 974 1174 1016; baseline -0.013 -5"><span class='ocrx_word' id='word_1_232' title='bbox 235 994 264 1012; x_wconf 83' lang='lat' dir='ltr'>ra</span> <span class='ocrx_word' id='word_1_233' title='bbox 277 991 367 1010; x_wconf 87' lang='lat' dir='ltr'>rerum</span> <span class='ocrx_word' id='word_1_234' title='bbox 380 989 470 1016; x_wconf 84' lang='lat' dir='ltr'>parens</span> <span class='ocrx_word' id='word_1_235' title='bbox 485 979 649 1006; x_wconf 83' lang='lat' dir='ltr'>saeculorum</span> <span class='ocrx_word' id='word_1_236' title='bbox 663 977 801 1012; x_wconf 81' lang='lat' dir='ltr'>progenies</span> <span class='ocrx_word' id='word_1_237' title='bbox 815 976 938 1003; x_wconf 85' lang='lat' dir='ltr'>initialis.</span> <span class='ocrx_word' id='word_1_238' title='bbox 961 974 1042 1002; x_wconf 57' lang='lat' dir='ltr'>2Aa&#39;d.</span> <span class='ocrx_word' id='word_1_239' title='bbox 1056 983 1074 1007; x_wconf 86' lang='lat'><strong>4</strong></span> <span class='ocrx_word' id='word_1_240' title='bbox 1089 984 1112 1008; x_wconf 89' lang='lat' dir='ltr'>p.</span> <span class='ocrx_word' id='word_1_241' title='bbox 1123 975 1174 1005; x_wconf 82' lang='lat'>156.</span> 
     </span>
    </p>

    <p class='ocr_par' dir='ltr' id='par_1_7' title="bbox 233 1005 1282 1231">
     <span class='ocr_line' id='line_1_24' title="bbox 270 1005 1281 1047; baseline -0.013 -1"><span class='ocrx_word' id='word_1_242' title='bbox 270 1024 483 1046; x_wconf 67' lang='lat' dir='ltr'>INiTAmA,</span> <span class='ocrx_word' id='word_1_243' title='bbox 503 1016 568 1041; x_wconf 80' lang='lat' dir='ltr'>lum.</span> <span class='ocrx_word' id='word_1_244' title='bbox 599 1023 624 1039; x_wconf 91' lang='lat' dir='ltr'>n.</span> <span class='ocrx_word' id='word_1_245' title='bbox 662 1013 796 1044; x_wconf 74' lang='grc' dir='ltr'>[τελεταῐ,</span> <span class='ocrx_word' id='word_1_246' title='bbox 815 1012 940 1047; x_wconf 52' lang='lat' dir='ltr'>poetieam]</span> <span class='ocrx_word' id='word_1_247' title='bbox 979 1011 1046 1037; x_wconf 71' lang='lat' dir='ltr'>Idem</span> <span class='ocrx_word' id='word_1_248' title='bbox 1066 1008 1129 1046; x_wconf 73' lang='lat' dir='ltr'>quod</span> <span class='ocrx_word' id='word_1_249' title='bbox 1150 1010 1241 1039; x_wconf 77' lang='lat' dir='ltr'>initia,</span> <span class='ocrx_word' id='word_1_250' title='bbox 1256 1005 1281 1042; x_wconf 90' lang='lat' dir='ltr'><em>s</em></span> 
     </span>
     <span class='ocr_line' id='line_1_25' title="bbox 234 1045 1280 1089; baseline -0.014 -7"><span class='ocrx_word' id='word_1_251' title='bbox 234 1054 368 1089; x_wconf 52' lang='lat' dir='ltr'>mysteria,</span> <span class='ocrx_word' id='word_1_252' title='bbox 387 1059 416 1079; x_wconf 78' lang='lat' dir='ltr'>vt</span> <span class='ocrx_word' id='word_1_253' title='bbox 441 1053 496 1077; x_wconf 75' lang='lat' dir='ltr'>irult</span> <span class='ocrx_word' id='word_1_254' title='bbox 520 1050 620 1085; x_wconf 61' lang='lat' dir='ltr'>Salmas.</span> <span class='ocrx_word' id='word_1_255' title='bbox 644 1048 677 1074; x_wconf 80' lang='lat' dir='ltr'>ad</span> <span class='ocrx_word' id='word_1_256' title='bbox 696 1048 840 1082; x_wconf 82' lang='lat' dir='ltr'>Capitolin.</span> <span class='ocrx_word' id='word_1_257' title='bbox 860 1049 898 1074; x_wconf 89' lang='lat' dir='ltr'>M.</span> <span class='ocrx_word' id='word_1_258' title='bbox 911 1047 1009 1074; x_wconf 83' lang='lat' dir='ltr'>Philos.</span> <span class='ocrx_word' id='word_1_259' title='bbox 1024 1055 1053 1076; x_wconf 86' lang='lat'>27</span> <span class='ocrx_word' id='word_1_260' title='bbox 1071 1045 1113 1072; x_wconf 78' lang='lat' dir='ltr'>vbi</span> <span class='ocrx_word' id='word_1_261' title='bbox 1127 1047 1163 1070; x_wconf 77' lang='lat' dir='ltr'>ita</span> <span class='ocrx_word' id='word_1_262' title='bbox 1176 1045 1237 1079; x_wconf 68' lang='lat' dir='ltr'>legit</span> <span class='ocrx_word' id='word_1_263' title='bbox 1252 1051 1280 1068; x_wconf 70' lang='lat' dir='ltr'>ex</span> 
     </span>
     <span class='ocr_line' id='line_1_26' title="bbox 235 1084 777 1118; baseline -0.015 -1"><span class='ocrx_word' id='word_1_264' title='bbox 235 1092 310 1118; x_wconf 75' lang='lat' dir='ltr'>MSS.</span> <span class='ocrx_word' id='word_1_265' title='bbox 333 1087 440 1115; x_wconf 84' lang='lat' dir='ltr'>Athenis</span> <span class='ocrx_word' id='word_1_266' title='bbox 454 1087 505 1113; x_wconf 89' lang='lat' dir='ltr'>fuit</span> <span class='ocrx_word' id='word_1_267' title='bbox 520 1093 544 1112; x_wconf 90' lang='lat' dir='ltr'>et</span> <span class='ocrx_word' id='word_1_268' title='bbox 556 1084 659 1111; x_wconf 86' lang='lat' dir='ltr'>initalia</span> <span class='ocrx_word' id='word_1_269' title='bbox 672 1084 777 1110; x_wconf 83' lang='lat' dir='ltr'>Cereris</span> 
     </span>
     <span class='ocr_line' id='line_1_27' title="bbox 235 1114 1280 1161; baseline -0.011 -10"><span class='ocrx_word' id='word_1_270' title='bbox 235 1126 327 1161; x_wconf 77' lang='lat' dir='ltr'>plum)</span> <span class='ocrx_word' id='word_1_271' title='bbox 342 1124 422 1155; x_wconf 85' lang='lat' dir='ltr'>adiit,</span> <span class='ocrx_word' id='word_1_272' title='bbox 442 1129 470 1149; x_wconf 89' lang='lat' dir='ltr'>vt</span> <span class='ocrx_word' id='word_1_273' title='bbox 485 1123 509 1148; x_wconf 83' lang='lat' dir='ltr'>se</span> <span class='ocrx_word' id='word_1_274' title='bbox 523 1123 687 1147; x_wconf 76' lang='lat' dir='ltr'>innocentem</span> <span class='ocrx_word' id='word_1_275' title='bbox 702 1119 843 1154; x_wconf 80' lang='lat' dir='ltr'>probaret,</span> <span class='ocrx_word' id='word_1_276' title='bbox 863 1126 888 1144; x_wconf 91' lang='lat' dir='ltr'>et</span> <span class='ocrx_word' id='word_1_277' title='bbox 902 1119 1044 1144; x_wconf 85' lang='lat' dir='ltr'>sacrarium</span> <span class='ocrx_word' id='word_1_278' title='bbox 1066 1116 1135 1142; x_wconf 86' lang='lat' dir='ltr'>solus</span> <span class='ocrx_word' id='word_1_279' title='bbox 1156 1114 1280 1148; x_wconf 78' lang='lat' dir='ltr'>ingressus</span> 
     </span>
     <span class='ocr_line' id='line_1_28' title="bbox 233 1152 1282 1194; baseline -0.012 -6"><span class='ocrx_word' id='word_1_280' title='bbox 233 1161 278 1194; x_wconf 65' lang='lat' dir='ltr'>est.</span> <span class='ocrx_word' id='word_1_281' title='bbox 318 1161 408 1194; x_wconf 68' lang='lat' dir='ltr'>Nempe</span> <span class='ocrx_word' id='word_1_282' title='bbox 423 1167 477 1185; x_wconf 73' lang='lat' dir='ltr'>voce</span> <span class='ocrx_word' id='word_1_283' title='bbox 487 1159 615 1192; x_wconf 63' lang='lat' dir='ltr'>praeconis</span> <span class='ocrx_word' id='word_1_284' title='bbox 629 1154 701 1188; x_wconf 64' lang='lat' dir='ltr'>abqffe</span> <span class='ocrx_word' id='word_1_285' title='bbox 713 1155 859 1181; x_wconf 78' lang='lat' dir='ltr'>iubebantur</span> <span class='ocrx_word' id='word_1_286' title='bbox 867 1153 985 1190; x_wconf 80' lang='lat' dir='ltr'>profani.</span> <span class='ocrx_word' id='word_1_287' title='bbox 1027 1152 1084 1179; x_wconf 77' lang='lat' dir='ltr'>Vid.</span> <span class='ocrx_word' id='word_1_288' title='bbox 1099 1156 1282 1177; x_wconf 71' lang='lat' dir='ltr'>INITIATIO.</span> 
     </span>
     <span class='ocr_line' id='line_1_29' title="bbox 234 1187 1142 1231; baseline -0.012 -7"><span class='ocrx_word' id='word_1_289' title='bbox 234 1196 340 1228; x_wconf 85' lang='lat' dir='ltr'>Initalia</span> <span class='ocrx_word' id='word_1_290' title='bbox 355 1204 411 1231; x_wconf 73' lang='lat' dir='ltr'>ergo</span> <span class='ocrx_word' id='word_1_291' title='bbox 425 1195 464 1220; x_wconf 74' lang='lat' dir='ltr'>ve!</span> <span class='ocrx_word' id='word_1_292' title='bbox 476 1192 592 1219; x_wconf 79' lang='lat' dir='ltr'>initialia</span> <span class='ocrx_word' id='word_1_293' title='bbox 600 1191 704 1227; x_wconf 69' lang='lat' dir='ltr'>suerint</span> <span class='ocrx_word' id='word_1_294' title='bbox 717 1191 874 1226; x_wconf 54' lang='lat' dir='ltr'>eademque</span> <span class='ocrx_word' id='word_1_295' title='bbox 887 1189 1002 1226; x_wconf 82' lang='lat' dir='ltr'>initias.</span> <span class='ocrx_word' id='word_1_296' title='bbox 1015 1187 1142 1224; x_wconf 79' lang='lat' dir='ltr'>mysteria.</span> 
     </span>
    </p>

    <p class='ocr_par' dir='ltr' id='par_1_8' title="bbox 269 1228 630 1261">
     <span class='ocr_line' id='line_1_30' title="bbox 269 1228 630 1261; baseline -0.019 -3"><span class='ocrx_word' id='word_1_297' title='bbox 269 1239 311 1259; x_wconf 75' lang='grc' dir='ltr'>ιΝ</span> <span class='ocrx_word' id='word_1_298' title='bbox 324 1238 362 1257; x_wconf 81' lang='lat' dir='ltr'>zT</span> <span class='ocrx_word' id='word_1_299' title='bbox 374 1237 433 1261; x_wconf 84' lang='lat' dir='ltr'>vs,</span> <span class='ocrx_word' id='word_1_300' title='bbox 451 1228 500 1254; x_wconf 66' lang='lat' dir='ltr'>uid.</span> <span class='ocrx_word' id='word_1_301' title='bbox 524 1234 630 1254; x_wconf 54' lang='lat' dir='ltr'>inno.</span> 
     </span>
    </p>
   </div>
   <div class='ocr_carea' id='block_1_3' title="bbox 272 1258 1321 1301">
    <p class='ocr_par' dir='ltr' id='par_1_9' title="bbox 272 1258 1321 1301">
     <span class='ocr_line' id='line_1_31' title="bbox 272 1258 1321 1301; baseline -0.01 -9"><span class='ocrx_word' id='word_1_302' title='bbox 272 1275 280 1292; x_wconf 95' lang='lat'>1</span> <span class='ocrx_word' id='word_1_303' title='bbox 292 1274 313 1292; x_wconf 75' lang='lat' dir='ltr'>N</span> <span class='ocrx_word' id='word_1_304' title='bbox 323 1274 331 1292; x_wconf 93' lang='lat'>1</span> <span class='ocrx_word' id='word_1_305' title='bbox 341 1272 360 1290; x_wconf 81' lang='lat' dir='ltr'><strong>v</strong></span> <span class='ocrx_word' id='word_1_306' title='bbox 370 1272 386 1292; x_wconf 85' lang='lat' dir='ltr'>C</span> <span class='ocrx_word' id='word_1_307' title='bbox 395 1272 413 1290; x_wconf 85' lang='lat' dir='ltr'>v</span> <span class='ocrx_word' id='word_1_308' title='bbox 424 1272 444 1290; x_wconf 78' lang='grc' dir='ltr'>Ν</span> <span class='ocrx_word' id='word_1_309' title='bbox 454 1271 472 1290; x_wconf 89' lang='lat' dir='ltr'>D</span> <span class='ocrx_word' id='word_1_310' title='bbox 483 1271 503 1289; x_wconf 90' lang='lat' dir='ltr'>V</span> <span class='ocrx_word' id='word_1_311' title='bbox 514 1270 526 1289; x_wconf 87' lang='lat' dir='ltr'>S</span> <span class='ocrx_word' id='word_1_312' title='bbox 535 1283 544 1296; x_wconf 87' lang='lat'>,</span> <span class='ocrx_word' id='word_1_313' title='bbox 575 1271 589 1289; x_wconf 85' lang='lat' dir='ltr'>a</span> <span class='ocrx_word' id='word_1_314' title='bbox 597 1283 605 1295; x_wconf 89' lang='lat'>,</span> <span class='ocrx_word' id='word_1_315' title='bbox 626 1271 680 1288; x_wconf 86' lang='lat' dir='ltr'>um.</span> <span class='ocrx_word' id='word_1_316' title='bbox 711 1260 770 1287; x_wconf 84' lang='lat' dir='ltr'>Adi.</span> <span class='ocrx_word' id='word_1_317' title='bbox 808 1259 950 1301; x_wconf 53' lang='lat' dir='ltr'>[oe‘fsforae&#39;ys]</span> <span class='ocrx_word' id='word_1_318' title='bbox 987 1258 1106 1286; x_wconf 86' lang='lat' dir='ltr'>Iucundo</span> <span class='ocrx_word' id='word_1_319' title='bbox 1118 1259 1280 1284; x_wconf 73' lang='lat' dir='ltr'>contrarium.</span> <span class='ocrx_word' id='word_1_320' title='bbox 1290 1263 1321 1287; x_wconf 77' lang='lat'>30</span> 
     </span>
    </p>
   </div>
   <div class='ocr_carea' id='block_1_4' title="bbox 233 1293 1281 1369">
    <p class='ocr_par' dir='ltr' id='par_1_10' title="bbox 233 1293 1281 1369">
     <span class='ocr_line' id='line_1_32' title="bbox 234 1293 1280 1332; baseline -0.01 -4"><span class='ocrx_word' id='word_1_321' title='bbox 234 1303 290 1329; x_wconf 89' lang='lat' dir='ltr'>Cic.</span> <span class='ocrx_word' id='word_1_322' title='bbox 303 1301 334 1327; x_wconf 84' lang='lat' dir='ltr'>de</span> <span class='ocrx_word' id='word_1_323' title='bbox 349 1301 405 1326; x_wconf 88' lang='lat' dir='ltr'>Fin.</span> <span class='ocrx_word' id='word_1_324' title='bbox 422 1309 440 1329; x_wconf 89' lang='grc' dir='ltr'>ι,</span> <span class='ocrx_word' id='word_1_325' title='bbox 457 1308 468 1332; x_wconf 81' lang='grc'>3</span> <span class='ocrx_word' id='word_1_326' title='bbox 484 1308 505 1325; x_wconf 92' lang='lat' dir='ltr'>c.</span> <span class='ocrx_word' id='word_1_327' title='bbox 523 1308 532 1325; x_wconf 91' lang='lat'>1</span> <span class='ocrx_word' id='word_1_328' title='bbox 544 1306 608 1325; x_wconf 77' lang='lat' dir='ltr'>extr.</span> <span class='ocrx_word' id='word_1_329' title='bbox 628 1297 741 1324; x_wconf 82' lang='lat' dir='ltr'>Minime</span> <span class='ocrx_word' id='word_1_330' title='bbox 755 1296 832 1322; x_wconf 82' lang='lat' dir='ltr'>nobis</span> <span class='ocrx_word' id='word_1_331' title='bbox 846 1294 1007 1322; x_wconf 84' lang='lat' dir='ltr'>iniucundus</span> <span class='ocrx_word' id='word_1_332' title='bbox 1026 1294 1111 1321; x_wconf 88' lang='lat' dir='ltr'>labor.</span> <span class='ocrx_word' id='word_1_333' title='bbox 1208 1293 1280 1319; x_wconf 90' lang='lat' dir='ltr'>Iniu-</span> 
     </span>
     <span class='ocr_line' id='line_1_33' title="bbox 233 1327 1281 1369; baseline -0.01 -5"><span class='ocrx_word' id='word_1_334' title='bbox 233 1339 331 1364; x_wconf 79' lang='lat' dir='ltr'>cundus</span> <span class='ocrx_word' id='word_1_335' title='bbox 344 1336 411 1362; x_wconf 89' lang='lat' dir='ltr'>odor</span> <span class='ocrx_word' id='word_1_336' title='bbox 429 1335 496 1362; x_wconf 86' lang='lat' dir='ltr'>Plin.</span> <span class='ocrx_word' id='word_1_337' title='bbox 510 1343 546 1368; x_wconf 84' lang='lat'>25,</span> <span class='ocrx_word' id='word_1_338' title='bbox 560 1342 586 1369; x_wconf 93' lang='lat'>7.</span> <span class='ocrx_word' id='word_1_339' title='bbox 681 1332 841 1359; x_wconf 82' lang='lat' dir='ltr'>Iuiucundus</span> <span class='ocrx_word' id='word_1_340' title='bbox 862 1332 931 1360; x_wconf 78' lang='lat' dir='ltr'>Tac.</span> <span class='ocrx_word' id='word_1_341' title='bbox 944 1331 1032 1366; x_wconf 67' lang='lat' dir='ltr'>Agric.</span> <span class='ocrx_word' id='word_1_342' title='bbox 1047 1340 1069 1357; x_wconf 91' lang='lat' dir='ltr'>c.</span> <span class='ocrx_word' id='word_1_343' title='bbox 1083 1338 1117 1356; x_wconf 77' lang='lat'>22.</span> <span class='ocrx_word' id='word_1_344' title='bbox 1130 1335 1194 1356; x_wconf 82' lang='lat' dir='ltr'>extr.</span> <span class='ocrx_word' id='word_1_345' title='bbox 1217 1327 1281 1354; x_wconf 77' lang='lat' dir='ltr'>dici-</span> 
     </span>
    </p>
   </div>
   <div class='ocr_carea' id='block_1_5' title="bbox 231 1367 1281 1440">
    <p class='ocr_par' dir='ltr' id='par_1_11' title="bbox 231 1367 1281 1440">
     <span class='ocr_line' id='line_1_34' title="bbox 231 1367 617 1408; baseline -0.01 -9"><span class='ocrx_word' id='word_1_346' title='bbox 231 1380 291 1406; x_wconf 65' lang='lat' dir='ltr'>tur,</span> <span class='ocrx_word' id='word_1_347' title='bbox 310 1374 350 1408; x_wconf 60' lang='lat' dir='ltr'>qui</span> <span class='ocrx_word' id='word_1_348' title='bbox 363 1372 474 1408; x_wconf 71' lang='lat' dir='ltr'>sermone</span> <span class='ocrx_word' id='word_1_349' title='bbox 486 1371 556 1407; x_wconf 71' lang='lat' dir='ltr'>asper</span> <span class='ocrx_word' id='word_1_350' title='bbox 575 1367 617 1402; x_wconf 60' lang='lat' dir='ltr'>qli.</span> 
     </span>
     <span class='ocr_line' id='line_1_35' title="bbox 269 1400 1281 1440; baseline -0.011 -5"><span class='ocrx_word' id='word_1_351' title='bbox 269 1417 278 1435; x_wconf 90' lang='lat'>1</span> <span class='ocrx_word' id='word_1_352' title='bbox 290 1415 311 1434; x_wconf 84' lang='lat' dir='ltr'>N</span> <span class='ocrx_word' id='word_1_353' title='bbox 322 1415 331 1434; x_wconf 90' lang='lat'>1</span> <span class='ocrx_word' id='word_1_354' title='bbox 341 1415 361 1434; x_wconf 78' lang='lat' dir='ltr'>v</span> <span class='ocrx_word' id='word_1_355' title='bbox 374 1413 392 1434; x_wconf 88' lang='lat' dir='ltr'>C</span> <span class='ocrx_word' id='word_1_356' title='bbox 402 1414 421 1433; x_wconf 82' lang='lat' dir='ltr'>V</span> <span class='ocrx_word' id='word_1_357' title='bbox 433 1413 454 1432; x_wconf 78' lang='lat' dir='ltr'>N</span> <span class='ocrx_word' id='word_1_358' title='bbox 466 1413 483 1433; x_wconf 86' lang='lat' dir='ltr'>D</span> <span class='ocrx_word' id='word_1_359' title='bbox 495 1413 519 1431; x_wconf 71' lang='lat' dir='ltr'>L.</span> <span class='ocrx_word' id='word_1_360' title='bbox 550 1404 619 1432; x_wconf 86' lang='lat' dir='ltr'>Adu.</span> <span class='ocrx_word' id='word_1_361' title='bbox 655 1404 799 1440; x_wconf 63' lang='grc' dir='ltr'>[ἀτερπῶς]</span> <span class='ocrx_word' id='word_1_362' title='bbox 836 1403 891 1430; x_wconf 87' lang='lat' dir='ltr'>Cic.</span> <span class='ocrx_word' id='word_1_363' title='bbox 907 1404 961 1429; x_wconf 85' lang='lat' dir='ltr'>Att.</span> <span class='ocrx_word' id='word_1_364' title='bbox 976 1411 996 1435; x_wconf 89' lang='grc' dir='ltr'>ι,</span> <span class='ocrx_word' id='word_1_365' title='bbox 1009 1411 1040 1427; x_wconf 74' lang='lat'>20</span> <span class='ocrx_word' id='word_1_366' title='bbox 1053 1401 1094 1437; x_wconf 86' lang='lat' dir='ltr'>(s.</span> <span class='ocrx_word' id='word_1_367' title='bbox 1108 1400 1181 1434; x_wconf 83' lang='lat' dir='ltr'>vlt.)</span> <span class='ocrx_word' id='word_1_368' title='bbox 1205 1401 1281 1432; x_wconf 76' lang='lat' dir='ltr'>Qiae</span> 
     </span>
    </p>
   </div>
   <div class='ocr_carea' id='block_1_6' title="bbox 233 1435 1318 1478">
    <p class='ocr_par' dir='ltr' id='par_1_12' title="bbox 233 1435 1318 1478">
     <span class='ocr_line' id='line_1_36' title="bbox 233 1435 1318 1478; baseline -0.009 -8"><span class='ocrx_word' id='word_1_369' title='bbox 233 1453 273 1472; x_wconf 81' lang='lat' dir='ltr'>res</span> <span class='ocrx_word' id='word_1_370' title='bbox 305 1442 373 1470; x_wconf 83' lang='lat' dir='ltr'>mihi</span> <span class='ocrx_word' id='word_1_371' title='bbox 404 1442 518 1478; x_wconf 83' lang='lat' dir='ltr'>asperius</span> <span class='ocrx_word' id='word_1_372' title='bbox 547 1450 563 1468; x_wconf 82' lang='lat' dir='ltr'>a</span> <span class='ocrx_word' id='word_1_373' title='bbox 592 1439 671 1467; x_wconf 78' lang='lat' dir='ltr'>nobis</span> <span class='ocrx_word' id='word_1_374' title='bbox 702 1447 781 1475; x_wconf 86' lang='lat' dir='ltr'>atque</span> <span class='ocrx_word' id='word_1_375' title='bbox 805 1439 919 1471; x_wconf 80' lang='lat' dir='ltr'>nostris,</span> <span class='ocrx_word' id='word_1_376' title='bbox 953 1444 980 1464; x_wconf 89' lang='lat' dir='ltr'>et</span> <span class='ocrx_word' id='word_1_377' title='bbox 1008 1436 1179 1464; x_wconf 83' lang='lat' dir='ltr'>iniucundius</span> <span class='ocrx_word' id='word_1_378' title='bbox 1208 1435 1318 1469; x_wconf 66' lang='lat' dir='ltr'>aetae35</span> 
     </span>
    </p>
   </div>
   <div class='ocr_carea' id='block_1_7' title="bbox 230 1479 1281 1616">
    <p class='ocr_par' dir='ltr' id='par_1_13' title="bbox 230 1479 1281 1616">
     <span class='ocr_line' id='line_1_37' title="bbox 230 1479 1281 1544; baseline -0.01 -2"><span class='ocrx_word' id='word_1_379' title='bbox 230 1479 417 1542; x_wconf 34' lang='lat' dir='ltr'>vnieigaini&#39;ugtv</span> <span class='ocrx_word' id='word_1_380' title='bbox 426 1511 495 1540; x_wconf 82' lang='lat' dir='ltr'>NDi&#39;</span> <span class='ocrx_word' id='word_1_381' title='bbox 508 1519 529 1539; x_wconf 83' lang='lat' dir='ltr'>T</span> <span class='ocrx_word' id='word_1_382' title='bbox 541 1519 562 1539; x_wconf 80' lang='grc' dir='ltr'>Α</span> <span class='ocrx_word' id='word_1_383' title='bbox 572 1519 585 1539; x_wconf 86' lang='lat' dir='ltr'>s</span> <span class='ocrx_word' id='word_1_384' title='bbox 595 1531 603 1544; x_wconf 85' lang='lat'>,</span> <span class='ocrx_word' id='word_1_385' title='bbox 623 1511 679 1537; x_wconf 67' lang='lat' dir='ltr'>atiS.</span> <span class='ocrx_word' id='word_1_386' title='bbox 702 1511 720 1538; x_wconf 85' lang='lat' dir='ltr'>f.</span> <span class='ocrx_word' id='word_1_387' title='bbox 757 1509 804 1543; x_wconf 76' lang='grc' dir='ltr'>[τό</span> <span class='ocrx_word' id='word_1_388' title='bbox 817 1509 937 1544; x_wconf 74' lang='grc' dir='ltr'>οἷτερπές]</span> <span class='ocrx_word' id='word_1_389' title='bbox 976 1508 1032 1534; x_wconf 87' lang='lat' dir='ltr'>Cic.</span> <span class='ocrx_word' id='word_1_390' title='bbox 1049 1507 1080 1533; x_wconf 87' lang='lat' dir='ltr'>de</span> <span class='ocrx_word' id='word_1_391' title='bbox 1094 1508 1130 1533; x_wconf 89' lang='lat' dir='ltr'>N.</span> <span class='ocrx_word' id='word_1_392' title='bbox 1147 1507 1179 1533; x_wconf 94' lang='lat' dir='ltr'>D.</span> <span class='ocrx_word' id='word_1_393' title='bbox 1198 1515 1228 1537; x_wconf 84' lang='lat'>2,</span> <span class='ocrx_word' id='word_1_394' title='bbox 1242 1510 1281 1537; x_wconf 78' lang='lat'>¹38</span> 
     </span>
     <span class='ocr_line' id='line_1_38' title="bbox 234 1542 1262 1584; baseline -0.01 -6"><span class='ocrx_word' id='word_1_395' title='bbox 234 1560 255 1578; x_wconf 86' lang='lat' dir='ltr'>c.</span> <span class='ocrx_word' id='word_1_396' title='bbox 264 1558 291 1584; x_wconf 79' lang='lat'>55</span> <span class='ocrx_word' id='word_1_397' title='bbox 306 1549 355 1576; x_wconf 86' lang='lat' dir='ltr'>Sed</span> <span class='ocrx_word' id='word_1_398' title='bbox 364 1556 449 1576; x_wconf 87' lang='lat' dir='ltr'>tamen</span> <span class='ocrx_word' id='word_1_399' title='bbox 459 1547 676 1583; x_wconf 87' lang='lat' dir='ltr'>praetereundum</span> <span class='ocrx_word' id='word_1_400' title='bbox 685 1546 730 1578; x_wconf 85' lang='lat' dir='ltr'>est,</span> <span class='ocrx_word' id='word_1_401' title='bbox 737 1555 770 1571; x_wconf 88' lang='lat' dir='ltr'>ne</span> <span class='ocrx_word' id='word_1_402' title='bbox 777 1545 843 1580; x_wconf 87' lang='lat' dir='ltr'>quid</span> <span class='ocrx_word' id='word_1_403' title='bbox 851 1545 947 1572; x_wconf 70' lang='lat' dir='ltr'>habeat</span> <span class='ocrx_word' id='word_1_404' title='bbox 957 1543 1157 1570; x_wconf 82' lang='lat' dir='ltr'>iniucunditatis</span> <span class='ocrx_word' id='word_1_405' title='bbox 1165 1542 1262 1569; x_wconf 89' lang='lat' dir='ltr'>oratio.</span> 
     </span>
     <span class='ocr_line' id='line_1_39' title="bbox 268 1578 1280 1616; baseline -0.009 -6"><span class='ocrx_word' id='word_1_406' title='bbox 268 1593 278 1611; x_wconf 91' lang='lat'>1</span> <span class='ocrx_word' id='word_1_407' title='bbox 288 1592 310 1610; x_wconf 70' lang='lat' dir='ltr'>N</span> <span class='ocrx_word' id='word_1_408' title='bbox 322 1594 328 1610; x_wconf 96' lang='grc' dir='ltr'>ι</span> <span class='ocrx_word' id='word_1_409' title='bbox 341 1593 361 1612; x_wconf 88' lang='grc' dir='ltr'><strong>ν</strong></span> <span class='ocrx_word' id='word_1_410' title='bbox 370 1591 406 1611; x_wconf 82' lang='lat' dir='ltr'>D]</span> <span class='ocrx_word' id='word_1_411' title='bbox 418 1590 434 1610; x_wconf 91' lang='lat' dir='ltr'>C</span> <span class='ocrx_word' id='word_1_412' title='bbox 445 1587 467 1611; x_wconf 74' lang='grc' dir='ltr'><strong>Ᾰ</strong></span> <span class='ocrx_word' id='word_1_413' title='bbox 476 1591 497 1611; x_wconf 81' lang='grc' dir='ltr'>Τ</span> <span class='ocrx_word' id='word_1_414' title='bbox 505 1591 525 1609; x_wconf 79' lang='lat' dir='ltr'>v</span> <span class='ocrx_word' id='word_1_415' title='bbox 535 1591 547 1610; x_wconf 83' lang='lat' dir='ltr'>S</span> <span class='ocrx_word' id='word_1_416' title='bbox 556 1603 564 1616; x_wconf 87' lang='lat'>‚</span> <span class='ocrx_word' id='word_1_417' title='bbox 596 1592 611 1609; x_wconf 86' lang='lat' dir='ltr'>a</span> <span class='ocrx_word' id='word_1_418' title='bbox 619 1602 626 1614; x_wconf 87' lang='lat'>,</span> <span class='ocrx_word' id='word_1_419' title='bbox 652 1592 705 1609; x_wconf 83' lang='lat' dir='ltr'>iun.</span> <span class='ocrx_word' id='word_1_420' title='bbox 740 1582 800 1608; x_wconf 89' lang='lat' dir='ltr'>Adi.</span> <span class='ocrx_word' id='word_1_421' title='bbox 838 1579 970 1614; x_wconf 69' lang='grc' dir='ltr'><strong><em>[α’ὃίκοιςος</em></strong></span> <span class='ocrx_word' id='word_1_422' title='bbox 978 1600 986 1612; x_wconf 89' lang='grc'>,</span> <span class='ocrx_word' id='word_1_423' title='bbox 1003 1579 1183 1614; x_wconf 51' lang='lat' dir='ltr'>dnm-coluerim]</span> <span class='ocrx_word' id='word_1_424' title='bbox 1221 1578 1280 1603; x_wconf 82' lang='lat' dir='ltr'>Non</span> 
     </span>
    </p>
   </div>
   <div class='ocr_carea' id='block_1_8' title="bbox 232 1612 1326 1657">
    <p class='ocr_par' dir='ltr' id='par_1_14' title="bbox 232 1612 1326 1657">
     <span class='ocr_line' id='line_1_40' title="bbox 232 1612 1326 1657; baseline -0.009 -10"><span class='ocrx_word' id='word_1_425' title='bbox 232 1621 341 1657; x_wconf 73' lang='lat' dir='ltr'>legitime</span> <span class='ocrx_word' id='word_1_426' title='bbox 355 1620 488 1646; x_wconf 72' lang='lat' dir='ltr'>iudicatus.</span> <span class='ocrx_word' id='word_1_427' title='bbox 524 1619 592 1644; x_wconf 81' lang='lat' dir='ltr'>Gell.</span> <span class='ocrx_word' id='word_1_428' title='bbox 610 1627 642 1650; x_wconf 83' lang='lat'>13,</span> <span class='ocrx_word' id='word_1_429' title='bbox 658 1627 683 1650; x_wconf 79' lang='lat'>²3</span> <span class='ocrx_word' id='word_1_430' title='bbox 704 1618 800 1643; x_wconf 83' lang='lat' dir='ltr'>Decem</span> <span class='ocrx_word' id='word_1_431' title='bbox 814 1615 971 1643; x_wconf 81' lang='lat' dir='ltr'>hominibus</span> <span class='ocrx_word' id='word_1_432' title='bbox 984 1615 1067 1641; x_wconf 87' lang='lat' dir='ltr'>vitam</span> <span class='ocrx_word' id='word_1_433' title='bbox 1081 1614 1172 1648; x_wconf 84' lang='lat' dir='ltr'>eripis,</span> <span class='ocrx_word' id='word_1_434' title='bbox 1182 1612 1280 1639; x_wconf 63' lang='lat' dir='ltr'>indieta</span> <span class='ocrx_word' id='word_1_435' title='bbox 1289 1623 1326 1648; x_wconf 89' lang='lat'>40</span> 
     </span>
    </p>
   </div>
   <div class='ocr_carea' id='block_1_9' title="bbox 777 1648 1282 1685">
    <p class='ocr_par' dir='ltr' id='par_1_15' title="bbox 777 1648 1282 1685">
     <span class='ocr_line' id='line_1_41' title="bbox 777 1648 1282 1685; baseline -0.01 -7"><span class='ocrx_word' id='word_1_436' title='bbox 777 1652 851 1678; x_wconf 85' lang='lat' dir='ltr'>Idem</span> <span class='ocrx_word' id='word_1_437' title='bbox 866 1660 887 1685; x_wconf 83' lang='lat'>5,</span> <span class='ocrx_word' id='word_1_438' title='bbox 903 1661 932 1677; x_wconf 85' lang='lat' dir='ltr'>io</span> <span class='ocrx_word' id='word_1_439' title='bbox 954 1652 1019 1677; x_wconf 76' lang='lat' dir='ltr'>Rem</span> <span class='ocrx_word' id='word_1_440' title='bbox 1032 1650 1205 1677; x_wconf 86' lang='lat' dir='ltr'>iniudicatam</span> <span class='ocrx_word' id='word_1_441' title='bbox 1219 1648 1282 1674; x_wconf 86' lang='lat' dir='ltr'>reli-</span> 
     </span>
    </p>
   </div>
   <div class='ocr_carea' id='block_1_10' title="bbox 1114 1684 1283 1717">
    <p class='ocr_par' dir='ltr' id='par_1_16' title="bbox 1114 1684 1283 1717">
     <span class='ocr_line' id='line_1_42' title="bbox 1114 1684 1283 1717; baseline -0.024 -4"><span class='ocrx_word' id='word_1_442' title='bbox 1114 1684 1183 1713; x_wconf 77' lang='lat' dir='ltr'>Add.</span> <span class='ocrx_word' id='word_1_443' title='bbox 1198 1684 1283 1717; x_wconf 61' lang='lat' dir='ltr'>Qan-</span> 
     </span>
    </p>
   </div>
   <div class='ocr_carea' id='block_1_11' title="bbox 233 1654 1281 1929">
    <p class='ocr_par' dir='ltr' id='par_1_17' title="bbox 234 1654 1029 1759">
     <span class='ocr_line' id='line_1_43' title="bbox 235 1654 697 1687; baseline -0.009 -5"><span class='ocrx_word' id='word_1_444' title='bbox 235 1657 325 1687; x_wconf 83' lang='lat' dir='ltr'>causa,</span> <span class='ocrx_word' id='word_1_445' title='bbox 346 1654 512 1685; x_wconf 84' lang='lat' dir='ltr'>iniudicatis,</span> <span class='ocrx_word' id='word_1_446' title='bbox 531 1654 697 1679; x_wconf 75' lang='lat' dir='ltr'>indemnatis.</span> 
     </span>
     <span class='ocr_line' id='line_1_44' title="bbox 234 1686 1029 1726; baseline -0.008 -8"><span class='ocrx_word' id='word_1_447' title='bbox 234 1697 364 1726; x_wconf 74' lang='lat' dir='ltr'>quemnr,</span> <span class='ocrx_word' id='word_1_448' title='bbox 383 1690 535 1723; x_wconf 81' lang='lat' dir='ltr'>causamque</span> <span class='ocrx_word' id='word_1_449' title='bbox 550 1688 577 1714; x_wconf 90' lang='lat' dir='ltr'>in</span> <span class='ocrx_word' id='word_1_450' title='bbox 589 1689 660 1713; x_wconf 88' lang='lat' dir='ltr'>diem</span> <span class='ocrx_word' id='word_1_451' title='bbox 676 1686 846 1721; x_wconf 65' lang='lat' dir='ltr'>longissimam</span> <span class='ocrx_word' id='word_1_452' title='bbox 860 1687 1029 1713; x_wconf 85' lang='lat' dir='ltr'>distulerunt.</span> 
     </span>
     <span class='ocr_line' id='line_1_45' title="bbox 235 1722 918 1759; baseline -0.009 -6"><span class='ocrx_word' id='word_1_453' title='bbox 235 1727 291 1754; x_wconf 64' lang='lat' dir='ltr'>Stil.</span> <span class='ocrx_word' id='word_1_454' title='bbox 306 1732 343 1757; x_wconf 80' lang='lat' dir='ltr'>io,</span> <span class='ocrx_word' id='word_1_455' title='bbox 359 1735 378 1757; x_wconf 87' lang='lat'>1,</span> <span class='ocrx_word' id='word_1_456' title='bbox 392 1728 425 1759; x_wconf 86' lang='lat'>67</span> <span class='ocrx_word' id='word_1_457' title='bbox 446 1724 475 1750; x_wconf 85' lang='lat' dir='ltr'>Id</span> <span class='ocrx_word' id='word_1_458' title='bbox 511 1738 554 1743; x_wconf 93' lang='lat'>—</span> <span class='ocrx_word' id='word_1_459' title='bbox 590 1722 767 1749; x_wconf 84' lang='lat' dir='ltr'>iniudicatum</span> <span class='ocrx_word' id='word_1_460' title='bbox 784 1722 918 1755; x_wconf 87' lang='lat' dir='ltr'>relinquo.</span> 
     </span>
    </p>

    <p class='ocr_par' dir='ltr' id='par_1_18' title="bbox 233 1754 1281 1929">
     <span class='ocr_line' id='line_1_46' title="bbox 272 1754 1281 1793; baseline -0.008 -6"><span class='ocrx_word' id='word_1_461' title='bbox 272 1769 282 1787; x_wconf 85' lang='grc' dir='ltr'>ι</span> <span class='ocrx_word' id='word_1_462' title='bbox 292 1767 313 1786; x_wconf 73' lang='grc' dir='ltr'>Ν</span> <span class='ocrx_word' id='word_1_463' title='bbox 323 1768 331 1785; x_wconf 93' lang='grc' dir='ltr'>ι</span> <span class='ocrx_word' id='word_1_464' title='bbox 343 1760 363 1787; x_wconf 56' lang='grc' dir='ltr'><strong>ὗ</strong></span> <span class='ocrx_word' id='word_1_465' title='bbox 372 1768 393 1787; x_wconf 88' lang='lat' dir='ltr'>G</span> <span class='ocrx_word' id='word_1_466' title='bbox 403 1768 419 1787; x_wconf 71' lang='grc' dir='ltr'>Ε</span> <span class='ocrx_word' id='word_1_467' title='bbox 429 1768 440 1785; x_wconf 74' lang='lat' dir='ltr'>s</span> <span class='ocrx_word' id='word_1_468' title='bbox 451 1779 459 1791; x_wconf 85' lang='lat'>,</span> <span class='ocrx_word' id='word_1_469' title='bbox 496 1756 617 1793; x_wconf 61' lang='grc' dir='ltr'>[ἄζυγες]</span> <span class='ocrx_word' id='word_1_470' title='bbox 654 1758 738 1784; x_wconf 81' lang='lat' dir='ltr'>Boues</span> <span class='ocrx_word' id='word_1_471' title='bbox 752 1756 870 1782; x_wconf 76' lang='lat' dir='ltr'>dicuntur</span> <span class='ocrx_word' id='word_1_472' title='bbox 883 1765 898 1782; x_wconf 83' lang='lat' dir='ltr'>a</span> <span class='ocrx_word' id='word_1_473' title='bbox 911 1755 1001 1785; x_wconf 84' lang='lat' dir='ltr'>Festo,</span> <span class='ocrx_word' id='word_1_474' title='bbox 1026 1755 1073 1788; x_wconf 87' lang='lat' dir='ltr'>qui</span> <span class='ocrx_word' id='word_1_475' title='bbox 1087 1754 1134 1780; x_wconf 88' lang='lat' dir='ltr'>sub</span> <span class='ocrx_word' id='word_1_476' title='bbox 1149 1755 1213 1787; x_wconf 81' lang='lat' dir='ltr'>iugo</span> <span class='ocrx_word' id='word_1_477' title='bbox 1225 1762 1281 1780; x_wconf 87' lang='lat' dir='ltr'>non</span> 
     </span>
     <span class='ocr_line' id='line_1_47' title="bbox 234 1793 825 1828; baseline -0.01 -5"><span class='ocrx_word' id='word_1_478' title='bbox 234 1797 349 1823; x_wconf 75' lang='lat' dir='ltr'>fuerunt.</span> <span class='ocrx_word' id='word_1_479' title='bbox 423 1795 542 1828; x_wconf 76' lang='lat' dir='ltr'>Fulgent.</span> <span class='ocrx_word' id='word_1_480' title='bbox 556 1793 588 1818; x_wconf 89' lang='lat' dir='ltr'>de</span> <span class='ocrx_word' id='word_1_481' title='bbox 602 1793 686 1826; x_wconf 75' lang='lat' dir='ltr'>priseo</span> <span class='ocrx_word' id='word_1_482' title='bbox 700 1794 775 1818; x_wconf 89' lang='lat' dir='ltr'>serm.</span> <span class='ocrx_word' id='word_1_483' title='bbox 788 1800 825 1818; x_wconf 85' lang='lat' dir='ltr'>io.</span> 
     </span>
     <span class='ocr_line' id='line_1_48' title="bbox 234 1823 1281 1861; baseline -0.009 -3"><span class='ocrx_word' id='word_1_484' title='bbox 234 1831 265 1858; x_wconf 85' lang='lat' dir='ltr'>de</span> <span class='ocrx_word' id='word_1_485' title='bbox 280 1832 397 1857; x_wconf 79' lang='lat' dir='ltr'>Deorum</span> <span class='ocrx_word' id='word_1_486' title='bbox 411 1829 515 1861; x_wconf 84' lang='lat' dir='ltr'>hymnis</span> <span class='ocrx_word' id='word_1_487' title='bbox 529 1827 627 1861; x_wconf 71' lang='lat' dir='ltr'>scripsit</span> <span class='ocrx_word' id='word_1_488' title='bbox 638 1847 646 1859; x_wconf 85' lang='lat'>‚</span> <span class='ocrx_word' id='word_1_489' title='bbox 665 1828 701 1853; x_wconf 86' lang='lat' dir='ltr'>ait</span> <span class='ocrx_word' id='word_1_490' title='bbox 715 1828 856 1852; x_wconf 88' lang='lat' dir='ltr'>Mineruae</span> <span class='ocrx_word' id='word_1_491' title='bbox 871 1826 975 1860; x_wconf 84' lang='lat' dir='ltr'>iniuges</span> <span class='ocrx_word' id='word_1_492' title='bbox 988 1826 1070 1851; x_wconf 89' lang='lat' dir='ltr'>boues</span> <span class='ocrx_word' id='word_1_493' title='bbox 1084 1824 1221 1850; x_wconf 80' lang='lat' dir='ltr'>sacrificari</span> <span class='ocrx_word' id='word_1_494' title='bbox 1231 1843 1240 1856; x_wconf 85' lang='grc'>,</span> <span class='ocrx_word' id='word_1_495' title='bbox 1255 1823 1281 1849; x_wconf 89' lang='lat' dir='ltr'>id</span> 
     </span>
     <span class='ocr_line' id='line_1_49' title="bbox 233 1859 1281 1901; baseline -0.009 -8"><span class='ocrx_word' id='word_1_496' title='bbox 233 1867 269 1894; x_wconf 89' lang='lat' dir='ltr'>est</span> <span class='ocrx_word' id='word_1_497' title='bbox 285 1867 375 1901; x_wconf 81' lang='lat' dir='ltr'>iugum</span> <span class='ocrx_word' id='word_1_498' title='bbox 390 1872 524 1897; x_wconf 87' lang='lat' dir='ltr'>nunquam</span> <span class='ocrx_word' id='word_1_499' title='bbox 538 1863 666 1899; x_wconf 73' lang='lat' dir='ltr'>ferentes,</span> <span class='ocrx_word' id='word_1_500' title='bbox 686 1861 732 1886; x_wconf 89' lang='lat' dir='ltr'>illa</span> <span class='ocrx_word' id='word_1_501' title='bbox 747 1861 873 1887; x_wconf 87' lang='lat' dir='ltr'>videlicet</span> <span class='ocrx_word' id='word_1_502' title='bbox 885 1861 917 1887; x_wconf 89' lang='lat' dir='ltr'>de</span> <span class='ocrx_word' id='word_1_503' title='bbox 932 1862 1006 1886; x_wconf 86' lang='lat' dir='ltr'>causa</span> <span class='ocrx_word' id='word_1_504' title='bbox 1016 1880 1024 1892; x_wconf 90' lang='lat'>,</span> <span class='ocrx_word' id='word_1_505' title='bbox 1042 1860 1112 1894; x_wconf 83' lang='lat' dir='ltr'>quod</span> <span class='ocrx_word' id='word_1_506' title='bbox 1128 1866 1152 1885; x_wconf 89' lang='lat' dir='ltr'>et</span> <span class='ocrx_word' id='word_1_507' title='bbox 1169 1859 1281 1893; x_wconf 82' lang='lat' dir='ltr'>virgini-</span> 
     </span>
     <span class='ocr_line' id='line_1_50' title="bbox 233 1894 1280 1929; baseline -0.011 0"><span class='ocrx_word' id='word_1_508' title='bbox 233 1909 273 1929; x_wconf 83' lang='lat' dir='ltr'>tas</span> <span class='ocrx_word' id='word_1_509' title='bbox 287 1903 376 1928; x_wconf 69' lang='lat' dir='ltr'>iuvum</span> <span class='ocrx_word' id='word_1_510' title='bbox 390 1899 486 1926; x_wconf 79' lang='lat' dir='ltr'>nesciat</span> <span class='ocrx_word' id='word_1_511' title='bbox 499 1897 631 1928; x_wconf 85' lang='lat' dir='ltr'>maritale,</span> <span class='ocrx_word' id='word_1_512' title='bbox 651 1902 677 1922; x_wconf 85' lang='lat' dir='ltr'>et</span> <span class='ocrx_word' id='word_1_513' title='bbox 690 1896 775 1921; x_wconf 86' lang='lat' dir='ltr'>virtus</span> <span class='ocrx_word' id='word_1_514' title='bbox 789 1904 927 1929; x_wconf 88' lang='lat' dir='ltr'>nunquam</span> <span class='ocrx_word' id='word_1_515' title='bbox 942 1895 971 1919; x_wconf 86' lang='lat' dir='ltr'>fit</span> <span class='ocrx_word' id='word_1_516' title='bbox 987 1895 1051 1928; x_wconf 82' lang='lat' dir='ltr'>iugo</span> <span class='ocrx_word' id='word_1_517' title='bbox 1069 1895 1199 1928; x_wconf 85' lang='lat' dir='ltr'>prementi</span> <span class='ocrx_word' id='word_1_518' title='bbox 1223 1894 1280 1919; x_wconf 89' lang='lat' dir='ltr'>sub-</span> 
     </span>
    </p>
   </div>
   <div class='ocr_carea' id='block_1_12' title="bbox 233 1923 1280 1969">
    <p class='ocr_par' dir='ltr' id='par_1_19' title="bbox 233 1923 1280 1969">
     <span class='ocr_line' id='line_1_51' title="bbox 233 1923 1280 1969; baseline -0.011 -5"><span class='ocrx_word' id='word_1_519' title='bbox 233 1923 330 1965; x_wconf 51' lang='lat' dir='ltr'>iecffaf&#39;</span> <span class='ocrx_word' id='word_1_520' title='bbox 384 1937 449 1961; x_wconf 71' lang='lat' dir='ltr'>Hae:</span> <span class='ocrx_word' id='word_1_521' title='bbox 466 1935 613 1969; x_wconf 72' lang='lat' dir='ltr'>Fulgentius.</span> <span class='ocrx_word' id='word_1_522' title='bbox 684 1930 753 1957; x_wconf 62' lang='grc' dir='ltr'>ΛΜ.</span> <span class='ocrx_word' id='word_1_523' title='bbox 767 1929 889 1956; x_wconf 78' lang='lat' dir='ltr'>Macrob.</span> <span class='ocrx_word' id='word_1_524' title='bbox 904 1931 954 1955; x_wconf 82' lang='lat' dir='ltr'>Sat.</span> <span class='ocrx_word' id='word_1_525' title='bbox 969 1937 990 1960; x_wconf 82' lang='grc'>3,</span> <span class='ocrx_word' id='word_1_526' title='bbox 1006 1937 1026 1959; x_wconf 90' lang='lat'>5.</span> <span class='ocrx_word' id='word_1_527' title='bbox 1098 1930 1194 1954; x_wconf 82' lang='lat' dir='ltr'>Versus</span> <span class='ocrx_word' id='word_1_528' title='bbox 1212 1928 1280 1953; x_wconf 72' lang='grc' dir='ltr'><em>α’συν-</em></span> 
     </span>
    </p>
   </div>
   <div class='ocr_carea' id='block_1_13' title="bbox 215 1962 1322 2006">
    <p class='ocr_par' dir='ltr' id='par_1_20' title="bbox 215 1962 1322 2006">
     <span class='ocr_line' id='line_1_52' title="bbox 215 1962 1322 2006; baseline -0.013 -6"><span class='ocrx_word' id='word_1_529' title='bbox 215 1998 217 2001; x_wconf 89' lang='grc'>.</span> <span class='ocrx_word' id='word_1_530' title='bbox 232 1972 300 2000; x_wconf 64' lang='grc' dir='ltr'><strong><em>δέτκς</em></strong></span> <span class='ocrx_word' id='word_1_531' title='bbox 315 1972 416 2005; x_wconf 76' lang='lat' dir='ltr'>iniuges</span> <span class='ocrx_word' id='word_1_532' title='bbox 429 1970 533 2006; x_wconf 76' lang='lat' dir='ltr'>appellat</span> <span class='ocrx_word' id='word_1_533' title='bbox 547 1965 689 1994; x_wconf 79' lang='lat' dir='ltr'>Diomedes</span> <span class='ocrx_word' id='word_1_534' title='bbox 704 1975 716 1998; x_wconf 86' lang='grc'>3</span> <span class='ocrx_word' id='word_1_535' title='bbox 732 1975 757 2000; x_wconf 87' lang='lat' dir='ltr'>p.</span> <span class='ocrx_word' id='word_1_536' title='bbox 767 1971 817 1997; x_wconf 81' lang='lat'>498</span> <span class='ocrx_word' id='word_1_537' title='bbox 848 1964 995 2004; x_wconf 28' lang='lat' dir='ltr'>Qiilnulla</span> <span class='ocrx_word' id='word_1_538' title='bbox 1015 1962 1214 1988; x_wconf 66' lang='lat' dir='ltr'>coniuntffionis</span> <span class='ocrx_word' id='word_1_539' title='bbox 1227 1962 1281 1993; x_wconf 80' lang='lat' dir='ltr'>Syl-</span> <span class='ocrx_word' id='word_1_540' title='bbox 1290 1965 1322 1989; x_wconf 79' lang='lat'>30</span> 
     </span>
    </p>
   </div>
   <div class='ocr_carea' id='block_1_14' title="bbox 232 1997 1282 2318">
    <p class='ocr_par' dir='ltr' id='par_1_21' title="bbox 232 1997 1282 2318">
     <span class='ocr_line' id='line_1_53' title="bbox 234 1997 1279 2041; baseline -0.012 -6"><span class='ocrx_word' id='word_1_541' title='bbox 234 2008 292 2036; x_wconf 87' lang='lat' dir='ltr'>laba</span> <span class='ocrx_word' id='word_1_542' title='bbox 312 2007 482 2041; x_wconf 81' lang='lat' dir='ltr'>copulantur,</span> <span class='ocrx_word' id='word_1_543' title='bbox 502 2004 576 2033; x_wconf 81' lang='lat' dir='ltr'>sicut,</span> <span class='ocrx_word' id='word_1_544' title='bbox 595 2002 714 2029; x_wconf 65' lang='lat' dir='ltr'>Teehnu</span> <span class='ocrx_word' id='word_1_545' title='bbox 733 2001 889 2035; x_wconf 75' lang='lat' dir='ltr'>augustum,</span> <span class='ocrx_word' id='word_1_546' title='bbox 909 2008 1017 2033; x_wconf 76' lang='lat' dir='ltr'>ingens,</span> <span class='ocrx_word' id='word_1_547' title='bbox 1042 2005 1147 2024; x_wconf 84' lang='lat' dir='ltr'>centum</span> <span class='ocrx_word' id='word_1_548' title='bbox 1166 1997 1279 2023; x_wconf 85' lang='lat' dir='ltr'>sublime</span> 
     </span>
     <span class='ocr_line' id='line_1_54' title="bbox 233 2035 1059 2072; baseline -0.015 -1"><span class='ocrx_word' id='word_1_549' title='bbox 233 2044 371 2072; x_wconf 79' lang='lat' dir='ltr'>columnis.</span> <span class='ocrx_word' id='word_1_550' title='bbox 422 2041 519 2067; x_wconf 85' lang='lat' dir='ltr'>Nullus</span> <span class='ocrx_word' id='word_1_551' title='bbox 535 2040 608 2065; x_wconf 85' lang='lat' dir='ltr'>enim</span> <span class='ocrx_word' id='word_1_552' title='bbox 621 2036 818 2064; x_wconf 73' lang='lat' dir='ltr'>coniunffionis</span> <span class='ocrx_word' id='word_1_553' title='bbox 837 2045 919 2062; x_wconf 72' lang='lat' dir='ltr'>nexus</span> <span class='ocrx_word' id='word_1_554' title='bbox 932 2035 1059 2060; x_wconf 80' lang='lat' dir='ltr'>occursat.</span> 
     </span>
     <span class='ocr_line' id='line_1_55' title="bbox 271 2071 842 2105; baseline -0.014 0"><span class='ocrx_word' id='word_1_555' title='bbox 271 2078 522 2105; x_wconf 66' lang='lat' dir='ltr'>1N1VGA”&#39;rvs‚</span> <span class='ocrx_word' id='word_1_556' title='bbox 542 2084 570 2105; x_wconf 82' lang='lat' dir='ltr'>a,</span> <span class='ocrx_word' id='word_1_557' title='bbox 591 2083 645 2100; x_wconf 88' lang='lat' dir='ltr'>um.</span> <span class='ocrx_word' id='word_1_558' title='bbox 667 2073 727 2099; x_wconf 82' lang='lat' dir='ltr'>Adi.</span> <span class='ocrx_word' id='word_1_559' title='bbox 765 2071 842 2099; x_wconf 81' lang='lat' dir='ltr'>Idem.</span> 
     </span>
     <span class='ocr_line' id='line_1_56' title="bbox 232 2108 732 2142; baseline -0.016 0"><span class='ocrx_word' id='word_1_560' title='bbox 232 2115 251 2142; x_wconf 88' lang='lat' dir='ltr'>l.</span> <span class='ocrx_word' id='word_1_561' title='bbox 266 2124 272 2141; x_wconf 93' lang='grc' dir='ltr'>ι</span> <span class='ocrx_word' id='word_1_562' title='bbox 294 2114 388 2140; x_wconf 86' lang='lat' dir='ltr'>Vinxit</span> <span class='ocrx_word' id='word_1_563' title='bbox 400 2112 431 2139; x_wconf 91' lang='lat' dir='ltr'>ad</span> <span class='ocrx_word' id='word_1_564' title='bbox 442 2111 513 2138; x_wconf 85' lang='lat' dir='ltr'>tauri</span> <span class='ocrx_word' id='word_1_565' title='bbox 526 2109 591 2136; x_wconf 87' lang='lat' dir='ltr'>latus</span> <span class='ocrx_word' id='word_1_566' title='bbox 611 2108 732 2141; x_wconf 76' lang='lat' dir='ltr'>iniugati.</span> 
     </span>
     <span class='ocr_line' id='line_1_57' title="bbox 271 2148 553 2180; baseline -0.014 -5"><span class='ocrx_word' id='word_1_567' title='bbox 271 2154 469 2180; x_wconf 73' lang='lat' dir='ltr'>1N1VNGO,</span> <span class='ocrx_word' id='word_1_568' title='bbox 500 2148 553 2172; x_wconf 68' lang='lat' dir='ltr'>ere.</span> 
     </span>
     <span class='ocr_line' id='line_1_58' title="bbox 233 2173 1282 2220; baseline -0.016 -8"><span class='ocrx_word' id='word_1_569' title='bbox 233 2194 295 2220; x_wconf 80' lang='lat' dir='ltr'>gere</span> <span class='ocrx_word' id='word_1_570' title='bbox 309 2184 409 2220; x_wconf 87' lang='lat' dir='ltr'>pondus</span> <span class='ocrx_word' id='word_1_571' title='bbox 422 2182 508 2209; x_wconf 87' lang='lat' dir='ltr'>bobus</span> <span class='ocrx_word' id='word_1_572' title='bbox 539 2179 669 2207; x_wconf 82' lang='lat' dir='ltr'>Columel.</span> <span class='ocrx_word' id='word_1_573' title='bbox 684 2181 708 2209; x_wconf 86' lang='lat'>6,</span> <span class='ocrx_word' id='word_1_574' title='bbox 722 2187 747 2210; x_wconf 75' lang='lat'>2,</span> <span class='ocrx_word' id='word_1_575' title='bbox 761 2185 787 2211; x_wconf 84' lang='lat'>7.</span> <span class='ocrx_word' id='word_1_576' title='bbox 881 2178 954 2202; x_wconf 82' lang='lat' dir='ltr'>Idem</span> <span class='ocrx_word' id='word_1_577' title='bbox 969 2184 991 2208; x_wconf 72' lang='grc' dir='ltr'>ς,</span> <span class='ocrx_word' id='word_1_578' title='bbox 1029 2195 1034 2202; x_wconf 93' lang='grc'><strong><em>.</em></strong></span> <span class='ocrx_word' id='word_1_579' title='bbox 1074 2195 1080 2202; x_wconf 84' lang='grc'>,</span> <span class='ocrx_word' id='word_1_580' title='bbox 1118 2175 1210 2208; x_wconf 74' lang='lat' dir='ltr'>ltaque</span> <span class='ocrx_word' id='word_1_581' title='bbox 1224 2173 1282 2208; x_wconf 81' lang='lat' dir='ltr'>pin-</span> 
     </span>
     <span class='ocr_line' id='line_1_59' title="bbox 232 2210 1281 2255; baseline -0.013 -7"><span class='ocrx_word' id='word_1_582' title='bbox 232 2222 279 2255; x_wconf 80' lang='lat' dir='ltr'>gui</span> <span class='ocrx_word' id='word_1_583' title='bbox 293 2228 362 2247; x_wconf 85' lang='lat' dir='ltr'>terra</span> <span class='ocrx_word' id='word_1_584' title='bbox 375 2219 480 2253; x_wconf 79' lang='lat' dir='ltr'>singulis</span> <span class='ocrx_word' id='word_1_585' title='bbox 493 2216 607 2244; x_wconf 80' lang='lat' dir='ltr'>brachiis</span> <span class='ocrx_word' id='word_1_586' title='bbox 620 2214 711 2241; x_wconf 75' lang='lat' dir='ltr'>licebit</span> <span class='ocrx_word' id='word_1_587' title='bbox 725 2214 786 2239; x_wconf 88' lang='lat' dir='ltr'>bina</span> <span class='ocrx_word' id='word_1_588' title='bbox 800 2212 941 2245; x_wconf 83' lang='lat' dir='ltr'>iniungere</span> <span class='ocrx_word' id='word_1_589' title='bbox 956 2211 1066 2245; x_wconf 79' lang='lat' dir='ltr'>flagella.</span> <span class='ocrx_word' id='word_1_590' title='bbox 1127 2210 1281 2248; x_wconf 63' lang='lat' dir='ltr'>Adhmgcrf.</span> 
     </span>
     <span class='ocr_line' id='line_1_60' title="bbox 234 2244 1281 2289; baseline -0.013 -6"><span class='ocrx_word' id='word_1_591' title='bbox 234 2257 295 2284; x_wconf 89' lang='lat' dir='ltr'>Liu.</span> <span class='ocrx_word' id='word_1_592' title='bbox 309 2265 337 2289; x_wconf 87' lang='lat'>4,</span> <span class='ocrx_word' id='word_1_593' title='bbox 353 2264 380 2288; x_wconf 87' lang='lat'>19</span> <span class='ocrx_word' id='word_1_594' title='bbox 403 2253 500 2281; x_wconf 88' lang='lat' dir='ltr'>Consul</span> <span class='ocrx_word' id='word_1_595' title='bbox 514 2260 591 2278; x_wconf 85' lang='lat' dir='ltr'>muro</span> <span class='ocrx_word' id='word_1_596' title='bbox 607 2250 743 2277; x_wconf 75' lang='lat' dir='ltr'>brachium</span> <span class='ocrx_word' id='word_1_597' title='bbox 759 2247 884 2274; x_wconf 80' lang='lat' dir='ltr'>iniunxit.</span> <span class='ocrx_word' id='word_1_598' title='bbox 926 2247 1101 2273; x_wconf 47' lang='lat' dir='ltr'>ladon-onon.</span> <span class='ocrx_word' id='word_1_599' title='bbox 1136 2244 1281 2271; x_wconf 65' lang='lat' dir='ltr'>Dictatori-</span> 
     </span>
     <span class='ocr_line' id='line_1_61' title="bbox 842 2279 1281 2318; baseline -0.009 -9"><span class='ocrx_word' id='word_1_600' title='bbox 842 2285 968 2317; x_wconf 86' lang='lat' dir='ltr'>Pompon.</span> <span class='ocrx_word' id='word_1_601' title='bbox 983 2282 1000 2308; x_wconf 74' lang='lat' dir='ltr'>l.</span> <span class='ocrx_word' id='word_1_602' title='bbox 1015 2291 1027 2307; x_wconf 90' lang='lat'>2</span> <span class='ocrx_word' id='word_1_603' title='bbox 1039 2280 1062 2318; x_wconf 76' lang='lat'>6.</span> <span class='ocrx_word' id='word_1_604' title='bbox 1077 2289 1104 2313; x_wconf 83' lang='lat'>¹9</span> <span class='ocrx_word' id='word_1_605' title='bbox 1118 2281 1149 2306; x_wconf 91' lang='lat' dir='ltr'>D.</span> <span class='ocrx_word' id='word_1_606' title='bbox 1166 2279 1197 2306; x_wconf 89' lang='lat' dir='ltr'>de</span> <span class='ocrx_word' id='word_1_607' title='bbox 1212 2280 1281 2313; x_wconf 85' lang='lat' dir='ltr'>orig.</span> 
     </span>
    </p>
   </div>
   <div class='ocr_carea' id='block_1_15' title="bbox 879 2067 1281 2103">
    <p class='ocr_par' dir='ltr' id='par_1_22' title="bbox 879 2067 1281 2103">
     <span class='ocr_line' id='line_1_62' title="bbox 879 2067 1281 2103; baseline -0.005 -7"><span class='ocrx_word' id='word_1_608' title='bbox 879 2070 1002 2097; x_wconf 81' lang='lat' dir='ltr'>Sidonius</span> <span class='ocrx_word' id='word_1_609' title='bbox 1016 2071 1104 2096; x_wconf 88' lang='lat' dir='ltr'>Carm.</span> <span class='ocrx_word' id='word_1_610' title='bbox 1119 2068 1166 2095; x_wconf 85' lang='lat' dir='ltr'>sub</span> <span class='ocrx_word' id='word_1_611' title='bbox 1179 2067 1281 2103; x_wconf 83' lang='lat' dir='ltr'>Ep.v}t.</span> 
     </span>
    </p>
   </div>
   <div class='ocr_carea' id='block_1_16' title="bbox 234 2286 1283 2716">
    <p class='ocr_par' dir='ltr' id='par_1_23' title="bbox 234 2286 1283 2716">
     <span class='ocr_line' id='line_1_63' title="bbox 235 2286 784 2326; baseline -0.015 -8"><span class='ocrx_word' id='word_1_612' title='bbox 235 2293 285 2319; x_wconf 82' lang='lat' dir='ltr'>bus</span> <span class='ocrx_word' id='word_1_613' title='bbox 298 2291 415 2326; x_wconf 81' lang='lat' dir='ltr'>magistri</span> <span class='ocrx_word' id='word_1_614' title='bbox 429 2289 549 2324; x_wconf 84' lang='lat' dir='ltr'>equitum</span> <span class='ocrx_word' id='word_1_615' title='bbox 570 2286 784 2320; x_wconf 76' lang='lat' dir='ltr'>iniungebantur.</span> 
     </span>
     <span class='ocr_line' id='line_1_64' title="bbox 235 2328 314 2355; baseline -0.025 0"><span class='ocrx_word' id='word_1_616' title='bbox 235 2328 314 2355; x_wconf 78' lang='lat' dir='ltr'>Iuris.</span> 
     </span>
     <span class='ocr_line' id='line_1_65' title="bbox 234 2351 1282 2397; baseline -0.013 -8"><span class='ocrx_word' id='word_1_617' title='bbox 234 2361 468 2397; x_wconf 51' lang='lat' dir='ltr'>Itemfimph&#39;citcm</span> <span class='ocrx_word' id='word_1_618' title='bbox 489 2367 534 2396; x_wconf 81' lang='lat' dir='ltr'>pro</span> <span class='ocrx_word' id='word_1_619' title='bbox 550 2360 682 2394; x_wconf 58' lang='lat' dir='ltr'>Iniungo-e</span> <span class='ocrx_word' id='word_1_620' title='bbox 697 2365 794 2383; x_wconf 81' lang='lat' dir='ltr'>munus.</span> <span class='ocrx_word' id='word_1_621' title='bbox 830 2355 896 2381; x_wconf 89' lang='lat' dir='ltr'>Plin.</span> <span class='ocrx_word' id='word_1_622' title='bbox 911 2353 988 2388; x_wconf 87' lang='lat' dir='ltr'>Epist.</span> <span class='ocrx_word' id='word_1_623' title='bbox 1005 2361 1043 2385; x_wconf 75' lang='grc' dir='ltr'>ιο,</span> <span class='ocrx_word' id='word_1_624' title='bbox 1057 2359 1083 2385; x_wconf 76' lang='lat'>53</span> <span class='ocrx_word' id='word_1_625' title='bbox 1112 2353 1182 2377; x_wconf 86' lang='lat' dir='ltr'>Inter</span> <span class='ocrx_word' id='word_1_626' title='bbox 1196 2351 1282 2385; x_wconf 88' lang='lat' dir='ltr'>prima</span> 
     </span>
     <span class='ocr_line' id='line_1_66' title="bbox 234 2386 1280 2433; baseline -0.013 -8"><span class='ocrx_word' id='word_1_627' title='bbox 234 2399 347 2433; x_wconf 83' lang='lat' dir='ltr'>iniungo</span> <span class='ocrx_word' id='word_1_628' title='bbox 362 2396 439 2423; x_wconf 85' lang='lat' dir='ltr'>mihi.</span> <span class='ocrx_word' id='word_1_629' title='bbox 533 2394 593 2420; x_wconf 87' lang='lat' dir='ltr'>Liu.</span> <span class='ocrx_word' id='word_1_630' title='bbox 607 2400 646 2425; x_wconf 58' lang='lat'>2¹³,</span> <span class='ocrx_word' id='word_1_631' title='bbox 662 2395 692 2425; x_wconf 78' lang='lat'>36</span> <span class='ocrx_word' id='word_1_632' title='bbox 720 2392 746 2419; x_wconf 88' lang='lat' dir='ltr'>Si</span> <span class='ocrx_word' id='word_1_633' title='bbox 778 2390 844 2426; x_wconf 87' lang='lat' dir='ltr'>quid</span> <span class='ocrx_word' id='word_1_634' title='bbox 878 2390 1019 2423; x_wconf 77' lang='lat' dir='ltr'>iniungere</span> <span class='ocrx_word' id='word_1_635' title='bbox 1050 2387 1178 2413; x_wconf 86' lang='lat' dir='ltr'>inferiori</span> <span class='ocrx_word' id='word_1_636' title='bbox 1204 2386 1280 2412; x_wconf 86' lang='lat' dir='ltr'>velis.</span> 
     </span>
     <span class='ocr_line' id='line_1_67' title="bbox 234 2422 1282 2461; baseline -0.015 0"><span class='ocrx_word' id='word_1_637' title='bbox 234 2434 304 2461; x_wconf 58' lang='lat' dir='ltr'>Vitii.</span> <span class='ocrx_word' id='word_1_638' title='bbox 320 2433 351 2459; x_wconf 86' lang='lat' dir='ltr'>de</span> <span class='ocrx_word' id='word_1_639' title='bbox 364 2433 435 2459; x_wconf 81' lang='lat' dir='ltr'>Viris</span> <span class='ocrx_word' id='word_1_640' title='bbox 449 2430 545 2458; x_wconf 83' lang='lat' dir='ltr'>Illustr.</span> <span class='ocrx_word' id='word_1_641' title='bbox 560 2439 581 2455; x_wconf 83' lang='lat' dir='ltr'>c.</span> <span class='ocrx_word' id='word_1_642' title='bbox 595 2438 626 2461; x_wconf 87' lang='lat'>50</span> <span class='ocrx_word' id='word_1_643' title='bbox 658 2430 755 2454; x_wconf 87' lang='lat' dir='ltr'>Iterum</span> <span class='ocrx_word' id='word_1_644' title='bbox 780 2435 841 2452; x_wconf 89' lang='lat' dir='ltr'>cum</span> <span class='ocrx_word' id='word_1_645' title='bbox 859 2425 972 2452; x_wconf 83' lang='lat' dir='ltr'>Claudio</span> <span class='ocrx_word' id='word_1_646' title='bbox 986 2424 1094 2450; x_wconf 87' lang='lat' dir='ltr'>Nerone</span> <span class='ocrx_word' id='word_1_647' title='bbox 1109 2422 1221 2460; x_wconf 76' lang='lat' dir='ltr'>inimico</span> <span class='ocrx_word' id='word_1_648' title='bbox 1236 2422 1282 2448; x_wconf 80' lang='lat' dir='ltr'>suo</span> 
     </span>
     <span class='ocr_line' id='line_1_68' title="bbox 234 2458 1281 2501; baseline -0.014 -5"><span class='ocrx_word' id='word_1_649' title='bbox 234 2470 348 2500; x_wconf 88' lang='lat' dir='ltr'>Consul,</span> <span class='ocrx_word' id='word_1_650' title='bbox 367 2477 400 2495; x_wconf 89' lang='lat' dir='ltr'>ne</span> <span class='ocrx_word' id='word_1_651' title='bbox 417 2466 540 2501; x_wconf 78' lang='lat' dir='ltr'>Respubl.</span> <span class='ocrx_word' id='word_1_652' title='bbox 561 2465 691 2491; x_wconf 77' lang='lat' dir='ltr'>discordia</span> <span class='ocrx_word' id='word_1_653' title='bbox 710 2464 778 2490; x_wconf 87' lang='lat' dir='ltr'>male</span> <span class='ocrx_word' id='word_1_654' title='bbox 799 2461 1043 2491; x_wconf 83' lang='lat' dir='ltr'>administraretur,</span> <span class='ocrx_word' id='word_1_655' title='bbox 1061 2458 1205 2496; x_wconf 80' lang='lat' dir='ltr'>amicitiam</span> <span class='ocrx_word' id='word_1_656' title='bbox 1220 2465 1281 2495; x_wconf 73' lang='lat' dir='ltr'>cuin</span> 
     </span>
     <span class='ocr_line' id='line_1_69' title="bbox 234 2492 1281 2534; baseline -0.014 -3"><span class='ocrx_word' id='word_1_657' title='bbox 234 2515 267 2532; x_wconf 87' lang='lat' dir='ltr'>eo</span> <span class='ocrx_word' id='word_1_658' title='bbox 289 2504 420 2534; x_wconf 75' lang='lat' dir='ltr'>iniunxit,</span> <span class='ocrx_word' id='word_1_659' title='bbox 452 2508 477 2528; x_wconf 90' lang='lat' dir='ltr'>et</span> <span class='ocrx_word' id='word_1_660' title='bbox 502 2500 534 2528; x_wconf 87' lang='lat' dir='ltr'>de</span> <span class='ocrx_word' id='word_1_661' title='bbox 556 2499 703 2527; x_wconf 67' lang='lat' dir='ltr'>Asdrubale</span> <span class='ocrx_word' id='word_1_662' title='bbox 725 2497 912 2532; x_wconf 84' lang='lat' dir='ltr'>triumphauit.</span> <span class='ocrx_word' id='word_1_663' title='bbox 935 2495 982 2532; x_wconf 77' lang='lat' dir='ltr'>scd</span> <span class='ocrx_word' id='word_1_664' title='bbox 1005 2504 1063 2521; x_wconf 67' lang='lat' dir='ltr'>uera</span> <span class='ocrx_word' id='word_1_665' title='bbox 1089 2492 1162 2519; x_wconf 69' lang='lat' dir='ltr'>leftm</span> <span class='ocrx_word' id='word_1_666' title='bbox 1183 2498 1281 2518; x_wconf 85' lang='lat' dir='ltr'>iunxit.</span> 
     </span>
     <span class='ocr_line' id='line_1_70' title="bbox 235 2526 1281 2571; baseline -0.015 -3"><span class='ocrx_word' id='word_1_667' title='bbox 235 2541 365 2568; x_wconf 82' lang='lat' dir='ltr'>Arborem</span> <span class='ocrx_word' id='word_1_668' title='bbox 380 2538 465 2566; x_wconf 85' lang='lat' dir='ltr'>scrobi</span> <span class='ocrx_word' id='word_1_669' title='bbox 480 2538 633 2571; x_wconf 79' lang='lat' dir='ltr'>iniungere,</span> <span class='ocrx_word' id='word_1_670' title='bbox 654 2539 672 2562; x_wconf 78' lang='lat' dir='ltr'>i.</span> <span class='ocrx_word' id='word_1_671' title='bbox 685 2539 712 2561; x_wconf 82' lang='lat' dir='ltr'>in</span> <span class='ocrx_word' id='word_1_672' title='bbox 727 2544 754 2561; x_wconf 81' lang='lat' dir='ltr'>ea</span> <span class='ocrx_word' id='word_1_673' title='bbox 763 2535 884 2570; x_wconf 76' lang='lat' dir='ltr'>plantare</span> <span class='ocrx_word' id='word_1_674' title='bbox 916 2532 976 2558; x_wconf 79' lang='lat' dir='ltr'>Pall.</span> <span class='ocrx_word' id='word_1_675' title='bbox 989 2530 1052 2557; x_wconf 85' lang='lat' dir='ltr'>Feb.</span> <span class='ocrx_word' id='word_1_676' title='bbox 1067 2538 1106 2561; x_wconf 85' lang='lat' dir='ltr'>io,</span> <span class='ocrx_word' id='word_1_677' title='bbox 1122 2538 1151 2568; x_wconf 42' lang='grc' dir='ltr'>ι..</span> <span class='ocrx_word' id='word_1_678' title='bbox 1211 2526 1281 2554; x_wconf 76' lang='lat' dir='ltr'>Add.</span> 
     </span>
     <span class='ocr_line' id='line_1_71' title="bbox 234 2564 1280 2608; baseline -0.014 -5"><span class='ocrx_word' id='word_1_679' title='bbox 234 2577 296 2603; x_wconf 89' lang='lat' dir='ltr'>Pall.</span> <span class='ocrx_word' id='word_1_680' title='bbox 313 2585 332 2608; x_wconf 90' lang='lat'>1,</span> <span class='ocrx_word' id='word_1_681' title='bbox 347 2577 373 2607; x_wconf 87' lang='lat'>6,</span> <span class='ocrx_word' id='word_1_682' title='bbox 386 2583 408 2608; x_wconf 87' lang='lat'>5.</span> <span class='ocrx_word' id='word_1_683' title='bbox 506 2573 577 2598; x_wconf 76' lang='lat' dir='ltr'>Brut.</span> <span class='ocrx_word' id='word_1_684' title='bbox 592 2572 623 2598; x_wconf 83' lang='lat' dir='ltr'>ad</span> <span class='ocrx_word' id='word_1_685' title='bbox 637 2572 692 2598; x_wconf 85' lang='lat' dir='ltr'>Cic.</span> <span class='ocrx_word' id='word_1_686' title='bbox 705 2572 778 2597; x_wconf 87' lang='lat' dir='ltr'>Fam.</span> <span class='ocrx_word' id='word_1_687' title='bbox 799 2577 831 2601; x_wconf 86' lang='lat'>11,</span> <span class='ocrx_word' id='word_1_688' title='bbox 853 2577 877 2600; x_wconf 83' lang='lat'>13</span> <span class='ocrx_word' id='word_1_689' title='bbox 909 2568 983 2594; x_wconf 88' lang='lat' dir='ltr'>Tam</span> <span class='ocrx_word' id='word_1_690' title='bbox 1008 2566 1024 2592; x_wconf 82' lang='lat' dir='ltr'>si</span> <span class='ocrx_word' id='word_1_691' title='bbox 1044 2574 1098 2601; x_wconf 87' lang='lat' dir='ltr'>quo</span> <span class='ocrx_word' id='word_1_692' title='bbox 1118 2570 1198 2591; x_wconf 84' lang='lat' dir='ltr'>etiam</span> <span class='ocrx_word' id='word_1_693' title='bbox 1221 2564 1280 2588; x_wconf 88' lang='lat' dir='ltr'>casu</span> 
     </span>
     <span class='ocr_line' id='line_1_72' title="bbox 236 2599 1280 2641; baseline -0.014 -3"><span class='ocrx_word' id='word_1_694' title='bbox 236 2613 332 2639; x_wconf 78' lang='lat' dir='ltr'>Isaram</span> <span class='ocrx_word' id='word_1_695' title='bbox 347 2612 371 2636; x_wconf 87' lang='lat' dir='ltr'>se</span> <span class='ocrx_word' id='word_1_696' title='bbox 385 2608 553 2640; x_wconf 86' lang='lat' dir='ltr'>traiecerint,</span> <span class='ocrx_word' id='word_1_697' title='bbox 573 2616 605 2633; x_wconf 87' lang='lat' dir='ltr'>ne</span> <span class='ocrx_word' id='word_1_698' title='bbox 620 2606 692 2641; x_wconf 77' lang='lat' dir='ltr'>quod</span> <span class='ocrx_word' id='word_1_699' title='bbox 705 2606 897 2632; x_wconf 78' lang='lat' dir='ltr'>detrimentum</span> <span class='ocrx_word' id='word_1_700' title='bbox 911 2602 1034 2638; x_wconf 84' lang='lat' dir='ltr'>Reipubl.</span> <span class='ocrx_word' id='word_1_701' title='bbox 1051 2601 1198 2634; x_wconf 66' lang='lat' dir='ltr'>iniungant,</span> <span class='ocrx_word' id='word_1_702' title='bbox 1214 2599 1280 2638; x_wconf 79' lang='lat' dir='ltr'>sum-</span> 
     </span>
     <span class='ocr_line' id='line_1_73' title="bbox 235 2635 1283 2677; baseline -0.014 -3"><span class='ocrx_word' id='word_1_703' title='bbox 235 2657 279 2674; x_wconf 88' lang='lat' dir='ltr'>ma</span> <span class='ocrx_word' id='word_1_704' title='bbox 292 2656 305 2673; x_wconf 91' lang='lat' dir='ltr'>a</span> <span class='ocrx_word' id='word_1_705' title='bbox 318 2646 395 2673; x_wconf 82' lang='lat' dir='ltr'>nobis</span> <span class='ocrx_word' id='word_1_706' title='bbox 407 2644 514 2670; x_wconf 81' lang='lat' dir='ltr'>dabitur</span> <span class='ocrx_word' id='word_1_707' title='bbox 527 2651 614 2677; x_wconf 77' lang='lat' dir='ltr'>opera.</span> <span class='ocrx_word' id='word_1_708' title='bbox 685 2642 757 2668; x_wconf 80' lang='lat' dir='ltr'>Caes.</span> <span class='ocrx_word' id='word_1_709' title='bbox 773 2641 801 2666; x_wconf 83' lang='lat' dir='ltr'>B.</span> <span class='ocrx_word' id='word_1_710' title='bbox 816 2641 845 2666; x_wconf 89' lang='lat' dir='ltr'>C.</span> <span class='ocrx_word' id='word_1_711' title='bbox 860 2648 879 2672; x_wconf 85' lang='grc' dir='ltr'>ι,</span> <span class='ocrx_word' id='word_1_712' title='bbox 915 2659 921 2665; x_wconf 93' lang='grc'><em>.</em></span> <span class='ocrx_word' id='word_1_713' title='bbox 958 2658 965 2665; x_wconf 86' lang='grc'><strong>.</strong></span> <span class='ocrx_word' id='word_1_714' title='bbox 1002 2639 1069 2664; x_wconf 90' lang='lat' dir='ltr'>Cum</span> <span class='ocrx_word' id='word_1_715' title='bbox 1090 2635 1215 2662; x_wconf 85' lang='lat' dir='ltr'>omnibus</span> <span class='ocrx_word' id='word_1_716' title='bbox 1233 2642 1283 2660; x_wconf 80' lang='lat' dir='ltr'>ini-</span> 
     </span>
     <span class='ocr_line' id='line_1_74' title="bbox 235 2669 1282 2716; baseline -0.013 -7"><span class='ocrx_word' id='word_1_717' title='bbox 235 2683 313 2710; x_wconf 85' lang='lat' dir='ltr'>micis</span> <span class='ocrx_word' id='word_1_718' title='bbox 328 2682 354 2708; x_wconf 90' lang='lat' dir='ltr'>in</span> <span class='ocrx_word' id='word_1_719' title='bbox 369 2680 479 2716; x_wconf 81' lang='lat' dir='ltr'>gratiam</span> <span class='ocrx_word' id='word_1_720' title='bbox 494 2678 623 2709; x_wconf 83' lang='lat' dir='ltr'>redierat,</span> <span class='ocrx_word' id='word_1_721' title='bbox 643 2685 759 2711; x_wconf 83' lang='lat' dir='ltr'>quorum</span> <span class='ocrx_word' id='word_1_722' title='bbox 774 2676 819 2701; x_wconf 87' lang='lat' dir='ltr'>ille</span> <span class='ocrx_word' id='word_1_723' title='bbox 832 2674 976 2700; x_wconf 80' lang='lat' dir='ltr'>maximam</span> <span class='ocrx_word' id='word_1_724' title='bbox 992 2672 1090 2707; x_wconf 82' lang='lat' dir='ltr'>partem</span> <span class='ocrx_word' id='word_1_725' title='bbox 1105 2672 1152 2698; x_wconf 90' lang='lat' dir='ltr'>illo</span> <span class='ocrx_word' id='word_1_726' title='bbox 1171 2669 1282 2696; x_wconf 83' lang='lat' dir='ltr'>affinita-</span> 
     </span>
    </p>
   </div>
   <div class='ocr_carea' id='block_1_17' title="bbox 234 2706 1284 2816">
    <p class='ocr_par' dir='ltr' id='par_1_24' title="bbox 234 2706 1284 2816">
     <span class='ocr_line' id='line_1_75' title="bbox 234 2706 1283 2751; baseline -0.013 -6"><span class='ocrx_word' id='word_1_727' title='bbox 234 2719 269 2746; x_wconf 74' lang='lat' dir='ltr'>tis</span> <span class='ocrx_word' id='word_1_728' title='bbox 282 2724 401 2751; x_wconf 85' lang='lat' dir='ltr'>tempore</span> <span class='ocrx_word' id='word_1_729' title='bbox 416 2716 564 2742; x_wconf 77' lang='lat' dir='ltr'>iniunxerat</span> <span class='ocrx_word' id='word_1_730' title='bbox 579 2712 693 2739; x_wconf 80' lang='lat' dir='ltr'>Caesari.</span> <span class='ocrx_word' id='word_1_731' title='bbox 802 2711 930 2736; x_wconf 79' lang='lat' dir='ltr'>Iniuriam</span> <span class='ocrx_word' id='word_1_732' title='bbox 964 2710 1024 2735; x_wconf 88' lang='lat' dir='ltr'>Liu.</span> <span class='ocrx_word' id='word_1_733' title='bbox 1038 2717 1061 2740; x_wconf 74' lang='lat'>3,</span> <span class='ocrx_word' id='word_1_734' title='bbox 1074 2711 1104 2740; x_wconf 90' lang='lat'>65</span> <span class='ocrx_word' id='word_1_735' title='bbox 1118 2714 1182 2733; x_wconf 80' lang='lat' dir='ltr'>extr.</span> <span class='ocrx_word' id='word_1_736' title='bbox 1224 2706 1283 2732; x_wconf 69' lang='lat' dir='ltr'>Vni.</span> 
     </span>
     <span class='ocr_line' id='line_1_76' title="bbox 236 2741 1284 2782; baseline -0.013 -2"><span class='ocrx_word' id='word_1_737' title='bbox 236 2763 293 2782; x_wconf 86' lang='lat' dir='ltr'>mox</span> <span class='ocrx_word' id='word_1_738' title='bbox 305 2756 331 2779; x_wconf 78' lang='lat' dir='ltr'>in</span> <span class='ocrx_word' id='word_1_739' title='bbox 357 2761 402 2778; x_wconf 75' lang='lat' dir='ltr'>nze.</span> <span class='ocrx_word' id='word_1_740' title='bbox 505 2748 639 2776; x_wconf 71' lang='lat' dir='ltr'>Laborem</span> <span class='ocrx_word' id='word_1_741' title='bbox 653 2746 736 2773; x_wconf 82' lang='lat' dir='ltr'>alicui</span> <span class='ocrx_word' id='word_1_742' title='bbox 762 2745 895 2779; x_wconf 71' lang='lat' dir='ltr'>Qiinffil.</span> <span class='ocrx_word' id='word_1_743' title='bbox 909 2746 937 2771; x_wconf 89' lang='lat' dir='ltr'>in</span> <span class='ocrx_word' id='word_1_744' title='bbox 953 2753 1073 2779; x_wconf 84' lang='lat' dir='ltr'>prooem.</span> <span class='ocrx_word' id='word_1_745' title='bbox 1090 2752 1109 2769; x_wconf 85' lang='lat'>1.</span> <span class='ocrx_word' id='word_1_746' title='bbox 1151 2741 1205 2767; x_wconf 78' lang='lat' dir='ltr'>l&#39;id.</span> <span class='ocrx_word' id='word_1_747' title='bbox 1222 2742 1284 2768; x_wconf 87' lang='lat' dir='ltr'>Bur-</span> 
     </span>
     <span class='ocr_line' id='line_1_77' title="bbox 235 2777 1284 2816; baseline -0.013 0"><span class='ocrx_word' id='word_1_748' title='bbox 235 2798 301 2816; x_wconf 83' lang='lat' dir='ltr'>man.</span> <span class='ocrx_word' id='word_1_749' title='bbox 315 2789 347 2814; x_wconf 81' lang='lat' dir='ltr'>ati</span> <span class='ocrx_word' id='word_1_750' title='bbox 361 2788 406 2813; x_wconf 72' lang='lat' dir='ltr'>loc.</span> <span class='ocrx_word' id='word_1_751' title='bbox 512 2785 644 2810; x_wconf 78' lang='lat' dir='ltr'>Laborem</span> <span class='ocrx_word' id='word_1_752' title='bbox 660 2781 709 2808; x_wconf 84' lang='lat' dir='ltr'>fibi</span> <span class='ocrx_word' id='word_1_753' title='bbox 735 2781 802 2807; x_wconf 82' lang='lat' dir='ltr'>Plin.</span> <span class='ocrx_word' id='word_1_754' title='bbox 818 2780 895 2814; x_wconf 81' lang='lat' dir='ltr'>Epist.</span> <span class='ocrx_word' id='word_1_755' title='bbox 908 2788 934 2814; x_wconf 89' lang='lat'>7,</span> <span class='ocrx_word' id='word_1_756' title='bbox 947 2782 964 2806; x_wconf 91' lang='lat'>6</span> <span class='ocrx_word' id='word_1_757' title='bbox 977 2786 1040 2805; x_wconf 75' lang='lat' dir='ltr'>extr.</span> <span class='ocrx_word' id='word_1_758' title='bbox 1132 2778 1234 2804; x_wconf 81' lang='lat' dir='ltr'>Marem</span> <span class='ocrx_word' id='word_1_759' title='bbox 1247 2777 1284 2802; x_wconf 85' lang='lat' dir='ltr'>fe-</span> 
     </span>
    </p>
   </div>
   <div class='ocr_carea' id='block_1_18' title="bbox 237 2812 1287 3017">
    <p class='ocr_par' dir='ltr' id='par_1_25' title="bbox 237 2812 1287 3017">
     <span class='ocr_line' id='line_1_78' title="bbox 237 2812 1284 2855; baseline -0.017 -4"><span class='ocrx_word' id='word_1_760' title='bbox 237 2825 326 2851; x_wconf 81' lang='lat' dir='ltr'>minae</span> <span class='ocrx_word' id='word_1_761' title='bbox 337 2821 428 2854; x_wconf 73' lang='lat' dir='ltr'>asinum</span> <span class='ocrx_word' id='word_1_762' title='bbox 442 2828 513 2855; x_wconf 78' lang='lat' dir='ltr'>equae</span> <span class='ocrx_word' id='word_1_763' title='bbox 534 2819 591 2846; x_wconf 92' lang='lat' dir='ltr'>Col.</span> <span class='ocrx_word' id='word_1_764' title='bbox 607 2820 633 2850; x_wconf 78' lang='lat'>6,</span> <span class='ocrx_word' id='word_1_765' title='bbox 646 2826 686 2852; x_wconf 84' lang='lat'>37,</span> <span class='ocrx_word' id='word_1_766' title='bbox 699 2826 721 2842; x_wconf 82' lang='lat'>2.</span> <span class='ocrx_word' id='word_1_767' title='bbox 830 2816 889 2841; x_wconf 91' lang='lat' dir='ltr'>Liu.</span> <span class='ocrx_word' id='word_1_768' title='bbox 904 2824 927 2847; x_wconf 76' lang='lat'>3,</span> <span class='ocrx_word' id='word_1_769' title='bbox 942 2824 966 2846; x_wconf 75' lang='lat'>35</span> <span class='ocrx_word' id='word_1_770' title='bbox 992 2813 1174 2841; x_wconf 58' lang='lat' dir='ltr'>(Domitiorum</span> <span class='ocrx_word' id='word_1_771' title='bbox 1185 2812 1226 2838; x_wconf 81' lang='lat' dir='ltr'>illi</span> <span class='ocrx_word' id='word_1_772' title='bbox 1240 2812 1284 2838; x_wconf 68' lang='lat' dir='ltr'>ha-</span> 
     </span>
     <span class='ocr_line' id='line_1_79' title="bbox 238 2850 1283 2891; baseline -0.012 -5"><span class='ocrx_word' id='word_1_773' title='bbox 238 2859 404 2890; x_wconf 82' lang='lat' dir='ltr'>bendorum,</span> <span class='ocrx_word' id='word_1_774' title='bbox 424 2854 530 2891; x_wconf 86' lang='lat' dir='ltr'>quando</span> <span class='ocrx_word' id='word_1_775' title='bbox 554 2854 678 2880; x_wconf 74' lang='lat' dir='ltr'>minimus</span> <span class='ocrx_word' id='word_1_776' title='bbox 701 2856 765 2878; x_wconf 86' lang='lat' dir='ltr'>natu</span> <span class='ocrx_word' id='word_1_777' title='bbox 789 2850 832 2882; x_wconf 83' lang='lat' dir='ltr'>fit,</span> <span class='ocrx_word' id='word_1_778' title='bbox 853 2859 947 2877; x_wconf 88' lang='lat' dir='ltr'>munus</span> <span class='ocrx_word' id='word_1_779' title='bbox 977 2850 1101 2876; x_wconf 85' lang='lat' dir='ltr'>consensu</span> <span class='ocrx_word' id='word_1_780' title='bbox 1131 2850 1283 2882; x_wconf 84' lang='lat' dir='ltr'>iniungunt.</span> 
     </span>
     <span class='ocr_line' id='line_1_80' title="bbox 477 2884 1285 2922; baseline -0.01 -5"><span class='ocrx_word' id='word_1_781' title='bbox 477 2889 658 2917; x_wconf 80' lang='lat' dir='ltr'>Neceffitatem</span> <span class='ocrx_word' id='word_1_782' title='bbox 667 2908 674 2919; x_wconf 90' lang='lat'>‚</span> <span class='ocrx_word' id='word_1_783' title='bbox 686 2886 834 2922; x_wconf 66' lang='lat' dir='ltr'>Astu-ingere</span> <span class='ocrx_word' id='word_1_784' title='bbox 849 2893 872 2912; x_wconf 80' lang='lat' dir='ltr'>et</span> <span class='ocrx_word' id='word_1_785' title='bbox 884 2895 967 2922; x_wconf 69' lang='lat' dir='ltr'>cogere</span> <span class='ocrx_word' id='word_1_786' title='bbox 988 2885 1054 2911; x_wconf 86' lang='lat' dir='ltr'>Plin.</span> <span class='ocrx_word' id='word_1_787' title='bbox 1068 2884 1146 2918; x_wconf 86' lang='lat' dir='ltr'>Epist.</span> <span class='ocrx_word' id='word_1_788' title='bbox 1155 2893 1193 2916; x_wconf 73' lang='grc' dir='ltr'>ιο,</span> <span class='ocrx_word' id='word_1_789' title='bbox 1202 2891 1285 2918; x_wconf 76' lang='lat' dir='ltr'>74pr.</span> 
     </span>
     <span class='ocr_line' id='line_1_81' title="bbox 654 2921 1285 2953; baseline -0.006 -4"><span class='ocrx_word' id='word_1_790' title='bbox 654 2925 744 2949; x_wconf 82' lang='lat' dir='ltr'>Onera</span> <span class='ocrx_word' id='word_1_791' title='bbox 757 2922 835 2948; x_wconf 88' lang='lat' dir='ltr'>alicui</span> <span class='ocrx_word' id='word_1_792' title='bbox 856 2922 928 2948; x_wconf 82' lang='lat' dir='ltr'>Caes.</span> <span class='ocrx_word' id='word_1_793' title='bbox 943 2921 968 2947; x_wconf 87' lang='lat' dir='ltr'>B.</span> <span class='ocrx_word' id='word_1_794' title='bbox 978 2922 1006 2947; x_wconf 94' lang='lat' dir='ltr'>C.</span> <span class='ocrx_word' id='word_1_795' title='bbox 1023 2930 1048 2953; x_wconf 84' lang='lat'>2,</span> <span class='ocrx_word' id='word_1_796' title='bbox 1066 2926 1100 2950; x_wconf 84' lang='lat'>18.</span> <span class='ocrx_word' id='word_1_797' title='bbox 1170 2921 1285 2946; x_wconf 85' lang='lat' dir='ltr'>Poenam</span> 
     </span>
     <span class='ocr_line' id='line_1_82' title="bbox 779 2955 1285 2989; baseline -0.006 -6"><span class='ocrx_word' id='word_1_798' title='bbox 779 2957 873 2983; x_wconf 81' lang='lat' dir='ltr'>Pallad.</span> <span class='ocrx_word' id='word_1_799' title='bbox 890 2966 909 2989; x_wconf 85' lang='lat'>1,</span> <span class='ocrx_word' id='word_1_800' title='bbox 923 2960 949 2988; x_wconf 92' lang='lat'>6,</span> <span class='ocrx_word' id='word_1_801' title='bbox 962 2966 978 2989; x_wconf 92' lang='lat'>9</span> <span class='ocrx_word' id='word_1_802' title='bbox 1003 2958 1052 2983; x_wconf 87' lang='lat' dir='ltr'>Pro</span> <span class='ocrx_word' id='word_1_803' title='bbox 1067 2955 1149 2982; x_wconf 79' lang='lat' dir='ltr'>macie</span> <span class='ocrx_word' id='word_1_804' title='bbox 1162 2955 1205 2981; x_wconf 84' lang='lat' dir='ltr'>vel</span> <span class='ocrx_word' id='word_1_805' title='bbox 1226 2955 1285 2981; x_wconf 88' lang='lat' dir='ltr'>soli-</span> 
     </span>
     <span class='ocr_line' id='line_1_83' title="bbox 1065 2991 1287 3017; baseline -0.005 0"><span class='ocrx_word' id='word_1_806' title='bbox 1065 2991 1202 3017; x_wconf 76' lang='lat' dir='ltr'>Srandulas</span> <span class='ocrx_word' id='word_1_807' title='bbox 1216 2991 1287 3016; x_wconf 84' lang='lat' dir='ltr'>fene-</span> 
     </span>
    </p>
   </div>
   <div class='ocr_carea' id='block_1_19' title="bbox 206 2895 1295 3944">
    <p class='ocr_par' dir='ltr' id='par_1_26' title="bbox 206 2895 1291 3346">
     <span class='ocr_line' id='line_1_84' title="bbox 238 2895 369 2922; baseline -0.015 0"><span class='ocrx_word' id='word_1_808' title='bbox 238 2895 313 2922; x_wconf 86' lang='lat' dir='ltr'>Idem</span> <span class='ocrx_word' id='word_1_809' title='bbox 328 2896 369 2920; x_wconf 83' lang='lat'>26.</span> 
     </span>
     <span class='ocr_line' id='line_1_85' title="bbox 239 2926 584 2958; baseline -0.023 0"><span class='ocrx_word' id='word_1_810' title='bbox 239 2929 366 2958; x_wconf 79' lang='lat' dir='ltr'>Officium</span> <span class='ocrx_word' id='word_1_811' title='bbox 387 2926 584 2957; x_wconf 81' lang='lat' dir='ltr'>Columel.u‚1.</span> 
     </span>
     <span class='ocr_line' id='line_1_86' title="bbox 239 2961 681 3000; baseline -0.018 -8"><span class='ocrx_word' id='word_1_812' title='bbox 239 2966 346 3000; x_wconf 88' lang='lat' dir='ltr'>leian.</span> <span class='ocrx_word' id='word_1_813' title='bbox 359 2965 387 2990; x_wconf 89' lang='lat' dir='ltr'>in</span> <span class='ocrx_word' id='word_1_814' title='bbox 401 2963 418 2989; x_wconf 90' lang='lat' dir='ltr'>l.</span> <span class='ocrx_word' id='word_1_815' title='bbox 430 2972 446 2989; x_wconf 83' lang='lat'>2</span> <span class='ocrx_word' id='word_1_816' title='bbox 458 2963 489 2988; x_wconf 90' lang='lat' dir='ltr'>D.</span> <span class='ocrx_word' id='word_1_817' title='bbox 506 2961 538 2987; x_wconf 87' lang='lat' dir='ltr'>de</span> <span class='ocrx_word' id='word_1_818' title='bbox 552 2961 681 2995; x_wconf 85' lang='lat' dir='ltr'>praeuari.</span> 
     </span>
     <span class='ocr_line' id='line_1_87' title="bbox 206 2992 994 3028; baseline -0.014 0"><span class='ocrx_word' id='word_1_819' title='bbox 206 3011 207 3015; x_wconf 57' lang='lat'>¹</span> <span class='ocrx_word' id='word_1_820' title='bbox 240 3002 322 3028; x_wconf 85' lang='lat' dir='ltr'>ditate</span> <span class='ocrx_word' id='word_1_821' title='bbox 336 3000 433 3026; x_wconf 88' lang='lat' dir='ltr'>vitium</span> <span class='ocrx_word' id='word_1_822' title='bbox 447 2995 588 3024; x_wconf 83' lang='lat' dir='ltr'>nutrienda</span> <span class='ocrx_word' id='word_1_823' title='bbox 600 2995 734 3022; x_wconf 81' lang='lat' dir='ltr'>Sarmenta</span> <span class='ocrx_word' id='word_1_824' title='bbox 747 2998 851 3027; x_wconf 79' lang='lat' dir='ltr'>putator</span> <span class='ocrx_word' id='word_1_825' title='bbox 865 2992 994 3026; x_wconf 80' lang='lat' dir='ltr'>iniungat.</span> 
     </span>
     <span class='ocr_line' id='line_1_88' title="bbox 241 3027 1288 3065; baseline -0.011 -2"><span class='ocrx_word' id='word_1_826' title='bbox 241 3037 321 3064; x_wconf 87' lang='lat' dir='ltr'>stellis</span> <span class='ocrx_word' id='word_1_827' title='bbox 337 3036 443 3062; x_wconf 89' lang='lat' dir='ltr'>Colum.</span> <span class='ocrx_word' id='word_1_828' title='bbox 459 3039 482 3065; x_wconf 78' lang='lat'>8,</span> <span class='ocrx_word' id='word_1_829' title='bbox 497 3041 519 3064; x_wconf 90' lang='grc'>3,</span> <span class='ocrx_word' id='word_1_830' title='bbox 534 3034 558 3058; x_wconf 89' lang='lat'>6.</span> <span class='ocrx_word' id='word_1_831' title='bbox 666 3030 842 3059; x_wconf 81' lang='lat' dir='ltr'>Seruitutem,</span> <span class='ocrx_word' id='word_1_832' title='bbox 862 3028 1045 3062; x_wconf 70' lang='lat' dir='ltr'>Inseruitutcm</span> <span class='ocrx_word' id='word_1_833' title='bbox 1057 3027 1183 3063; x_wconf 72' lang='lat' dir='ltr'>redigere,</span> <span class='ocrx_word' id='word_1_834' title='bbox 1203 3027 1288 3061; x_wconf 72' lang='lat' dir='ltr'>ctstr-</span> 
     </span>
     <span class='ocr_line' id='line_1_89' title="bbox 240 3062 1287 3108; baseline -0.011 -9"><span class='ocrx_word' id='word_1_835' title='bbox 240 3082 286 3099; x_wconf 83' lang='lat' dir='ltr'>vos</span> <span class='ocrx_word' id='word_1_836' title='bbox 293 3072 389 3108; x_wconf 69' lang='lat' dir='ltr'>facere.</span> <span class='ocrx_word' id='word_1_837' title='bbox 426 3069 498 3096; x_wconf 83' lang='lat' dir='ltr'>Caes.</span> <span class='ocrx_word' id='word_1_838' title='bbox 512 3068 539 3094; x_wconf 89' lang='lat' dir='ltr'>B.</span> <span class='ocrx_word' id='word_1_839' title='bbox 554 3067 585 3093; x_wconf 88' lang='lat' dir='ltr'>G.</span> <span class='ocrx_word' id='word_1_840' title='bbox 599 3073 625 3099; x_wconf 88' lang='lat'>7,</span> <span class='ocrx_word' id='word_1_841' title='bbox 639 3073 675 3100; x_wconf 87' lang='lat'>77</span> <span class='ocrx_word' id='word_1_842' title='bbox 689 3063 754 3099; x_wconf 66' lang='lat' dir='ltr'>vers]</span> <span class='ocrx_word' id='word_1_843' title='bbox 761 3063 812 3099; x_wconf 82' lang='lat' dir='ltr'>fin.</span> <span class='ocrx_word' id='word_1_844' title='bbox 847 3064 932 3097; x_wconf 78' lang='lat' dir='ltr'>Atque</span> <span class='ocrx_word' id='word_1_845' title='bbox 947 3062 986 3088; x_wconf 84' lang='lat' dir='ltr'>his</span> <span class='ocrx_word' id='word_1_846' title='bbox 1001 3069 1134 3088; x_wconf 85' lang='lat' dir='ltr'>aeternam</span> <span class='ocrx_word' id='word_1_847' title='bbox 1148 3062 1287 3096; x_wconf 68' lang='lat' dir='ltr'>iniungere</span> 
     </span>
     <span class='ocr_line' id='line_1_90' title="bbox 241 3098 1287 3135; baseline -0.014 0"><span class='ocrx_word' id='word_1_848' title='bbox 241 3108 405 3135; x_wconf 82' lang='lat' dir='ltr'>seruitutem.</span> <span class='ocrx_word' id='word_1_849' title='bbox 508 3103 693 3130; x_wconf 85' lang='lat' dir='ltr'>Tornientum</span> <span class='ocrx_word' id='word_1_850' title='bbox 707 3100 756 3126; x_wconf 84' lang='lat' dir='ltr'>fibi</span> <span class='ocrx_word' id='word_1_851' title='bbox 776 3099 841 3125; x_wconf 81' lang='lat' dir='ltr'>Plin.</span> <span class='ocrx_word' id='word_1_852' title='bbox 855 3099 881 3124; x_wconf 91' lang='lat' dir='ltr'>in</span> <span class='ocrx_word' id='word_1_853' title='bbox 895 3100 985 3131; x_wconf 73' lang='lat' dir='ltr'>l&#39;aneg.</span> <span class='ocrx_word' id='word_1_854' title='bbox 1000 3108 1020 3123; x_wconf 90' lang='lat' dir='ltr'>c.</span> <span class='ocrx_word' id='word_1_855' title='bbox 1035 3100 1066 3127; x_wconf 79' lang='lat'>86</span> <span class='ocrx_word' id='word_1_856' title='bbox 1077 3105 1120 3132; x_wconf 78' lang='lat' dir='ltr'>pr.</span> <span class='ocrx_word' id='word_1_857' title='bbox 1192 3098 1287 3124; x_wconf 62' lang='lat' dir='ltr'>Cicero-</span> 
     </span>
     <span class='ocr_line' id='line_1_91' title="bbox 242 3132 1288 3170; baseline -0.011 -1"><span class='ocrx_word' id='word_1_858' title='bbox 242 3153 295 3170; x_wconf 75' lang='lat' dir='ltr'>nem</span> <span class='ocrx_word' id='word_1_859' title='bbox 315 3152 363 3169; x_wconf 76' lang='lat' dir='ltr'>non</span> <span class='ocrx_word' id='word_1_860' title='bbox 382 3151 398 3167; x_wconf 88' lang='lat' dir='ltr'><em>v</em></span> <span class='ocrx_word' id='word_1_861' title='bbox 414 3150 451 3166; x_wconf 80' lang='lat' dir='ltr'>um</span> <span class='ocrx_word' id='word_1_862' title='bbox 468 3140 512 3167; x_wconf 71' lang='lat' dir='ltr'>hoc</span> <span class='ocrx_word' id='word_1_863' title='bbox 525 3139 612 3169; x_wconf 69' lang='lat' dir='ltr'>uerbo,</span> <span class='ocrx_word' id='word_1_864' title='bbox 631 3142 711 3163; x_wconf 71' lang='lat' dir='ltr'>monet</span> <span class='ocrx_word' id='word_1_865' title='bbox 726 3137 860 3166; x_wconf 54' lang='lat' dir='ltr'>Nauius,</span> <span class='ocrx_word' id='word_1_866' title='bbox 879 3143 907 3159; x_wconf 64' lang='lat' dir='ltr'>ne·</span> <span class='ocrx_word' id='word_1_867' title='bbox 920 3134 976 3168; x_wconf 71' lang='lat' dir='ltr'>casia</span> <span class='ocrx_word' id='word_1_868' title='bbox 988 3132 1184 3168; x_wconf 69' lang='lat' dir='ltr'>omiſjicmputes.</span> <span class='ocrx_word' id='word_1_869' title='bbox 1256 3134 1288 3159; x_wconf 85' lang='lat' dir='ltr'>Et</span> 
     </span>
     <span class='ocr_line' id='line_1_92' title="bbox 242 3168 1287 3213; baseline -0.011 -9"><span class='ocrx_word' id='word_1_870' title='bbox 242 3186 323 3205; x_wconf 58' lang='lat' dir='ltr'>tamen</span> <span class='ocrx_word' id='word_1_871' title='bbox 334 3176 438 3213; x_wconf 75' lang='lat' dir='ltr'>positum</span> <span class='ocrx_word' id='word_1_872' title='bbox 452 3179 478 3201; x_wconf 81' lang='lat' dir='ltr'>in</span> <span class='ocrx_word' id='word_1_873' title='bbox 492 3173 632 3210; x_wconf 56' lang='lat' dir='ltr'>quibusdam</span> <span class='ocrx_word' id='word_1_874' title='bbox 645 3171 808 3198; x_wconf 52' lang='lat' dir='ltr'>diciimmriis</span> <span class='ocrx_word' id='word_1_875' title='bbox 823 3169 902 3195; x_wconf 71' lang='lat' dir='ltr'>vitico-</span> <span class='ocrx_word' id='word_1_876' title='bbox 938 3169 994 3195; x_wconf 85' lang='lat' dir='ltr'>Cic.</span> <span class='ocrx_word' id='word_1_877' title='bbox 1016 3168 1047 3194; x_wconf 86' lang='lat' dir='ltr'>de</span> <span class='ocrx_word' id='word_1_878' title='bbox 1065 3169 1100 3194; x_wconf 89' lang='lat' dir='ltr'>N.</span> <span class='ocrx_word' id='word_1_879' title='bbox 1122 3169 1201 3194; x_wconf 87' lang='lat' dir='ltr'>Deor.</span> <span class='ocrx_word' id='word_1_880' title='bbox 1216 3177 1244 3202; x_wconf 80' lang='grc'>3,</span> <span class='ocrx_word' id='word_1_881' title='bbox 1258 3176 1287 3200; x_wconf 85' lang='lat'>23</span> 
     </span>
     <span class='ocr_line' id='line_1_93' title="bbox 243 3203 1288 3248; baseline -0.013 -7"><span class='ocrx_word' id='word_1_882' title='bbox 243 3215 334 3248; x_wconf 85' lang='lat' dir='ltr'>Itaque</span> <span class='ocrx_word' id='word_1_883' title='bbox 346 3213 378 3239; x_wconf 88' lang='lat' dir='ltr'>ab</span> <span class='ocrx_word' id='word_1_884' title='bbox 392 3211 475 3245; x_wconf 86' lang='lat' dir='ltr'>impia</span> <span class='ocrx_word' id='word_1_885' title='bbox 499 3209 648 3236; x_wconf 76' lang='lat' dir='ltr'>temeritate</span> <span class='ocrx_word' id='word_1_886' title='bbox 671 3208 700 3233; x_wconf 89' lang='lat' dir='ltr'>in</span> <span class='ocrx_word' id='word_1_887' title='bbox 724 3207 793 3232; x_wconf 83' lang='lat' dir='ltr'>Deos</span> <span class='ocrx_word' id='word_1_888' title='bbox 814 3205 842 3231; x_wconf 92' lang='lat' dir='ltr'>in</span> <span class='ocrx_word' id='word_1_889' title='bbox 867 3204 988 3231; x_wconf 85' lang='lat' dir='ltr'>homines</span> <span class='ocrx_word' id='word_1_890' title='bbox 1012 3203 1129 3229; x_wconf 84' lang='lat' dir='ltr'>iniunxit</span> <span class='ocrx_word' id='word_1_891' title='bbox 1151 3204 1288 3229; x_wconf 86' lang='lat' dir='ltr'>iniuriam.</span> 
     </span>
     <span class='ocr_line' id='line_1_94' title="bbox 242 3238 1291 3283; baseline -0.014 -8"><span class='ocrx_word' id='word_1_892' title='bbox 242 3249 291 3277; x_wconf 78' lang='lat' dir='ltr'>sed</span> <span class='ocrx_word' id='word_1_893' title='bbox 303 3249 338 3275; x_wconf 77' lang='lat' dir='ltr'>ibi</span> <span class='ocrx_word' id='word_1_894' title='bbox 351 3247 446 3283; x_wconf 69' lang='lat' dir='ltr'>quidem</span> <span class='ocrx_word' id='word_1_895' title='bbox 460 3246 526 3271; x_wconf 75' lang='lat' dir='ltr'>nihil</span> <span class='ocrx_word' id='word_1_896' title='bbox 539 3246 595 3270; x_wconf 70' lang='lat' dir='ltr'>tale.</span> <span class='ocrx_word' id='word_1_897' title='bbox 631 3243 731 3279; x_wconf 82' lang='lat' dir='ltr'>Respici</span> <span class='ocrx_word' id='word_1_898' title='bbox 743 3241 842 3267; x_wconf 70' lang='lat' dir='ltr'>videtur</span> <span class='ocrx_word' id='word_1_899' title='bbox 853 3250 876 3272; x_wconf 83' lang='lat'>3,</span> <span class='ocrx_word' id='word_1_900' title='bbox 889 3247 921 3274; x_wconf 80' lang='lat'>84</span> <span class='ocrx_word' id='word_1_901' title='bbox 934 3249 956 3265; x_wconf 88' lang='lat' dir='ltr'>c.</span> <span class='ocrx_word' id='word_1_902' title='bbox 967 3249 999 3273; x_wconf 75' lang='lat'>34</span> <span class='ocrx_word' id='word_1_903' title='bbox 1014 3245 1077 3264; x_wconf 78' lang='lat' dir='ltr'>extr.</span> <span class='ocrx_word' id='word_1_904' title='bbox 1100 3239 1141 3264; x_wconf 74' lang='lat' dir='ltr'>vbi</span> <span class='ocrx_word' id='word_1_905' title='bbox 1155 3238 1182 3263; x_wconf 76' lang='lat' dir='ltr'>de</span> <span class='ocrx_word' id='word_1_906' title='bbox 1195 3240 1291 3273; x_wconf 74' lang='lat' dir='ltr'>Dimy.</span> 
     </span>
     <span class='ocr_line' id='line_1_95' title="bbox 238 3273 1290 3318; baseline -0.01 -7"><span class='ocrx_word' id='word_1_907' title='bbox 238 3284 278 3318; x_wconf 77' lang='lat' dir='ltr'>fio</span> <span class='ocrx_word' id='word_1_908' title='bbox 302 3288 350 3309; x_wconf 80' lang='lat' dir='ltr'>iam</span> <span class='ocrx_word' id='word_1_909' title='bbox 367 3285 422 3317; x_wconf 74' lang='lat' dir='ltr'>stne</span> <span class='ocrx_word' id='word_1_910' title='bbox 443 3284 564 3307; x_wconf 69' lang='lat' dir='ltr'>uarietate</span> <span class='ocrx_word' id='word_1_911' title='bbox 585 3281 694 3315; x_wconf 74' lang='lat' dir='ltr'>legitur,</span> <span class='ocrx_word' id='word_1_912' title='bbox 713 3278 752 3304; x_wconf 86' lang='lat' dir='ltr'>Ita</span> <span class='ocrx_word' id='word_1_913' title='bbox 772 3276 805 3303; x_wconf 87' lang='lat' dir='ltr'>ad</span> <span class='ocrx_word' id='word_1_914' title='bbox 816 3276 979 3310; x_wconf 80' lang='lat' dir='ltr'>impietatem</span> <span class='ocrx_word' id='word_1_915' title='bbox 993 3276 1020 3300; x_wconf 92' lang='lat' dir='ltr'>in</span> <span class='ocrx_word' id='word_1_916' title='bbox 1033 3274 1108 3304; x_wconf 83' lang='lat' dir='ltr'>deos,</span> <span class='ocrx_word' id='word_1_917' title='bbox 1127 3274 1156 3300; x_wconf 91' lang='lat' dir='ltr'>iu</span> <span class='ocrx_word' id='word_1_918' title='bbox 1168 3273 1290 3300; x_wconf 83' lang='lat' dir='ltr'>homines</span> 
     </span>
     <span class='ocr_line' id='line_1_96' title="bbox 243 3318 514 3346; baseline -0.015 0"><span class='ocrx_word' id='word_1_919' title='bbox 243 3320 365 3346; x_wconf 76' lang='lat' dir='ltr'>adiunxit</span> <span class='ocrx_word' id='word_1_920' title='bbox 379 3318 514 3344; x_wconf 82' lang='lat' dir='ltr'>iniuriam.</span> 
     </span>
    </p>

    <p class='ocr_par' dir='ltr' id='par_1_27' title="bbox 246 3343 1290 3491">
     <span class='ocr_line' id='line_1_97' title="bbox 285 3343 1290 3383; baseline -0.012 -3"><span class='ocrx_word' id='word_1_921' title='bbox 285 3362 294 3380; x_wconf 87' lang='lat'>1</span> <span class='ocrx_word' id='word_1_922' title='bbox 308 3362 326 3380; x_wconf 78' lang='grc' dir='ltr'>Ν</span> <span class='ocrx_word' id='word_1_923' title='bbox 338 3362 346 3380; x_wconf 94' lang='lat'><em>1</em></span> <span class='ocrx_word' id='word_1_924' title='bbox 356 3361 375 3379; x_wconf 86' lang='lat' dir='ltr'>v</span> <span class='ocrx_word' id='word_1_925' title='bbox 387 3360 404 3378; x_wconf 66' lang='lat' dir='ltr'><strong>x</strong></span> <span class='ocrx_word' id='word_1_926' title='bbox 415 3360 431 3380; x_wconf 81' lang='lat' dir='ltr'><strong>c</strong></span> <span class='ocrx_word' id='word_1_927' title='bbox 441 3360 461 3379; x_wconf 82' lang='grc' dir='ltr'><strong>τ</strong></span> <span class='ocrx_word' id='word_1_928' title='bbox 471 3359 491 3376; x_wconf 78' lang='lat' dir='ltr'>v</span> <span class='ocrx_word' id='word_1_929' title='bbox 501 3359 523 3381; x_wconf 75' lang='lat' dir='ltr'>s.</span> <span class='ocrx_word' id='word_1_930' title='bbox 531 3359 554 3383; x_wconf 86' lang='lat' dir='ltr'>a,</span> <span class='ocrx_word' id='word_1_931' title='bbox 572 3358 626 3375; x_wconf 90' lang='lat' dir='ltr'>um.</span> <span class='ocrx_word' id='word_1_932' title='bbox 647 3349 714 3374; x_wconf 80' lang='lat' dir='ltr'>Part.</span> <span class='ocrx_word' id='word_1_933' title='bbox 750 3346 930 3382; x_wconf 61' lang='grc' dir='ltr'>[προσαχθεὶς]</span> <span class='ocrx_word' id='word_1_934' title='bbox 967 3345 1060 3371; x_wconf 82' lang='lat' dir='ltr'>Manus</span> <span class='ocrx_word' id='word_1_935' title='bbox 1072 3343 1205 3369; x_wconf 64' lang='lat' dir='ltr'>iniunetae</span> <span class='ocrx_word' id='word_1_936' title='bbox 1219 3343 1290 3378; x_wconf 81' lang='lat' dir='ltr'>pedi.</span> 
     </span>
     <span class='ocr_line' id='line_1_98' title="bbox 246 3379 1289 3420; baseline -0.012 -4"><span class='ocrx_word' id='word_1_937' title='bbox 246 3390 295 3416; x_wconf 86' lang='lat' dir='ltr'>bus</span> <span class='ocrx_word' id='word_1_938' title='bbox 316 3390 372 3416; x_wconf 85' lang='lat' dir='ltr'>Sen.</span> <span class='ocrx_word' id='word_1_939' title='bbox 387 3387 499 3420; x_wconf 86' lang='lat' dir='ltr'>Thyest.</span> <span class='ocrx_word' id='word_1_940' title='bbox 514 3388 531 3412; x_wconf 88' lang='lat' dir='ltr'>s.</span> <span class='ocrx_word' id='word_1_941' title='bbox 548 3390 572 3411; x_wconf 59' lang='lat' dir='ltr'>fi.</span> <span class='ocrx_word' id='word_1_942' title='bbox 643 3383 784 3410; x_wconf 80' lang='lat' dir='ltr'>Iabolenus</span> <span class='ocrx_word' id='word_1_943' title='bbox 799 3382 826 3408; x_wconf 93' lang='lat' dir='ltr'>in</span> <span class='ocrx_word' id='word_1_944' title='bbox 839 3382 855 3408; x_wconf 90' lang='lat' dir='ltr'>l.</span> <span class='ocrx_word' id='word_1_945' title='bbox 871 3382 925 3415; x_wconf 80' lang='lat' dir='ltr'>Qi</span> <span class='ocrx_word' id='word_1_946' title='bbox 939 3380 1047 3407; x_wconf 85' lang='lat' dir='ltr'>domum</span> <span class='ocrx_word' id='word_1_947' title='bbox 1062 3380 1093 3406; x_wconf 88' lang='lat' dir='ltr'>D.</span> <span class='ocrx_word' id='word_1_948' title='bbox 1108 3379 1199 3405; x_wconf 86' lang='lat' dir='ltr'>Locati</span> <span class='ocrx_word' id='word_1_949' title='bbox 1209 3399 1217 3411; x_wconf 92' lang='lat'>,</span> <span class='ocrx_word' id='word_1_950' title='bbox 1234 3380 1289 3412; x_wconf 81' lang='lat' dir='ltr'>Qii</span> 
     </span>
     <span class='ocr_line' id='line_1_99' title="bbox 249 3414 1290 3453; baseline -0.012 -1"><span class='ocrx_word' id='word_1_951' title='bbox 249 3426 356 3451; x_wconf 83' lang='lat' dir='ltr'>domum</span> <span class='ocrx_word' id='word_1_952' title='bbox 377 3424 503 3453; x_wconf 84' lang='lat' dir='ltr'>habebat,</span> <span class='ocrx_word' id='word_1_953' title='bbox 520 3429 608 3448; x_wconf 83' lang='lat' dir='ltr'>aream</span> <span class='ocrx_word' id='word_1_954' title='bbox 628 3418 775 3445; x_wconf 75' lang='lat' dir='ltr'>iniune&#39;tam</span> <span class='ocrx_word' id='word_1_955' title='bbox 794 3419 818 3444; x_wconf 87' lang='lat' dir='ltr'>ei</span> <span class='ocrx_word' id='word_1_956' title='bbox 839 3417 929 3443; x_wconf 86' lang='lat' dir='ltr'>domui</span> <span class='ocrx_word' id='word_1_957' title='bbox 943 3416 1033 3442; x_wconf 85' lang='lat' dir='ltr'>vicino</span> <span class='ocrx_word' id='word_1_958' title='bbox 1048 3415 1173 3449; x_wconf 85' lang='lat' dir='ltr'>proximo</span> <span class='ocrx_word' id='word_1_959' title='bbox 1187 3414 1290 3441; x_wconf 86' lang='lat' dir='ltr'>locaue-</span> 
     </span>
     <span class='ocr_line' id='line_1_100' title="bbox 250 3450 1134 3491; baseline -0.011 -5"><span class='ocrx_word' id='word_1_960' title='bbox 250 3467 298 3486; x_wconf 82' lang='lat' dir='ltr'>rat.</span> <span class='ocrx_word' id='word_1_961' title='bbox 367 3458 476 3487; x_wconf 69' lang='lat' dir='ltr'>Calliod.</span> <span class='ocrx_word' id='word_1_962' title='bbox 492 3466 512 3491; x_wconf 89' lang='lat'>5,</span> <span class='ocrx_word' id='word_1_963' title='bbox 529 3465 555 3489; x_wconf 90' lang='lat'>¹9</span> <span class='ocrx_word' id='word_1_964' title='bbox 576 3455 699 3481; x_wconf 61' lang='lat' dir='ltr'>iniuncta</span> <span class='ocrx_word' id='word_1_965' title='bbox 713 3462 852 3488; x_wconf 81' lang='lat' dir='ltr'>peragere,</span> <span class='ocrx_word' id='word_1_966' title='bbox 878 3456 896 3479; x_wconf 84' lang='lat' dir='ltr'>i.</span> <span class='ocrx_word' id='word_1_967' title='bbox 910 3450 1134 3486; x_wconf 74' lang='lat' dir='ltr'>imperatafacere.</span> 
     </span>
    </p>

    <p class='ocr_par' dir='ltr' id='par_1_28' title="bbox 250 3485 1292 3598">
     <span class='ocr_line' id='line_1_101' title="bbox 289 3485 1290 3525; baseline -0.008 -6"><span class='ocrx_word' id='word_1_968' title='bbox 289 3501 327 3520; x_wconf 50' lang='grc' dir='ltr'>13η*</span> <span class='ocrx_word' id='word_1_969' title='bbox 338 3502 344 3519; x_wconf 92' lang='grc' dir='ltr'>ι</span> <span class='ocrx_word' id='word_1_970' title='bbox 356 3501 374 3518; x_wconf 91' lang='grc' dir='ltr'><strong><em>ν</em></strong></span> <span class='ocrx_word' id='word_1_971' title='bbox 385 3502 405 3519; x_wconf 70' lang='lat' dir='ltr'>N</span> <span class='ocrx_word' id='word_1_972' title='bbox 416 3501 461 3521; x_wconf 78' lang='lat' dir='ltr'>CT</span> <span class='ocrx_word' id='word_1_973' title='bbox 473 3503 480 3520; x_wconf 89' lang='lat'>1</span> <span class='ocrx_word' id='word_1_974' title='bbox 490 3500 508 3519; x_wconf 83' lang='lat' dir='ltr'>o</span> <span class='ocrx_word' id='word_1_975' title='bbox 518 3513 525 3525; x_wconf 87' lang='lat'><strong><em>‚</em></strong></span> <span class='ocrx_word' id='word_1_976' title='bbox 546 3492 612 3517; x_wconf 76' lang='grc' dir='ltr'>οηίς.</span> <span class='ocrx_word' id='word_1_977' title='bbox 635 3490 654 3516; x_wconf 88' lang='lat' dir='ltr'>f.</span> <span class='ocrx_word' id='word_1_978' title='bbox 691 3489 780 3516; x_wconf 84' lang='lat' dir='ltr'>Sidon.</span> <span class='ocrx_word' id='word_1_979' title='bbox 795 3488 930 3522; x_wconf 79' lang='lat' dir='ltr'>Epist.9,2</span> <span class='ocrx_word' id='word_1_980' title='bbox 949 3486 1118 3512; x_wconf 73' lang='lat' dir='ltr'>Iniunetione</span> <span class='ocrx_word' id='word_1_981' title='bbox 1132 3485 1290 3512; x_wconf 83' lang='lat' dir='ltr'>confundor.</span> 
     </span>
     <span class='ocr_line' id='line_1_102' title="bbox 250 3521 1292 3563; baseline -0.01 -7"><span class='ocrx_word' id='word_1_982' title='bbox 250 3531 371 3560; x_wconf 67' lang='lat' dir='ltr'>Dixerat,</span> <span class='ocrx_word' id='word_1_983' title='bbox 391 3531 465 3563; x_wconf 71' lang='lat' dir='ltr'>Quae</span> <span class='ocrx_word' id='word_1_984' title='bbox 491 3534 577 3555; x_wconf 82' lang='lat' dir='ltr'>tamen</span> <span class='ocrx_word' id='word_1_985' title='bbox 600 3526 693 3552; x_wconf 89' lang='lat' dir='ltr'>literae</span> <span class='ocrx_word' id='word_1_986' title='bbox 716 3525 860 3560; x_wconf 85' lang='lat' dir='ltr'>plurimum</span> <span class='ocrx_word' id='word_1_987' title='bbox 888 3523 966 3549; x_wconf 85' lang='lat' dir='ltr'>nobis</span> <span class='ocrx_word' id='word_1_988' title='bbox 988 3522 1114 3554; x_wconf 79' lang='lat' dir='ltr'>honoris,</span> <span class='ocrx_word' id='word_1_989' title='bbox 1133 3522 1190 3555; x_wconf 85' lang='lat' dir='ltr'>plus</span> <span class='ocrx_word' id='word_1_990' title='bbox 1203 3521 1292 3547; x_wconf 87' lang='lat' dir='ltr'>oneris</span> 
     </span>
     <span class='ocr_line' id='line_1_103' title="bbox 251 3560 572 3598; baseline -0.003 -8"><span class='ocrx_word' id='word_1_991' title='bbox 251 3564 398 3598; x_wconf 84' lang='lat' dir='ltr'>imponunt.</span> <span class='ocrx_word' id='word_1_992' title='bbox 566 3560 572 3572; x_wconf 52' lang='grc' dir='ltr'><strong><em>ν</em></strong></span> 
     </span>
    </p>

    <p class='ocr_par' dir='ltr' id='par_1_29' title="bbox 254 3590 1295 3937">
     <span class='ocr_line' id='line_1_104' title="bbox 292 3590 1293 3631; baseline -0.006 -7"><span class='ocrx_word' id='word_1_993' title='bbox 292 3601 532 3631; x_wconf 25' lang='grc' dir='ltr'>ικινιὶᾼιίτνς,</span> <span class='ocrx_word' id='word_1_994' title='bbox 551 3606 581 3627; x_wconf 81' lang='lat' dir='ltr'>a,</span> <span class='ocrx_word' id='word_1_995' title='bbox 600 3605 655 3622; x_wconf 85' lang='lat' dir='ltr'>um.</span> <span class='ocrx_word' id='word_1_996' title='bbox 682 3595 742 3621; x_wconf 81' lang='lat' dir='ltr'>Adi.</span> <span class='ocrx_word' id='word_1_997' title='bbox 777 3592 935 3627; x_wconf 46' lang='lat' dir='ltr'>[isdum-05]</span> <span class='ocrx_word' id='word_1_998' title='bbox 971 3593 1061 3619; x_wconf 86' lang='lat' dir='ltr'>Iurato</span> <span class='ocrx_word' id='word_1_999' title='bbox 1080 3590 1113 3625; x_wconf 75' lang='lat' dir='ltr'>esi</span> <span class='ocrx_word' id='word_1_1000' title='bbox 1132 3594 1293 3618; x_wconf 76' lang='lat' dir='ltr'>contrarium.</span> 
     </span>
     <span class='ocr_line' id='line_1_105' title="bbox 255 3626 1293 3667; baseline -0.009 -6"><span class='ocrx_word' id='word_1_1001' title='bbox 255 3635 336 3661; x_wconf 87' lang='lat' dir='ltr'>Plaut.</span> <span class='ocrx_word' id='word_1_1002' title='bbox 350 3634 442 3667; x_wconf 82' lang='lat' dir='ltr'>Amph.</span> <span class='ocrx_word' id='word_1_1003' title='bbox 459 3643 478 3666; x_wconf 87' lang='lat'>1,</span> <span class='ocrx_word' id='word_1_1004' title='bbox 494 3640 533 3663; x_wconf 76' lang='lat'>281</span> <span class='ocrx_word' id='word_1_1005' title='bbox 555 3634 625 3659; x_wconf 83' lang='lat' dir='ltr'>Nam</span> <span class='ocrx_word' id='word_1_1006' title='bbox 640 3631 758 3657; x_wconf 81' lang='lat' dir='ltr'>iniurato</span> <span class='ocrx_word' id='word_1_1007' title='bbox 774 3630 827 3656; x_wconf 78' lang='lat' dir='ltr'>scio</span> <span class='ocrx_word' id='word_1_1008' title='bbox 842 3629 898 3663; x_wconf 83' lang='lat' dir='ltr'>plus</span> <span class='ocrx_word' id='word_1_1009' title='bbox 912 3626 1028 3654; x_wconf 82' lang='lat' dir='ltr'>crederet</span> <span class='ocrx_word' id='word_1_1010' title='bbox 1048 3627 1133 3659; x_wconf 82' lang='lat' dir='ltr'>mihi,</span> <span class='ocrx_word' id='word_1_1011' title='bbox 1153 3636 1232 3660; x_wconf 83' lang='lat' dir='ltr'>quam</span> <span class='ocrx_word' id='word_1_1012' title='bbox 1253 3628 1293 3653; x_wconf 83' lang='lat' dir='ltr'>iu-</span> 
     </span>
     <span class='ocr_line' id='line_1_106' title="bbox 254 3662 1293 3702; baseline -0.007 -6"><span class='ocrx_word' id='word_1_1013' title='bbox 254 3677 312 3696; x_wconf 83' lang='lat' dir='ltr'>rato</span> <span class='ocrx_word' id='word_1_1014' title='bbox 327 3670 385 3695; x_wconf 88' lang='lat' dir='ltr'>tibi.</span> <span class='ocrx_word' id='word_1_1015' title='bbox 478 3670 533 3695; x_wconf 83' lang='lat' dir='ltr'>Cic.</span> <span class='ocrx_word' id='word_1_1016' title='bbox 555 3677 603 3702; x_wconf 88' lang='lat' dir='ltr'>pro</span> <span class='ocrx_word' id='word_1_1017' title='bbox 625 3667 729 3692; x_wconf 71' lang='lat' dir='ltr'>Caccin.</span> <span class='ocrx_word' id='word_1_1018' title='bbox 750 3674 762 3697; x_wconf 77' lang='lat'>3</span> <span class='ocrx_word' id='word_1_1019' title='bbox 793 3666 883 3697; x_wconf 78' lang='lat' dir='ltr'>Quum</span> <span class='ocrx_word' id='word_1_1020' title='bbox 897 3665 922 3690; x_wconf 87' lang='lat' dir='ltr'>id</span> <span class='ocrx_word' id='word_1_1021' title='bbox 936 3663 1016 3689; x_wconf 87' lang='lat' dir='ltr'>iurati</span> <span class='ocrx_word' id='word_1_1022' title='bbox 1031 3663 1136 3694; x_wconf 86' lang='lat' dir='ltr'>dicunt,</span> <span class='ocrx_word' id='word_1_1023' title='bbox 1157 3662 1228 3696; x_wconf 91' lang='lat' dir='ltr'>quod</span> <span class='ocrx_word' id='word_1_1024' title='bbox 1243 3671 1293 3696; x_wconf 84' lang='lat' dir='ltr'>ego</span> 
     </span>
     <span class='ocr_line' id='line_1_107' title="bbox 256 3699 1291 3733; baseline -0.006 -3"><span class='ocrx_word' id='word_1_1025' title='bbox 256 3705 384 3730; x_wconf 82' lang='lat' dir='ltr'>iniuratus</span> <span class='ocrx_word' id='word_1_1026' title='bbox 399 3703 527 3730; x_wconf 79' lang='lat' dir='ltr'>insimulo.</span> <span class='ocrx_word' id='word_1_1027' title='bbox 598 3703 627 3728; x_wconf 78' lang='lat' dir='ltr'>Et</span> <span class='ocrx_word' id='word_1_1028' title='bbox 642 3701 694 3727; x_wconf 82' lang='lat' dir='ltr'>Off.</span> <span class='ocrx_word' id='word_1_1029' title='bbox 710 3710 732 3733; x_wconf 83' lang='grc'>3,</span> <span class='ocrx_word' id='word_1_1030' title='bbox 747 3706 789 3730; x_wconf 82' lang='lat'>108</span> <span class='ocrx_word' id='word_1_1031' title='bbox 803 3710 823 3725; x_wconf 89' lang='lat' dir='ltr'>c.</span> <span class='ocrx_word' id='word_1_1032' title='bbox 838 3708 872 3731; x_wconf 83' lang='lat'>29</span> <span class='ocrx_word' id='word_1_1033' title='bbox 893 3699 984 3726; x_wconf 85' lang='lat' dir='ltr'>Iuraui</span> <span class='ocrx_word' id='word_1_1034' title='bbox 1002 3699 1105 3730; x_wconf 73' lang='lat' dir='ltr'>lingua,</span> <span class='ocrx_word' id='word_1_1035' title='bbox 1124 3704 1237 3724; x_wconf 87' lang='lat' dir='ltr'>mentem</span> <span class='ocrx_word' id='word_1_1036' title='bbox 1253 3699 1291 3724; x_wconf 91' lang='lat' dir='ltr'>in-</span> 
     </span>
     <span class='ocr_line' id='line_1_108' title="bbox 258 3733 1290 3773; baseline -0.004 -9"><span class='ocrx_word' id='word_1_1037' title='bbox 258 3740 368 3765; x_wconf 79' lang='lat' dir='ltr'>iuratam</span> <span class='ocrx_word' id='word_1_1038' title='bbox 384 3749 454 3773; x_wconf 78' lang='lat' dir='ltr'>gero.</span> <span class='ocrx_word' id='word_1_1039' title='bbox 525 3739 572 3764; x_wconf 85' lang='lat' dir='ltr'>Per</span> <span class='ocrx_word' id='word_1_1040' title='bbox 586 3737 720 3770; x_wconf 86' lang='lat' dir='ltr'>epistolam</span> <span class='ocrx_word' id='word_1_1041' title='bbox 730 3757 737 3768; x_wconf 79' lang='lat'>‚</span> <span class='ocrx_word' id='word_1_1042' title='bbox 758 3736 828 3769; x_wconf 82' lang='lat' dir='ltr'>quod</span> <span class='ocrx_word' id='word_1_1043' title='bbox 842 3735 928 3765; x_wconf 78' lang='lat' dir='ltr'>volet,</span> <span class='ocrx_word' id='word_1_1044' title='bbox 949 3735 1078 3760; x_wconf 78' lang='lat' dir='ltr'>iniuratus</span> <span class='ocrx_word' id='word_1_1045' title='bbox 1091 3733 1214 3767; x_wconf 88' lang='lat' dir='ltr'>probabit</span> <span class='ocrx_word' id='word_1_1046' title='bbox 1235 3734 1290 3760; x_wconf 87' lang='lat' dir='ltr'>Cic.</span> 
     </span>
     <span class='ocr_line' id='line_1_109' title="bbox 260 3768 1293 3806; baseline -0.004 -7"><span class='ocrx_word' id='word_1_1047' title='bbox 260 3783 307 3806; x_wconf 75' lang='lat' dir='ltr'>pro</span> <span class='ocrx_word' id='word_1_1048' title='bbox 319 3774 407 3800; x_wconf 76' lang='lat' dir='ltr'>Flacco</span> <span class='ocrx_word' id='word_1_1049' title='bbox 423 3784 444 3800; x_wconf 86' lang='lat' dir='ltr'>c.</span> <span class='ocrx_word' id='word_1_1050' title='bbox 459 3777 497 3805; x_wconf 77' lang='lat'>36.</span> <span class='ocrx_word' id='word_1_1051' title='bbox 592 3772 664 3797; x_wconf 86' lang='lat' dir='ltr'>Idem</span> <span class='ocrx_word' id='word_1_1052' title='bbox 680 3780 727 3804; x_wconf 89' lang='lat' dir='ltr'>pro</span> <span class='ocrx_word' id='word_1_1053' title='bbox 741 3771 901 3796; x_wconf 59' lang='lat' dir='ltr'>Rufi-,Coun</span> <span class='ocrx_word' id='word_1_1054' title='bbox 915 3779 933 3803; x_wconf 92' lang='lat'>4</span> <span class='ocrx_word' id='word_1_1055' title='bbox 953 3769 1024 3796; x_wconf 91' lang='lat' dir='ltr'>Tibi</span> <span class='ocrx_word' id='word_1_1056' title='bbox 1041 3777 1106 3794; x_wconf 88' lang='lat' dir='ltr'>vero</span> <span class='ocrx_word' id='word_1_1057' title='bbox 1121 3769 1178 3794; x_wconf 87' lang='lat' dir='ltr'>Piso</span> <span class='ocrx_word' id='word_1_1058' title='bbox 1192 3768 1238 3795; x_wconf 86' lang='lat' dir='ltr'>diu</span> <span class='ocrx_word' id='word_1_1059' title='bbox 1251 3770 1293 3795; x_wconf 92' lang='lat' dir='ltr'>de-</span> 
     </span>
     <span class='ocr_line' id='line_1_110' title="bbox 258 3804 1294 3840; baseline -0.003 -6"><span class='ocrx_word' id='word_1_1060' title='bbox 258 3808 421 3835; x_wconf 83' lang='lat' dir='ltr'>liberandum</span> <span class='ocrx_word' id='word_1_1061' title='bbox 442 3816 466 3834; x_wconf 85' lang='lat' dir='ltr'>et</span> <span class='ocrx_word' id='word_1_1062' title='bbox 485 3805 700 3840; x_wconf 80' lang='lat' dir='ltr'>concoquendum</span> <span class='ocrx_word' id='word_1_1063' title='bbox 721 3806 772 3833; x_wconf 77' lang='lat' dir='ltr'>est.</span> <span class='ocrx_word' id='word_1_1064' title='bbox 792 3813 879 3831; x_wconf 77' lang='lat' dir='ltr'>Vtrum</span> <span class='ocrx_word' id='word_1_1065' title='bbox 900 3805 986 3839; x_wconf 87' lang='lat' dir='ltr'>potius</span> <span class='ocrx_word' id='word_1_1066' title='bbox 1005 3804 1122 3831; x_wconf 85' lang='lat' dir='ltr'>Chereae</span> <span class='ocrx_word' id='word_1_1067' title='bbox 1135 3804 1251 3831; x_wconf 85' lang='lat' dir='ltr'>iniurato</span> <span class='ocrx_word' id='word_1_1068' title='bbox 1265 3806 1294 3831; x_wconf 90' lang='lat' dir='ltr'>in</span> 
     </span>
     <span class='ocr_line' id='line_1_111' title="bbox 260 3839 1294 3871; baseline -0.003 -3"><span class='ocrx_word' id='word_1_1069' title='bbox 260 3845 304 3869; x_wconf 79' lang='lat' dir='ltr'>sua</span> <span class='ocrx_word' id='word_1_1070' title='bbox 317 3843 374 3871; x_wconf 88' lang='lat' dir='ltr'>litc.</span> <span class='ocrx_word' id='word_1_1071' title='bbox 397 3853 428 3869; x_wconf 79' lang='lat' dir='ltr'>an</span> <span class='ocrx_word' id='word_1_1072' title='bbox 441 3843 553 3869; x_wconf 83' lang='lat' dir='ltr'>Manilio</span> <span class='ocrx_word' id='word_1_1073' title='bbox 566 3849 591 3867; x_wconf 88' lang='lat' dir='ltr'>et</span> <span class='ocrx_word' id='word_1_1074' title='bbox 605 3841 698 3867; x_wconf 80' lang='lat' dir='ltr'>Luscio</span> <span class='ocrx_word' id='word_1_1075' title='bbox 715 3841 806 3866; x_wconf 86' lang='lat' dir='ltr'>iuratis</span> <span class='ocrx_word' id='word_1_1076' title='bbox 820 3841 847 3866; x_wconf 90' lang='lat' dir='ltr'>in</span> <span class='ocrx_word' id='word_1_1077' title='bbox 860 3841 949 3867; x_wconf 89' lang='lat' dir='ltr'>alieno</span> <span class='ocrx_word' id='word_1_1078' title='bbox 963 3839 1064 3866; x_wconf 91' lang='lat' dir='ltr'>iudicio</span> <span class='ocrx_word' id='word_1_1079' title='bbox 1076 3839 1173 3866; x_wconf 83' lang='lat' dir='ltr'>credas.</span> <span class='ocrx_word' id='word_1_1080' title='bbox 1252 3841 1294 3866; x_wconf 91' lang='lat' dir='ltr'>Iu-</span> 
     </span>
     <span class='ocr_line' id='line_1_112' title="bbox 261 3875 1295 3937; baseline 0 -35"><span class='ocrx_word' id='word_1_1081' title='bbox 261 3878 328 3937; x_wconf 40' lang='grc' dir='ltr'>(ἐι-σεε</span> <span class='ocrx_word' id='word_1_1082' title='bbox 349 3879 426 3904; x_wconf 86' lang='lat' dir='ltr'>iurati</span> <span class='ocrx_word' id='word_1_1083' title='bbox 451 3879 542 3904; x_wconf 84' lang='lat' dir='ltr'>Ascon.</span> <span class='ocrx_word' id='word_1_1084' title='bbox 563 3876 644 3912; x_wconf 76' lang='lat' dir='ltr'>praef.</span> <span class='ocrx_word' id='word_1_1085' title='bbox 748 3876 849 3902; x_wconf 84' lang='lat' dir='ltr'>Pariter</span> <span class='ocrx_word' id='word_1_1086' title='bbox 881 3877 961 3902; x_wconf 86' lang='lat' dir='ltr'>iurati</span> <span class='ocrx_word' id='word_1_1087' title='bbox 993 3875 1156 3909; x_wconf 86' lang='lat' dir='ltr'>iniuratique</span> <span class='ocrx_word' id='word_1_1088' title='bbox 1187 3875 1295 3910; x_wconf 83' lang='lat' dir='ltr'>fugiunt</span> 
     </span>
    </p>

    <p class='ocr_par' dir='ltr' id='par_1_30' title="bbox 287 3921 420 3944">
     <span class='ocr_line' id='line_1_113' title="bbox 287 3921 420 3944; baseline 0.008 -7"><span class='ocrx_word' id='word_1_1089' title='bbox 287 3921 321 3937; x_wconf 80' lang='lat' dir='ltr'>iu.</span> <span class='ocrx_word' id='word_1_1090' title='bbox 335 3921 372 3944; x_wconf 81' lang='lat' dir='ltr'>io,</span> <span class='ocrx_word' id='word_1_1091' title='bbox 383 3922 420 3944; x_wconf 84' lang='lat'>4¹·</span> 
     </span>
    </p>
   </div>
   <div class='ocr_carea' id='block_1_20' title="bbox 298 3942 1296 3982">
    <p class='ocr_par' dir='ltr' id='par_1_31' title="bbox 298 3942 1296 3982">
     <span class='ocr_line' id='line_1_114' title="bbox 298 3942 1296 3982; baseline 0.003 -12"><span class='ocrx_word' id='word_1_1092' title='bbox 298 3952 479 3979; x_wconf 55' lang='grc' dir='ltr'>ιΝινιὶιΑ,</span> <span class='ocrx_word' id='word_1_1093' title='bbox 496 3955 536 3973; x_wconf 80' lang='lat' dir='ltr'>ae.</span> <span class='ocrx_word' id='word_1_1094' title='bbox 551 3946 573 3974; x_wconf 82' lang='lat' dir='ltr'>f.</span> <span class='ocrx_word' id='word_1_1095' title='bbox 609 3944 711 3981; x_wconf 55' lang='lat' dir='ltr'>[Zsspm</span> <span class='ocrx_word' id='word_1_1096' title='bbox 725 3942 825 3979; x_wconf 58' lang='grc' dir='ltr'>οἷέικὶα]</span> <span class='ocrx_word' id='word_1_1097' title='bbox 859 3944 939 3972; x_wconf 69' lang='lat' dir='ltr'>DiHa</span> <span class='ocrx_word' id='word_1_1098' title='bbox 952 3944 1002 3980; x_wconf 82' lang='lat' dir='ltr'>est,</span> <span class='ocrx_word' id='word_1_1099' title='bbox 1019 3946 1083 3982; x_wconf 78' lang='lat' dir='ltr'>quod</span> <span class='ocrx_word' id='word_1_1100' title='bbox 1093 3954 1147 3972; x_wconf 90' lang='lat' dir='ltr'>non</span> <span class='ocrx_word' id='word_1_1101' title='bbox 1165 3946 1225 3974; x_wconf 79' lang='lat' dir='ltr'>iure</span> <span class='ocrx_word' id='word_1_1102' title='bbox 1239 3944 1296 3981; x_wconf 74' lang='lat' dir='ltr'>fiat.</span> 
     </span>
    </p>
   </div>
   <div class='ocr_carea' id='block_1_21' title="bbox 796 1080 1319 1119">
    <p class='ocr_par' dir='ltr' id='par_1_32' title="bbox 796 1080 1319 1119">
     <span class='ocr_line' id='line_1_115' title="bbox 796 1080 1319 1119; baseline -0.015 -9"><span class='ocrx_word' id='word_1_1103' title='bbox 796 1084 892 1119; x_wconf 80' lang='lat' dir='ltr'>(vulg.</span> <span class='ocrx_word' id='word_1_1104' title='bbox 914 1083 985 1109; x_wconf 86' lang='lat' dir='ltr'>inter</span> <span class='ocrx_word' id='word_1_1105' title='bbox 1007 1081 1058 1107; x_wconf 84' lang='lat' dir='ltr'>alia</span> <span class='ocrx_word' id='word_1_1106' title='bbox 1084 1080 1189 1106; x_wconf 85' lang='lat' dir='ltr'>Cereris</span> <span class='ocrx_word' id='word_1_1107' title='bbox 1215 1085 1279 1104; x_wconf 79' lang='lat' dir='ltr'>tem-</span> <span class='ocrx_word' id='word_1_1108' title='bbox 1288 1085 1319 1112; x_wconf 76' lang='lat'>25</span> 
     </span>
    </p>
   </div>
   <div class='ocr_carea' id='block_1_22' title="bbox 877 1789 1321 1822">
    <p class='ocr_par' dir='ltr' id='par_1_33' title="bbox 877 1789 1321 1822">
     <span class='ocr_line' id='line_1_116' title="bbox 877 1789 1321 1822; baseline -0.007 -6"><span class='ocrx_word' id='word_1_1109' title='bbox 877 1790 1002 1817; x_wconf 84' lang='lat' dir='ltr'>Manilius</span> <span class='ocrx_word' id='word_1_1110' title='bbox 1010 1790 1131 1816; x_wconf 81' lang='lat' dir='ltr'>Chrestus</span> <span class='ocrx_word' id='word_1_1111' title='bbox 1146 1789 1192 1814; x_wconf 92' lang='lat' dir='ltr'>lib.</span> <span class='ocrx_word' id='word_1_1112' title='bbox 1201 1798 1280 1822; x_wconf 85' lang='lat' dir='ltr'>quem</span> <span class='ocrx_word' id='word_1_1113' title='bbox 1288 1794 1321 1820; x_wconf 84' lang='lat'>45</span> 
     </span>
    </p>
   </div>
   <div class='ocr_carea' id='block_1_23' title="bbox 589 2138 1318 2178">
    <p class='ocr_par' dir='ltr' id='par_1_34' title="bbox 589 2138 1318 2178">
     <span class='ocr_line' id='line_1_117' title="bbox 589 2138 1318 2178; baseline -0.01 -9"><span class='ocrx_word' id='word_1_1114' title='bbox 589 2144 754 2178; x_wconf 67' lang='grc' dir='ltr'>[ἔπι-τίθημι,</span> <span class='ocrx_word' id='word_1_1115' title='bbox 777 2140 910 2177; x_wconf 63' lang='grc' dir='ltr'>προσάγω]</span> <span class='ocrx_word' id='word_1_1116' title='bbox 945 2141 1024 2168; x_wconf 84' lang='lat' dir='ltr'>Simul</span> <span class='ocrx_word' id='word_1_1117' title='bbox 1046 2142 1154 2175; x_wconf 75' lang='lat' dir='ltr'>iungere.</span> <span class='ocrx_word' id='word_1_1118' title='bbox 1191 2138 1318 2169; x_wconf 83' lang='lat' dir='ltr'>Iniun-55</span> 
     </span>
    </p>
   </div>
   <div class='ocr_carea' id='block_1_24' title="bbox 386 2316 1324 2355">
    <p class='ocr_par' dir='ltr' id='par_1_35' title="bbox 386 2316 1324 2355">
     <span class='ocr_line' id='line_1_118' title="bbox 386 2316 1324 2355; baseline -0.013 -3"><span class='ocrx_word' id='word_1_1119' title='bbox 386 2325 425 2352; x_wconf 87' lang='lat' dir='ltr'>Ad</span> <span class='ocrx_word' id='word_1_1120' title='bbox 449 2323 582 2355; x_wconf 83' lang='lat' dir='ltr'>scrobem,</span> <span class='ocrx_word' id='word_1_1121' title='bbox 603 2323 644 2348; x_wconf 85' lang='lat' dir='ltr'>cui</span> <span class='ocrx_word' id='word_1_1122' title='bbox 666 2321 747 2348; x_wconf 79' lang='lat' dir='ltr'>arbor</span> <span class='ocrx_word' id='word_1_1123' title='bbox 771 2319 892 2346; x_wconf 50' lang='lat' dir='ltr'>iniuncta</span> <span class='ocrx_word' id='word_1_1124' title='bbox 915 2318 951 2344; x_wconf 81' lang='lat' dir='ltr'>est</span> <span class='ocrx_word' id='word_1_1125' title='bbox 979 2317 1074 2344; x_wconf 86' lang='lat' dir='ltr'>Pallad.</span> <span class='ocrx_word' id='word_1_1126' title='bbox 1096 2316 1172 2343; x_wconf 80' lang='lat' dir='ltr'>Febr.</span> <span class='ocrx_word' id='word_1_1127' title='bbox 1194 2325 1222 2352; x_wconf 72' lang='lat'>4,</span> <span class='ocrx_word' id='word_1_1128' title='bbox 1244 2316 1324 2340; x_wconf 87' lang='lat' dir='ltr'>10.6o</span> 
     </span>
    </p>
   </div>
   <div class='ocr_carea' id='block_1_25' title="bbox 1724 135 1981 176">
    <p class='ocr_par' dir='ltr' id='par_1_36' title="bbox 1724 135 1981 176">
     <span class='ocr_line' id='line_1_119' title="bbox 1724 135 1981 176; baseline 0 0"><span class='ocrx_word' id='word_1_1129' title='bbox 1724 135 1981 176; x_wconf 87' lang='lat' dir='ltr'>INI</span> 
     </span>
    </p>
   </div>
   <div class='ocr_carea' id='block_1_26' title="bbox 1341 216 2473 546">
    <p class='ocr_par' dir='ltr' id='par_1_37' title="bbox 1341 216 2475 546">
     <span class='ocr_line' id='line_1_120' title="bbox 1341 216 2470 262; baseline -0.004 -8"><span class='ocrx_word' id='word_1_1130' title='bbox 1341 227 1472 262; x_wconf 78' lang='lat' dir='ltr'>leianus</span> <span class='ocrx_word' id='word_1_1131' title='bbox 1486 227 1563 255; x_wconf 75' lang='lat' dir='ltr'>aftin</span> <span class='ocrx_word' id='word_1_1132' title='bbox 1576 227 1618 254; x_wconf 55' lang='grc' dir='ltr'>1,»ι</span> <span class='ocrx_word' id='word_1_1133' title='bbox 1632 227 1665 253; x_wconf 87' lang='lat' dir='ltr'>D.</span> <span class='ocrx_word' id='word_1_1134' title='bbox 1681 225 1713 253; x_wconf 85' lang='lat' dir='ltr'>de</span> <span class='ocrx_word' id='word_1_1135' title='bbox 1725 226 1843 258; x_wconf 79' lang='lat' dir='ltr'>iniuria,</span> <span class='ocrx_word' id='word_1_1136' title='bbox 1862 230 1887 252; x_wconf 86' lang='lat' dir='ltr'>et</span> <span class='ocrx_word' id='word_1_1137' title='bbox 1906 225 1999 252; x_wconf 83' lang='lat' dir='ltr'>samos.</span> <span class='ocrx_word' id='word_1_1138' title='bbox 2019 225 2092 253; x_wconf 88' lang='lat' dir='ltr'>libel.</span> <span class='ocrx_word' id='word_1_1139' title='bbox 2118 226 2206 253; x_wconf 88' lang='lat' dir='ltr'>Omne</span> <span class='ocrx_word' id='word_1_1140' title='bbox 2228 216 2304 251; x_wconf 75' lang='lat' dir='ltr'>enim&#39;</span> <span class='ocrx_word' id='word_1_1141' title='bbox 2316 221 2389 261; x_wconf 49' lang='lat' dir='ltr'>quo?</span> <span class='ocrx_word' id='word_1_1142' title='bbox 2404 227 2409 231; x_wconf 60' lang='lat'><strong><em>¹</em></strong></span> <span class='ocrx_word' id='word_1_1143' title='bbox 2426 245 2431 250; x_wconf 88' lang='lat'>.</span> <span class='ocrx_word' id='word_1_1144' title='bbox 2446 219 2470 240; x_wconf 56' lang='lat'>&#39;³³</span> 
     </span>
     <span class='ocr_line' id='line_1_121' title="bbox 1344 258 2424 296; baseline -0.004 -7"><span class='ocrx_word' id='word_1_1145' title='bbox 1344 272 1399 290; x_wconf 87' lang='lat' dir='ltr'>non</span> <span class='ocrx_word' id='word_1_1146' title='bbox 1412 265 1470 290; x_wconf 86' lang='lat' dir='ltr'>iure</span> <span class='ocrx_word' id='word_1_1147' title='bbox 1484 264 1527 295; x_wconf 82' lang='lat' dir='ltr'>tit,</span> <span class='ocrx_word' id='word_1_1148' title='bbox 1547 263 1646 291; x_wconf 86' lang='lat' dir='ltr'>iniuria</span> <span class='ocrx_word' id='word_1_1149' title='bbox 1660 262 1719 289; x_wconf 83' lang='lat' dir='ltr'>fieri</span> <span class='ocrx_word' id='word_1_1150' title='bbox 1733 261 1849 294; x_wconf 81' lang='lat' dir='ltr'>dicitur,</span> <span class='ocrx_word' id='word_1_1151' title='bbox 1869 261 1918 288; x_wconf 81' lang='lat' dir='ltr'>hoc</span> <span class='ocrx_word' id='word_1_1152' title='bbox 1931 261 2098 296; x_wconf 83' lang='lat' dir='ltr'>generaliter.</span> <span class='ocrx_word' id='word_1_1153' title='bbox 2133 261 2288 296; x_wconf 87' lang='lat' dir='ltr'>Specialiter</span> <span class='ocrx_word' id='word_1_1154' title='bbox 2302 262 2405 294; x_wconf 59' lang='lat' dir='ltr'>amenis,</span> <span class='ocrx_word' id='word_1_1155' title='bbox 2421 258 2424 262; x_wconf 81' lang='lat'>&#39;</span> 
     </span>
     <span class='ocr_line' id='line_1_122' title="bbox 1344 295 2389 331; baseline -0.002 -7"><span class='ocrx_word' id='word_1_1156' title='bbox 1344 298 1443 326; x_wconf 86' lang='lat' dir='ltr'>iniuria</span> <span class='ocrx_word' id='word_1_1157' title='bbox 1458 299 1555 327; x_wconf 83' lang='lat' dir='ltr'>dicitur</span> <span class='ocrx_word' id='word_1_1158' title='bbox 1569 298 1738 325; x_wconf 85' lang='lat' dir='ltr'>contumelia.</span> <span class='ocrx_word' id='word_1_1159' title='bbox 1790 296 1925 323; x_wconf 84' lang='lat' dir='ltr'>Interdum</span> <span class='ocrx_word' id='word_1_1160' title='bbox 1940 297 2057 323; x_wconf 86' lang='lat' dir='ltr'>iniuriae</span> <span class='ocrx_word' id='word_1_1161' title='bbox 2068 297 2244 331; x_wconf 81' lang='lat' dir='ltr'>appellatione</span> <span class='ocrx_word' id='word_1_1162' title='bbox 2265 295 2389 326; x_wconf 83' lang='lat' dir='ltr'>damnum</span> 
     </span>
     <span class='ocr_line' id='line_1_123' title="bbox 1347 331 2425 370; baseline -0.003 -11"><span class='ocrx_word' id='word_1_1163' title='bbox 1347 334 1422 368; x_wconf 88' lang='lat' dir='ltr'>culpa</span> <span class='ocrx_word' id='word_1_1164' title='bbox 1434 335 1524 361; x_wconf 88' lang='lat' dir='ltr'>datum</span> <span class='ocrx_word' id='word_1_1165' title='bbox 1538 334 1696 369; x_wconf 73' lang='lat' dir='ltr'>significatur</span> <span class='ocrx_word' id='word_1_1166' title='bbox 1710 345 1715 360; x_wconf 75' lang='grc' dir='ltr'>ι</span> <span class='ocrx_word' id='word_1_1167' title='bbox 1751 339 1779 360; x_wconf 91' lang='lat' dir='ltr'>vt</span> <span class='ocrx_word' id='word_1_1168' title='bbox 1795 333 1823 359; x_wconf 92' lang='lat' dir='ltr'>in</span> <span class='ocrx_word' id='word_1_1169' title='bbox 1836 333 1893 367; x_wconf 80' lang='lat' dir='ltr'>lege</span> <span class='ocrx_word' id='word_1_1170' title='bbox 1905 333 2014 367; x_wconf 87' lang='lat' dir='ltr'>Aquilia</span> <span class='ocrx_word' id='word_1_1171' title='bbox 2027 332 2114 358; x_wconf 76' lang='lat' dir='ltr'>dicere</span> <span class='ocrx_word' id='word_1_1172' title='bbox 2133 332 2254 359; x_wconf 85' lang='lat' dir='ltr'>solemus.</span> <span class='ocrx_word' id='word_1_1173' title='bbox 2308 331 2390 362; x_wconf 67' lang='lat' dir='ltr'>Inter-</span> <span class='ocrx_word' id='word_1_1174' title='bbox 2401 355 2425 370; x_wconf 15' lang='lat'>[¹.</span> 
     </span>
     <span class='ocr_line' id='line_1_124' title="bbox 1345 361 2427 407; baseline -0.003 -13"><span class='ocrx_word' id='word_1_1175' title='bbox 1345 369 1408 395; x_wconf 88' lang='lat' dir='ltr'>dum</span> <span class='ocrx_word' id='word_1_1176' title='bbox 1421 370 1587 404; x_wconf 83' lang='lat' dir='ltr'>iniquitatem</span> <span class='ocrx_word' id='word_1_1177' title='bbox 1602 370 1728 396; x_wconf 87' lang='lat' dir='ltr'>iniuriam</span> <span class='ocrx_word' id='word_1_1178' title='bbox 1741 368 1864 395; x_wconf 75' lang='lat' dir='ltr'>dicimus.</span> <span class='ocrx_word' id='word_1_1179' title='bbox 1920 368 1989 395; x_wconf 89' lang='lat' dir='ltr'>Nam</span> <span class='ocrx_word' id='word_1_1180' title='bbox 2003 376 2086 402; x_wconf 89' lang='lat' dir='ltr'>quum</span> <span class='ocrx_word' id='word_1_1181' title='bbox 2100 367 2159 402; x_wconf 80' lang='lat' dir='ltr'>quis</span> <span class='ocrx_word' id='word_1_1182' title='bbox 2172 367 2269 394; x_wconf 86' lang='lat' dir='ltr'>iniuste</span> <span class='ocrx_word' id='word_1_1183' title='bbox 2283 365 2327 392; x_wconf 85' lang='lat' dir='ltr'>vel</span> <span class='ocrx_word' id='word_1_1184' title='bbox 2340 361 2427 407; x_wconf 47' lang='lat' dir='ltr'>ini-&#39;23¹¹¹</span> 
     </span>
     <span class='ocr_line' id='line_1_125' title="bbox 1345 399 2436 439; baseline -0.003 -9"><span class='ocrx_word' id='word_1_1185' title='bbox 1345 413 1398 438; x_wconf 90' lang='lat' dir='ltr'>que</span> <span class='ocrx_word' id='word_1_1186' title='bbox 1412 406 1563 433; x_wconf 72' lang='lat' dir='ltr'>sententiam</span> <span class='ocrx_word' id='word_1_1187' title='bbox 1577 406 1672 432; x_wconf 76' lang='lat' dir='ltr'>dixerit</span> <span class='ocrx_word' id='word_1_1188' title='bbox 1689 413 1695 428; x_wconf 94' lang='lat'><strong>:</strong></span> <span class='ocrx_word' id='word_1_1189' title='bbox 1732 413 1763 430; x_wconf 82' lang='lat' dir='ltr'>ex</span> <span class='ocrx_word' id='word_1_1190' title='bbox 1778 413 1810 431; x_wconf 90' lang='lat' dir='ltr'>eo</span> <span class='ocrx_word' id='word_1_1191' title='bbox 1823 404 1950 430; x_wconf 86' lang='lat' dir='ltr'>iniuriam</span> <span class='ocrx_word' id='word_1_1192' title='bbox 1964 403 2065 435; x_wconf 86' lang='lat' dir='ltr'>dicam,</span> <span class='ocrx_word' id='word_1_1193' title='bbox 2083 402 2154 437; x_wconf 85' lang='lat' dir='ltr'>quod</span> <span class='ocrx_word' id='word_1_1194' title='bbox 2167 403 2226 430; x_wconf 85' lang='lat' dir='ltr'>iure</span> <span class='ocrx_word' id='word_1_1195' title='bbox 2247 409 2272 429; x_wconf 91' lang='lat' dir='ltr'>et</span> <span class='ocrx_word' id='word_1_1196' title='bbox 2289 400 2391 428; x_wconf 71' lang='lat' dir='ltr'>iustitia</span> <span class='ocrx_word' id='word_1_1197' title='bbox 2402 399 2436 439; x_wconf 56' lang='lat' dir='ltr'>Qi&#39;</span> 
     </span>
     <span class='ocr_line' id='line_1_126' title="bbox 1346 434 2473 475; baseline -0.003 -10"><span class='ocrx_word' id='word_1_1198' title='bbox 1346 446 1431 473; x_wconf 83' lang='lat' dir='ltr'>caret,</span> <span class='ocrx_word' id='word_1_1199' title='bbox 1451 442 1521 475; x_wconf 80' lang='lat' dir='ltr'>quasi</span> <span class='ocrx_word' id='word_1_1200' title='bbox 1535 451 1590 468; x_wconf 87' lang='lat' dir='ltr'>non</span> <span class='ocrx_word' id='word_1_1201' title='bbox 1604 441 1709 468; x_wconf 86' lang='lat' dir='ltr'>iuriam.</span> <span class='ocrx_word' id='word_1_1202' title='bbox 1744 440 1943 466; x_wconf 81' lang='lat' dir='ltr'>Contumeliam</span> <span class='ocrx_word' id='word_1_1203' title='bbox 1954 446 2040 466; x_wconf 84' lang='lat' dir='ltr'>autern</span> <span class='ocrx_word' id='word_1_1204' title='bbox 2052 446 2068 464; x_wconf 87' lang='lat' dir='ltr'>a</span> <span class='ocrx_word' id='word_1_1205' title='bbox 2079 437 2281 465; x_wconf 85' lang='lat' dir='ltr'>contemnendo.</span> <span class='ocrx_word' id='word_1_1206' title='bbox 2318 434 2440 469; x_wconf 48' lang='lat' dir='ltr'>inin-av..</span> <span class='ocrx_word' id='word_1_1207' title='bbox 2454 435 2473 461; x_wconf 58' lang='lat'>2³</span> 
     </span>
     <span class='ocr_line' id='line_1_127' title="bbox 1346 464 2468 508; baseline -0.001 -8"><span class='ocrx_word' id='word_1_1208' title='bbox 1346 475 1416 501; x_wconf 85' lang='lat' dir='ltr'>riam</span> <span class='ocrx_word' id='word_1_1209' title='bbox 1428 483 1514 503; x_wconf 86' lang='lat' dir='ltr'>autem</span> <span class='ocrx_word' id='word_1_1210' title='bbox 1526 477 1584 504; x_wconf 83' lang='lat' dir='ltr'>fieri</span> <span class='ocrx_word' id='word_1_1211' title='bbox 1598 478 1686 504; x_wconf 81' lang='lat' dir='ltr'>Labeo</span> <span class='ocrx_word' id='word_1_1212' title='bbox 1699 476 1751 508; x_wconf 81' lang='lat' dir='ltr'>ait,</span> <span class='ocrx_word' id='word_1_1213' title='bbox 1771 482 1814 501; x_wconf 85' lang='lat' dir='ltr'>aut</span> <span class='ocrx_word' id='word_1_1214' title='bbox 1827 484 1873 508; x_wconf 86' lang='lat' dir='ltr'>re,</span> <span class='ocrx_word' id='word_1_1215' title='bbox 1890 481 1935 502; x_wconf 91' lang='lat' dir='ltr'>aut</span> <span class='ocrx_word' id='word_1_1216' title='bbox 1949 474 2048 501; x_wconf 86' lang='lat' dir='ltr'>verbis.</span> <span class='ocrx_word' id='word_1_1217' title='bbox 2103 474 2142 500; x_wconf 79' lang='lat' dir='ltr'>Re</span> <span class='ocrx_word' id='word_1_1218' title='bbox 2152 494 2160 507; x_wconf 82' lang='lat'>‚</span> <span class='ocrx_word' id='word_1_1219' title='bbox 2181 473 2285 508; x_wconf 83' lang='lat' dir='ltr'>quoties</span> <span class='ocrx_word' id='word_1_1220' title='bbox 2298 464 2389 499; x_wconf 65' lang='lat' dir='ltr'>mantis</span> <span class='ocrx_word' id='word_1_1221' title='bbox 2457 475 2468 489; x_wconf 83' lang='lat'>·&#39;</span> 
     </span>
     <span class='ocr_line' id='line_1_128' title="bbox 1344 507 2455 546; baseline -0.004 -10"><span class='ocrx_word' id='word_1_1222' title='bbox 1344 510 1508 538; x_wconf 73' lang='lat' dir='ltr'>inferuntur:</span> <span class='ocrx_word' id='word_1_1223' title='bbox 1525 512 1615 539; x_wconf 77' lang='lat' dir='ltr'>verbis</span> <span class='ocrx_word' id='word_1_1224' title='bbox 1622 518 1707 538; x_wconf 85' lang='lat' dir='ltr'>autem</span> <span class='ocrx_word' id='word_1_1225' title='bbox 1716 531 1723 544; x_wconf 88' lang='lat'>‚</span> <span class='ocrx_word' id='word_1_1226' title='bbox 1738 511 1842 546; x_wconf 90' lang='lat' dir='ltr'>quoties</span> <span class='ocrx_word' id='word_1_1227' title='bbox 1849 519 1904 537; x_wconf 89' lang='lat' dir='ltr'>non</span> <span class='ocrx_word' id='word_1_1228' title='bbox 1916 519 2006 537; x_wconf 87' lang='lat' dir='ltr'>manus</span> <span class='ocrx_word' id='word_1_1229' title='bbox 2014 510 2174 541; x_wconf 82' lang='lat' dir='ltr'>inferuntur,</span> <span class='ocrx_word' id='word_1_1230' title='bbox 2182 509 2225 535; x_wconf 84' lang='lat' dir='ltr'>sed</span> <span class='ocrx_word' id='word_1_1231' title='bbox 2237 507 2391 534; x_wconf 82' lang='lat' dir='ltr'>conuicium</span> <span class='ocrx_word' id='word_1_1232' title='bbox 2403 515 2428 534; x_wconf 65' lang='lat'>¹5</span> <span class='ocrx_word' id='word_1_1233' title='bbox 2440 517 2455 524; x_wconf 91' lang='lat'>·</span> 
     </span>
    </p>
   </div>
   <div class='ocr_carea' id='block_1_27' title="bbox 2425 531 2438 611">
    <p class='ocr_par' dir='ltr' id='par_1_38' title="bbox 2425 531 2438 611">
     <span class='ocr_line' id='line_1_129' title="bbox 2425 531 2438 611; baseline 0 0"><span class='ocrx_word' id='word_1_1234' title='bbox 2425 531 2438 611; x_wconf 95' lang='lat' dir='ltr'>  </span> 
     </span>
    </p>
   </div>
   <div class='ocr_carea' id='block_1_28' title="bbox 1305 539 2443 617">
    <p class='ocr_par' dir='ltr' id='par_1_39' title="bbox 1305 539 2443 617">
     <span class='ocr_line' id='line_1_130' title="bbox 1305 539 2434 582; baseline -0.007 -7"><span class='ocrx_word' id='word_1_1235' title='bbox 1305 551 1335 569; x_wconf 81' lang='lat'>¹0</span> <span class='ocrx_word' id='word_1_1236' title='bbox 1346 546 1384 574; x_wconf 83' lang='lat' dir='ltr'>fit.</span> <span class='ocrx_word' id='word_1_1237' title='bbox 1451 546 1578 574; x_wconf 67' lang='lat' dir='ltr'>HaHenus</span> <span class='ocrx_word' id='word_1_1238' title='bbox 1587 549 1646 582; x_wconf 87' lang='lat' dir='ltr'>le.</span> <span class='ocrx_word' id='word_1_1239' title='bbox 1655 548 1780 574; x_wconf 81' lang='lat' dir='ltr'>Pacuuius</span> <span class='ocrx_word' id='word_1_1240' title='bbox 1789 554 1829 582; x_wconf 80' lang='lat' dir='ltr'>ap.</span> <span class='ocrx_word' id='word_1_1241' title='bbox 1838 547 1910 573; x_wconf 86' lang='lat' dir='ltr'>Non.</span> <span class='ocrx_word' id='word_1_1242' title='bbox 1919 555 1941 580; x_wconf 87' lang='lat'>5,</span> <span class='ocrx_word' id='word_1_1243' title='bbox 1948 555 1977 579; x_wconf 78' lang='lat'>32</span> <span class='ocrx_word' id='word_1_1244' title='bbox 2003 545 2091 572; x_wconf 85' lang='lat' dir='ltr'>Patior</span> <span class='ocrx_word' id='word_1_1245' title='bbox 2099 545 2177 571; x_wconf 85' lang='lat' dir='ltr'>facile</span> <span class='ocrx_word' id='word_1_1246' title='bbox 2184 544 2320 574; x_wconf 86' lang='lat' dir='ltr'>iniuriam,</span> <span class='ocrx_word' id='word_1_1247' title='bbox 2328 542 2345 568; x_wconf 86' lang='lat' dir='ltr'>si</span> <span class='ocrx_word' id='word_1_1248' title='bbox 2355 539 2434 578; x_wconf 29' lang='lat' dir='ltr'>eff...</span> 
     </span>
     <span class='ocr_line' id='line_1_131' title="bbox 1344 578 2443 617; baseline -0.003 -10"><span class='ocrx_word' id='word_1_1249' title='bbox 1344 584 1613 610; x_wconf 77' lang='lat' dir='ltr'>vacuaacontunielia</span> <span class='ocrx_word' id='word_1_1250' title='bbox 1667 584 1824 617; x_wconf 85' lang='lat' dir='ltr'>Spretacque</span> <span class='ocrx_word' id='word_1_1251' title='bbox 1832 582 1931 608; x_wconf 88' lang='lat' dir='ltr'>iniuria</span> <span class='ocrx_word' id='word_1_1252' title='bbox 1940 583 2042 608; x_wconf 85' lang='lat' dir='ltr'>formae</span> <span class='ocrx_word' id='word_1_1253' title='bbox 2063 581 2137 615; x_wconf 79' lang='lat' dir='ltr'>Virg.</span> <span class='ocrx_word' id='word_1_1254' title='bbox 2146 581 2211 606; x_wconf 83' lang='lat' dir='ltr'>Aen.</span> <span class='ocrx_word' id='word_1_1255' title='bbox 2221 587 2282 612; x_wconf 83' lang='grc' dir='ltr'>ι,3ι.</span> <span class='ocrx_word' id='word_1_1256' title='bbox 2317 578 2391 605; x_wconf 85' lang='lat' dir='ltr'>Iniu-</span> <span class='ocrx_word' id='word_1_1257' title='bbox 2422 584 2424 587; x_wconf 83' lang='grc'>’</span> <span class='ocrx_word' id='word_1_1258' title='bbox 2441 583 2443 589; x_wconf 93' lang='grc'><strong>“</strong></span> 
     </span>
    </p>
   </div>
   <div class='ocr_carea' id='block_1_29' title="bbox 2399 611 2442 807">
    <p class='ocr_par' dir='ltr' id='par_1_40' title="bbox 2399 611 2442 807">
     <span class='ocr_line' id='line_1_132' title="bbox 2399 611 2442 807; baseline 0 0"><span class='ocrx_word' id='word_1_1259' title='bbox 2399 611 2442 807; x_wconf 95' lang='lat' dir='ltr'>    </span> 
     </span>
    </p>
   </div>
   <div class='ocr_carea' id='block_1_30' title="bbox 1301 613 2468 3990">
    <p class='ocr_par' dir='ltr' id='par_1_41' title="bbox 1301 613 2468 3990">
     <span class='ocr_line' id='line_1_133' title="bbox 1344 613 2468 653; baseline -0.003 -10"><span class='ocrx_word' id='word_1_1260' title='bbox 1344 617 1660 653; x_wconf 61' lang='lat' dir='ltr'>rias‘aepenumerodicitur</span> <span class='ocrx_word' id='word_1_1261' title='bbox 1668 618 1750 652; x_wconf 71' lang='lat' dir='ltr'>Laefio</span> <span class='ocrx_word' id='word_1_1262' title='bbox 1758 615 2080 653; x_wconf 61' lang='lat' dir='ltr'>quaecunquefinertspeflu</span> <span class='ocrx_word' id='word_1_1263' title='bbox 2088 617 2165 642; x_wconf 82' lang='lat' dir='ltr'>adius</span> <span class='ocrx_word' id='word_1_1264' title='bbox 2174 617 2301 642; x_wconf 76' lang='lat' dir='ltr'>violatum.</span> <span class='ocrx_word' id='word_1_1265' title='bbox 2328 614 2391 640; x_wconf 84' lang='lat' dir='ltr'>Duo</span> <span class='ocrx_word' id='word_1_1266' title='bbox 2404 635 2405 638; x_wconf 60' lang='grc'>,</span> <span class='ocrx_word' id='word_1_1267' title='bbox 2432 613 2440 618; x_wconf 83' lang='grc'><strong>’</strong></span> <span class='ocrx_word' id='word_1_1268' title='bbox 2465 619 2468 624; x_wconf 79' lang='grc'>’</span> 
     </span>
     <span class='ocr_line' id='line_1_134' title="bbox 1346 644 2445 687; baseline -0.005 -8"><span class='ocrx_word' id='word_1_1269' title='bbox 1346 661 1439 687; x_wconf 81' lang='lat' dir='ltr'>genera</span> <span class='ocrx_word' id='word_1_1270' title='bbox 1448 653 1561 681; x_wconf 82' lang='lat' dir='ltr'>caelestis</span> <span class='ocrx_word' id='word_1_1271' title='bbox 1574 655 1697 686; x_wconf 75' lang='lat' dir='ltr'>iniuriae,</span> <span class='ocrx_word' id='word_1_1272' title='bbox 1712 654 1824 680; x_wconf 81' lang='lat' dir='ltr'>alterum</span> <span class='ocrx_word' id='word_1_1273' title='bbox 1832 653 1995 687; x_wconf 83' lang='lat' dir='ltr'>tempestates</span> <span class='ocrx_word' id='word_1_1274' title='bbox 2014 668 2060 673; x_wconf 97' lang='lat'><strong>—</strong></span> <span class='ocrx_word' id='word_1_1275' title='bbox 2076 652 2138 684; x_wconf 84' lang='lat' dir='ltr'>alia,</span> <span class='ocrx_word' id='word_1_1276' title='bbox 2146 660 2211 686; x_wconf 83' lang='lat' dir='ltr'>quae</span> <span class='ocrx_word' id='word_1_1277' title='bbox 2219 644 2309 677; x_wconf 77' lang='lat' dir='ltr'>filentc</span> <span class='ocrx_word' id='word_1_1278' title='bbox 2317 649 2392 685; x_wconf 80' lang='lat' dir='ltr'>caelo</span> <span class='ocrx_word' id='word_1_1279' title='bbox 2405 652 2407 654; x_wconf 87' lang='lat'>&#39;</span> <span class='ocrx_word' id='word_1_1280' title='bbox 2442 666 2445 673; x_wconf 86' lang='lat'>.</span> 
     </span>
     <span class='ocr_line' id='line_1_135' title="bbox 1345 684 2393 724; baseline -0.004 -10"><span class='ocrx_word' id='word_1_1281' title='bbox 1345 689 1623 724; x_wconf 64' lang='lat' dir='ltr'>serenisqueno6fibus</span> <span class='ocrx_word' id='word_1_1282' title='bbox 1633 690 1698 715; x_wconf 82' lang='lat' dir='ltr'>fiunt</span> <span class='ocrx_word' id='word_1_1283' title='bbox 1717 690 1781 715; x_wconf 85' lang='lat' dir='ltr'>Plin.</span> <span class='ocrx_word' id='word_1_1284' title='bbox 1792 694 1825 719; x_wconf 81' lang='lat'>¹8,</span> <span class='ocrx_word' id='word_1_1285' title='bbox 1834 695 1863 718; x_wconf 80' lang='lat'>28</span> <span class='ocrx_word' id='word_1_1286' title='bbox 1871 696 1935 715; x_wconf 76' lang='lat' dir='ltr'>extr.</span> <span class='ocrx_word' id='word_1_1287' title='bbox 1991 689 2100 722; x_wconf 86' lang='lat' dir='ltr'>Semper</span> <span class='ocrx_word' id='word_1_1288' title='bbox 2113 687 2213 714; x_wconf 86' lang='lat' dir='ltr'>iniuria</span> <span class='ocrx_word' id='word_1_1289' title='bbox 2224 685 2320 711; x_wconf 81' lang='lat' dir='ltr'>metius</span> <span class='ocrx_word' id='word_1_1290' title='bbox 2327 684 2393 719; x_wconf 75' lang='lat' dir='ltr'>ficri</span> 
     </span>
     <span class='ocr_line' id='line_1_136' title="bbox 1346 721 2413 764; baseline -0.005 -14"><span class='ocrx_word' id='word_1_1291' title='bbox 1346 725 1504 764; x_wconf 29' lang='lat' dir='ltr'>lina-muldem</span> <span class='ocrx_word' id='word_1_1292' title='bbox 1513 734 1575 758; x_wconf 79' lang='lat'>19,1.</span> <span class='ocrx_word' id='word_1_1293' title='bbox 1613 724 1780 760; x_wconf 71' lang='lat' dir='ltr'>Etjicpaffim.</span> <span class='ocrx_word' id='word_1_1294' title='bbox 1816 726 1914 750; x_wconf 84' lang='lat' dir='ltr'>Matres</span> <span class='ocrx_word' id='word_1_1295' title='bbox 1922 733 2012 750; x_wconf 86' lang='lat' dir='ltr'>omnes</span> <span class='ocrx_word' id='word_1_1296' title='bbox 2020 723 2084 749; x_wconf 84' lang='lat' dir='ltr'>filiis</span> <span class='ocrx_word' id='word_1_1297' title='bbox 2092 723 2120 749; x_wconf 89' lang='lat' dir='ltr'>in</span> <span class='ocrx_word' id='word_1_1298' title='bbox 2127 728 2232 758; x_wconf 82' lang='lat' dir='ltr'>peccato</span> <span class='ocrx_word' id='word_1_1299' title='bbox 2240 721 2394 753; x_wconf 83' lang='lat' dir='ltr'>adiutrices&#39;,</span> <span class='ocrx_word' id='word_1_1300' title='bbox 2410 729 2413 735; x_wconf 36' lang='grc' dir='ltr'><strong>Δ</strong></span> 
     </span>
     <span class='ocr_line' id='line_1_137' title="bbox 1346 756 2393 795; baseline -0.004 -9"><span class='ocrx_word' id='word_1_1301' title='bbox 1346 759 1448 786; x_wconf 81' lang='lat' dir='ltr'>auxilio</span> <span class='ocrx_word' id='word_1_1302' title='bbox 1462 761 1489 786; x_wconf 91' lang='lat' dir='ltr'>in</span> <span class='ocrx_word' id='word_1_1303' title='bbox 1500 768 1604 795; x_wconf 85' lang='lat' dir='ltr'>paterna</span> <span class='ocrx_word' id='word_1_1304' title='bbox 1617 761 1716 787; x_wconf 84' lang='lat' dir='ltr'>iniuria</span> <span class='ocrx_word' id='word_1_1305' title='bbox 1729 761 1812 786; x_wconf 87' lang='lat' dir='ltr'>solent</span> <span class='ocrx_word' id='word_1_1306' title='bbox 1826 760 1874 786; x_wconf 79' lang='lat' dir='ltr'>effe</span> <span class='ocrx_word' id='word_1_1307' title='bbox 1894 760 1963 786; x_wconf 88' lang='lat' dir='ltr'>Ter.</span> <span class='ocrx_word' id='word_1_1308' title='bbox 1978 760 2073 786; x_wconf 88' lang='lat' dir='ltr'>Heaut.</span> <span class='ocrx_word' id='word_1_1309' title='bbox 2089 766 2112 791; x_wconf 92' lang='lat'>5,</span> <span class='ocrx_word' id='word_1_1310' title='bbox 2125 768 2149 791; x_wconf 83' lang='grc'>3,</span> <span class='ocrx_word' id='word_1_1311' title='bbox 2162 766 2197 791; x_wconf 84' lang='lat'>15.</span> <span class='ocrx_word' id='word_1_1312' title='bbox 2268 756 2334 783; x_wconf 89' lang='lat' dir='ltr'>Plin.</span> <span class='ocrx_word' id='word_1_1313' title='bbox 2345 756 2393 786; x_wconf 70' lang='lat' dir='ltr'>Pa-</span> 
     </span>
     <span class='ocr_line' id='line_1_138' title="bbox 1346 791 2393 829; baseline -0.008 -4"><span class='ocrx_word' id='word_1_1314' title='bbox 1346 804 1404 829; x_wconf 71' lang='lat' dir='ltr'>neg·</span> <span class='ocrx_word' id='word_1_1315' title='bbox 1414 801 1456 829; x_wconf 37' lang='lat'>238,</span> <span class='ocrx_word' id='word_1_1316' title='bbox 1470 804 1483 829; x_wconf 81' lang='grc' dir='ltr'><em>ς</em></span> <span class='ocrx_word' id='word_1_1317' title='bbox 1501 797 1624 824; x_wconf 83' lang='lat' dir='ltr'>Minuere</span> <span class='ocrx_word' id='word_1_1318' title='bbox 1636 796 1758 823; x_wconf 79' lang='lat' dir='ltr'>orbitatis</span> <span class='ocrx_word' id='word_1_1319' title='bbox 1773 795 1894 822; x_wconf 86' lang='lat' dir='ltr'>iniurias.</span> <span class='ocrx_word' id='word_1_1320' title='bbox 1960 794 2116 821; x_wconf 75' lang='lat' dir='ltr'>‘sterilitatis</span> <span class='ocrx_word' id='word_1_1321' title='bbox 2134 794 2207 820; x_wconf 88' lang='lat' dir='ltr'>Idem</span> <span class='ocrx_word' id='word_1_1322' title='bbox 2214 791 2281 820; x_wconf 83' lang='lat' dir='ltr'>ibid.</span> <span class='ocrx_word' id='word_1_1323' title='bbox 2289 801 2310 818; x_wconf 90' lang='lat' dir='ltr'>c.</span> <span class='ocrx_word' id='word_1_1324' title='bbox 2318 800 2358 824; x_wconf 83' lang='grc' dir='ltr'>3ο,</span> <span class='ocrx_word' id='word_1_1325' title='bbox 2366 799 2393 822; x_wconf 68' lang='lat' dir='ltr'>z.</span> 
     </span>
     <span class='ocr_line' id='line_1_139' title="bbox 1347 827 2393 866; baseline -0.005 -8"><span class='ocrx_word' id='word_1_1326' title='bbox 1347 831 1415 858; x_wconf 69' lang='lat' dir='ltr'>Adri.</span> <span class='ocrx_word' id='word_1_1327' title='bbox 1429 841 1450 857; x_wconf 90' lang='lat' dir='ltr'>c.</span> <span class='ocrx_word' id='word_1_1328' title='bbox 1464 839 1504 866; x_wconf 83' lang='lat'>37,</span> <span class='ocrx_word' id='word_1_1329' title='bbox 1516 840 1542 859; x_wconf 90' lang='grc' dir='ltr'>ι.,</span> <span class='ocrx_word' id='word_1_1330' title='bbox 1605 834 1664 859; x_wconf 89' lang='lat' dir='ltr'>Liu.</span> <span class='ocrx_word' id='word_1_1331' title='bbox 1679 841 1722 864; x_wconf 82' lang='lat'>42,</span> <span class='ocrx_word' id='word_1_1332' title='bbox 1737 841 1747 858; x_wconf 93' lang='lat'>1</span> <span class='ocrx_word' id='word_1_1333' title='bbox 1766 831 1869 858; x_wconf 87' lang='lat' dir='ltr'>Iniuria</span> <span class='ocrx_word' id='word_1_1334' title='bbox 1883 831 2004 857; x_wconf 77' lang='lat' dir='ltr'>Confidis</span> <span class='ocrx_word' id='word_1_1335' title='bbox 2019 829 2118 857; x_wconf 81' lang='lat' dir='ltr'>etiamn</span> <span class='ocrx_word' id='word_1_1336' title='bbox 2133 829 2208 855; x_wconf 83' lang='lat' dir='ltr'>iusta.</span> <span class='ocrx_word' id='word_1_1337' title='bbox 2279 827 2393 858; x_wconf 78' lang='lat' dir='ltr'>Iniuria,</span> 
     </span>
     <span class='ocr_line' id='line_1_140' title="bbox 1343 862 2394 902; baseline -0.004 -10"><span class='ocrx_word' id='word_1_1338' title='bbox 1343 866 1437 902; x_wconf 77' lang='lat' dir='ltr'>paffiue</span> <span class='ocrx_word' id='word_1_1339' title='bbox 1449 876 1458 892; x_wconf 81' lang='lat'>.·</span> <span class='ocrx_word' id='word_1_1340' title='bbox 1492 874 1536 901; x_wconf 86' lang='lat' dir='ltr'>vt,</span> <span class='ocrx_word' id='word_1_1341' title='bbox 1553 869 1670 895; x_wconf 78' lang='lat' dir='ltr'>Iniuriae</span> <span class='ocrx_word' id='word_1_1342' title='bbox 1684 868 1801 899; x_wconf 85' lang='lat' dir='ltr'>ciuium,</span> <span class='ocrx_word' id='word_1_1343' title='bbox 1819 870 1837 893; x_wconf 84' lang='lat' dir='ltr'>i.</span> <span class='ocrx_word' id='word_1_1344' title='bbox 1854 868 1923 902; x_wconf 64' lang='lat' dir='ltr'>‚Quae</span> <span class='ocrx_word' id='word_1_1345' title='bbox 1936 867 2030 893; x_wconf 80' lang='lat' dir='ltr'>ciuibus</span> <span class='ocrx_word' id='word_1_1346' title='bbox 2043 865 2199 901; x_wconf 73' lang='lat' dir='ltr'>inferuntur.</span> <span class='ocrx_word' id='word_1_1347' title='bbox 2234 863 2291 890; x_wconf 87' lang='lat' dir='ltr'>Cic.</span> <span class='ocrx_word' id='word_1_1348' title='bbox 2305 862 2337 889; x_wconf 86' lang='lat' dir='ltr'>de</span> <span class='ocrx_word' id='word_1_1349' title='bbox 2350 862 2394 894; x_wconf 62' lang='lat' dir='ltr'>Iti-</span> 
     </span>
     <span class='ocr_line' id='line_1_141' title="bbox 1348 898 2419 937; baseline -0.004 -9"><span class='ocrx_word' id='word_1_1350' title='bbox 1348 908 1418 928; x_wconf 85' lang='lat' dir='ltr'>vent.</span> <span class='ocrx_word' id='word_1_1351' title='bbox 1433 911 1453 935; x_wconf 90' lang='grc' dir='ltr'>ι,</span> <span class='ocrx_word' id='word_1_1352' title='bbox 1489 922 1495 929; x_wconf 93' lang='grc'><strong><em>.</em></strong></span> <span class='ocrx_word' id='word_1_1353' title='bbox 1611 905 1677 931; x_wconf 87' lang='lat' dir='ltr'>Plin.</span> <span class='ocrx_word' id='word_1_1354' title='bbox 1691 903 1767 937; x_wconf 79' lang='lat' dir='ltr'>Epist.</span> <span class='ocrx_word' id='word_1_1355' title='bbox 1782 911 1806 935; x_wconf 80' lang='lat'>3,</span> <span class='ocrx_word' id='word_1_1356' title='bbox 1818 911 1837 936; x_wconf 87' lang='lat'>4</span> <span class='ocrx_word' id='word_1_1357' title='bbox 1859 902 1992 929; x_wconf 86' lang='lat' dir='ltr'>Veniebat</span> <span class='ocrx_word' id='word_1_1358' title='bbox 2006 902 2034 928; x_wconf 88' lang='lat' dir='ltr'>in</span> <span class='ocrx_word' id='word_1_1359' title='bbox 2047 908 2163 927; x_wconf 85' lang='lat' dir='ltr'>mentem</span> <span class='ocrx_word' id='word_1_1360' title='bbox 2177 900 2279 935; x_wconf 83' lang='lat' dir='ltr'>priores</span> <span class='ocrx_word' id='word_1_1361' title='bbox 2288 898 2394 924; x_wconf 72' lang='lat' dir='ltr'>nostro&#39;s</span> <span class='ocrx_word' id='word_1_1362' title='bbox 2415 926 2419 931; x_wconf 71' lang='lat'>.</span> 
     </span>
     <span class='ocr_line' id='line_1_142' title="bbox 1345 933 2421 973; baseline -0.005 -9"><span class='ocrx_word' id='word_1_1363' title='bbox 1345 937 1426 964; x_wconf 84' lang='lat' dir='ltr'>etiam</span> <span class='ocrx_word' id='word_1_1364' title='bbox 1441 937 1600 973; x_wconf 82' lang='lat' dir='ltr'>fingulorum</span> <span class='ocrx_word' id='word_1_1365' title='bbox 1614 940 1745 973; x_wconf 84' lang='lat' dir='ltr'>hospitum</span> <span class='ocrx_word' id='word_1_1366' title='bbox 1761 939 1873 965; x_wconf 85' lang='lat' dir='ltr'>iniurias</span> <span class='ocrx_word' id='word_1_1367' title='bbox 1892 936 2102 965; x_wconf 82' lang='lat' dir='ltr'>accusationibus</span> <span class='ocrx_word' id='word_1_1368' title='bbox 2119 935 2279 962; x_wconf 85' lang='lat' dir='ltr'>volunt-ariis</span> <span class='ocrx_word' id='word_1_1369' title='bbox 2300 933 2394 960; x_wconf 80' lang='lat' dir='ltr'>execu-</span> <span class='ocrx_word' id='word_1_1370' title='bbox 2415 934 2421 942; x_wconf 62' lang='lat'>⁸</span> 
     </span>
     <span class='ocr_line' id='line_1_143' title="bbox 1345 970 2419 1011; baseline -0.006 -10"><span class='ocrx_word' id='word_1_1371' title='bbox 1345 979 1397 1000; x_wconf 81' lang='lat' dir='ltr'>tos.</span> <span class='ocrx_word' id='word_1_1372' title='bbox 1464 972 1554 1001; x_wconf 65' lang='lat' dir='ltr'>affine</span> <span class='ocrx_word' id='word_1_1373' title='bbox 1562 976 1622 1010; x_wconf 81' lang='lat' dir='ltr'>fere</span> <span class='ocrx_word' id='word_1_1374' title='bbox 1634 976 1720 1011; x_wconf 66' lang='lat' dir='ltr'>ubsque</span> <span class='ocrx_word' id='word_1_1375' title='bbox 1732 978 1850 1001; x_wconf 73' lang='lat' dir='ltr'>occurrit.</span> <span class='ocrx_word' id='word_1_1376' title='bbox 1883 973 2051 1006; x_wconf 71' lang='lat' dir='ltr'>&#39;Columel.3,</span> <span class='ocrx_word' id='word_1_1377' title='bbox 2060 981 2091 998; x_wconf 88' lang='lat'>20</span> <span class='ocrx_word' id='word_1_1378' title='bbox 2112 972 2154 999; x_wconf 92' lang='lat' dir='ltr'>Ne</span> <span class='ocrx_word' id='word_1_1379' title='bbox 2162 980 2231 998; x_wconf 81' lang='lat' dir='ltr'>nune</span> <span class='ocrx_word' id='word_1_1380' title='bbox 2244 970 2318 997; x_wconf 89' lang='lat' dir='ltr'>mille</span> <span class='ocrx_word' id='word_1_1381' title='bbox 2326 975 2394 997; x_wconf 85' lang='lat' dir='ltr'>tem-</span> <span class='ocrx_word' id='word_1_1382' title='bbox 2418 983 2419 986; x_wconf 67' lang='lat'><em>=</em></span> 
     </span>
     <span class='ocr_line' id='line_1_144' title="bbox 1346 1004 2394 1046; baseline -0.004 -11"><span class='ocrx_word' id='word_1_1383' title='bbox 1346 1009 1474 1044; x_wconf 67' lang='lat' dir='ltr'>peltarum</span> <span class='ocrx_word' id='word_1_1384' title='bbox 1486 1010 1596 1040; x_wconf 82' lang='lat' dir='ltr'>iniurias</span> <span class='ocrx_word' id='word_1_1385' title='bbox 1611 1012 1761 1046; x_wconf 85' lang='lat' dir='ltr'>persequar.</span> <span class='ocrx_word' id='word_1_1386' title='bbox 1855 1009 1922 1036; x_wconf 88' lang='lat' dir='ltr'>Plin.</span> <span class='ocrx_word' id='word_1_1387' title='bbox 1937 1015 1958 1041; x_wconf 80' lang='lat'>8,</span> <span class='ocrx_word' id='word_1_1388' title='bbox 1970 1014 2004 1043; x_wconf 83' lang='lat'>48</span> <span class='ocrx_word' id='word_1_1389' title='bbox 2024 1009 2053 1034; x_wconf 80' lang='lat' dir='ltr'>de</span> <span class='ocrx_word' id='word_1_1390' title='bbox 2066 1007 2190 1034; x_wconf 76' lang='lat' dir='ltr'>vestibus.</span> <span class='ocrx_word' id='word_1_1391' title='bbox 2261 1005 2303 1032; x_wconf 91' lang='lat' dir='ltr'>Ab</span> <span class='ocrx_word' id='word_1_1392' title='bbox 2323 1004 2394 1032; x_wconf 78' lang='lat' dir='ltr'>iniu-</span> 
     </span>
     <span class='ocr_line' id='line_1_145' title="bbox 1347 1039 2448 1080; baseline -0.006 -8"><span class='ocrx_word' id='word_1_1393' title='bbox 1347 1046 1386 1072; x_wconf 91' lang='lat' dir='ltr'>ria</span> <span class='ocrx_word' id='word_1_1394' title='bbox 1400 1044 1548 1072; x_wconf 83' lang='lat' dir='ltr'>obliuionis</span> <span class='ocrx_word' id='word_1_1395' title='bbox 1560 1048 1584 1073; x_wconf 89' lang='lat' dir='ltr'>se</span> <span class='ocrx_word' id='word_1_1396' title='bbox 1599 1048 1708 1074; x_wconf 80' lang='lat' dir='ltr'>asserere</span> <span class='ocrx_word' id='word_1_1397' title='bbox 1733 1047 1799 1073; x_wconf 88' lang='lat' dir='ltr'>Plin.</span> <span class='ocrx_word' id='word_1_1398' title='bbox 1813 1045 1891 1080; x_wconf 83' lang='lat' dir='ltr'>Epist.</span> <span class='ocrx_word' id='word_1_1399' title='bbox 1904 1053 1927 1078; x_wconf 80' lang='grc'>3,</span> <span class='ocrx_word' id='word_1_1400' title='bbox 1941 1053 1963 1078; x_wconf 84' lang='lat'>5.</span> <span class='ocrx_word' id='word_1_1401' title='bbox 2034 1043 2175 1071; x_wconf 87' lang='lat' dir='ltr'>Obnoxius</span> <span class='ocrx_word' id='word_1_1402' title='bbox 2197 1041 2320 1074; x_wconf 82' lang='lat' dir='ltr'>iniuriis,</span> <span class='ocrx_word' id='word_1_1403' title='bbox 2339 1039 2394 1072; x_wconf 73' lang='lat' dir='ltr'>vid.</span> <span class='ocrx_word' id='word_1_1404' title='bbox 2421 1046 2448 1067; x_wconf 66' lang='lat' dir='ltr'>...t</span> 
     </span>
     <span class='ocr_line' id='line_1_146' title="bbox 1348 1073 2423 1121; baseline -0.006 -13"><span class='ocrx_word' id='word_1_1405' title='bbox 1348 1087 1519 1121; x_wconf 48' lang='grc' dir='ltr'>ΟΙξΝΟΧΙνΞ.γ</span> <span class='ocrx_word' id='word_1_1406' title='bbox 1592 1083 1763 1117; x_wconf 86' lang='lat' dir='ltr'>Opportunus</span> <span class='ocrx_word' id='word_1_1407' title='bbox 1777 1081 1909 1113; x_wconf 84' lang='lat' dir='ltr'>iniuriae,</span> <span class='ocrx_word' id='word_1_1408' title='bbox 1930 1081 2023 1107; x_wconf 74' lang='lat' dir='ltr'>Facilis</span> <span class='ocrx_word' id='word_1_1409' title='bbox 2037 1079 2071 1106; x_wconf 84' lang='lat' dir='ltr'>ad</span> <span class='ocrx_word' id='word_1_1410' title='bbox 2083 1078 2251 1115; x_wconf 70' lang='lat' dir='ltr'>accipiendam</span> <span class='ocrx_word' id='word_1_1411' title='bbox 2264 1073 2395 1108; x_wconf 71' lang='lat' dir='ltr'>iniuriam‘·</span> <span class='ocrx_word' id='word_1_1412' title='bbox 2422 1095 2423 1098; x_wconf 24' lang='grc' dir='ltr'>η</span> 
     </span>
     <span class='ocr_line' id='line_1_147' title="bbox 1346 1112 2396 1150; baseline -0.004 -7"><span class='ocrx_word' id='word_1_1413' title='bbox 1346 1117 1413 1144; x_wconf 81' lang='lat' dir='ltr'>le.</span> <span class='ocrx_word' id='word_1_1414' title='bbox 1428 1124 1454 1149; x_wconf 88' lang='lat'>9,</span> <span class='ocrx_word' id='word_1_1415' title='bbox 1468 1125 1493 1149; x_wconf 82' lang='lat'>31</span> <span class='ocrx_word' id='word_1_1416' title='bbox 1513 1116 1542 1145; x_wconf 76' lang='lat' dir='ltr'>&#39;de</span> <span class='ocrx_word' id='word_1_1417' title='bbox 1554 1122 1668 1150; x_wconf 77' lang='lat' dir='ltr'>cancris,</span> <span class='ocrx_word' id='word_1_1418' title='bbox 1686 1117 1833 1144; x_wconf 75' lang='lat' dir='ltr'>Pinnoreris</span> <span class='ocrx_word' id='word_1_1419' title='bbox 1846 1125 1935 1144; x_wconf 84' lang='lat' dir='ltr'>autem</span> <span class='ocrx_word' id='word_1_1420' title='bbox 1946 1121 2059 1143; x_wconf 85' lang='lat' dir='ltr'>vocatur</span> <span class='ocrx_word' id='word_1_1421' title='bbox 2070 1115 2197 1141; x_wconf 87' lang='lat' dir='ltr'>minimus</span> <span class='ocrx_word' id='word_1_1422' title='bbox 2212 1122 2243 1140; x_wconf 86' lang='lat' dir='ltr'>ex</span> <span class='ocrx_word' id='word_1_1423' title='bbox 2257 1112 2332 1139; x_wconf 81' lang='lat' dir='ltr'>omni</span> <span class='ocrx_word' id='word_1_1424' title='bbox 2351 1120 2396 1146; x_wconf 73' lang='lat' dir='ltr'>ge·</span> 
     </span>
     <span class='ocr_line' id='line_1_148' title="bbox 1346 1148 2429 1188; baseline -0.012 -3"><span class='ocrx_word' id='word_1_1425' title='bbox 1346 1161 1425 1184; x_wconf 56' lang='lat' dir='ltr'>flere,</span> <span class='ocrx_word' id='word_1_1426' title='bbox 1446 1152 1507 1178; x_wconf 88' lang='lat' dir='ltr'>ideo</span> <span class='ocrx_word' id='word_1_1427' title='bbox 1531 1160 1694 1188; x_wconf 86' lang='lat' dir='ltr'>opportunus</span> <span class='ocrx_word' id='word_1_1428' title='bbox 1714 1154 1838 1180; x_wconf 82' lang='lat' dir='ltr'>iniuriae.</span> <span class='ocrx_word' id='word_1_1429' title='bbox 2036 1149 2057 1187; x_wconf 60' lang='lat' dir='ltr'>q</span> <span class='ocrx_word' id='word_1_1430' title='bbox 2085 1159 2099 1177; x_wconf 90' lang='lat'>2</span> <span class='ocrx_word' id='word_1_1431' title='bbox 2135 1150 2252 1186; x_wconf 73' lang='lat' dir='ltr'>Epitheta</span> <span class='ocrx_word' id='word_1_1432' title='bbox 2266 1159 2273 1174; x_wconf 89' lang='lat'><em>:</em></span> <span class='ocrx_word' id='word_1_1433' title='bbox 2309 1148 2396 1174; x_wconf 81' lang='lat' dir='ltr'>Atrox</span> <span class='ocrx_word' id='word_1_1434' title='bbox 2426 1154 2429 1158; x_wconf 51' lang='lat'>⁸</span> 
     </span>
     <span class='ocr_line' id='line_1_149' title="bbox 1346 1182 2396 1221; baseline -0.003 -8"><span class='ocrx_word' id='word_1_1435' title='bbox 1346 1187 1462 1218; x_wconf 79' lang='lat' dir='ltr'>iniuria,</span> <span class='ocrx_word' id='word_1_1436' title='bbox 1481 1188 1536 1215; x_wconf 81' lang='lat' dir='ltr'>vid.</span> <span class='ocrx_word' id='word_1_1437' title='bbox 1556 1196 1679 1216; x_wconf 57' lang='lat' dir='ltr'>Ari-nox.</span> <span class='ocrx_word' id='word_1_1438' title='bbox 1750 1189 1842 1215; x_wconf 84' lang='lat' dir='ltr'>Breuis</span> <span class='ocrx_word' id='word_1_1439' title='bbox 1861 1187 1943 1215; x_wconf 86' lang='lat' dir='ltr'>Ouid.</span> <span class='ocrx_word' id='word_1_1440' title='bbox 1956 1187 2020 1213; x_wconf 86' lang='lat' dir='ltr'>Met.</span> <span class='ocrx_word' id='word_1_1441' title='bbox 2033 1195 2056 1220; x_wconf 84' lang='lat'>3,</span> <span class='ocrx_word' id='word_1_1442' title='bbox 2070 1188 2131 1221; x_wconf 86' lang='lat'>267.</span> <span class='ocrx_word' id='word_1_1443' title='bbox 2228 1183 2324 1212; x_wconf 87' lang='lat' dir='ltr'>Grauis</span> <span class='ocrx_word' id='word_1_1444' title='bbox 2348 1182 2396 1220; x_wconf 69' lang='lat' dir='ltr'>Vl-</span> 
     </span>
     <span class='ocr_line' id='line_1_150' title="bbox 1320 1218 2437 1262; baseline -0.005 -12"><span class='ocrx_word' id='word_1_1445' title='bbox 1320 1234 1324 1244; x_wconf 44' lang='lat' dir='ltr'>i</span> <span class='ocrx_word' id='word_1_1446' title='bbox 1346 1225 1417 1258; x_wconf 87' lang='lat' dir='ltr'>pian.</span> <span class='ocrx_word' id='word_1_1447' title='bbox 1430 1223 1447 1249; x_wconf 87' lang='lat' dir='ltr'>l.</span> <span class='ocrx_word' id='word_1_1448' title='bbox 1461 1223 1510 1250; x_wconf 82' lang='lat' dir='ltr'>Sed</span> <span class='ocrx_word' id='word_1_1449' title='bbox 1524 1223 1541 1250; x_wconf 84' lang='lat' dir='ltr'>fi</span> <span class='ocrx_word' id='word_1_1450' title='bbox 1554 1226 1631 1251; x_wconf 90' lang='lat' dir='ltr'>vnius</span> <span class='ocrx_word' id='word_1_1451' title='bbox 1645 1223 1667 1262; x_wconf 80' lang='lat'>6.</span> <span class='ocrx_word' id='word_1_1452' title='bbox 1684 1225 1821 1257; x_wconf 76' lang='lat' dir='ltr'>Qiaedam</span> <span class='ocrx_word' id='word_1_1453' title='bbox 1834 1224 1949 1250; x_wconf 86' lang='lat' dir='ltr'>iniuriae</span> <span class='ocrx_word' id='word_1_1454' title='bbox 1963 1224 1994 1249; x_wconf 93' lang='lat' dir='ltr'>D.</span> <span class='ocrx_word' id='word_1_1455' title='bbox 2008 1221 2040 1249; x_wconf 89' lang='lat' dir='ltr'>de</span> <span class='ocrx_word' id='word_1_1456' title='bbox 2054 1222 2171 1248; x_wconf 88' lang='lat' dir='ltr'>iniuriis.</span> <span class='ocrx_word' id='word_1_1457' title='bbox 2274 1218 2383 1253; x_wconf 76' lang='lat' dir='ltr'>Insignis</span> <span class='ocrx_word' id='word_1_1458' title='bbox 2423 1226 2437 1254; x_wconf 63' lang='lat'>3*</span> 
     </span>
     <span class='ocr_line' id='line_1_151' title="bbox 1347 1237 2406 1292; baseline -0.004 -8"><span class='ocrx_word' id='word_1_1459' title='bbox 1347 1259 1401 1285; x_wconf 80' lang='lat' dir='ltr'>vid.</span> <span class='ocrx_word' id='word_1_1460' title='bbox 1422 1265 1580 1287; x_wconf 73' lang='lat' dir='ltr'>iNsioNis.</span> <span class='ocrx_word' id='word_1_1461' title='bbox 1650 1260 1831 1288; x_wconf 77' lang='lat' dir='ltr'>Intolerabilis</span> <span class='ocrx_word' id='word_1_1462' title='bbox 1849 1260 1954 1292; x_wconf 80' lang='lat' dir='ltr'>leian.</span> <span class='ocrx_word' id='word_1_1463' title='bbox 1969 1258 1996 1284; x_wconf 88' lang='lat' dir='ltr'>in</span> <span class='ocrx_word' id='word_1_1464' title='bbox 2012 1258 2028 1283; x_wconf 94' lang='grc' dir='ltr'>Ι.</span> <span class='ocrx_word' id='word_1_1465' title='bbox 2042 1266 2057 1284; x_wconf 85' lang='lat'>2</span> <span class='ocrx_word' id='word_1_1466' title='bbox 2070 1258 2102 1284; x_wconf 90' lang='lat' dir='ltr'>D.</span> <span class='ocrx_word' id='word_1_1467' title='bbox 2115 1258 2147 1284; x_wconf 85' lang='lat' dir='ltr'>de</span> <span class='ocrx_word' id='word_1_1468' title='bbox 2161 1256 2211 1289; x_wconf 84' lang='lat' dir='ltr'>iis,</span> <span class='ocrx_word' id='word_1_1469' title='bbox 2225 1255 2272 1291; x_wconf 88' lang='lat' dir='ltr'>qui</span> <span class='ocrx_word' id='word_1_1470' title='bbox 2290 1255 2330 1282; x_wconf 90' lang='lat' dir='ltr'>sui</span> <span class='ocrx_word' id='word_1_1471' title='bbox 2350 1237 2406 1281; x_wconf 55' lang='lat' dir='ltr'>vei&gt;</span> 
     </span>
     <span class='ocr_line' id='line_1_152' title="bbox 1347 1288 2447 1327; baseline -0.006 -5"><span class='ocrx_word' id='word_1_1472' title='bbox 1347 1295 1425 1322; x_wconf 85' lang='lat' dir='ltr'>alien.</span> <span class='ocrx_word' id='word_1_1473' title='bbox 1441 1295 1492 1322; x_wconf 82' lang='lat' dir='ltr'>iur.</span> <span class='ocrx_word' id='word_1_1474' title='bbox 1506 1296 1572 1322; x_wconf 83' lang='lat' dir='ltr'>sunt.</span> <span class='ocrx_word' id='word_1_1475' title='bbox 1680 1296 1780 1322; x_wconf 81' lang='lat' dir='ltr'>Laeues</span> <span class='ocrx_word' id='word_1_1476' title='bbox 1793 1294 1931 1321; x_wconf 30' lang='lat' dir='ltr'>etrnullius</span> <span class='ocrx_word' id='word_1_1477' title='bbox 1946 1294 2076 1325; x_wconf 85' lang='lat' dir='ltr'>momenti</span> <span class='ocrx_word' id='word_1_1478' title='bbox 2107 1293 2215 1327; x_wconf 83' lang='lat' dir='ltr'>leian.</span> <span class='ocrx_word' id='word_1_1479' title='bbox 2230 1292 2259 1317; x_wconf 91' lang='lat' dir='ltr'>in</span> <span class='ocrx_word' id='word_1_1480' title='bbox 2272 1291 2290 1317; x_wconf 92' lang='lat' dir='ltr'>l.</span> <span class='ocrx_word' id='word_1_1481' title='bbox 2310 1289 2360 1317; x_wconf 88' lang='lat' dir='ltr'>Sed</span> <span class='ocrx_word' id='word_1_1482' title='bbox 2374 1288 2395 1316; x_wconf 83' lang='lat' dir='ltr'><strong>fi</strong></span> <span class='ocrx_word' id='word_1_1483' title='bbox 2432 1298 2447 1317; x_wconf 77' lang='lat'>.·</span> 
     </span>
     <span class='ocr_line' id='line_1_153' title="bbox 1344 1328 2398 1368; baseline -0.007 -10"><span class='ocrx_word' id='word_1_1484' title='bbox 1344 1332 1423 1358; x_wconf 89' lang='lat' dir='ltr'>vnius</span> <span class='ocrx_word' id='word_1_1485' title='bbox 1437 1328 1460 1368; x_wconf 85' lang='lat'>6.</span> <span class='ocrx_word' id='word_1_1486' title='bbox 1476 1331 1610 1365; x_wconf 77' lang='lat' dir='ltr'>Qiaedam</span> <span class='ocrx_word' id='word_1_1487' title='bbox 1621 1331 1735 1358; x_wconf 88' lang='lat' dir='ltr'>iniuriae</span> <span class='ocrx_word' id='word_1_1488' title='bbox 1748 1332 1779 1358; x_wconf 92' lang='lat' dir='ltr'>D.</span> <span class='ocrx_word' id='word_1_1489' title='bbox 1795 1331 1827 1358; x_wconf 84' lang='lat' dir='ltr'>de</span> <span class='ocrx_word' id='word_1_1490' title='bbox 1841 1331 1958 1357; x_wconf 83' lang='lat' dir='ltr'>iniuriis.</span> <span class='ocrx_word' id='word_1_1491' title='bbox 2025 1330 2117 1364; x_wconf 80' lang='lat' dir='ltr'>Longa</span> <span class='ocrx_word' id='word_1_1492' title='bbox 2136 1329 2212 1363; x_wconf 80' lang='lat' dir='ltr'>Virg.</span> <span class='ocrx_word' id='word_1_1493' title='bbox 2226 1328 2294 1353; x_wconf 83' lang='lat' dir='ltr'>Aen.</span> <span class='ocrx_word' id='word_1_1494' title='bbox 2307 1333 2398 1361; x_wconf 64' lang='lat'>¹».341·</span> 
     </span>
     <span class='ocr_line' id='line_1_154' title="bbox 1347 1359 2441 1404; baseline -0.004 -10"><span class='ocrx_word' id='word_1_1495' title='bbox 1347 1365 1368 1404; x_wconf 60' lang='lat' dir='ltr'><strong>ff</strong></span> <span class='ocrx_word' id='word_1_1496' title='bbox 1389 1375 1401 1399; x_wconf 86' lang='grc'>3</span> <span class='ocrx_word' id='word_1_1497' title='bbox 1444 1367 1545 1393; x_wconf 64' lang='lat' dir='ltr'>Verba.-</span> <span class='ocrx_word' id='word_1_1498' title='bbox 1572 1367 1638 1393; x_wconf 60' lang='lat' dir='ltr'>Cic.</span> <span class='ocrx_word' id='word_1_1499' title='bbox 1651 1367 1704 1393; x_wconf 84' lang='lat' dir='ltr'>Off.</span> <span class='ocrx_word' id='word_1_1500' title='bbox 1718 1377 1741 1400; x_wconf 82' lang='lat'>3,</span> <span class='ocrx_word' id='word_1_1501' title='bbox 1755 1375 1787 1401; x_wconf 88' lang='lat'>7²</span> <span class='ocrx_word' id='word_1_1502' title='bbox 1821 1368 1925 1400; x_wconf 74' lang='lat' dir='ltr'>Quotus</span> <span class='ocrx_word' id='word_1_1503' title='bbox 1944 1365 2016 1392; x_wconf 90' lang='lat' dir='ltr'>enim</span> <span class='ocrx_word' id='word_1_1504' title='bbox 2035 1365 2148 1399; x_wconf 80' lang='lat' dir='ltr'>quisque</span> <span class='ocrx_word' id='word_1_1505' title='bbox 2161 1363 2326 1397; x_wconf 66' lang='lat' dir='ltr'>reperietur,</span> <span class='ocrx_word' id='word_1_1506' title='bbox 2347 1359 2397 1395; x_wconf 63' lang='lat' dir='ltr'>qui</span> <span class='ocrx_word' id='word_1_1507' title='bbox 2425 1359 2441 1379; x_wconf 79' lang='lat'>&#39;¹</span> 
     </span>
     <span class='ocr_line' id='line_1_155' title="bbox 1346 1396 2448 1437; baseline -0.005 -9"><span class='ocrx_word' id='word_1_1508' title='bbox 1346 1403 1506 1437; x_wconf 79' lang='lat' dir='ltr'>impunitate</span> <span class='ocrx_word' id='word_1_1509' title='bbox 1518 1408 1544 1429; x_wconf 88' lang='lat' dir='ltr'>et</span> <span class='ocrx_word' id='word_1_1510' title='bbox 1554 1402 1724 1437; x_wconf 83' lang='lat' dir='ltr'>ignoratione</span> <span class='ocrx_word' id='word_1_1511' title='bbox 1737 1403 1858 1429; x_wconf 86' lang='lat' dir='ltr'>omnium</span> <span class='ocrx_word' id='word_1_1512' title='bbox 1871 1401 2019 1436; x_wconf 78' lang='lat' dir='ltr'>proposita,</span> <span class='ocrx_word' id='word_1_1513' title='bbox 2037 1401 2168 1427; x_wconf 82' lang='lat' dir='ltr'>abstinere</span> <span class='ocrx_word' id='word_1_1514' title='bbox 2186 1398 2259 1433; x_wconf 86' lang='lat' dir='ltr'>possit</span> <span class='ocrx_word' id='word_1_1515' title='bbox 2277 1396 2399 1430; x_wconf 67' lang='lat' dir='ltr'>iniuria}</span> <span class='ocrx_word' id='word_1_1516' title='bbox 2440 1397 2448 1413; x_wconf 51' lang='grc' dir='ltr'>ι’</span> 
     </span>
     <span class='ocr_line' id='line_1_156' title="bbox 1348 1434 2443 1473; baseline -0.006 -8"><span class='ocrx_word' id='word_1_1517' title='bbox 1348 1439 1474 1473; x_wconf 81' lang='lat' dir='ltr'>Accipere</span> <span class='ocrx_word' id='word_1_1518' title='bbox 1486 1438 1614 1465; x_wconf 86' lang='lat' dir='ltr'>iniuriam</span> <span class='ocrx_word' id='word_1_1519' title='bbox 1633 1437 1765 1471; x_wconf 72' lang='lat' dir='ltr'>Qinffli.</span> <span class='ocrx_word' id='word_1_1520' title='bbox 1778 1443 1801 1469; x_wconf 86' lang='lat'>8,</span> <span class='ocrx_word' id='word_1_1521' title='bbox 1815 1445 1837 1470; x_wconf 90' lang='lat'>5.</span> <span class='ocrx_word' id='word_1_1522' title='bbox 1885 1437 1943 1463; x_wconf 85' lang='lat' dir='ltr'>Cic.</span> <span class='ocrx_word' id='word_1_1523' title='bbox 1957 1436 2040 1462; x_wconf 78' lang='lat' dir='ltr'>Tusc.</span> <span class='ocrx_word' id='word_1_1524' title='bbox 2053 1444 2067 1469; x_wconf 92' lang='lat'>5</span> <span class='ocrx_word' id='word_1_1525' title='bbox 2081 1445 2101 1462; x_wconf 86' lang='lat' dir='ltr'>c.</span> <span class='ocrx_word' id='word_1_1526' title='bbox 2114 1444 2151 1468; x_wconf 78' lang='lat'>¹9·</span> <span class='ocrx_word' id='word_1_1527' title='bbox 2188 1434 2241 1461; x_wconf 83' lang='lat' dir='ltr'>vid.</span> <span class='ocrx_word' id='word_1_1528' title='bbox 2257 1437 2396 1460; x_wconf 76' lang='lat' dir='ltr'>ACCIPlo.</span> <span class='ocrx_word' id='word_1_1529' title='bbox 2441 1435 2443 1439; x_wconf 61' lang='lat'><strong>¹</strong></span> 
     </span>
     <span class='ocr_line' id='line_1_157' title="bbox 1347 1467 2438 1506; baseline -0.007 -5"><span class='ocrx_word' id='word_1_1530' title='bbox 1347 1474 1510 1505; x_wconf 87' lang='lat' dir='ltr'>Admittere,</span> <span class='ocrx_word' id='word_1_1531' title='bbox 1530 1477 1548 1505; x_wconf 69' lang='lat' dir='ltr'>i.</span> <span class='ocrx_word' id='word_1_1532' title='bbox 1564 1475 1660 1500; x_wconf 70' lang='lat' dir='ltr'>Facere.</span> <span class='ocrx_word' id='word_1_1533' title='bbox 1696 1473 1775 1500; x_wconf 87' lang='lat' dir='ltr'>Caius</span> <span class='ocrx_word' id='word_1_1534' title='bbox 1788 1473 1816 1499; x_wconf 86' lang='lat' dir='ltr'>in</span> <span class='ocrx_word' id='word_1_1535' title='bbox 1830 1473 1848 1498; x_wconf 94' lang='lat' dir='ltr'>l.</span> <span class='ocrx_word' id='word_1_1536' title='bbox 1864 1471 1881 1497; x_wconf 86' lang='lat' dir='ltr'>fi</span> <span class='ocrx_word' id='word_1_1537' title='bbox 1895 1472 1982 1506; x_wconf 85' lang='lat' dir='ltr'>plures</span> <span class='ocrx_word' id='word_1_1538' title='bbox 1998 1473 2070 1497; x_wconf 86' lang='lat' dir='ltr'>serui</span> <span class='ocrx_word' id='word_1_1539' title='bbox 2081 1472 2114 1497; x_wconf 90' lang='lat' dir='ltr'>D.</span> <span class='ocrx_word' id='word_1_1540' title='bbox 2128 1472 2160 1497; x_wconf 91' lang='lat' dir='ltr'>de</span> <span class='ocrx_word' id='word_1_1541' title='bbox 2175 1469 2299 1501; x_wconf 75' lang='lat' dir='ltr'>iniuriis,</span> <span class='ocrx_word' id='word_1_1542' title='bbox 2319 1467 2397 1494; x_wconf 82' lang='lat' dir='ltr'>Tan-</span> <span class='ocrx_word' id='word_1_1543' title='bbox 2435 1495 2438 1503; x_wconf 44' lang='lat'>¹</span> 
     </span>
     <span class='ocr_line' id='line_1_158' title="bbox 1347 1503 2436 1543; baseline -0.007 -7"><span class='ocrx_word' id='word_1_1544' title='bbox 1347 1515 1376 1536; x_wconf 89' lang='lat' dir='ltr'>to</span> <span class='ocrx_word' id='word_1_1545' title='bbox 1388 1510 1477 1536; x_wconf 77' lang='lat' dir='ltr'>maior</span> <span class='ocrx_word' id='word_1_1546' title='bbox 1489 1510 1605 1541; x_wconf 86' lang='lat' dir='ltr'>iniuria,</span> <span class='ocrx_word' id='word_1_1547' title='bbox 1625 1515 1725 1543; x_wconf 83' lang='lat' dir='ltr'>quanto</span> <span class='ocrx_word' id='word_1_1548' title='bbox 1739 1517 1754 1535; x_wconf 88' lang='lat' dir='ltr'>a</span> <span class='ocrx_word' id='word_1_1549' title='bbox 1769 1507 1891 1543; x_wconf 84' lang='lat' dir='ltr'>pluribus</span> <span class='ocrx_word' id='word_1_1550' title='bbox 1905 1507 2010 1533; x_wconf 74' lang='lat' dir='ltr'>admiss‘a</span> <span class='ocrx_word' id='word_1_1551' title='bbox 2022 1506 2075 1538; x_wconf 88' lang='lat' dir='ltr'>est,</span> <span class='ocrx_word' id='word_1_1552' title='bbox 2097 1507 2181 1539; x_wconf 82' lang='lat' dir='ltr'>immo</span> <span class='ocrx_word' id='word_1_1553' title='bbox 2201 1505 2282 1530; x_wconf 84' lang='lat' dir='ltr'>etiam</span> <span class='ocrx_word' id='word_1_1554' title='bbox 2298 1509 2338 1537; x_wconf 85' lang='lat' dir='ltr'>tot</span> <span class='ocrx_word' id='word_1_1555' title='bbox 2355 1503 2396 1529; x_wconf 81' lang='lat' dir='ltr'>in-</span> <span class='ocrx_word' id='word_1_1556' title='bbox 2434 1517 2436 1522; x_wconf 66' lang='lat'>=</span> 
     </span>
     <span class='ocr_line' id='line_1_159' title="bbox 1345 1538 2397 1581; baseline -0.007 -9"><span class='ocrx_word' id='word_1_1557' title='bbox 1345 1546 1432 1572; x_wconf 79' lang='lat' dir='ltr'>iuriae</span> <span class='ocrx_word' id='word_1_1558' title='bbox 1447 1547 1518 1577; x_wconf 89' lang='lat' dir='ltr'>sunt,</span> <span class='ocrx_word' id='word_1_1559' title='bbox 1540 1552 1605 1581; x_wconf 88' lang='lat' dir='ltr'>quot</span> <span class='ocrx_word' id='word_1_1560' title='bbox 1618 1552 1643 1570; x_wconf 90' lang='lat' dir='ltr'>ct</span> <span class='ocrx_word' id='word_1_1561' title='bbox 1656 1545 1781 1578; x_wconf 86' lang='lat' dir='ltr'>personae</span> <span class='ocrx_word' id='word_1_1562' title='bbox 1795 1543 1922 1570; x_wconf 84' lang='lat' dir='ltr'>iniuriam</span> <span class='ocrx_word' id='word_1_1563' title='bbox 1934 1542 2099 1568; x_wconf 84' lang='lat' dir='ltr'>facientium.</span> <span class='ocrx_word' id='word_1_1564' title='bbox 2112 1557 2122 1559; x_wconf 25' lang='grc' dir='ltr'>μ</span> <span class='ocrx_word' id='word_1_1565' title='bbox 2171 1540 2227 1566; x_wconf 90' lang='lat' dir='ltr'>Cic.</span> <span class='ocrx_word' id='word_1_1566' title='bbox 2243 1548 2292 1573; x_wconf 89' lang='lat' dir='ltr'>pro</span> <span class='ocrx_word' id='word_1_1567' title='bbox 2301 1538 2397 1565; x_wconf 75' lang='lat' dir='ltr'>Flacco</span> 
     </span>
     <span class='ocr_line' id='line_1_160' title="bbox 1346 1576 2437 1615; baseline -0.007 -8"><span class='ocrx_word' id='word_1_1568' title='bbox 1346 1590 1394 1615; x_wconf 83' lang='lat'>¹04</span> <span class='ocrx_word' id='word_1_1569' title='bbox 1416 1582 1448 1607; x_wconf 87' lang='lat' dir='ltr'>At</span> <span class='ocrx_word' id='word_1_1570' title='bbox 1464 1581 1582 1607; x_wconf 84' lang='lat' dir='ltr'>Flaccum</span> <span class='ocrx_word' id='word_1_1571' title='bbox 1595 1579 1709 1613; x_wconf 86' lang='lat' dir='ltr'>iudices,</span> <span class='ocrx_word' id='word_1_1572' title='bbox 1732 1580 1750 1606; x_wconf 88' lang='lat' dir='ltr'>si</span> <span class='ocrx_word' id='word_1_1573' title='bbox 1766 1578 1856 1614; x_wconf 86' lang='lat' dir='ltr'>(quod</span> <span class='ocrx_word' id='word_1_1574' title='bbox 1871 1578 1909 1604; x_wconf 92' lang='lat' dir='ltr'>dii</span> <span class='ocrx_word' id='word_1_1575' title='bbox 1922 1578 2086 1605; x_wconf 83' lang='lat' dir='ltr'>immortales</span> <span class='ocrx_word' id='word_1_1576' title='bbox 2098 1584 2178 1603; x_wconf 85' lang='lat' dir='ltr'>omen</span> <span class='ocrx_word' id='word_1_1577' title='bbox 2193 1576 2396 1607; x_wconf 68' lang='lat' dir='ltr'>auertanthra-</span> <span class='ocrx_word' id='word_1_1578' title='bbox 2428 1602 2437 1610; x_wconf 16' lang='grc' dir='ltr'>Ἰ.</span> 
     </span>
     <span class='ocr_line' id='line_1_161' title="bbox 1345 1608 2425 1646; baseline -0.007 -3"><span class='ocrx_word' id='word_1_1579' title='bbox 1345 1618 1386 1643; x_wconf 87' lang='lat' dir='ltr'>vis</span> <span class='ocrx_word' id='word_1_1580' title='bbox 1401 1617 1499 1643; x_wconf 88' lang='lat' dir='ltr'>iniuria</span> <span class='ocrx_word' id='word_1_1581' title='bbox 1512 1616 1645 1643; x_wconf 83' lang='lat' dir='ltr'>afflixerit.</span> <span class='ocrx_word' id='word_1_1582' title='bbox 1736 1614 1848 1642; x_wconf 78' lang='lat' dir='ltr'>Afficere</span> <span class='ocrx_word' id='word_1_1583' title='bbox 1865 1615 1982 1646; x_wconf 86' lang='lat' dir='ltr'>iniuria,</span> <span class='ocrx_word' id='word_1_1584' title='bbox 2001 1613 2054 1640; x_wconf 81' lang='lat' dir='ltr'>vid.</span> <span class='ocrx_word' id='word_1_1585' title='bbox 2074 1618 2219 1640; x_wconf 77' lang='lat' dir='ltr'>AFFICIO.</span> <span class='ocrx_word' id='word_1_1586' title='bbox 2311 1610 2398 1644; x_wconf 79' lang='lat' dir='ltr'>Ager&#39;e</span> <span class='ocrx_word' id='word_1_1587' title='bbox 2422 1608 2425 1623; x_wconf 62' lang='lat'>¹¹</span> 
     </span>
     <span class='ocr_line' id='line_1_162' title="bbox 1346 1646 2398 1687; baseline -0.007 -8"><span class='ocrx_word' id='word_1_1588' title='bbox 1346 1653 1509 1679; x_wconf 87' lang='lat' dir='ltr'>iniuriarum</span> <span class='ocrx_word' id='word_1_1589' title='bbox 1530 1652 1662 1687; x_wconf 64' lang='lat' dir='ltr'>Quinem.</span> <span class='ocrx_word' id='word_1_1590' title='bbox 1675 1660 1698 1684; x_wconf 90' lang='grc'>3,</span> <span class='ocrx_word' id='word_1_1591' title='bbox 1711 1653 1736 1677; x_wconf 88' lang='lat'>6.</span> <span class='ocrx_word' id='word_1_1592' title='bbox 1779 1650 1998 1681; x_wconf 77' lang='lat' dir='ltr'>Animaduertere</span> <span class='ocrx_word' id='word_1_1593' title='bbox 2011 1649 2156 1681; x_wconf 74' lang='lat' dir='ltr'>iniuriam,</span> <span class='ocrx_word' id='word_1_1594' title='bbox 2174 1646 2228 1673; x_wconf 81' lang='lat' dir='ltr'>vid.</span> <span class='ocrx_word' id='word_1_1595' title='bbox 2244 1646 2398 1673; x_wconf 69' lang='lat' dir='ltr'>ANIMAD-v</span> 
     </span>
     <span class='ocr_line' id='line_1_163' title="bbox 1346 1684 2427 1722; baseline -0.008 -7"><span class='ocrx_word' id='word_1_1596' title='bbox 1346 1694 1471 1715; x_wconf 82' lang='lat' dir='ltr'>VERTO.</span> <span class='ocrx_word' id='word_1_1597' title='bbox 1504 1710 1506 1715; x_wconf 79' lang='grc'>,</span> <span class='ocrx_word' id='word_1_1598' title='bbox 1560 1688 1732 1714; x_wconf 88' lang='lat' dir='ltr'>Circumretit</span> <span class='ocrx_word' id='word_1_1599' title='bbox 1751 1687 1791 1714; x_wconf 90' lang='lat' dir='ltr'>vis</span> <span class='ocrx_word' id='word_1_1600' title='bbox 1803 1693 1882 1722; x_wconf 87' lang='lat' dir='ltr'>atque</span> <span class='ocrx_word' id='word_1_1601' title='bbox 1896 1686 1998 1712; x_wconf 88' lang='lat' dir='ltr'>iniuria</span> <span class='ocrx_word' id='word_1_1602' title='bbox 2011 1693 2144 1720; x_wconf 79' lang='lat' dir='ltr'>quemque</span> <span class='ocrx_word' id='word_1_1603' title='bbox 2164 1684 2316 1714; x_wconf 61' lang='lat' dir='ltr'>Luci-ens,</span> <span class='ocrx_word' id='word_1_1604' title='bbox 2337 1688 2399 1713; x_wconf 72' lang='lat'>1151.</span> <span class='ocrx_word' id='word_1_1605' title='bbox 2426 1695 2427 1698; x_wconf 68' lang='lat'><em>=</em></span> 
     </span>
     <span class='ocr_line' id='line_1_164' title="bbox 1346 1715 2442 1759; baseline -0.007 -9"><span class='ocrx_word' id='word_1_1606' title='bbox 1346 1724 1499 1750; x_wconf 87' lang='lat' dir='ltr'>Concedere</span> <span class='ocrx_word' id='word_1_1607' title='bbox 1512 1724 1642 1757; x_wconf 84' lang='lat' dir='ltr'>iniuriae,</span> <span class='ocrx_word' id='word_1_1608' title='bbox 1662 1722 1748 1749; x_wconf 70' lang='lat' dir='ltr'>Cedere</span> <span class='ocrx_word' id='word_1_1609' title='bbox 1757 1723 1868 1759; x_wconf 79' lang='lat' dir='ltr'>periculo</span> <span class='ocrx_word' id='word_1_1610' title='bbox 1881 1729 1905 1748; x_wconf 83' lang='lat' dir='ltr'>et</span> <span class='ocrx_word' id='word_1_1611' title='bbox 1912 1722 2076 1758; x_wconf 76' lang='lat' dir='ltr'>succumbere.</span> <span class='ocrx_word' id='word_1_1612' title='bbox 2114 1718 2212 1746; x_wconf 84' lang='lat' dir='ltr'>Sallust.</span> <span class='ocrx_word' id='word_1_1613' title='bbox 2233 1718 2263 1743; x_wconf 91' lang='lat' dir='ltr'>in</span> <span class='ocrx_word' id='word_1_1614' title='bbox 2275 1715 2398 1755; x_wconf 67' lang='lat' dir='ltr'>Iugurth.</span> <span class='ocrx_word' id='word_1_1615' title='bbox 2418 1721 2442 1754; x_wconf 61' lang='lat'>3¹.</span> 
     </span>
     <span class='ocr_line' id='line_1_165' title="bbox 1347 1753 2398 1794; baseline -0.007 -9"><span class='ocrx_word' id='word_1_1616' title='bbox 1347 1768 1368 1784; x_wconf 91' lang='lat' dir='ltr'>c.</span> <span class='ocrx_word' id='word_1_1617' title='bbox 1385 1767 1416 1792; x_wconf 86' lang='lat'>14</span> <span class='ocrx_word' id='word_1_1618' title='bbox 1428 1766 1493 1785; x_wconf 73' lang='lat' dir='ltr'>extr.</span> <span class='ocrx_word' id='word_1_1619' title='bbox 1504 1760 1623 1794; x_wconf 20' lang='lat' dir='ltr'>*Vtinam</span> <span class='ocrx_word' id='word_1_1620' title='bbox 1637 1759 1740 1791; x_wconf 84' lang='lat' dir='ltr'>emori,</span> <span class='ocrx_word' id='word_1_1621' title='bbox 1759 1758 1877 1785; x_wconf 88' lang='lat' dir='ltr'>fortunis</span> <span class='ocrx_word' id='word_1_1622' title='bbox 1889 1758 1954 1784; x_wconf 81' lang='lat' dir='ltr'>meis</span> <span class='ocrx_word' id='word_1_1623' title='bbox 1966 1756 2089 1783; x_wconf 81' lang='lat' dir='ltr'>honestus</span> <span class='ocrx_word' id='word_1_1624' title='bbox 2104 1756 2190 1782; x_wconf 82' lang='lat' dir='ltr'>exitus</span> <span class='ocrx_word' id='word_1_1625' title='bbox 2210 1753 2285 1786; x_wconf 84' lang='lat' dir='ltr'>esset,</span> <span class='ocrx_word' id='word_1_1626' title='bbox 2302 1761 2336 1778; x_wconf 88' lang='lat' dir='ltr'>ne</span> <span class='ocrx_word' id='word_1_1627' title='bbox 2355 1759 2398 1778; x_wconf 70' lang='lat' dir='ltr'>vt.-</span> 
     </span>
     <span class='ocr_line' id='line_1_166' title="bbox 1346 1786 2417 1825; baseline -0.006 -6"><span class='ocrx_word' id='word_1_1628' title='bbox 1346 1802 1409 1819; x_wconf 81' lang='lat' dir='ltr'>vere</span> <span class='ocrx_word' id='word_1_1629' title='bbox 1438 1799 1587 1819; x_wconf 85' lang='lat' dir='ltr'>contemtus</span> <span class='ocrx_word' id='word_1_1630' title='bbox 1620 1794 1741 1825; x_wconf 85' lang='lat' dir='ltr'>viderer,</span> <span class='ocrx_word' id='word_1_1631' title='bbox 1772 1794 1790 1820; x_wconf 81' lang='lat' dir='ltr'>si</span> <span class='ocrx_word' id='word_1_1632' title='bbox 1811 1793 1918 1819; x_wconf 76' lang='lat' dir='ltr'>defessus</span> <span class='ocrx_word' id='word_1_1633' title='bbox 1950 1793 2027 1819; x_wconf 86' lang='lat' dir='ltr'>malis</span> <span class='ocrx_word' id='word_1_1634' title='bbox 2037 1813 2045 1824; x_wconf 89' lang='lat'><em>‚</em></span> <span class='ocrx_word' id='word_1_1635' title='bbox 2068 1791 2185 1818; x_wconf 84' lang='lat' dir='ltr'>iniuriae</span> <span class='ocrx_word' id='word_1_1636' title='bbox 2218 1787 2397 1816; x_wconf 75' lang='lat' dir='ltr'>conceffiffem‘.</span> <span class='ocrx_word' id='word_1_1637' title='bbox 2413 1786 2417 1792; x_wconf 93' lang='grc'><em>“</em></span> 
     </span>
     <span class='ocr_line' id='line_1_167' title="bbox 1346 1825 2398 1861; baseline -0.004 -8"><span class='ocrx_word' id='word_1_1638' title='bbox 1346 1828 1493 1854; x_wconf 84' lang='lat' dir='ltr'>Confertur</span> <span class='ocrx_word' id='word_1_1639' title='bbox 1512 1827 1613 1854; x_wconf 86' lang='lat' dir='ltr'>iniuria</span> <span class='ocrx_word' id='word_1_1640' title='bbox 1632 1828 1660 1853; x_wconf 85' lang='lat' dir='ltr'>in</span> <span class='ocrx_word' id='word_1_1641' title='bbox 1679 1830 1815 1861; x_wconf 85' lang='lat' dir='ltr'>personam</span> <span class='ocrx_word' id='word_1_1642' title='bbox 1830 1828 1942 1853; x_wconf 83' lang='lat' dir='ltr'>alicuius</span> <span class='ocrx_word' id='word_1_1643' title='bbox 1968 1827 2072 1853; x_wconf 87' lang='lat' dir='ltr'>Paullus</span> <span class='ocrx_word' id='word_1_1644' title='bbox 2084 1827 2113 1852; x_wconf 85' lang='lat' dir='ltr'>in</span> <span class='ocrx_word' id='word_1_1645' title='bbox 2128 1827 2145 1851; x_wconf 85' lang='lat'>1.</span> <span class='ocrx_word' id='word_1_1646' title='bbox 2158 1834 2230 1857; x_wconf 88' lang='lat' dir='ltr'>eum,</span> <span class='ocrx_word' id='word_1_1647' title='bbox 2237 1825 2286 1859; x_wconf 86' lang='lat' dir='ltr'>qui</span> <span class='ocrx_word' id='word_1_1648' title='bbox 2298 1831 2398 1850; x_wconf 84' lang='lat' dir='ltr'>nocen-</span> 
     </span>
     <span class='ocr_line' id='line_1_168' title="bbox 1345 1855 2448 1899; baseline -0.005 -10"><span class='ocrx_word' id='word_1_1649' title='bbox 1345 1869 1398 1889; x_wconf 89' lang='lat' dir='ltr'>tem</span> <span class='ocrx_word' id='word_1_1650' title='bbox 1412 1861 1434 1899; x_wconf 78' lang='lat'>6.</span> <span class='ocrx_word' id='word_1_1651' title='bbox 1449 1863 1466 1889; x_wconf 84' lang='lat' dir='ltr'>si</span> <span class='ocrx_word' id='word_1_1652' title='bbox 1480 1863 1580 1889; x_wconf 81' lang='lat' dir='ltr'>iniuria</span> <span class='ocrx_word' id='word_1_1653' title='bbox 1593 1863 1662 1889; x_wconf 87' lang='lat' dir='ltr'>mihi</span> <span class='ocrx_word' id='word_1_1654' title='bbox 1678 1862 1723 1889; x_wconf 83' lang='lat' dir='ltr'>fiat</span> <span class='ocrx_word' id='word_1_1655' title='bbox 1735 1863 1768 1889; x_wconf 92' lang='lat' dir='ltr'>ab</span> <span class='ocrx_word' id='word_1_1656' title='bbox 1779 1871 1812 1888; x_wconf 89' lang='lat' dir='ltr'>eo</span> <span class='ocrx_word' id='word_1_1657' title='bbox 1827 1863 1860 1889; x_wconf 95' lang='lat' dir='ltr'>D.</span> <span class='ocrx_word' id='word_1_1658' title='bbox 1874 1862 1905 1888; x_wconf 90' lang='lat' dir='ltr'>de</span> <span class='ocrx_word' id='word_1_1659' title='bbox 1919 1861 2036 1888; x_wconf 89' lang='lat' dir='ltr'>iniuriis.</span> <span class='ocrx_word' id='word_1_1660' title='bbox 2132 1860 2255 1887; x_wconf 80' lang='lat' dir='ltr'>Conflare</span> <span class='ocrx_word' id='word_1_1661' title='bbox 2268 1859 2396 1885; x_wconf 85' lang='lat' dir='ltr'>iniuriam</span> <span class='ocrx_word' id='word_1_1662' title='bbox 2434 1855 2448 1879; x_wconf 41' lang='grc' dir='ltr'><em>Ἃ</em></span> 
     </span>
     <span class='ocr_line' id='line_1_169' title="bbox 1345 1894 2398 1932; baseline -0.005 -8"><span class='ocrx_word' id='word_1_1663' title='bbox 1345 1899 1401 1924; x_wconf 88' lang='lat' dir='ltr'>Cic.</span> <span class='ocrx_word' id='word_1_1664' title='bbox 1417 1907 1465 1932; x_wconf 87' lang='lat' dir='ltr'>pro</span> <span class='ocrx_word' id='word_1_1665' title='bbox 1479 1899 1554 1924; x_wconf 83' lang='lat' dir='ltr'>Rosc.</span> <span class='ocrx_word' id='word_1_1666' title='bbox 1568 1899 1656 1924; x_wconf 84' lang='lat' dir='ltr'>Amer.</span> <span class='ocrx_word' id='word_1_1667' title='bbox 1673 1907 1692 1924; x_wconf 89' lang='lat'>1.</span> <span class='ocrx_word' id='word_1_1668' title='bbox 1760 1898 1920 1924; x_wconf 81' lang='lat' dir='ltr'>Consociare</span> <span class='ocrx_word' id='word_1_1669' title='bbox 1936 1898 2080 1928; x_wconf 87' lang='lat' dir='ltr'>iniuriam,</span> <span class='ocrx_word' id='word_1_1670' title='bbox 2096 1898 2244 1929; x_wconf 81' lang='lat' dir='ltr'>Contegere</span> <span class='ocrx_word' id='word_1_1671' title='bbox 2259 1894 2398 1925; x_wconf 87' lang='lat' dir='ltr'>iniuriam,</span> 
     </span>
     <span class='ocr_line' id='line_1_170' title="bbox 1344 1930 2445 1963; baseline -0.003 -6"><span class='ocrx_word' id='word_1_1672' title='bbox 1344 1932 1398 1958; x_wconf 82' lang='lat' dir='ltr'>vid.</span> <span class='ocrx_word' id='word_1_1673' title='bbox 1412 1933 1454 1958; x_wconf 81' lang='lat' dir='ltr'>hh.</span> <span class='ocrx_word' id='word_1_1674' title='bbox 1468 1942 1511 1958; x_wconf 77' lang='grc' dir='ltr'>υυ.</span> <span class='ocrx_word' id='word_1_1675' title='bbox 1605 1934 1661 1958; x_wconf 85' lang='lat' dir='ltr'>Cic.</span> <span class='ocrx_word' id='word_1_1676' title='bbox 1678 1934 1749 1958; x_wconf 86' lang='lat' dir='ltr'>Fam.</span> <span class='ocrx_word' id='word_1_1677' title='bbox 1766 1941 1786 1963; x_wconf 88' lang='grc' dir='ltr'>ι,</span> <span class='ocrx_word' id='word_1_1678' title='bbox 1803 1941 1820 1963; x_wconf 89' lang='lat'>9</span> <span class='ocrx_word' id='word_1_1679' title='bbox 1856 1931 2023 1957; x_wconf 84' lang='lat' dir='ltr'>Grauissimas</span> <span class='ocrx_word' id='word_1_1680' title='bbox 2041 1932 2155 1957; x_wconf 86' lang='lat' dir='ltr'>iniurias</span> <span class='ocrx_word' id='word_1_1681' title='bbox 2173 1930 2322 1956; x_wconf 74' lang='lat' dir='ltr'>communis</span> <span class='ocrx_word' id='word_1_1682' title='bbox 2335 1938 2398 1955; x_wconf 81' lang='lat' dir='ltr'>con·</span> <span class='ocrx_word' id='word_1_1683' title='bbox 2425 1930 2445 1946; x_wconf 60' lang='lat'><em>⁴</em></span> 
     </span>
     <span class='ocr_line' id='line_1_171' title="bbox 1345 1964 2442 2000; baseline -0.002 -8"><span class='ocrx_word' id='word_1_1684' title='bbox 1345 1967 1452 1992; x_wconf 84' lang='lat' dir='ltr'>cordiae</span> <span class='ocrx_word' id='word_1_1685' title='bbox 1464 1967 1616 1992; x_wconf 82' lang='lat' dir='ltr'>voluntaria</span> <span class='ocrx_word' id='word_1_1686' title='bbox 1624 1966 1734 2000; x_wconf 86' lang='lat' dir='ltr'>quadam</span> <span class='ocrx_word' id='word_1_1687' title='bbox 1749 1966 1889 1992; x_wconf 80' lang='lat' dir='ltr'>obliuione</span> <span class='ocrx_word' id='word_1_1688' title='bbox 1903 1967 2092 1992; x_wconf 82' lang='lat' dir='ltr'>contriueram.</span> <span class='ocrx_word' id='word_1_1689' title='bbox 2163 1965 2314 1991; x_wconf 64' lang='lat' dir='ltr'>Conuenit-i</span> <span class='ocrx_word' id='word_1_1690' title='bbox 2327 1964 2398 1990; x_wconf 85' lang='lat' dir='ltr'>iniu-</span> <span class='ocrx_word' id='word_1_1691' title='bbox 2436 1979 2442 1990; x_wconf 88' lang='lat'>.·</span> 
     </span>
     <span class='ocr_line' id='line_1_172' title="bbox 1345 1998 2398 2037; baseline -0.001 -10"><span class='ocrx_word' id='word_1_1692' title='bbox 1345 2002 1446 2028; x_wconf 87' lang='lat' dir='ltr'>riarum</span> <span class='ocrx_word' id='word_1_1693' title='bbox 1467 2001 1571 2035; x_wconf 83' lang='lat' dir='ltr'>leian.</span> <span class='ocrx_word' id='word_1_1694' title='bbox 1593 2002 1621 2027; x_wconf 91' lang='lat' dir='ltr'>in</span> <span class='ocrx_word' id='word_1_1695' title='bbox 1639 2002 1656 2027; x_wconf 89' lang='lat' dir='ltr'>l.</span> <span class='ocrx_word' id='word_1_1696' title='bbox 1676 2001 1842 2027; x_wconf 80' lang='lat' dir='ltr'>iniuriarum</span> <span class='ocrx_word' id='word_1_1697' title='bbox 1857 2001 1928 2027; x_wconf 74' lang='lat' dir='ltr'>affio</span> <span class='ocrx_word' id='word_1_1698' title='bbox 1948 1998 1971 2037; x_wconf 77' lang='lat'>6.</span> <span class='ocrx_word' id='word_1_1699' title='bbox 1993 2001 2011 2027; x_wconf 84' lang='lat' dir='ltr'>si</span> <span class='ocrx_word' id='word_1_1700' title='bbox 2031 2001 2092 2036; x_wconf 89' lang='lat' dir='ltr'>quis</span> <span class='ocrx_word' id='word_1_1701' title='bbox 2105 2009 2148 2026; x_wconf 87' lang='lat' dir='ltr'>me</span> <span class='ocrx_word' id='word_1_1702' title='bbox 2162 2000 2303 2035; x_wconf 87' lang='lat' dir='ltr'>prohibeat</span> <span class='ocrx_word' id='word_1_1703' title='bbox 2316 2001 2348 2026; x_wconf 92' lang='lat' dir='ltr'>D.</span> <span class='ocrx_word' id='word_1_1704' title='bbox 2363 1998 2398 2025; x_wconf 84' lang='lat' dir='ltr'>de</span> 
     </span>
     <span class='ocr_line' id='line_1_173' title="bbox 1346 2036 2416 2071; baseline -0.001 -8"><span class='ocrx_word' id='word_1_1705' title='bbox 1346 2037 1454 2063; x_wconf 84' lang='lat' dir='ltr'>iniuriis</span> <span class='ocrx_word' id='word_1_1706' title='bbox 1469 2047 1475 2062; x_wconf 74' lang='lat' dir='ltr'>t</span> <span class='ocrx_word' id='word_1_1707' title='bbox 1511 2044 1535 2062; x_wconf 80' lang='lat' dir='ltr'>et</span> <span class='ocrx_word' id='word_1_1708' title='bbox 1547 2037 1575 2062; x_wconf 92' lang='lat' dir='ltr'>in</span> <span class='ocrx_word' id='word_1_1709' title='bbox 1589 2037 1607 2063; x_wconf 76' lang='lat' dir='ltr'>l.</span> <span class='ocrx_word' id='word_1_1710' title='bbox 1621 2046 1669 2063; x_wconf 88' lang='lat' dir='ltr'>nec</span> <span class='ocrx_word' id='word_1_1711' title='bbox 1683 2036 1894 2071; x_wconf 84' lang='lat' dir='ltr'>magistratibus,</span> <span class='ocrx_word' id='word_1_1712' title='bbox 1914 2037 1965 2063; x_wconf 78' lang='lat' dir='ltr'>eod.</span> <span class='ocrx_word' id='word_1_1713' title='bbox 1980 2040 2023 2063; x_wconf 84' lang='lat' dir='ltr'>tit.</span> <span class='ocrx_word' id='word_1_1714' title='bbox 2123 2037 2267 2063; x_wconf 85' lang='lat' dir='ltr'>Damnatus</span> <span class='ocrx_word' id='word_1_1715' title='bbox 2284 2036 2398 2063; x_wconf 78' lang='lat' dir='ltr'>iniuria·</span> <span class='ocrx_word' id='word_1_1716' title='bbox 2413 2036 2416 2040; x_wconf 86' lang='grc'><em>“</em></span> 
     </span>
     <span class='ocr_line' id='line_1_174' title="bbox 1345 2070 2402 2106; baseline 0.001 -8"><span class='ocrx_word' id='word_1_1717' title='bbox 1345 2082 1423 2105; x_wconf 89' lang='lat' dir='ltr'>rum,</span> <span class='ocrx_word' id='word_1_1718' title='bbox 1460 2073 1608 2099; x_wconf 84' lang='lat' dir='ltr'>Decernere</span> <span class='ocrx_word' id='word_1_1719' title='bbox 1634 2073 1778 2106; x_wconf 83' lang='lat' dir='ltr'>iniuriam,</span> <span class='ocrx_word' id='word_1_1720' title='bbox 1814 2072 1963 2099; x_wconf 85' lang='lat' dir='ltr'>Defendere</span> <span class='ocrx_word' id='word_1_1721' title='bbox 1991 2071 2071 2099; x_wconf 88' lang='lat' dir='ltr'>alicui</span> <span class='ocrx_word' id='word_1_1722' title='bbox 2091 2072 2237 2104; x_wconf 88' lang='lat' dir='ltr'>iniuriam,</span> <span class='ocrx_word' id='word_1_1723' title='bbox 2261 2071 2314 2098; x_wconf 86' lang='lat' dir='ltr'>vid.</span> <span class='ocrx_word' id='word_1_1724' title='bbox 2325 2070 2357 2104; x_wconf 73' lang='lat' dir='ltr'><em>ffl</em></span> <span class='ocrx_word' id='word_1_1725' title='bbox 2367 2070 2402 2103; x_wconf 61' lang='lat' dir='ltr'>ll-&gt;</span> 
     </span>
     <span class='ocr_line' id='line_1_175' title="bbox 1347 2107 2396 2143; baseline 0 -10"><span class='ocrx_word' id='word_1_1726' title='bbox 1347 2107 1497 2134; x_wconf 85' lang='lat' dir='ltr'>Defendere</span> <span class='ocrx_word' id='word_1_1727' title='bbox 1519 2108 1647 2134; x_wconf 83' lang='lat' dir='ltr'>iniuriam</span> <span class='ocrx_word' id='word_1_1728' title='bbox 1672 2108 1776 2135; x_wconf 87' lang='lat' dir='ltr'>foribus</span> <span class='ocrx_word' id='word_1_1729' title='bbox 1793 2117 1799 2132; x_wconf 89' lang='lat'>:</span> <span class='ocrx_word' id='word_1_1730' title='bbox 1834 2111 1852 2134; x_wconf 81' lang='lat' dir='ltr'>i.</span> <span class='ocrx_word' id='word_1_1731' title='bbox 1872 2109 2051 2141; x_wconf 70' lang='lat' dir='ltr'>Prohibere,ne</span> <span class='ocrx_word' id='word_1_1732' title='bbox 2063 2108 2127 2143; x_wconf 83' lang='lat' dir='ltr'>quod</span> <span class='ocrx_word' id='word_1_1733' title='bbox 2139 2107 2253 2134; x_wconf 77' lang='lat' dir='ltr'>damnum</span> <span class='ocrx_word' id='word_1_1734' title='bbox 2265 2107 2396 2143; x_wconf 80' lang='lat' dir='ltr'>inseratur</span> 
     </span>
     <span class='ocr_line' id='line_1_176' title="bbox 1347 2141 2396 2176; baseline 0 -8"><span class='ocrx_word' id='word_1_1735' title='bbox 1347 2143 1431 2169; x_wconf 83' lang='lat' dir='ltr'>Plaut.</span> <span class='ocrx_word' id='word_1_1736' title='bbox 1445 2143 1521 2169; x_wconf 90' lang='lat' dir='ltr'>Most.</span> <span class='ocrx_word' id='word_1_1737' title='bbox 1535 2153 1562 2176; x_wconf 90' lang='lat'>4,</span> <span class='ocrx_word' id='word_1_1738' title='bbox 1576 2152 1602 2175; x_wconf 82' lang='lat'>2,</span> <span class='ocrx_word' id='word_1_1739' title='bbox 1617 2152 1653 2176; x_wconf 87' lang='lat'>¹9·</span> <span class='ocrx_word' id='word_1_1740' title='bbox 1725 2141 1871 2170; x_wconf 83' lang='lat' dir='ltr'>Detrahere</span> <span class='ocrx_word' id='word_1_1741' title='bbox 1885 2143 1919 2170; x_wconf 89' lang='lat' dir='ltr'>ab</span> <span class='ocrx_word' id='word_1_1742' title='bbox 1933 2144 2034 2170; x_wconf 88' lang='lat' dir='ltr'>iniuria</span> <span class='ocrx_word' id='word_1_1743' title='bbox 2060 2144 2116 2170; x_wconf 86' lang='lat' dir='ltr'>Cic.</span> <span class='ocrx_word' id='word_1_1744' title='bbox 2130 2144 2203 2170; x_wconf 80' lang='lat' dir='ltr'>Fam.</span> <span class='ocrx_word' id='word_1_1745' title='bbox 2219 2151 2240 2176; x_wconf 85' lang='lat'>5,</span> <span class='ocrx_word' id='word_1_1746' title='bbox 2253 2151 2278 2170; x_wconf 82' lang='lat'>2.</span> <span class='ocrx_word' id='word_1_1747' title='bbox 2340 2143 2396 2169; x_wconf 93' lang='lat' dir='ltr'>Do-</span> 
     </span>
     <span class='ocr_line' id='line_1_177' title="bbox 1346 2178 2447 2214; baseline -0.001 -11"><span class='ocrx_word' id='word_1_1748' title='bbox 1346 2178 1417 2210; x_wconf 83' lang='lat' dir='ltr'>lere,</span> <span class='ocrx_word' id='word_1_1749' title='bbox 1436 2178 1489 2204; x_wconf 80' lang='lat' dir='ltr'>vid.</span> <span class='ocrx_word' id='word_1_1750' title='bbox 1504 2188 1559 2204; x_wconf 80' lang='lat' dir='ltr'>mox</span> <span class='ocrx_word' id='word_1_1751' title='bbox 1578 2179 1685 2205; x_wconf 80' lang='lat' dir='ltr'>Vlcisci.</span> <span class='ocrx_word' id='word_1_1752' title='bbox 1777 2179 1898 2213; x_wconf 81' lang='lat' dir='ltr'>Experiri</span> <span class='ocrx_word' id='word_1_1753' title='bbox 1912 2180 2075 2212; x_wconf 80' lang='lat' dir='ltr'>iniuriarum</span> <span class='ocrx_word' id='word_1_1754' title='bbox 2096 2179 2202 2214; x_wconf 88' lang='lat' dir='ltr'>leian.</span> <span class='ocrx_word' id='word_1_1755' title='bbox 2217 2179 2245 2205; x_wconf 89' lang='lat' dir='ltr'>in</span> <span class='ocrx_word' id='word_1_1756' title='bbox 2259 2179 2276 2205; x_wconf 89' lang='lat' dir='ltr'>l.</span> <span class='ocrx_word' id='word_1_1757' title='bbox 2290 2187 2345 2205; x_wconf 89' lang='lat' dir='ltr'>non</span> <span class='ocrx_word' id='word_1_1758' title='bbox 2356 2178 2396 2204; x_wconf 89' lang='lat' dir='ltr'>so.-</span> <span class='ocrx_word' id='word_1_1759' title='bbox 2445 2200 2447 2202; x_wconf 84' lang='lat'>.</span> 
     </span>
     <span class='ocr_line' id='line_1_178' title="bbox 1346 2211 2443 2254; baseline 0 -15"><span class='ocrx_word' id='word_1_1760' title='bbox 1346 2213 1402 2254; x_wconf 77' lang='lat' dir='ltr'>lum</span> <span class='ocrx_word' id='word_1_1761' title='bbox 1417 2212 1439 2250; x_wconf 77' lang='lat'>6.</span> <span class='ocrx_word' id='word_1_1762' title='bbox 1449 2214 1523 2248; x_wconf 87' lang='lat' dir='ltr'>plane</span> <span class='ocrx_word' id='word_1_1763' title='bbox 1537 2214 1568 2239; x_wconf 89' lang='lat' dir='ltr'>D.</span> <span class='ocrx_word' id='word_1_1764' title='bbox 1583 2213 1615 2240; x_wconf 92' lang='lat' dir='ltr'>de</span> <span class='ocrx_word' id='word_1_1765' title='bbox 1629 2214 1736 2245; x_wconf 82' lang='lat' dir='ltr'>iniuriis</span> <span class='ocrx_word' id='word_1_1766' title='bbox 1751 2225 1756 2241; x_wconf 96' lang='lat'><strong>:</strong></span> <span class='ocrx_word' id='word_1_1767' title='bbox 1792 2222 1815 2240; x_wconf 76' lang='lat' dir='ltr'>et</span> <span class='ocrx_word' id='word_1_1768' title='bbox 1828 2215 1855 2240; x_wconf 91' lang='lat' dir='ltr'>in</span> <span class='ocrx_word' id='word_1_1769' title='bbox 1869 2215 2055 2242; x_wconf 88' lang='lat' dir='ltr'>l.iniuriarum</span> <span class='ocrx_word' id='word_1_1770' title='bbox 2068 2214 2138 2241; x_wconf 65' lang='lat' dir='ltr'>auio</span> <span class='ocrx_word' id='word_1_1771' title='bbox 2151 2213 2174 2252; x_wconf 81' lang='lat'>6.</span> <span class='ocrx_word' id='word_1_1772' title='bbox 2189 2215 2206 2241; x_wconf 85' lang='lat' dir='ltr'>si</span> <span class='ocrx_word' id='word_1_1773' title='bbox 2222 2215 2282 2250; x_wconf 91' lang='lat' dir='ltr'>quis</span> <span class='ocrx_word' id='word_1_1774' title='bbox 2296 2223 2342 2249; x_wconf 87' lang='lat' dir='ltr'>per</span> <span class='ocrx_word' id='word_1_1775' title='bbox 2355 2214 2396 2240; x_wconf 87' lang='lat' dir='ltr'>in·</span> <span class='ocrx_word' id='word_1_1776' title='bbox 2420 2211 2443 2239; x_wconf 83' lang='lat'>.‘&#39;</span> 
     </span>
     <span class='ocr_line' id='line_1_179' title="bbox 1347 2249 2396 2289; baseline 0.001 -14"><span class='ocrx_word' id='word_1_1777' title='bbox 1347 2258 1460 2278; x_wconf 84' lang='lat' dir='ltr'>iuriam,</span> <span class='ocrx_word' id='word_1_1778' title='bbox 1479 2249 1531 2289; x_wconf 55' lang='lat' dir='ltr'>coci.</span> <span class='ocrx_word' id='word_1_1779' title='bbox 1547 2252 1590 2275; x_wconf 78' lang='lat' dir='ltr'>tit.</span> <span class='ocrx_word' id='word_1_1780' title='bbox 1694 2250 1762 2276; x_wconf 84' lang='lat' dir='ltr'>Ter.</span> <span class='ocrx_word' id='word_1_1781' title='bbox 1778 2251 1841 2277; x_wconf 84' lang='lat' dir='ltr'>Hec.</span> <span class='ocrx_word' id='word_1_1782' title='bbox 1856 2260 1879 2283; x_wconf 79' lang='grc'>3,</span> <span class='ocrx_word' id='word_1_1783' title='bbox 1894 2259 1914 2283; x_wconf 86' lang='grc' dir='ltr'>ι,</span> <span class='ocrx_word' id='word_1_1784' title='bbox 1929 2259 1960 2285; x_wconf 75' lang='lat'>:7</span> <span class='ocrx_word' id='word_1_1785' title='bbox 1985 2251 2050 2278; x_wconf 85' lang='lat' dir='ltr'>Non</span> <span class='ocrx_word' id='word_1_1786' title='bbox 2061 2251 2207 2283; x_wconf 84' lang='lat' dir='ltr'>maximas,</span> <span class='ocrx_word' id='word_1_1787' title='bbox 2227 2259 2295 2286; x_wconf 88' lang='lat' dir='ltr'>quae</span> <span class='ocrx_word' id='word_1_1788' title='bbox 2312 2249 2396 2277; x_wconf 82' lang='lat' dir='ltr'>maxi-</span> 
     </span>
     <span class='ocr_line' id='line_1_180' title="bbox 1347 2285 2005 2324; baseline 0.005 -15"><span class='ocrx_word' id='word_1_1789' title='bbox 1347 2293 1405 2324; x_wconf 75' lang='lat' dir='ltr'>mae</span> <span class='ocrx_word' id='word_1_1790' title='bbox 1429 2285 1488 2310; x_wconf 92' lang='lat' dir='ltr'>sunt</span> <span class='ocrx_word' id='word_1_1791' title='bbox 1509 2285 1643 2311; x_wconf 86' lang='lat' dir='ltr'>interdum</span> <span class='ocrx_word' id='word_1_1792' title='bbox 1667 2285 1740 2317; x_wconf 76' lang='lat' dir='ltr'>irae,</span> <span class='ocrx_word' id='word_1_1793' title='bbox 1760 2286 1872 2312; x_wconf 85' lang='lat' dir='ltr'>iniurias</span> <span class='ocrx_word' id='word_1_1794' title='bbox 1895 2287 2005 2313; x_wconf 83' lang='lat' dir='ltr'>faciunt.</span> 
     </span>
     <span class='ocr_line' id='line_1_181' title="bbox 1346 2319 2404 2361; baseline -0.001 -16"><span class='ocrx_word' id='word_1_1795' title='bbox 1346 2319 1409 2361; x_wconf 79' lang='lat' dir='ltr'>huic</span> <span class='ocrx_word' id='word_1_1796' title='bbox 1423 2319 1490 2346; x_wconf 81' lang='lat' dir='ltr'>adeo</span> <span class='ocrx_word' id='word_1_1797' title='bbox 1505 2320 1642 2360; x_wconf 82' lang='lat' dir='ltr'>iniuriam.</span> <span class='ocrx_word' id='word_1_1798' title='bbox 1734 2321 1781 2348; x_wconf 75' lang='lat' dir='ltr'>Vb)</span> <span class='ocrx_word' id='word_1_1799' title='bbox 1796 2322 1928 2354; x_wconf 68' lang='lat' dir='ltr'>Donatus,</span> <span class='ocrx_word' id='word_1_1800' title='bbox 1953 2322 2027 2347; x_wconf 82' lang='lat' dir='ltr'>Facis</span> <span class='ocrx_word' id='word_1_1801' title='bbox 2039 2321 2181 2353; x_wconf 84' lang='lat' dir='ltr'>iniuriam,</span> <span class='ocrx_word' id='word_1_1802' title='bbox 2200 2330 2249 2354; x_wconf 85' lang='lat' dir='ltr'>pro</span> <span class='ocrx_word' id='word_1_1803' title='bbox 2267 2321 2339 2346; x_wconf 83' lang='lat' dir='ltr'>Facis</span> <span class='ocrx_word' id='word_1_1804' title='bbox 2354 2321 2404 2351; x_wconf 77' lang='lat' dir='ltr'>in-.</span> 
     </span>
     <span class='ocr_line' id='line_1_182' title="bbox 1347 2353 2419 2396; baseline -0.002 -15"><span class='ocrx_word' id='word_1_1805' title='bbox 1347 2355 1422 2396; x_wconf 66' lang='lat' dir='ltr'>iuste.</span> <span class='ocrx_word' id='word_1_1806' title='bbox 1532 2356 1588 2382; x_wconf 72' lang='lat' dir='ltr'>Cic,</span> <span class='ocrx_word' id='word_1_1807' title='bbox 1603 2355 1655 2382; x_wconf 81' lang='lat' dir='ltr'>Off.</span> <span class='ocrx_word' id='word_1_1808' title='bbox 1670 2365 1690 2388; x_wconf 89' lang='lat'>1,</span> <span class='ocrx_word' id='word_1_1809' title='bbox 1703 2364 1735 2388; x_wconf 79' lang='lat'>34</span> <span class='ocrx_word' id='word_1_1810' title='bbox 1751 2356 1779 2383; x_wconf 85' lang='lat' dir='ltr'>de</span> <span class='ocrx_word' id='word_1_1811' title='bbox 1791 2357 1904 2390; x_wconf 78' lang='lat' dir='ltr'>iustiu&#39;a,</span> <span class='ocrx_word' id='word_1_1812' title='bbox 1924 2356 2068 2383; x_wconf 80' lang='lat' dir='ltr'>Maximam</span> <span class='ocrx_word' id='word_1_1813' title='bbox 2082 2362 2169 2382; x_wconf 83' lang='lat' dir='ltr'>autem</span> <span class='ocrx_word' id='word_1_1814' title='bbox 2183 2362 2283 2389; x_wconf 84' lang='lat' dir='ltr'>partem</span> <span class='ocrx_word' id='word_1_1815' title='bbox 2302 2354 2334 2380; x_wconf 87' lang='lat' dir='ltr'>ad</span> <span class='ocrx_word' id='word_1_1816' title='bbox 2352 2355 2394 2380; x_wconf 84' lang='lat' dir='ltr'>in·</span> <span class='ocrx_word' id='word_1_1817' title='bbox 2416 2353 2419 2357; x_wconf 86' lang='lat'>&#39;</span> 
     </span>
     <span class='ocr_line' id='line_1_183' title="bbox 1345 2390 2394 2426; baseline 0.001 -10"><span class='ocrx_word' id='word_1_1818' title='bbox 1345 2395 1442 2417; x_wconf 76' lang='lat' dir='ltr'>iuriam</span> <span class='ocrx_word' id='word_1_1819' title='bbox 1456 2391 1605 2417; x_wconf 85' lang='lat' dir='ltr'>faciendam</span> <span class='ocrx_word' id='word_1_1820' title='bbox 1619 2392 1823 2426; x_wconf 83' lang='lat' dir='ltr'>aggrediuntur,</span> <span class='ocrx_word' id='word_1_1821' title='bbox 1845 2401 1890 2419; x_wconf 73' lang='lat' dir='ltr'>etc.</span> <span class='ocrx_word' id='word_1_1822' title='bbox 1998 2391 2072 2426; x_wconf 81' lang='lat' dir='ltr'>Conf.</span> <span class='ocrx_word' id='word_1_1823' title='bbox 2091 2391 2165 2418; x_wconf 85' lang='lat' dir='ltr'>Idem</span> <span class='ocrx_word' id='word_1_1824' title='bbox 2179 2390 2211 2417; x_wconf 84' lang='lat' dir='ltr'>de</span> <span class='ocrx_word' id='word_1_1825' title='bbox 2223 2390 2308 2417; x_wconf 87' lang='lat' dir='ltr'>Amic.</span> <span class='ocrx_word' id='word_1_1826' title='bbox 2323 2399 2344 2416; x_wconf 87' lang='lat' dir='ltr'>c.</span> <span class='ocrx_word' id='word_1_1827' title='bbox 2359 2398 2394 2417; x_wconf 73' lang='grc' dir='ltr'>ει.</span> 
     </span>
     <span class='ocr_line' id='line_1_184' title="bbox 1345 2425 2393 2466; baseline 0 -15"><span class='ocrx_word' id='word_1_1828' title='bbox 1345 2427 1488 2466; x_wconf 57' lang='lat' dir='ltr'>Contraria.</span> <span class='ocrx_word' id='word_1_1829' title='bbox 1523 2428 1623 2453; x_wconf 75' lang='lat' dir='ltr'>Anton.</span> <span class='ocrx_word' id='word_1_1830' title='bbox 1636 2427 1668 2453; x_wconf 78' lang='lat' dir='ltr'>ad</span> <span class='ocrx_word' id='word_1_1831' title='bbox 1677 2428 1732 2454; x_wconf 82' lang='lat' dir='ltr'>Cic.</span> <span class='ocrx_word' id='word_1_1832' title='bbox 1742 2428 1793 2454; x_wconf 86' lang='lat' dir='ltr'>Att.</span> <span class='ocrx_word' id='word_1_1833' title='bbox 1803 2437 1839 2461; x_wconf 84' lang='lat'>10,</span> <span class='ocrx_word' id='word_1_1834' title='bbox 1849 2435 1861 2458; x_wconf 77' lang='lat' dir='ltr'>g</span> <span class='ocrx_word' id='word_1_1835' title='bbox 1883 2427 1938 2461; x_wconf 69' lang='lat' dir='ltr'>Qii</span> <span class='ocrx_word' id='word_1_1836' title='bbox 1952 2427 2003 2455; x_wconf 90' lang='lat' dir='ltr'>tibi</span> <span class='ocrx_word' id='word_1_1837' title='bbox 2017 2434 2045 2454; x_wconf 86' lang='lat' dir='ltr'>vt</span> <span class='ocrx_word' id='word_1_1838' title='bbox 2059 2426 2218 2452; x_wconf 82' lang='lat' dir='ltr'>beneficium</span> <span class='ocrx_word' id='word_1_1839' title='bbox 2231 2425 2312 2458; x_wconf 86' lang='lat' dir='ltr'>daret,</span> <span class='ocrx_word' id='word_1_1840' title='bbox 2319 2425 2393 2459; x_wconf 70' lang='lat' dir='ltr'>prius</span> 
     </span>
     <span class='ocr_line' id='line_1_185' title="bbox 1346 2460 2409 2498; baseline 0 -11"><span class='ocrx_word' id='word_1_1841' title='bbox 1346 2462 1474 2487; x_wconf 79' lang='lat' dir='ltr'>iniuriam</span> <span class='ocrx_word' id='word_1_1842' title='bbox 1482 2462 1562 2493; x_wconf 78' lang='lat' dir='ltr'>Fecit.</span> <span class='ocrx_word' id='word_1_1843' title='bbox 1667 2463 1763 2489; x_wconf 85' lang='lat' dir='ltr'>Facere</span> <span class='ocrx_word' id='word_1_1844' title='bbox 1778 2463 1904 2490; x_wconf 84' lang='lat' dir='ltr'>iniuriam</span> <span class='ocrx_word' id='word_1_1845' title='bbox 1921 2461 2191 2498; x_wconf 66' lang='lat' dir='ltr'>virgini,qslStupricn1</span> <span class='ocrx_word' id='word_1_1846' title='bbox 2202 2461 2299 2496; x_wconf 82' lang='lat' dir='ltr'>inferre</span> <span class='ocrx_word' id='word_1_1847' title='bbox 2311 2460 2393 2487; x_wconf 75' lang='lat' dir='ltr'>Plaut.</span> <span class='ocrx_word' id='word_1_1848' title='bbox 2404 2467 2409 2474; x_wconf 55' lang='lat'><em>³</em></span> 
     </span>
     <span class='ocr_line' id='line_1_186' title="bbox 1347 2495 2436 2536; baseline -0.003 -13"><span class='ocrx_word' id='word_1_1849' title='bbox 1347 2496 1407 2523; x_wconf 87' lang='lat' dir='ltr'>Aul.</span> <span class='ocrx_word' id='word_1_1850' title='bbox 1419 2505 1451 2536; x_wconf 72' lang='lat'>,43</span> <span class='ocrx_word' id='word_1_1851' title='bbox 1468 2505 1506 2528; x_wconf 88' lang='lat'>10,</span> <span class='ocrx_word' id='word_1_1852' title='bbox 1520 2499 1565 2529; x_wconf 84' lang='lat'>64.</span> <span class='ocrx_word' id='word_1_1853' title='bbox 1636 2497 1753 2523; x_wconf 77' lang='lat' dir='ltr'>Burman.</span> <span class='ocrx_word' id='word_1_1854' title='bbox 1768 2499 1801 2523; x_wconf 78' lang='lat' dir='ltr'>ud</span> <span class='ocrx_word' id='word_1_1855' title='bbox 1814 2499 1944 2532; x_wconf 60' lang='lat' dir='ltr'>Quineiil.</span> <span class='ocrx_word' id='word_1_1856' title='bbox 1959 2499 2030 2525; x_wconf 82' lang='lat' dir='ltr'>Deci.</span> <span class='ocrx_word' id='word_1_1857' title='bbox 2047 2507 2071 2532; x_wconf 88' lang='lat' dir='ltr'>p.</span> <span class='ocrx_word' id='word_1_1858' title='bbox 2086 2499 2149 2532; x_wconf 89' lang='lat'>476.</span> <span class='ocrx_word' id='word_1_1859' title='bbox 2252 2495 2351 2522; x_wconf 62' lang='lat' dir='ltr'>laetam</span> <span class='ocrx_word' id='word_1_1860' title='bbox 2368 2499 2396 2521; x_wconf 88' lang='lat' dir='ltr'>et</span> <span class='ocrx_word' id='word_1_1861' title='bbox 2431 2519 2436 2527; x_wconf 69' lang='grc'>,</span> 
     </span>
     <span class='ocr_line' id='line_1_187' title="bbox 1348 2528 2398 2567; baseline -0.002 -9"><span class='ocrx_word' id='word_1_1862' title='bbox 1348 2533 1488 2558; x_wconf 75' lang='lat' dir='ltr'>immistam</span> <span class='ocrx_word' id='word_1_1863' title='bbox 1508 2540 1522 2557; x_wconf 87' lang='lat' dir='ltr'>a</span> <span class='ocrx_word' id='word_1_1864' title='bbox 1542 2538 1567 2557; x_wconf 81' lang='lat' dir='ltr'>te</span> <span class='ocrx_word' id='word_1_1865' title='bbox 1586 2532 1715 2558; x_wconf 81' lang='lat' dir='ltr'>nefariam</span> <span class='ocrx_word' id='word_1_1866' title='bbox 1735 2541 1749 2558; x_wconf 86' lang='lat' dir='ltr'>a</span> <span class='ocrx_word' id='word_1_1867' title='bbox 1769 2541 1811 2559; x_wconf 89' lang='lat' dir='ltr'>me</span> <span class='ocrx_word' id='word_1_1868' title='bbox 1828 2534 1955 2559; x_wconf 85' lang='lat' dir='ltr'>iniuriam</span> <span class='ocrx_word' id='word_1_1869' title='bbox 1969 2534 2069 2567; x_wconf 85' lang='lat' dir='ltr'>semper</span> <span class='ocrx_word' id='word_1_1870' title='bbox 2083 2533 2169 2559; x_wconf 79' lang='lat' dir='ltr'>duxi:</span> <span class='ocrx_word' id='word_1_1871' title='bbox 2206 2531 2351 2566; x_wconf 76' lang='lat' dir='ltr'>perueniffe</span> <span class='ocrx_word' id='word_1_1872' title='bbox 2363 2528 2398 2556; x_wconf 75' lang='lat' dir='ltr'>ad</span> 
     </span>
     <span class='ocr_line' id='line_1_188' title="bbox 1347 2565 2449 2602; baseline -0.002 -8"><span class='ocrx_word' id='word_1_1873' title='bbox 1347 2576 1408 2600; x_wconf 82' lang='lat' dir='ltr'>me,</span> <span class='ocrx_word' id='word_1_1874' title='bbox 1423 2576 1558 2601; x_wconf 89' lang='lat' dir='ltr'>nunquam</span> <span class='ocrx_word' id='word_1_1875' title='bbox 1573 2568 1663 2602; x_wconf 89' lang='lat' dir='ltr'>putaui</span> <span class='ocrx_word' id='word_1_1876' title='bbox 1679 2567 1804 2594; x_wconf 86' lang='lat' dir='ltr'>iniuriam</span> <span class='ocrx_word' id='word_1_1877' title='bbox 1818 2569 1846 2594; x_wconf 91' lang='lat' dir='ltr'>in</span> <span class='ocrx_word' id='word_1_1878' title='bbox 1860 2568 1977 2602; x_wconf 84' lang='lat' dir='ltr'>aliquem</span> <span class='ocrx_word' id='word_1_1879' title='bbox 1998 2569 2052 2594; x_wconf 89' lang='lat' dir='ltr'>Cic.</span> <span class='ocrx_word' id='word_1_1880' title='bbox 2067 2568 2096 2594; x_wconf 90' lang='lat' dir='ltr'>in</span> <span class='ocrx_word' id='word_1_1881' title='bbox 2109 2566 2198 2594; x_wconf 86' lang='lat' dir='ltr'>Parad.</span> <span class='ocrx_word' id='word_1_1882' title='bbox 2212 2576 2240 2599; x_wconf 80' lang='lat'>4,</span> <span class='ocrx_word' id='word_1_1883' title='bbox 2256 2576 2273 2592; x_wconf 89' lang='lat'>1.</span> <span class='ocrx_word' id='word_1_1884' title='bbox 2345 2565 2398 2597; x_wconf 56' lang='lat' dir='ltr'>Im}</span> <span class='ocrx_word' id='word_1_1885' title='bbox 2426 2571 2449 2586; x_wconf 73' lang='grc' dir='ltr'>ι·</span> 
     </span>
     <span class='ocr_line' id='line_1_189' title="bbox 1347 2601 2399 2639; baseline -0.002 -10"><span class='ocrx_word' id='word_1_1886' title='bbox 1347 2612 1446 2639; x_wconf 84' lang='lat' dir='ltr'>ponere</span> <span class='ocrx_word' id='word_1_1887' title='bbox 1466 2603 1577 2628; x_wconf 84' lang='lat' dir='ltr'>iniurias</span> <span class='ocrx_word' id='word_1_1888' title='bbox 1602 2603 1698 2635; x_wconf 84' lang='lat' dir='ltr'>alicui,</span> <span class='ocrx_word' id='word_1_1889' title='bbox 1718 2604 1771 2629; x_wconf 72' lang='lat' dir='ltr'>uid.</span> <span class='ocrx_word' id='word_1_1890' title='bbox 1796 2609 1936 2630; x_wconf 50' lang='lat' dir='ltr'>liirox&#39;o.</span> <span class='ocrx_word' id='word_1_1891' title='bbox 2031 2603 2159 2629; x_wconf 75' lang='lat' dir='ltr'>Inducere</span> <span class='ocrx_word' id='word_1_1892' title='bbox 2178 2602 2305 2628; x_wconf 83' lang='lat' dir='ltr'>iniuriam</span> <span class='ocrx_word' id='word_1_1893' title='bbox 2321 2601 2399 2628; x_wconf 84' lang='lat' dir='ltr'>testa-</span> 
     </span>
     <span class='ocr_line' id='line_1_190' title="bbox 1348 2635 2396 2672; baseline -0.002 -7"><span class='ocrx_word' id='word_1_1894' title='bbox 1348 2644 1440 2665; x_wconf 86' lang='lat' dir='ltr'>mento</span> <span class='ocrx_word' id='word_1_1895' title='bbox 1462 2638 1585 2664; x_wconf 78' lang='lat' dir='ltr'>aduersus</span> <span class='ocrx_word' id='word_1_1896' title='bbox 1606 2638 1706 2665; x_wconf 87' lang='lat' dir='ltr'>liberos</span> <span class='ocrx_word' id='word_1_1897' title='bbox 1727 2640 1785 2665; x_wconf 78' lang='lat' dir='ltr'>suos</span> <span class='ocrx_word' id='word_1_1898' title='bbox 1813 2639 1944 2665; x_wconf 80' lang='lat' dir='ltr'>Maximus</span> <span class='ocrx_word' id='word_1_1899' title='bbox 1962 2639 1991 2665; x_wconf 88' lang='lat' dir='ltr'>in</span> <span class='ocrx_word' id='word_1_1900' title='bbox 2012 2639 2029 2664; x_wconf 93' lang='lat' dir='ltr'>l.</span> <span class='ocrx_word' id='word_1_1901' title='bbox 2049 2648 2068 2672; x_wconf 83' lang='lat'><strong>4</strong></span> <span class='ocrx_word' id='word_1_1902' title='bbox 2089 2639 2120 2665; x_wconf 92' lang='lat' dir='ltr'>D.</span> <span class='ocrx_word' id='word_1_1903' title='bbox 2136 2635 2168 2664; x_wconf 88' lang='lat' dir='ltr'>de</span> <span class='ocrx_word' id='word_1_1904' title='bbox 2182 2636 2279 2664; x_wconf 78' lang='lat' dir='ltr'>inoffic.</span> <span class='ocrx_word' id='word_1_1905' title='bbox 2295 2637 2396 2664; x_wconf 85' lang='lat' dir='ltr'>testam.</span> 
     </span>
     <span class='ocr_line' id='line_1_191' title="bbox 1349 2672 2399 2708; baseline -0.003 -7"><span class='ocrx_word' id='word_1_1906' title='bbox 1349 2674 1452 2701; x_wconf 79' lang='lat' dir='ltr'>Inferre</span> <span class='ocrx_word' id='word_1_1907' title='bbox 1465 2673 1593 2699; x_wconf 86' lang='lat' dir='ltr'>iniuriam</span> <span class='ocrx_word' id='word_1_1908' title='bbox 1603 2693 1609 2704; x_wconf 91' lang='lat'><em>‚</em></span> <span class='ocrx_word' id='word_1_1909' title='bbox 1629 2681 1652 2699; x_wconf 79' lang='lat' dir='ltr'>et</span> <span class='ocrx_word' id='word_1_1910' title='bbox 1666 2674 1835 2708; x_wconf 70' lang='lat' dir='ltr'>Propulstxre,</span> <span class='ocrx_word' id='word_1_1911' title='bbox 1857 2678 1986 2700; x_wconf 73' lang='lat' dir='ltr'>contraria</span> <span class='ocrx_word' id='word_1_1912' title='bbox 2013 2674 2070 2701; x_wconf 82' lang='lat' dir='ltr'>Cic.</span> <span class='ocrx_word' id='word_1_1913' title='bbox 2085 2674 2138 2700; x_wconf 85' lang='lat' dir='ltr'>Off.</span> <span class='ocrx_word' id='word_1_1914' title='bbox 2153 2683 2174 2705; x_wconf 81' lang='grc' dir='ltr'>ι,</span> <span class='ocrx_word' id='word_1_1915' title='bbox 2189 2683 2222 2707; x_wconf 84' lang='lat'>24</span> <span class='ocrx_word' id='word_1_1916' title='bbox 2235 2683 2256 2699; x_wconf 90' lang='lat' dir='ltr'>c.</span> <span class='ocrx_word' id='word_1_1917' title='bbox 2270 2681 2296 2708; x_wconf 89' lang='lat'>7.</span> <span class='ocrx_word' id='word_1_1918' title='bbox 2317 2672 2345 2699; x_wconf 81' lang='lat' dir='ltr'>de</span> <span class='ocrx_word' id='word_1_1919' title='bbox 2358 2676 2399 2699; x_wconf 84' lang='lat' dir='ltr'>in-</span> 
     </span>
     <span class='ocr_line' id='line_1_192' title="bbox 1349 2706 2399 2743; baseline -0.002 -7"><span class='ocrx_word' id='word_1_1920' title='bbox 1349 2708 1457 2742; x_wconf 74' lang='lat' dir='ltr'>iustitia.</span> <span class='ocrx_word' id='word_1_1921' title='bbox 1565 2710 1704 2743; x_wconf 76' lang='lat' dir='ltr'>Iniungere</span> <span class='ocrx_word' id='word_1_1922' title='bbox 1714 2730 1722 2742; x_wconf 88' lang='lat'>,</span> <span class='ocrx_word' id='word_1_1923' title='bbox 1743 2710 1795 2736; x_wconf 80' lang='lat' dir='ltr'>vid.</span> <span class='ocrx_word' id='word_1_1924' title='bbox 1810 2719 1864 2735; x_wconf 82' lang='lat' dir='ltr'>mox</span> <span class='ocrx_word' id='word_1_1925' title='bbox 1878 2710 1933 2736; x_wconf 84' lang='lat' dir='ltr'>Pati</span> <span class='ocrx_word' id='word_1_1926' title='bbox 1947 2710 2074 2736; x_wconf 80' lang='lat' dir='ltr'>iniuriam</span> <span class='ocrx_word' id='word_1_1927' title='bbox 2095 2717 2118 2736; x_wconf 67' lang='lat' dir='ltr'>ft</span> <span class='ocrx_word' id='word_1_1928' title='bbox 2131 2708 2190 2736; x_wconf 74' lang='lat' dir='ltr'>add.</span> <span class='ocrx_word' id='word_1_1929' title='bbox 2204 2708 2273 2735; x_wconf 85' lang='lat' dir='ltr'>modo</span> <span class='ocrx_word' id='word_1_1930' title='bbox 2287 2706 2399 2743; x_wconf 62' lang='lat' dir='ltr'>diHa‘irg</span> 
     </span>
     <span class='ocr_line' id='line_1_193' title="bbox 1352 2744 2430 2777; baseline 0.001 -7"><span class='ocrx_word' id='word_1_1931' title='bbox 1352 2751 1502 2771; x_wconf 70' lang='lat' dir='ltr'>INIVNGO</span> <span class='ocrx_word' id='word_1_1932' title='bbox 1522 2751 1587 2772; x_wconf 72' lang='lat' dir='ltr'>extr.</span> <span class='ocrx_word' id='word_1_1933' title='bbox 1664 2745 1789 2771; x_wconf 65' lang='lat' dir='ltr'>insectari</span> <span class='ocrx_word' id='word_1_1934' title='bbox 1827 2745 1955 2771; x_wconf 85' lang='lat' dir='ltr'>iniuriam</span> <span class='ocrx_word' id='word_1_1935' title='bbox 1987 2745 2115 2777; x_wconf 84' lang='lat' dir='ltr'>alicuius,</span> <span class='ocrx_word' id='word_1_1936' title='bbox 2139 2744 2193 2771; x_wconf 79' lang='lat' dir='ltr'>vid.</span> <span class='ocrx_word' id='word_1_1937' title='bbox 2226 2749 2398 2772; x_wconf 79' lang='lat' dir='ltr'>iNSEC‘rOR.</span> <span class='ocrx_word' id='word_1_1938' title='bbox 2426 2757 2430 2762; x_wconf 90' lang='lat'><strong>·</strong></span> 
     </span>
     <span class='ocr_line' id='line_1_194' title="bbox 1349 2779 2430 2815; baseline 0 -8"><span class='ocrx_word' id='word_1_1939' title='bbox 1349 2779 1448 2807; x_wconf 88' lang='lat' dir='ltr'>Sallust.</span> <span class='ocrx_word' id='word_1_1940' title='bbox 1469 2781 1588 2807; x_wconf 72' lang='lat' dir='ltr'>Iueurth.</span> <span class='ocrx_word' id='word_1_1941' title='bbox 1608 2790 1630 2807; x_wconf 90' lang='lat' dir='ltr'>c.</span> <span class='ocrx_word' id='word_1_1942' title='bbox 1653 2790 1683 2815; x_wconf 79' lang='lat'>¹4</span> <span class='ocrx_word' id='word_1_1943' title='bbox 1703 2788 1767 2807; x_wconf 75' lang='lat' dir='ltr'>extr.</span> <span class='ocrx_word' id='word_1_1944' title='bbox 1805 2781 1883 2807; x_wconf 88' lang='lat' dir='ltr'>Nunc</span> <span class='ocrx_word' id='word_1_1945' title='bbox 1902 2789 1988 2815; x_wconf 86' lang='lat' dir='ltr'>neque</span> <span class='ocrx_word' id='word_1_1946' title='bbox 2006 2782 2098 2807; x_wconf 90' lang='lat' dir='ltr'>viuere</span> <span class='ocrx_word' id='word_1_1947' title='bbox 2117 2780 2201 2813; x_wconf 87' lang='lat' dir='ltr'>libet,</span> <span class='ocrx_word' id='word_1_1948' title='bbox 2221 2789 2307 2815; x_wconf 90' lang='lat' dir='ltr'>neque</span> <span class='ocrx_word' id='word_1_1949' title='bbox 2326 2779 2400 2807; x_wconf 84' lang='lat' dir='ltr'>mori</span> <span class='ocrx_word' id='word_1_1950' title='bbox 2428 2795 2430 2809; x_wconf 77' lang='grc'>;</span> 
     </span>
     <span class='ocr_line' id='line_1_195' title="bbox 1351 2815 2398 2855; baseline -0.002 -13"><span class='ocrx_word' id='word_1_1951' title='bbox 1351 2817 1413 2842; x_wconf 89' lang='lat' dir='ltr'>licet</span> <span class='ocrx_word' id='word_1_1952' title='bbox 1428 2815 1479 2855; x_wconf 83' lang='lat' dir='ltr'>sine</span> <span class='ocrx_word' id='word_1_1953' title='bbox 1494 2815 1621 2842; x_wconf 82' lang='lat' dir='ltr'>dedecore</span> <span class='ocrx_word' id='word_1_1954' title='bbox 1644 2817 1669 2842; x_wconf 88' lang='lat' dir='ltr'>P.</span> <span class='ocrx_word' id='word_1_1955' title='bbox 1679 2817 1708 2843; x_wconf 91' lang='lat' dir='ltr'>C.</span> <span class='ocrx_word' id='word_1_1956' title='bbox 1723 2817 1779 2843; x_wconf 89' lang='lat' dir='ltr'>Oro</span> <span class='ocrx_word' id='word_1_1957' title='bbox 1793 2825 1840 2842; x_wconf 85' lang='lat' dir='ltr'>vos</span> <span class='ocrx_word' id='word_1_1958' title='bbox 1855 2826 1901 2851; x_wconf 88' lang='lat' dir='ltr'>per</span> <span class='ocrx_word' id='word_1_1959' title='bbox 1922 2816 2037 2848; x_wconf 78' lang='lat' dir='ltr'>liberos,</span> <span class='ocrx_word' id='word_1_1960' title='bbox 2055 2816 2134 2851; x_wconf 83' lang='lat' dir='ltr'>atque</span> <span class='ocrx_word' id='word_1_1961' title='bbox 2157 2821 2276 2850; x_wconf 82' lang='lat' dir='ltr'>parentes</span> <span class='ocrx_word' id='word_1_1962' title='bbox 2289 2815 2398 2847; x_wconf 84' lang='lat' dir='ltr'>vestros,</span> 
     </span>
     <span class='ocr_line' id='line_1_196' title="bbox 1351 2850 2450 2886; baseline -0.001 -8"><span class='ocrx_word' id='word_1_1963' title='bbox 1351 2861 1397 2885; x_wconf 88' lang='lat' dir='ltr'>per</span> <span class='ocrx_word' id='word_1_1964' title='bbox 1414 2850 1573 2877; x_wconf 80' lang='lat' dir='ltr'>maiestatem</span> <span class='ocrx_word' id='word_1_1965' title='bbox 1588 2852 1648 2886; x_wconf 84' lang='lat' dir='ltr'>Pop.</span> <span class='ocrx_word' id='word_1_1966' title='bbox 1663 2853 1740 2878; x_wconf 82' lang='lat' dir='ltr'>Rom.</span> <span class='ocrx_word' id='word_1_1967' title='bbox 1755 2851 1893 2879; x_wconf 87' lang='lat' dir='ltr'>subuenite</span> <span class='ocrx_word' id='word_1_1968' title='bbox 1907 2852 1974 2878; x_wconf 89' lang='lat' dir='ltr'>mihi</span> <span class='ocrx_word' id='word_1_1969' title='bbox 1987 2852 2139 2885; x_wconf 80' lang='lat' dir='ltr'>misero‚ite</span> <span class='ocrx_word' id='word_1_1970' title='bbox 2154 2851 2262 2881; x_wconf 86' lang='lat' dir='ltr'>obuiam</span> <span class='ocrx_word' id='word_1_1971' title='bbox 2274 2850 2398 2876; x_wconf 80' lang='lat' dir='ltr'>iniuriae.</span> <span class='ocrx_word' id='word_1_1972' title='bbox 2429 2858 2450 2882; x_wconf 44' lang='lat' dir='ltr'>gu:</span> 
     </span>
     <span class='ocr_line' id='line_1_197' title="bbox 1351 2885 2452 2922; baseline -0.003 -8"><span class='ocrx_word' id='word_1_1973' title='bbox 1351 2887 1485 2922; x_wconf 76' lang='lat' dir='ltr'>Laborare</span> <span class='ocrx_word' id='word_1_1974' title='bbox 1500 2886 1607 2913; x_wconf 84' lang='lat' dir='ltr'>alterius</span> <span class='ocrx_word' id='word_1_1975' title='bbox 1622 2888 1720 2914; x_wconf 85' lang='lat' dir='ltr'>inim-ia</span> <span class='ocrx_word' id='word_1_1976' title='bbox 1730 2908 1737 2919; x_wconf 95' lang='lat'><strong>‚</strong></span> <span class='ocrx_word' id='word_1_1977' title='bbox 1773 2889 1899 2914; x_wconf 84' lang='lat' dir='ltr'>Lacerare</span> <span class='ocrx_word' id='word_1_1978' title='bbox 1913 2888 2029 2920; x_wconf 82' lang='lat' dir='ltr'>iniuria,</span> <span class='ocrx_word' id='word_1_1979' title='bbox 2045 2893 2052 2896; x_wconf 75' lang='grc'><strong><em>’</em></strong></span> <span class='ocrx_word' id='word_1_1980' title='bbox 2065 2888 2165 2914; x_wconf 86' lang='lat' dir='ltr'>Leuare</span> <span class='ocrx_word' id='word_1_1981' title='bbox 2183 2886 2310 2917; x_wconf 69' lang='lat' dir='ltr'>iniurias,</span> <span class='ocrx_word' id='word_1_1982' title='bbox 2346 2885 2399 2911; x_wconf 88' lang='lat' dir='ltr'>Lu·</span> <span class='ocrx_word' id='word_1_1983' title='bbox 2430 2886 2452 2916; x_wconf 79' lang='grc' dir='ltr'>·ῖ,”</span> 
     </span>
     <span class='ocr_line' id='line_1_198' title="bbox 1352 2921 2442 2958; baseline -0.005 -8"><span class='ocrx_word' id='word_1_1984' title='bbox 1352 2923 1470 2950; x_wconf 71' lang='lat' dir='ltr'>crinem-e</span> <span class='ocrx_word' id='word_1_1985' title='bbox 1483 2922 1628 2955; x_wconf 86' lang='lat' dir='ltr'>iniuriam,</span> <span class='ocrx_word' id='word_1_1986' title='bbox 1666 2924 1956 2958; x_wconf 82' lang='lat' dir='ltr'>Negligere‘iniurias,</span> <span class='ocrx_word' id='word_1_1987' title='bbox 1979 2923 2030 2950; x_wconf 77' lang='lat' dir='ltr'>vid.</span> <span class='ocrx_word' id='word_1_1988' title='bbox 2047 2923 2089 2949; x_wconf 82' lang='lat' dir='ltr'>hh.</span> <span class='ocrx_word' id='word_1_1989' title='bbox 2110 2932 2152 2948; x_wconf 79' lang='lat' dir='ltr'>vv.</span> <span class='ocrx_word' id='word_1_1990' title='bbox 2259 2921 2397 2954; x_wconf 87' lang='lat' dir='ltr'>Occupare</span> <span class='ocrx_word' id='word_1_1991' title='bbox 2432 2945 2442 2952; x_wconf 59' lang='lat'>..</span> 
     </span>
     <span class='ocr_line' id='line_1_199' title="bbox 1353 2955 2452 2993; baseline -0.003 -9"><span class='ocrx_word' id='word_1_1992' title='bbox 1353 2967 1399 2993; x_wconf 87' lang='lat' dir='ltr'>per</span> <span class='ocrx_word' id='word_1_1993' title='bbox 1413 2958 1538 2984; x_wconf 87' lang='lat' dir='ltr'>iniuriam</span> <span class='ocrx_word' id='word_1_1994' title='bbox 1555 2958 1624 2984; x_wconf 84' lang='lat' dir='ltr'>bona</span> <span class='ocrx_word' id='word_1_1995' title='bbox 1638 2959 1749 2986; x_wconf 83' lang='lat' dir='ltr'>alicuius</span> <span class='ocrx_word' id='word_1_1996' title='bbox 1770 2959 1873 2993; x_wconf 88' lang='lat' dir='ltr'>leian.</span> <span class='ocrx_word' id='word_1_1997' title='bbox 1887 2959 1945 2986; x_wconf 70' lang='lat' dir='ltr'>inl.</span> <span class='ocrx_word' id='word_1_1998' title='bbox 1960 2958 2102 2993; x_wconf 81' lang='lat' dir='ltr'>itcm&#39;apud</span> <span class='ocrx_word' id='word_1_1999' title='bbox 2116 2957 2264 2987; x_wconf 83' lang='lat' dir='ltr'>Labeonem</span> <span class='ocrx_word' id='word_1_2000' title='bbox 2279 2954 2328 2992; x_wconf 82' lang='lat' dir='ltr'>§.fi</span> <span class='ocrx_word' id='word_1_2001' title='bbox 2337 2956 2398 2990; x_wconf 80' lang='lat' dir='ltr'>quis</span> <span class='ocrx_word' id='word_1_2002' title='bbox 2429 2955 2452 2991; x_wconf 50' lang='grc' dir='ltr'>χ’</span> 
     </span>
     <span class='ocr_line' id='line_1_200' title="bbox 1354 2991 2453 3030; baseline -0.001 -11"><span class='ocrx_word' id='word_1_2003' title='bbox 1354 2995 1424 3020; x_wconf 87' lang='lat' dir='ltr'>bona</span> <span class='ocrx_word' id='word_1_2004' title='bbox 1438 2994 1470 3019; x_wconf 92' lang='lat' dir='ltr'>D.</span> <span class='ocrx_word' id='word_1_2005' title='bbox 1485 2993 1516 3019; x_wconf 84' lang='lat' dir='ltr'>de</span> <span class='ocrx_word' id='word_1_2006' title='bbox 1529 2993 1645 3020; x_wconf 83' lang='lat' dir='ltr'>iniuriis.</span> <span class='ocrx_word' id='word_1_2007' title='bbox 1753 2995 1856 3021; x_wconf 77' lang='lat' dir='ltr'>Offerre</span> <span class='ocrx_word' id='word_1_2008' title='bbox 1869 2995 1996 3021; x_wconf 78' lang='lat' dir='ltr'>iniuriam</span> <span class='ocrx_word' id='word_1_2009' title='bbox 2017 2994 2083 3020; x_wconf 86' lang='lat' dir='ltr'>Ter.</span> <span class='ocrx_word' id='word_1_2010' title='bbox 2099 2994 2163 3019; x_wconf 87' lang='lat' dir='ltr'>Hec.</span> <span class='ocrx_word' id='word_1_2011' title='bbox 2176 3000 2198 3024; x_wconf 83' lang='grc' dir='ltr'>ς,</span> <span class='ocrx_word' id='word_1_2012' title='bbox 2215 3001 2234 3023; x_wconf 92' lang='grc' dir='ltr'>ι,</span> <span class='ocrx_word' id='word_1_2013' title='bbox 2249 3000 2285 3024; x_wconf 78' lang='lat'>14.</span> <span class='ocrx_word' id='word_1_2014' title='bbox 2348 2991 2399 3018; x_wconf 80' lang='lat' dir='ltr'>Vbi</span> <span class='ocrx_word' id='word_1_2015' title='bbox 2434 2995 2453 3030; x_wconf 35' lang='grc' dir='ltr'>πῖ</span> 
     </span>
     <span class='ocr_line' id='line_1_201' title="bbox 1356 3026 2448 3061; baseline -0.004 -5"><span class='ocrx_word' id='word_1_2016' title='bbox 1356 3030 1490 3061; x_wconf 75' lang='lat' dir='ltr'>Donatus,</span> <span class='ocrx_word' id='word_1_2017' title='bbox 1510 3029 1654 3055; x_wconf 75' lang='lat' dir='ltr'>offerimus</span> <span class='ocrx_word' id='word_1_2018' title='bbox 1673 3030 1799 3056; x_wconf 80' lang='lat' dir='ltr'>iniuriam</span> <span class='ocrx_word' id='word_1_2019' title='bbox 1814 3039 1866 3057; x_wconf 90' lang='lat' dir='ltr'>non</span> <span class='ocrx_word' id='word_1_2020' title='bbox 1881 3031 1992 3056; x_wconf 87' lang='lat' dir='ltr'>merenti</span> <span class='ocrx_word' id='word_1_2021' title='bbox 2008 3040 2013 3055; x_wconf 68' lang='grc' dir='ltr'><strong><em>ε</em></strong></span> <span class='ocrx_word' id='word_1_2022' title='bbox 2049 3028 2190 3055; x_wconf 82' lang='lat' dir='ltr'>Reddimus</span> <span class='ocrx_word' id='word_1_2023' title='bbox 2205 3027 2240 3059; x_wconf 80' lang='lat' dir='ltr'>ei,</span> <span class='ocrx_word' id='word_1_2024' title='bbox 2255 3026 2302 3061; x_wconf 84' lang='lat' dir='ltr'>qui</span> <span class='ocrx_word' id='word_1_2025' title='bbox 2313 3035 2398 3053; x_wconf 86' lang='lat' dir='ltr'>mere-</span> <span class='ocrx_word' id='word_1_2026' title='bbox 2435 3032 2448 3058; x_wconf 70' lang='lat'>31</span> 
     </span>
     <span class='ocr_line' id='line_1_202' title="bbox 1353 3062 2399 3099; baseline -0.003 -8"><span class='ocrx_word' id='word_1_2027' title='bbox 1353 3071 1407 3092; x_wconf 88' lang='lat' dir='ltr'>tur.</span> <span class='ocrx_word' id='word_1_2028' title='bbox 1501 3064 1642 3090; x_wconf 68' lang='lat' dir='ltr'>Contraria.</span> <span class='ocrx_word' id='word_1_2029' title='bbox 1679 3066 1784 3099; x_wconf 90' lang='lat' dir='ltr'>leian.</span> <span class='ocrx_word' id='word_1_2030' title='bbox 1799 3066 1825 3092; x_wconf 92' lang='lat' dir='ltr'>in</span> <span class='ocrx_word' id='word_1_2031' title='bbox 1840 3066 1855 3092; x_wconf 94' lang='lat' dir='ltr'>l.</span> <span class='ocrx_word' id='word_1_2032' title='bbox 1873 3074 1885 3097; x_wconf 80' lang='lat'>3</span> <span class='ocrx_word' id='word_1_2033' title='bbox 1899 3067 1930 3092; x_wconf 91' lang='lat' dir='ltr'>D.</span> <span class='ocrx_word' id='word_1_2034' title='bbox 1945 3066 1976 3091; x_wconf 91' lang='lat' dir='ltr'>de</span> <span class='ocrx_word' id='word_1_2035' title='bbox 1990 3064 2111 3096; x_wconf 86' lang='lat' dir='ltr'>iniuriis,</span> <span class='ocrx_word' id='word_1_2036' title='bbox 2131 3062 2200 3088; x_wconf 87' lang='lat' dir='ltr'>Illud</span> <span class='ocrx_word' id='word_1_2037' title='bbox 2213 3063 2324 3089; x_wconf 85' lang='lat' dir='ltr'>relatum</span> <span class='ocrx_word' id='word_1_2038' title='bbox 2340 3070 2399 3097; x_wconf 86' lang='lat' dir='ltr'>pei·-</span> 
     </span>
     <span class='ocr_line' id='line_1_203' title="bbox 1355 3094 2455 3136; baseline -0.003 -9"><span class='ocrx_word' id='word_1_2039' title='bbox 1355 3109 1385 3127; x_wconf 86' lang='lat' dir='ltr'>ae</span> <span class='ocrx_word' id='word_1_2040' title='bbox 1406 3109 1438 3126; x_wconf 88' lang='lat' dir='ltr'>ue</span> <span class='ocrx_word' id='word_1_2041' title='bbox 1460 3098 1515 3125; x_wconf 86' lang='lat' dir='ltr'>est:</span> <span class='ocrx_word' id='word_1_2042' title='bbox 1551 3108 1611 3129; x_wconf 69' lang='grc' dir='ltr'>ρος,</span> <span class='ocrx_word' id='word_1_2043' title='bbox 1630 3100 1676 3133; x_wconf 91' lang='lat' dir='ltr'>qui</span> <span class='ocrx_word' id='word_1_2044' title='bbox 1695 3101 1821 3128; x_wconf 87' lang='lat' dir='ltr'>iniuriam</span> <span class='ocrx_word' id='word_1_2045' title='bbox 1836 3102 1889 3127; x_wconf 80' lang='lat' dir='ltr'>Pati</span> <span class='ocrx_word' id='word_1_2046' title='bbox 1905 3101 2020 3136; x_wconf 76' lang='lat' dir='ltr'>possunt,</span> <span class='ocrx_word' id='word_1_2047' title='bbox 2040 3104 2065 3125; x_wconf 88' lang='lat' dir='ltr'>et</span> <span class='ocrx_word' id='word_1_2048' title='bbox 2078 3099 2163 3124; x_wconf 86' lang='lat' dir='ltr'>facere</span> <span class='ocrx_word' id='word_1_2049' title='bbox 2178 3099 2254 3132; x_wconf 76' lang='lat' dir='ltr'>posse.</span> <span class='ocrx_word' id='word_1_2050' title='bbox 2311 3094 2413 3124; x_wconf 71' lang='lat' dir='ltr'>Paul-lov</span> <span class='ocrx_word' id='word_1_2051' title='bbox 2434 3127 2435 3130; x_wconf 14' lang='grc' dir='ltr'><strong>Ἰ</strong></span> <span class='ocrx_word' id='word_1_2052' title='bbox 2453 3115 2455 3120; x_wconf 67' lang='lat'>.</span> 
     </span>
     <span class='ocr_line' id='line_1_204' title="bbox 1351 3132 2432 3172; baseline -0.002 -10"><span class='ocrx_word' id='word_1_2053' title='bbox 1351 3143 1384 3172; x_wconf 82' lang='lat' dir='ltr'>po</span> <span class='ocrx_word' id='word_1_2054' title='bbox 1415 3155 1424 3167; x_wconf 92' lang='lat'>‚</span> <span class='ocrx_word' id='word_1_2055' title='bbox 1444 3135 1567 3169; x_wconf 89' lang='lat' dir='ltr'>Namque</span> <span class='ocrx_word' id='word_1_2056' title='bbox 1580 3135 1607 3160; x_wconf 87' lang='lat' dir='ltr'>hi</span> <span class='ocrx_word' id='word_1_2057' title='bbox 1620 3135 1748 3162; x_wconf 87' lang='lat' dir='ltr'>iniuriam</span> <span class='ocrx_word' id='word_1_2058' title='bbox 1763 3137 1816 3163; x_wconf 87' lang='lat' dir='ltr'>Pati</span> <span class='ocrx_word' id='word_1_2059' title='bbox 1832 3138 1925 3169; x_wconf 75' lang='lat' dir='ltr'>solent,</span> <span class='ocrx_word' id='word_1_2060' title='bbox 1939 3145 1992 3162; x_wconf 89' lang='lat' dir='ltr'>non</span> <span class='ocrx_word' id='word_1_2061' title='bbox 2007 3135 2102 3161; x_wconf 85' lang='lat' dir='ltr'>facere.</span> <span class='ocrx_word' id='word_1_2062' title='bbox 2140 3133 2232 3160; x_wconf 61' lang='lat' dir='ltr'>Ibidem</span> <span class='ocrx_word' id='word_1_2063' title='bbox 2239 3133 2399 3169; x_wconf 78' lang='lat' dir='ltr'>frequenter.</span> <span class='ocrx_word' id='word_1_2064' title='bbox 2430 3132 2432 3134; x_wconf 63' lang='grc'>’</span> 
     </span>
     <span class='ocr_line' id='line_1_205' title="bbox 1355 3169 2438 3201; baseline -0.003 -3"><span class='ocrx_word' id='word_1_2065' title='bbox 1355 3173 1389 3198; x_wconf 81' lang='lat' dir='ltr'>It.</span> <span class='ocrx_word' id='word_1_2066' title='bbox 1408 3171 1464 3197; x_wconf 91' lang='lat' dir='ltr'>Cic.</span> <span class='ocrx_word' id='word_1_2067' title='bbox 1479 3170 1510 3196; x_wconf 90' lang='lat' dir='ltr'>de</span> <span class='ocrx_word' id='word_1_2068' title='bbox 1524 3170 1608 3196; x_wconf 87' lang='lat' dir='ltr'>Amic.</span> <span class='ocrx_word' id='word_1_2069' title='bbox 1625 3180 1645 3196; x_wconf 85' lang='lat' dir='ltr'>c.</span> <span class='ocrx_word' id='word_1_2070' title='bbox 1662 3180 1700 3196; x_wconf 83' lang='lat'>21.</span> <span class='ocrx_word' id='word_1_2071' title='bbox 1795 3174 1932 3199; x_wconf 80' lang='lat' dir='ltr'>Patiuntur</span> <span class='ocrx_word' id='word_1_2072' title='bbox 1945 3170 2068 3197; x_wconf 84' lang='lat' dir='ltr'>iniuriam</span> <span class='ocrx_word' id='word_1_2073' title='bbox 2082 3169 2152 3195; x_wconf 85' lang='lat' dir='ltr'>oculi</span> <span class='ocrx_word' id='word_1_2074' title='bbox 2169 3169 2289 3195; x_wconf 82' lang='lat' dir='ltr'>scribon.</span> <span class='ocrx_word' id='word_1_2075' title='bbox 2303 3177 2339 3201; x_wconf 82' lang='lat'>23.</span> <span class='ocrx_word' id='word_1_2076' title='bbox 2376 3171 2395 3195; x_wconf 90' lang='lat' dir='ltr'>i.</span> <span class='ocrx_word' id='word_1_2077' title='bbox 2435 3171 2438 3174; x_wconf 84' lang='lat'><em>&#39;</em></span> 
     </span>
     <span class='ocr_line' id='line_1_206' title="bbox 1355 3204 2423 3241; baseline -0.002 -8"><span class='ocrx_word' id='word_1_2078' title='bbox 1355 3207 1476 3233; x_wconf 87' lang='lat' dir='ltr'>dolorem</span> <span class='ocrx_word' id='word_1_2079' title='bbox 1491 3206 1515 3241; x_wconf 91' lang='lat' dir='ltr'>s.</span> <span class='ocrx_word' id='word_1_2080' title='bbox 1530 3205 1623 3232; x_wconf 87' lang='lat' dir='ltr'>malam</span> <span class='ocrx_word' id='word_1_2081' title='bbox 1647 3206 1823 3233; x_wconf 57' lang='lat' dir='ltr'>affectionem.</span> <span class='ocrx_word' id='word_1_2082' title='bbox 1919 3207 2011 3236; x_wconf 70' lang='lat' dir='ltr'>Lini-&#39;3‚</span> <span class='ocrx_word' id='word_1_2083' title='bbox 2026 3207 2056 3236; x_wconf 84' lang='lat'>65</span> <span class='ocrx_word' id='word_1_2084' title='bbox 2084 3204 2210 3230; x_wconf 86' lang='lat' dir='ltr'>Cauendo</span> <span class='ocrx_word' id='word_1_2085' title='bbox 2229 3213 2262 3230; x_wconf 91' lang='lat' dir='ltr'>ne</span> <span class='ocrx_word' id='word_1_2086' title='bbox 2281 3209 2399 3231; x_wconf 85' lang='lat' dir='ltr'>metuant</span> <span class='ocrx_word' id='word_1_2087' title='bbox 2416 3232 2423 3239; x_wconf 67' lang='lat'>.</span> 
     </span>
     <span class='ocr_line' id='line_1_207' title="bbox 1352 3239 2437 3274; baseline -0.004 -5"><span class='ocrx_word' id='word_1_2088' title='bbox 1352 3242 1477 3270; x_wconf 78' lang='lat' dir='ltr'>homines</span> <span class='ocrx_word' id='word_1_2089' title='bbox 1491 3241 1645 3268; x_wconf 85' lang='lat' dir='ltr'>metuendos</span> <span class='ocrx_word' id='word_1_2090' title='bbox 1660 3243 1730 3268; x_wconf 87' lang='lat' dir='ltr'>vltro</span> <span class='ocrx_word' id='word_1_2091' title='bbox 1745 3243 1768 3268; x_wconf 82' lang='lat' dir='ltr'>se</span> <span class='ocrx_word' id='word_1_2092' title='bbox 1783 3242 1899 3269; x_wconf 78' lang='lat' dir='ltr'>efficiunt</span> <span class='ocrx_word' id='word_1_2093' title='bbox 1915 3253 1921 3268; x_wconf 92' lang='lat'>:</span> <span class='ocrx_word' id='word_1_2094' title='bbox 1956 3247 1981 3267; x_wconf 92' lang='lat' dir='ltr'>et</span> <span class='ocrx_word' id='word_1_2095' title='bbox 1994 3241 2119 3266; x_wconf 85' lang='lat' dir='ltr'>iniuriam</span> <span class='ocrx_word' id='word_1_2096' title='bbox 2134 3249 2147 3266; x_wconf 88' lang='lat' dir='ltr'>a</span> <span class='ocrx_word' id='word_1_2097' title='bbox 2161 3240 2238 3266; x_wconf 85' lang='lat' dir='ltr'>nobis</span> <span class='ocrx_word' id='word_1_2098' title='bbox 2247 3239 2399 3274; x_wconf 81' lang='lat' dir='ltr'>Repulsam,</span> <span class='ocrx_word' id='word_1_2099' title='bbox 2432 3260 2437 3269; x_wconf 64' lang='grc'>,,</span> 
     </span>
     <span class='ocr_line' id='line_1_208' title="bbox 1355 3274 2441 3312; baseline -0.004 -8"><span class='ocrx_word' id='word_1_2100' title='bbox 1355 3286 1480 3312; x_wconf 83' lang='lat' dir='ltr'>tanquam</span> <span class='ocrx_word' id='word_1_2101' title='bbox 1494 3283 1538 3304; x_wconf 85' lang='lat' dir='ltr'>aut</span> <span class='ocrx_word' id='word_1_2102' title='bbox 1551 3278 1644 3303; x_wconf 86' lang='lat' dir='ltr'>Facere</span> <span class='ocrx_word' id='word_1_2103' title='bbox 1658 3283 1700 3303; x_wconf 85' lang='lat' dir='ltr'>aut</span> <span class='ocrx_word' id='word_1_2104' title='bbox 1715 3279 1768 3303; x_wconf 86' lang='lat' dir='ltr'>Pati</span> <span class='ocrx_word' id='word_1_2105' title='bbox 1782 3279 1880 3304; x_wconf 80' lang='lat' dir='ltr'>necess&#39;e</span> <span class='ocrx_word' id='word_1_2106' title='bbox 1893 3276 2135 3309; x_wconf 77' lang='lat' dir='ltr'>effet‚1niungimus</span> <span class='ocrx_word' id='word_1_2107' title='bbox 2149 3276 2217 3302; x_wconf 89' lang='lat' dir='ltr'>aliis.</span> <span class='ocrx_word' id='word_1_2108' title='bbox 2272 3274 2400 3309; x_wconf 81' lang='lat' dir='ltr'>Persequi</span> <span class='ocrx_word' id='word_1_2109' title='bbox 2432 3287 2441 3300; x_wconf 52' lang='lat' dir='ltr'>a.</span> 
     </span>
     <span class='ocr_line' id='line_1_209' title="bbox 1355 3307 2451 3344; baseline -0.005 -5"><span class='ocrx_word' id='word_1_2110' title='bbox 1355 3313 1482 3339; x_wconf 82' lang='lat' dir='ltr'>iniuriam</span> <span class='ocrx_word' id='word_1_2111' title='bbox 1497 3313 1552 3338; x_wconf 91' lang='lat' dir='ltr'>Cic.</span> <span class='ocrx_word' id='word_1_2112' title='bbox 1562 3313 1635 3338; x_wconf 88' lang='lat' dir='ltr'>Verr.</span> <span class='ocrx_word' id='word_1_2113' title='bbox 1645 3321 1701 3343; x_wconf 85' lang='lat'>2‚9.</span> <span class='ocrx_word' id='word_1_2114' title='bbox 1738 3313 1881 3340; x_wconf 84' lang='lat' dir='ltr'>Prohibere</span> <span class='ocrx_word' id='word_1_2115' title='bbox 1889 3313 1922 3344; x_wconf 83' lang='lat' dir='ltr'>se,</span> <span class='ocrx_word' id='word_1_2116' title='bbox 1930 3317 1955 3337; x_wconf 91' lang='lat' dir='ltr'>et</span> <span class='ocrx_word' id='word_1_2117' title='bbox 1963 3312 2020 3337; x_wconf 82' lang='lat' dir='ltr'>suos</span> <span class='ocrx_word' id='word_1_2118' title='bbox 2038 3311 2177 3338; x_wconf 87' lang='lat' dir='ltr'>abiniuria</span> <span class='ocrx_word' id='word_1_2119' title='bbox 2187 3311 2258 3338; x_wconf 85' lang='lat' dir='ltr'>Caes.</span> <span class='ocrx_word' id='word_1_2120' title='bbox 2268 3311 2400 3342; x_wconf 73' lang='lat' dir='ltr'>ss.G.2‚32,</span> <span class='ocrx_word' id='word_1_2121' title='bbox 2418 3338 2421 3341; x_wconf 35' lang='lat'><em>¹</em></span> <span class='ocrx_word' id='word_1_2122' title='bbox 2440 3307 2451 3326; x_wconf 51' lang='lat'>“¹-</span> 
     </span>
     <span class='ocr_line' id='line_1_210' title="bbox 1356 3346 2446 3382; baseline -0.003 -8"><span class='ocrx_word' id='word_1_2123' title='bbox 1356 3348 1509 3381; x_wconf 85' lang='lat' dir='ltr'>Propulsare</span> <span class='ocrx_word' id='word_1_2124' title='bbox 1518 3348 1641 3374; x_wconf 81' lang='lat' dir='ltr'>iniuriam</span> <span class='ocrx_word' id='word_1_2125' title='bbox 1662 3347 1717 3374; x_wconf 82' lang='lat' dir='ltr'>Cic.</span> <span class='ocrx_word' id='word_1_2126' title='bbox 1728 3357 1776 3382; x_wconf 83' lang='lat' dir='ltr'>pro</span> <span class='ocrx_word' id='word_1_2127' title='bbox 1786 3349 1955 3375; x_wconf 81' lang='lat' dir='ltr'>Rosc.Amcr.</span> <span class='ocrx_word' id='word_1_2128' title='bbox 1966 3355 2017 3378; x_wconf 64' lang='grc' dir='ltr'>ως.</span> <span class='ocrx_word' id='word_1_2129' title='bbox 2048 3355 2070 3373; x_wconf 79' lang='lat' dir='ltr'>et</span> <span class='ocrx_word' id='word_1_2130' title='bbox 2078 3347 2109 3372; x_wconf 89' lang='lat' dir='ltr'>de</span> <span class='ocrx_word' id='word_1_2131' title='bbox 2117 3346 2168 3373; x_wconf 86' lang='lat' dir='ltr'>Off.</span> <span class='ocrx_word' id='word_1_2132' title='bbox 2179 3353 2252 3380; x_wconf 84' lang='lat' dir='ltr'>ic.7.</span> <span class='ocrx_word' id='word_1_2133' title='bbox 2308 3346 2413 3372; x_wconf 55' lang='lat' dir='ltr'>Profe-‘¹</span> <span class='ocrx_word' id='word_1_2134' title='bbox 2441 3351 2446 3366; x_wconf 81' lang='grc'>-’</span> 
     </span>
     <span class='ocr_line' id='line_1_211' title="bbox 1357 3380 2451 3417; baseline -0.001 -9"><span class='ocrx_word' id='word_1_2135' title='bbox 1357 3390 1453 3417; x_wconf 83' lang='lat' dir='ltr'>quatur</span> <span class='ocrx_word' id='word_1_2136' title='bbox 1461 3385 1530 3409; x_wconf 86' lang='lat' dir='ltr'>suam</span> <span class='ocrx_word' id='word_1_2137' title='bbox 1541 3383 1664 3409; x_wconf 84' lang='lat' dir='ltr'>iniuriam</span> <span class='ocrx_word' id='word_1_2138' title='bbox 1684 3383 1809 3410; x_wconf 86' lang='lat' dir='ltr'>Neratius</span> <span class='ocrx_word' id='word_1_2139' title='bbox 1819 3383 1867 3409; x_wconf 91' lang='lat' dir='ltr'>inl.</span> <span class='ocrx_word' id='word_1_2140' title='bbox 1875 3389 1947 3416; x_wconf 88' lang='lat' dir='ltr'>pater</span> <span class='ocrx_word' id='word_1_2141' title='bbox 1955 3383 1984 3407; x_wconf 90' lang='lat' dir='ltr'>D.</span> <span class='ocrx_word' id='word_1_2142' title='bbox 1994 3382 2024 3407; x_wconf 86' lang='lat' dir='ltr'>de</span> <span class='ocrx_word' id='word_1_2143' title='bbox 2033 3383 2149 3408; x_wconf 87' lang='lat' dir='ltr'>iniuriis.</span> <span class='ocrx_word' id='word_1_2144' title='bbox 2221 3381 2357 3407; x_wconf 74' lang='lat' dir='ltr'>Redundat</span> <span class='ocrx_word' id='word_1_2145' title='bbox 2365 3380 2398 3407; x_wconf 82' lang='lat' dir='ltr'>ad</span> <span class='ocrx_word' id='word_1_2146' title='bbox 2446 3402 2451 3410; x_wconf 87' lang='grc'>,</span> 
     </span>
     <span class='ocr_line' id='line_1_212' title="bbox 1357 3415 2447 3453; baseline -0.004 -9"><span class='ocrx_word' id='word_1_2147' title='bbox 1357 3418 1494 3445; x_wconf 80' lang='lat' dir='ltr'>dominnm</span> <span class='ocrx_word' id='word_1_2148' title='bbox 1510 3419 1606 3445; x_wconf 87' lang='lat' dir='ltr'>iniuria</span> <span class='ocrx_word' id='word_1_2149' title='bbox 1623 3419 1699 3445; x_wconf 79' lang='lat' dir='ltr'>seruo</span> <span class='ocrx_word' id='word_1_2150' title='bbox 1711 3419 1779 3445; x_wconf 62' lang='lat' dir='ltr'>fafia</span> <span class='ocrx_word' id='word_1_2151' title='bbox 1795 3419 1852 3452; x_wconf 93' lang='lat' dir='ltr'>le.</span> <span class='ocrx_word' id='word_1_2152' title='bbox 1863 3418 1911 3442; x_wconf 89' lang='lat' dir='ltr'>inl.</span> <span class='ocrx_word' id='word_1_2153' title='bbox 1922 3418 2060 3452; x_wconf 85' lang='lat' dir='ltr'>itemapud</span> <span class='ocrx_word' id='word_1_2154' title='bbox 2070 3417 2219 3443; x_wconf 82' lang='lat' dir='ltr'>Labeone-m</span> <span class='ocrx_word' id='word_1_2155' title='bbox 2229 3415 2251 3453; x_wconf 79' lang='lat'>6</span> <span class='ocrx_word' id='word_1_2156' title='bbox 2261 3416 2399 3443; x_wconf 86' lang='lat' dir='ltr'>interdum</span> <span class='ocrx_word' id='word_1_2157' title='bbox 2437 3421 2447 3442; x_wconf 85' lang='lat'>.‘.</span> 
     </span>
     <span class='ocr_line' id='line_1_213' title="bbox 1358 3451 2398 3489; baseline -0.003 -9"><span class='ocrx_word' id='word_1_2158' title='bbox 1358 3454 1455 3480; x_wconf 87' lang='lat' dir='ltr'>iniuria</span> <span class='ocrx_word' id='word_1_2159' title='bbox 1465 3455 1496 3480; x_wconf 91' lang='lat' dir='ltr'>D.</span> <span class='ocrx_word' id='word_1_2160' title='bbox 1505 3453 1658 3480; x_wconf 80' lang='lat' dir='ltr'>deiniuriis.</span> <span class='ocrx_word' id='word_1_2161' title='bbox 1735 3454 1838 3488; x_wconf 79' lang='lat' dir='ltr'>leian.</span> <span class='ocrx_word' id='word_1_2162' title='bbox 1847 3453 1874 3478; x_wconf 90' lang='lat' dir='ltr'>in</span> <span class='ocrx_word' id='word_1_2163' title='bbox 1884 3452 1899 3478; x_wconf 80' lang='lat' dir='ltr'>l.</span> <span class='ocrx_word' id='word_1_2164' title='bbox 1909 3453 1948 3478; x_wconf 74' lang='lat' dir='ltr'>sed</span> <span class='ocrx_word' id='word_1_2165' title='bbox 1963 3453 1979 3479; x_wconf 84' lang='lat' dir='ltr'>ti</span> <span class='ocrx_word' id='word_1_2166' title='bbox 1990 3454 2066 3479; x_wconf 84' lang='lat' dir='ltr'>vuius</span> <span class='ocrx_word' id='word_1_2167' title='bbox 2076 3451 2099 3489; x_wconf 73' lang='lat'>6.</span> <span class='ocrx_word' id='word_1_2168' title='bbox 2108 3453 2125 3478; x_wconf 80' lang='lat' dir='ltr'>fi</span> <span class='ocrx_word' id='word_1_2169' title='bbox 2134 3462 2193 3478; x_wconf 83' lang='lat' dir='ltr'>cum</span> <span class='ocrx_word' id='word_1_2170' title='bbox 2207 3458 2266 3478; x_wconf 86' lang='lat' dir='ltr'>ante</span> <span class='ocrx_word' id='word_1_2171' title='bbox 2279 3452 2398 3478; x_wconf 86' lang='lat' dir='ltr'>iudicem</span> 
     </span>
     <span class='ocr_line' id='line_1_214' title="bbox 1359 3486 2399 3522; baseline -0.003 -7"><span class='ocrx_word' id='word_1_2172' title='bbox 1359 3490 1390 3516; x_wconf 87' lang='lat' dir='ltr'>D.</span> <span class='ocrx_word' id='word_1_2173' title='bbox 1405 3489 1436 3516; x_wconf 87' lang='lat' dir='ltr'>de</span> <span class='ocrx_word' id='word_1_2174' title='bbox 1450 3490 1572 3522; x_wconf 85' lang='lat' dir='ltr'>iniuriis,</span> <span class='ocrx_word' id='word_1_2175' title='bbox 1589 3489 1642 3521; x_wconf 81' lang='lat' dir='ltr'>Qii</span> <span class='ocrx_word' id='word_1_2176' title='bbox 1657 3490 1727 3515; x_wconf 84' lang='lat' dir='ltr'>enim</span> <span class='ocrx_word' id='word_1_2177' title='bbox 1739 3489 1834 3522; x_wconf 76' lang='lat' dir='ltr'>aec-cpit</span> <span class='ocrx_word' id='word_1_2178' title='bbox 1849 3488 2196 3520; x_wconf 65' lang='lat' dir='ltr'>satisfactionem,iniuriam</span> <span class='ocrx_word' id='word_1_2179' title='bbox 2206 3489 2275 3513; x_wconf 86' lang='lat' dir='ltr'>suam</span> <span class='ocrx_word' id='word_1_2180' title='bbox 2285 3486 2399 3513; x_wconf 78' lang='lat' dir='ltr'>remisit:</span> 
     </span>
     <span class='ocr_line' id='line_1_215' title="bbox 1358 3518 2436 3554; baseline -0.004 -3"><span class='ocrx_word' id='word_1_2181' title='bbox 1358 3534 1419 3551; x_wconf 87' lang='lat' dir='ltr'>nam</span> <span class='ocrx_word' id='word_1_2182' title='bbox 1435 3525 1479 3551; x_wconf 82' lang='lat' dir='ltr'>etsi</span> <span class='ocrx_word' id='word_1_2183' title='bbox 1493 3525 1560 3551; x_wconf 83' lang='lat' dir='ltr'>nuda</span> <span class='ocrx_word' id='word_1_2184' title='bbox 1572 3525 1707 3551; x_wconf 75' lang='lat' dir='ltr'>voluntate</span> <span class='ocrx_word' id='word_1_2185' title='bbox 1722 3524 1964 3550; x_wconf 72' lang='lat' dir='ltr'>iniuriamremzlit:</span> <span class='ocrx_word' id='word_1_2186' title='bbox 1987 3523 2134 3550; x_wconf 83' lang='lat' dir='ltr'>indubitate</span> <span class='ocrx_word' id='word_1_2187' title='bbox 2148 3523 2287 3549; x_wconf 83' lang='lat' dir='ltr'>dicendum</span> <span class='ocrx_word' id='word_1_2188' title='bbox 2301 3518 2345 3554; x_wconf 77' lang='lat' dir='ltr'>esi,</span> <span class='ocrx_word' id='word_1_2189' title='bbox 2355 3530 2400 3548; x_wconf 86' lang='lat' dir='ltr'>ex-</span> <span class='ocrx_word' id='word_1_2190' title='bbox 2434 3520 2436 3524; x_wconf 73' lang='grc'>’</span> 
     </span>
     <span class='ocr_line' id='line_1_216' title="bbox 1311 3557 2400 3594; baseline -0.004 -8"><span class='ocrx_word' id='word_1_2191' title='bbox 1311 3560 1343 3586; x_wconf 76' lang='grc'>95</span> <span class='ocrx_word' id='word_1_2192' title='bbox 1359 3560 1622 3594; x_wconf 84' lang='lat' dir='ltr'>stinguiiniuriarum</span> <span class='ocrx_word' id='word_1_2193' title='bbox 1631 3560 1760 3585; x_wconf 64' lang='lat' dir='ltr'>actionem</span> <span class='ocrx_word' id='word_1_2194' title='bbox 1768 3567 1820 3584; x_wconf 88' lang='lat' dir='ltr'>non</span> <span class='ocrx_word' id='word_1_2195' title='bbox 1829 3559 1928 3589; x_wconf 77' lang='lat' dir='ltr'>minus.</span> <span class='ocrx_word' id='word_1_2196' title='bbox 1952 3568 2029 3591; x_wconf 89' lang='lat' dir='ltr'>quam</span> <span class='ocrx_word' id='word_1_2197' title='bbox 2046 3560 2189 3593; x_wconf 85' lang='lat' dir='ltr'>sitempore</span> <span class='ocrx_word' id='word_1_2198' title='bbox 2205 3557 2303 3584; x_wconf 87' lang='lat' dir='ltr'>abolita</span> <span class='ocrx_word' id='word_1_2199' title='bbox 2316 3558 2400 3583; x_wconf 82' lang='lat' dir='ltr'>fuerit</span> 
     </span>
     <span class='ocr_line' id='line_1_217' title="bbox 1361 3592 2399 3631; baseline -0.003 -9"><span class='ocrx_word' id='word_1_2200' title='bbox 1361 3596 1468 3622; x_wconf 89' lang='lat' dir='ltr'>iniuria.</span> <span class='ocrx_word' id='word_1_2201' title='bbox 1516 3593 1686 3631; x_wconf 68' lang='lat' dir='ltr'>Paullopblt‚§</span> <span class='ocrx_word' id='word_1_2202' title='bbox 1703 3592 2165 3629; x_wconf 76' lang='lat' dir='ltr'>filiofamilias,Quaremittitatque</span> <span class='ocrx_word' id='word_1_2203' title='bbox 2174 3593 2399 3619; x_wconf 84' lang='lat' dir='ltr'>donatiniuriam.</span> 
     </span>
     <span class='ocr_line' id='line_1_218' title="bbox 1359 3628 2399 3666; baseline -0.004 -9"><span class='ocrx_word' id='word_1_2204' title='bbox 1359 3630 1710 3666; x_wconf 61' lang='lat' dir='ltr'>Repellere,v1‘ci.m0.i0Pati.</span> <span class='ocrx_word' id='word_1_2205' title='bbox 1766 3630 1900 3656; x_wconf 58' lang='lat' dir='ltr'>Reueueoe</span> <span class='ocrx_word' id='word_1_2206' title='bbox 1909 3630 2019 3656; x_wconf 84' lang='lat' dir='ltr'>iniurias</span> <span class='ocrx_word' id='word_1_2207' title='bbox 2034 3631 2089 3657; x_wconf 80' lang='lat' dir='ltr'>Cic.</span> <span class='ocrx_word' id='word_1_2208' title='bbox 2100 3632 2150 3656; x_wconf 80' lang='lat' dir='ltr'>Att.</span> <span class='ocrx_word' id='word_1_2209' title='bbox 2161 3638 2182 3661; x_wconf 63' lang='grc' dir='ltr'>ς,</span> <span class='ocrx_word' id='word_1_2210' title='bbox 2192 3638 2233 3655; x_wconf 87' lang='lat'>20.</span> <span class='ocrx_word' id='word_1_2211' title='bbox 2289 3628 2399 3654; x_wconf 85' lang='lat' dir='ltr'>Soluere</span> 
     </span>
     <span class='ocr_line' id='line_1_219' title="bbox 1357 3662 2400 3699; baseline -0.004 -6"><span class='ocrx_word' id='word_1_2212' title='bbox 1357 3667 1495 3699; x_wconf 85' lang='lat' dir='ltr'>iniuriam,</span> <span class='ocrx_word' id='word_1_2213' title='bbox 1509 3665 1640 3692; x_wconf 78' lang='lat' dir='ltr'>Vindicare</span> <span class='ocrx_word' id='word_1_2214' title='bbox 1647 3674 1669 3690; x_wconf 73' lang='lat' dir='ltr'>et</span> <span class='ocrx_word' id='word_1_2215' title='bbox 1679 3665 1763 3699; x_wconf 65' lang='lat' dir='ltr'>vlcrfv&#39;</span> <span class='ocrx_word' id='word_1_2216' title='bbox 1770 3665 1826 3691; x_wconf 80' lang='lat' dir='ltr'>Sall.</span> <span class='ocrx_word' id='word_1_2217' title='bbox 1834 3667 1862 3692; x_wconf 87' lang='lat' dir='ltr'>in</span> <span class='ocrx_word' id='word_1_2218' title='bbox 1870 3666 1998 3692; x_wconf 83' lang='lat' dir='ltr'>Oratione</span> <span class='ocrx_word' id='word_1_2219' title='bbox 2007 3666 2099 3699; x_wconf 79' lang='lat' dir='ltr'>Lepidi</span> <span class='ocrx_word' id='word_1_2220' title='bbox 2109 3665 2138 3691; x_wconf 84' lang='lat' dir='ltr'>ad</span> <span class='ocrx_word' id='word_1_2221' title='bbox 2148 3665 2285 3699; x_wconf 84' lang='lat' dir='ltr'>Populum.</span> <span class='ocrx_word' id='word_1_2222' title='bbox 2335 3662 2400 3689; x_wconf 89' lang='lat' dir='ltr'>Sub-</span> 
     </span>
     <span class='ocr_line' id='line_1_220' title="bbox 1360 3696 2429 3732; baseline -0.005 -4"><span class='ocrx_word' id='word_1_2223' title='bbox 1360 3702 1432 3728; x_wconf 70' lang='lat' dir='ltr'>aCius</span> <span class='ocrx_word' id='word_1_2224' title='bbox 1441 3702 1538 3729; x_wconf 84' lang='lat' dir='ltr'>iniuria</span> <span class='ocrx_word' id='word_1_2225' title='bbox 1552 3700 1610 3727; x_wconf 84' lang='lat' dir='ltr'>Liu.</span> <span class='ocrx_word' id='word_1_2226' title='bbox 1627 3720 1633 3726; x_wconf 87' lang='lat'>.</span> <span class='ocrx_word' id='word_1_2227' title='bbox 1649 3719 1655 3726; x_wconf 91' lang='lat'>.</span> <span class='ocrx_word' id='word_1_2228' title='bbox 1671 3722 1676 3726; x_wconf 86' lang='lat'>.</span> <span class='ocrx_word' id='word_1_2229' title='bbox 1690 3702 1707 3724; x_wconf 82' lang='lat' dir='ltr'>i.</span> <span class='ocrx_word' id='word_1_2230' title='bbox 1717 3700 1828 3726; x_wconf 58' lang='lat' dir='ltr'>Castus.</span> <span class='ocrx_word' id='word_1_2231' title='bbox 1928 3702 2032 3727; x_wconf 90' lang='lat' dir='ltr'>Teneri</span> <span class='ocrx_word' id='word_1_2232' title='bbox 2044 3696 2400 3732; x_wconf 82' lang='lat' dir='ltr'>iniuriarumleian.inl.3</span> <span class='ocrx_word' id='word_1_2233' title='bbox 2428 3702 2429 3705; x_wconf 79' lang='grc'>’</span> 
     </span>
     <span class='ocr_line' id='line_1_221' title="bbox 1301 3733 2400 3770; baseline -0.005 -6"><span class='ocrx_word' id='word_1_2234' title='bbox 1301 3740 1349 3758; x_wconf 82' lang='lat'>¹00</span> <span class='ocrx_word' id='word_1_2235' title='bbox 1363 3738 1395 3764; x_wconf 90' lang='lat' dir='ltr'>D.</span> <span class='ocrx_word' id='word_1_2236' title='bbox 1410 3738 1441 3764; x_wconf 89' lang='lat' dir='ltr'>de</span> <span class='ocrx_word' id='word_1_2237' title='bbox 1455 3737 1561 3763; x_wconf 88' lang='lat' dir='ltr'>iniuriis</span> <span class='ocrx_word' id='word_1_2238' title='bbox 1579 3746 1584 3761; x_wconf 89' lang='lat'><strong>:</strong></span> <span class='ocrx_word' id='word_1_2239' title='bbox 1620 3742 1642 3761; x_wconf 78' lang='lat' dir='ltr'>e!</span> <span class='ocrx_word' id='word_1_2240' title='bbox 1662 3735 1688 3760; x_wconf 91' lang='lat' dir='ltr'>in</span> <span class='ocrx_word' id='word_1_2241' title='bbox 1704 3735 1719 3760; x_wconf 93' lang='lat' dir='ltr'>l.</span> <span class='ocrx_word' id='word_1_2242' title='bbox 1745 3736 1902 3763; x_wconf 81' lang='lat' dir='ltr'>iniuriarum</span> <span class='ocrx_word' id='word_1_2243' title='bbox 1925 3736 1996 3762; x_wconf 61' lang='lat' dir='ltr'>aftio</span> <span class='ocrx_word' id='word_1_2244' title='bbox 2018 3734 2041 3769; x_wconf 95' lang='lat'>6.</span> <span class='ocrx_word' id='word_1_2245' title='bbox 2065 3735 2081 3762; x_wconf 83' lang='lat' dir='ltr'>fi</span> <span class='ocrx_word' id='word_1_2246' title='bbox 2104 3736 2163 3770; x_wconf 88' lang='lat' dir='ltr'>quis</span> <span class='ocrx_word' id='word_1_2247' title='bbox 2187 3735 2218 3760; x_wconf 88' lang='lat' dir='ltr'>de</span> <span class='ocrx_word' id='word_1_2248' title='bbox 2241 3733 2400 3766; x_wconf 85' lang='lat' dir='ltr'>honoribus,</span> 
     </span>
     <span class='ocr_line' id='line_1_222' title="bbox 1362 3766 2435 3808; baseline -0.004 -9"><span class='ocrx_word' id='word_1_2249' title='bbox 1362 3773 1441 3799; x_wconf 72' lang='lat' dir='ltr'>eodem</span> <span class='ocrx_word' id='word_1_2250' title='bbox 1453 3773 1533 3799; x_wconf 81' lang='lat' dir='ltr'>titulo.</span> <span class='ocrx_word' id='word_1_2251' title='bbox 1637 3769 1690 3808; x_wconf 67' lang='lat' dir='ltr'>Cic.</span> <span class='ocrx_word' id='word_1_2252' title='bbox 1708 3771 1779 3797; x_wconf 76' lang='lat' dir='ltr'>Vcrr.</span> <span class='ocrx_word' id='word_1_2253' title='bbox 1796 3780 1819 3801; x_wconf 82' lang='lat'>2,</span> <span class='ocrx_word' id='word_1_2254' title='bbox 1834 3781 1849 3803; x_wconf 89' lang='lat'>9</span> <span class='ocrx_word' id='word_1_2255' title='bbox 1868 3773 1890 3797; x_wconf 88' lang='lat' dir='ltr'>A</span> <span class='ocrx_word' id='word_1_2256' title='bbox 1903 3778 1928 3797; x_wconf 87' lang='lat' dir='ltr'>te</span> <span class='ocrx_word' id='word_1_2257' title='bbox 1942 3778 2001 3805; x_wconf 84' lang='lat' dir='ltr'>peto</span> <span class='ocrx_word' id='word_1_2258' title='bbox 2011 3768 2023 3799; x_wconf 82' lang='grc'>,“</span> <span class='ocrx_word' id='word_1_2259' title='bbox 2036 3778 2065 3797; x_wconf 91' lang='lat' dir='ltr'>vt</span> <span class='ocrx_word' id='word_1_2260' title='bbox 2080 3780 2148 3796; x_wconf 83' lang='lat' dir='ltr'>meas</span> <span class='ocrx_word' id='word_1_2261' title='bbox 2165 3770 2274 3796; x_wconf 80' lang='lat' dir='ltr'>iniurias</span> <span class='ocrx_word' id='word_1_2262' title='bbox 2289 3769 2402 3804; x_wconf 82' lang='lat' dir='ltr'>perinde</span> <span class='ocrx_word' id='word_1_2263' title='bbox 2428 3766 2435 3778; x_wconf 67' lang='lat'>¹</span> 
     </span>
     <span class='ocr_line' id='line_1_223' title="bbox 1361 3804 2463 3841; baseline -0.004 -7"><span class='ocrx_word' id='word_1_2264' title='bbox 1361 3808 1464 3839; x_wconf 79' lang='lat' dir='ltr'>doleas,</span> <span class='ocrx_word' id='word_1_2265' title='bbox 1482 3813 1510 3833; x_wconf 88' lang='lat' dir='ltr'>vt</span> <span class='ocrx_word' id='word_1_2266' title='bbox 1524 3814 1564 3831; x_wconf 73' lang='lat' dir='ltr'>nie</span> <span class='ocrx_word' id='word_1_2267' title='bbox 1577 3804 1708 3831; x_wconf 79' lang='lat' dir='ltr'>existimas</span> <span class='ocrx_word' id='word_1_2268' title='bbox 1724 3813 1748 3832; x_wconf 86' lang='lat' dir='ltr'>et</span> <span class='ocrx_word' id='word_1_2269' title='bbox 1762 3807 1851 3833; x_wconf 88' lang='lat' dir='ltr'>dolere</span> <span class='ocrx_word' id='word_1_2270' title='bbox 1866 3814 1933 3838; x_wconf 81' lang='lat' dir='ltr'>tuas,</span> <span class='ocrx_word' id='word_1_2271' title='bbox 1945 3814 1970 3832; x_wconf 91' lang='lat' dir='ltr'>et</span> <span class='ocrx_word' id='word_1_2272' title='bbox 1985 3807 2076 3832; x_wconf 81' lang='lat' dir='ltr'>Vlcisci</span> <span class='ocrx_word' id='word_1_2273' title='bbox 2093 3807 2182 3832; x_wconf 87' lang='lat' dir='ltr'>solere.</span> <span class='ocrx_word' id='word_1_2274' title='bbox 2339 3804 2359 3841; x_wconf 59' lang='grc' dir='ltr'><strong>Ἴ</strong></span> <span class='ocrx_word' id='word_1_2275' title='bbox 2378 3813 2399 3838; x_wconf 86' lang='lat'>4</span> <span class='ocrx_word' id='word_1_2276' title='bbox 2429 3807 2432 3816; x_wconf 90' lang='lat'><strong><em>¹</em></strong></span> <span class='ocrx_word' id='word_1_2277' title='bbox 2449 3816 2463 3840; x_wconf 46' lang='lat' dir='ltr'><em>f</em></span> 
     </span>
     <span class='ocr_line' id='line_1_224' title="bbox 1363 3837 2463 3877; baseline -0.005 -8"><span class='ocrx_word' id='word_1_2278' title='bbox 1363 3843 1480 3874; x_wconf 86' lang='lat' dir='ltr'>Iniuria,</span> <span class='ocrx_word' id='word_1_2279' title='bbox 1500 3841 1641 3871; x_wconf 54' lang='lat' dir='ltr'>Ablavium,</span> <span class='ocrx_word' id='word_1_2280' title='bbox 1653 3844 1695 3874; x_wconf 70' lang='lat' dir='ltr'>qui</span> <span class='ocrx_word' id='word_1_2281' title='bbox 1710 3842 1884 3868; x_wconf 67' lang='lat' dir='ltr'>aduerbmlner</span> <span class='ocrx_word' id='word_1_2282' title='bbox 1896 3846 1998 3877; x_wconf 70' lang='lat' dir='ltr'>ponitur</span> <span class='ocrx_word' id='word_1_2283' title='bbox 2008 3849 2054 3876; x_wconf 74' lang='lat' dir='ltr'>pro</span> <span class='ocrx_word' id='word_1_2284' title='bbox 2066 3851 2100 3874; x_wconf 71' lang='lat' dir='ltr'>eo,</span> <span class='ocrx_word' id='word_1_2285' title='bbox 2114 3841 2178 3876; x_wconf 61' lang='lat' dir='ltr'>qitod</span> <span class='ocrx_word' id='word_1_2286' title='bbox 2195 3838 2238 3872; x_wconf 60' lang='lat' dir='ltr'>qli,</span> <span class='ocrx_word' id='word_1_2287' title='bbox 2256 3841 2311 3866; x_wconf 74' lang='lat' dir='ltr'>Sine</span> <span class='ocrx_word' id='word_1_2288' title='bbox 2330 3840 2404 3874; x_wconf 74' lang='lat' dir='ltr'>causa</span> <span class='ocrx_word' id='word_1_2289' title='bbox 2424 3837 2463 3870; x_wconf 50' lang='lat'>³¹:³3</span> 
     </span>
     <span class='ocr_line' id='line_1_225' title="bbox 1362 3868 2463 3910; baseline -0.002 -8"><span class='ocrx_word' id='word_1_2290' title='bbox 1362 3885 1386 3904; x_wconf 72' lang='lat' dir='ltr'>et</span> <span class='ocrx_word' id='word_1_2291' title='bbox 1396 3879 1525 3903; x_wconf 78' lang='lat' dir='ltr'>immerito.</span> <span class='ocrx_word' id='word_1_2292' title='bbox 1566 3876 1646 3901; x_wconf 85' lang='lat' dir='ltr'>Plaut.</span> <span class='ocrx_word' id='word_1_2293' title='bbox 1661 3877 1733 3910; x_wconf 78' lang='lat' dir='ltr'>Epid.</span> <span class='ocrx_word' id='word_1_2294' title='bbox 1750 3886 1770 3909; x_wconf 71' lang='grc' dir='ltr'>ς,</span> <span class='ocrx_word' id='word_1_2295' title='bbox 1784 3887 1808 3908; x_wconf 86' lang='lat'>2,</span> <span class='ocrx_word' id='word_1_2296' title='bbox 1825 3886 1854 3908; x_wconf 77' lang='lat'>50</span> <span class='ocrx_word' id='word_1_2297' title='bbox 1873 3877 1987 3904; x_wconf 75' lang='lat' dir='ltr'>Maxima</span> <span class='ocrx_word' id='word_1_2298' title='bbox 2001 3877 2088 3903; x_wconf 68' lang='lat' dir='ltr'>hercle</span> <span class='ocrx_word' id='word_1_2299' title='bbox 2101 3876 2199 3902; x_wconf 84' lang='lat' dir='ltr'>iniuria</span> <span class='ocrx_word' id='word_1_2300' title='bbox 2212 3875 2316 3901; x_wconf 64' lang='lat' dir='ltr'>vincius</span> <span class='ocrx_word' id='word_1_2301' title='bbox 2335 3874 2399 3900; x_wconf 77' lang='lat' dir='ltr'>asto.</span> <span class='ocrx_word' id='word_1_2302' title='bbox 2428 3868 2440 3899; x_wconf 57' lang='grc' dir='ltr'><strong>Ῡ</strong></span> <span class='ocrx_word' id='word_1_2303' title='bbox 2454 3880 2463 3903; x_wconf 67' lang='grc' dir='ltr'>’ζ</span> 
     </span>
     <span class='ocr_line' id='line_1_226' title="bbox 1308 3908 2451 3947; baseline -0.006 -6"><span class='ocrx_word' id='word_1_2304' title='bbox 1308 3916 1352 3943; x_wconf 83' lang='lat'>105</span> <span class='ocrx_word' id='word_1_2305' title='bbox 1363 3913 1432 3941; x_wconf 83' lang='lat' dir='ltr'>Ter.</span> <span class='ocrx_word' id='word_1_2306' title='bbox 1450 3912 1544 3938; x_wconf 83' lang='lat' dir='ltr'>Heaut.</span> <span class='ocrx_word' id='word_1_2307' title='bbox 1563 3919 1585 3943; x_wconf 78' lang='lat'>3,</span> <span class='ocrx_word' id='word_1_2308' title='bbox 1603 3921 1624 3943; x_wconf 82' lang='lat'>3,</span> <span class='ocrx_word' id='word_1_2309' title='bbox 1643 3920 1677 3938; x_wconf 83' lang='lat'>20</span> <span class='ocrx_word' id='word_1_2310' title='bbox 1713 3912 1791 3944; x_wconf 82' lang='lat' dir='ltr'>Syre,</span> <span class='ocrx_word' id='word_1_2311' title='bbox 1814 3912 1895 3947; x_wconf 85' lang='lat' dir='ltr'>pudet</span> <span class='ocrx_word' id='word_1_2312' title='bbox 1915 3921 1965 3941; x_wconf 85' lang='lat' dir='ltr'>me.</span> <span class='ocrx_word' id='word_1_2313' title='bbox 1987 3920 2009 3940; x_wconf 83' lang='lat' dir='ltr'>s.</span> <span class='ocrx_word' id='word_1_2314' title='bbox 2023 3912 2123 3940; x_wconf 81' lang='lat' dir='ltr'>credo:</span> <span class='ocrx_word' id='word_1_2315' title='bbox 2150 3920 2237 3946; x_wconf 83' lang='lat' dir='ltr'>neque</span> <span class='ocrx_word' id='word_1_2316' title='bbox 2248 3910 2278 3937; x_wconf 88' lang='lat' dir='ltr'>id</span> <span class='ocrx_word' id='word_1_2317' title='bbox 2291 3910 2400 3938; x_wconf 83' lang='lat' dir='ltr'>iniuria.</span> <span class='ocrx_word' id='word_1_2318' title='bbox 2427 3908 2451 3942; x_wconf 40' lang='grc' dir='ltr'>’,ἣν</span> 
     </span>
     <span class='ocr_line' id='line_1_227' title="bbox 2343 3944 2442 3977; baseline -0.01 -5"><span class='ocrx_word' id='word_1_2319' title='bbox 2343 3944 2401 3972; x_wconf 80' lang='lat' dir='ltr'>Cic.</span> <span class='ocrx_word' id='word_1_2320' title='bbox 2417 3969 2419 3971; x_wconf 95' lang='lat'>.</span> <span class='ocrx_word' id='word_1_2321' title='bbox 2434 3946 2442 3977; x_wconf 67' lang='lat'>,¹</span> 
     </span>
     <span class='ocr_line' id='line_1_228' title="bbox 2441 3977 2445 3990; baseline 0 0"><span class='ocrx_word' id='word_1_2322' title='bbox 2441 3977 2445 3990; x_wconf 61' lang='lat' dir='ltr'>i</span> 
     </span>
    </p>
   </div>
   <div class='ocr_carea' id='block_1_31' title="bbox 1300 730 1326 757">
    <p class='ocr_par' dir='ltr' id='par_1_42' title="bbox 1300 730 1326 757">
     <span class='ocr_line' id='line_1_229' title="bbox 1300 730 1326 757; baseline 0 0"><span class='ocrx_word' id='word_1_2323' title='bbox 1300 730 1326 757; x_wconf 81' lang='lat'>¹3</span> 
     </span>
    </p>
   </div>
   <div class='ocr_carea' id='block_1_32' title="bbox 1292 907 1329 926">
    <p class='ocr_par' dir='ltr' id='par_1_43' title="bbox 1292 907 1329 926">
     <span class='ocr_line' id='line_1_230' title="bbox 1292 907 1329 926; baseline -0.027 0"><span class='ocrx_word' id='word_1_2324' title='bbox 1292 907 1329 926; x_wconf 87' lang='lat'>20</span> 
     </span>
    </p>
   </div>
   <div class='ocr_carea' id='block_1_33' title="bbox 2098 2285 2396 2319">
    <p class='ocr_par' dir='ltr' id='par_1_44' title="bbox 2098 2285 2396 2319">
     <span class='ocr_line' id='line_1_231' title="bbox 2098 2285 2396 2319; baseline -0.007 -6"><span class='ocrx_word' id='word_1_2325' title='bbox 2098 2287 2167 2313; x_wconf 80' lang='lat' dir='ltr'>Ibid.</span> <span class='ocrx_word' id='word_1_2326' title='bbox 2183 2296 2211 2318; x_wconf 92' lang='lat'>4,</span> <span class='ocrx_word' id='word_1_2327' title='bbox 2223 2295 2251 2319; x_wconf 86' lang='lat'>4,</span> <span class='ocrx_word' id='word_1_2328' title='bbox 2265 2294 2301 2319; x_wconf 72' lang='lat' dir='ltr'>70v</span> <span class='ocrx_word' id='word_1_2329' title='bbox 2320 2285 2396 2315; x_wconf 64' lang='lat' dir='ltr'>Facis</span> 
     </span>
    </p>
   </div>
   <div class='ocr_carea' id='block_1_34' title="bbox 1296 2487 1328 2519">
    <p class='ocr_par' dir='ltr' id='par_1_45' title="bbox 1296 2487 1328 2519">
     <span class='ocr_line' id='line_1_232' title="bbox 1296 2487 1328 2519; baseline 0 0"><span class='ocrx_word' id='word_1_2330' title='bbox 1296 2487 1328 2519; x_wconf 79' lang='lat'>65</span> 
     </span>
    </p>
   </div>
   <div class='ocr_carea' id='block_1_35' title="bbox 1297 2673 1332 2701">
    <p class='ocr_par' dir='ltr' id='par_1_46' title="bbox 1297 2673 1332 2701">
     <span class='ocr_line' id='line_1_233' title="bbox 1297 2673 1332 2701; baseline 0 -10"><span class='ocrx_word' id='word_1_2331' title='bbox 1297 2673 1332 2701; x_wconf 74' lang='lat'>70</span> 
     </span>
    </p>
   </div>
   <div class='ocr_carea' id='block_1_36' title="bbox 1299 2851 1331 2879">
    <p class='ocr_par' dir='ltr' id='par_1_47' title="bbox 1299 2851 1331 2879">
     <span class='ocr_line' id='line_1_234' title="bbox 1299 2851 1331 2879; baseline -0.063 0"><span class='ocrx_word' id='word_1_2332' title='bbox 1299 2851 1331 2879; x_wconf 79' lang='lat'>75</span> 
     </span>
    </p>
   </div>
   <div class='ocr_carea' id='block_1_37' title="bbox 1305 3028 1337 3053">
    <p class='ocr_par' dir='ltr' id='par_1_48' title="bbox 1305 3028 1337 3053">
     <span class='ocr_line' id='line_1_235' title="bbox 1305 3028 1337 3053; baseline 0 -4"><span class='ocrx_word' id='word_1_2333' title='bbox 1305 3028 1337 3053; x_wconf 88' lang='lat'>80</span> 
     </span>
    </p>
   </div>
   <div class='ocr_carea' id='block_1_38' title="bbox 1306 3203 1334 3231">
    <p class='ocr_par' dir='ltr' id='par_1_49' title="bbox 1306 3203 1334 3231">
     <span class='ocr_line' id='line_1_236' title="bbox 1306 3203 1334 3231; baseline 0.107 -3"><span class='ocrx_word' id='word_1_2334' title='bbox 1306 3203 1334 3231; x_wconf 79' lang='lat'>85</span> 
     </span>
    </p>
   </div>
   <div class='ocr_carea' id='block_1_39' title="bbox 1303 3384 1340 3410">
    <p class='ocr_par' dir='ltr' id='par_1_50' title="bbox 1303 3384 1340 3410">
     <span class='ocr_line' id='line_1_237' title="bbox 1303 3384 1340 3410; baseline 0 -8"><span class='ocrx_word' id='word_1_2335' title='bbox 1303 3384 1340 3410; x_wconf 87' lang='lat'>90</span> 
     </span>
    </p>
   </div>
   <div class='ocr_carea' id='block_1_40' title="bbox 2392 807 2479 3816">
    <p class='ocr_par' dir='ltr' id='par_1_51' title="bbox 2392 807 2479 3816">
     <span class='ocr_line' id='line_1_238' title="bbox 2392 807 2479 3816; baseline 0 0"><span class='ocrx_word' id='word_1_2336' title='bbox 2392 807 2479 3816; x_wconf 95' lang='lat' dir='ltr'> </span> 
     </span>
    </p>
   </div>
   <div class='ocr_carea' id='block_1_41' title="bbox 2422 3998 2479 4225">
    <p class='ocr_par' dir='ltr' id='par_1_52' title="bbox 2422 3998 2479 4225">
     <span class='ocr_line' id='line_1_239' title="bbox 2422 3998 2479 4225; baseline 0 0"><span class='ocrx_word' id='word_1_2337' title='bbox 2422 3998 2479 4225; x_wconf 95' lang='lat' dir='ltr'> </span> 
     </span>
    </p>
   </div>
   <div class='ocr_carea' id='block_1_42' title="bbox 2408 461 2477 515">
    <p class='ocr_par' dir='ltr' id='par_1_53' title="bbox 2408 461 2477 515">
     <span class='ocr_line' id='line_1_240' title="bbox 2408 461 2477 515; baseline 0 -31"><span class='ocrx_word' id='word_1_2338' title='bbox 2408 461 2477 515; x_wconf 95' lang='lat' dir='ltr'>  </span> 
     </span>
    </p>
   </div>
  </div>
 </body>
</html>
