2479 4225
307 188 365 226 515
700 169 735 209 E
818 166 855 205 X
943 161 973 201 P
1795 156 1828 195 E
1907 158 1943 196 X
2021 158 2050 199 P
2360 160 2451 206 516'

310 263 360 291 Dat
374 262 494 289 effeetuni
507 260 587 286 etiam
598 258 672 287 locis,
681 258 773 292 (inquit
786 252 923 282 Seruius,)
936 252 965 274 vt
997 261 1042 267 -——
1060 247 1130 281 ipsae
1147 250 1171 271 te
1184 243 1281 276 Tityre
1295 243 1334 277 pi·
1394 246 1508 274 consiliis
1528 247 1650 274 miserum
1671 244 1828 281 impeditum
1842 246 1911 272 esse?
1948 253 1975 274 D.
1994 252 2020 273 at
2040 247 2091 273 iam
2110 246 2255 281 expediam.
2341 245 2421 272 Flam,
2466 264 2467 267 ,

311 308 359 325 nus
408 296 455 331 Ipsi
469 302 494 323 te
508 296 606 325 fontes,
624 295 678 328 ipsa
698 293 759 318 haec
771 286 871 315 arbusta
890 282 1026 310 vocabant·
1129 281 1261 307 Adssemus
1279 280 1334 305 sua·
1394 283 1460 309 Pers.
1475 295 1500 316 4,
1518 292 1535 314 i,
1551 293 1586 309 io.
1647 283 1703 309 Cic.
1720 283 1789 307 Fam.
1803 289 1829 313 9,
1846 290 1872 313 ¹9
1897 282 1941 307 Me
1960 282 2079 317 quotidie
2098 282 2170 309 aliud
2189 291 2219 308 cx
2233 282 2287 307 alio
2305 280 2422 314 impedit,

311 318 424 360 vjffihms
444 337 470 358 et
489 330 701 365 expe&atiffin1us
719 323 826 352 alicuius
843 320 898 346 Cic·
914 319 966 358 ᾼῖῐ-
981 327 1008 351 42
1028 327 1054 351 4·
1126 317 1201 350 Aqua
1219 324 1271 340 non
1291 322 1333 354 {X-
1395 317 1438 343 sed
1451 318 1468 344 si
1481 326 1522 345 nie
1537 318 1694 352 expediero,
1715 323 1743 342 vt
1757 318 1785 342 in
1798 316 1844 342 ista
1859 317 1914 342 loca
1929 318 2018 344 venire
2033 317 2131 352 poffim,
2145 324 2190 343 etc.
2212 317 2263 343 vid.
2281 322 2421 342 lMPEDIO.

311 368 412 404 peciata
430 367 503 393 venit
522 365 623 396 imber,
649 364 714 389 Pluit
733 360 855 392 derepente
884 352 965 380 Ouid.
985 354 1017 379 de
1035 354 1103 380 Nuc.
1124 360 1177 378 120.
1273 350 1334 389 Dies
1396 352 1441 379 Te
1454 352 1486 379 ab
1498 354 1572 380 omni
1585 353 1754 388 occupatione
1769 351 1895 385 expedisti
1908 352 1964 378 Cic.
1975 354 2031 379 Ait.
2045 362 2068 385 3,
2080 361 2122 379 20.
2215 352 2287 378 Idem
2300 352 2375 377 Verr.
2393 359 2423 384 4,
2459 377 2464 386 Ι

312 402 445 437 εχρεθωω
464 402 552 428 aderat
571 398 665 432 Virgil.
683 397 745 422 Aen.
762 401 783 424 ς,
798 400 853 423 ¹04·
923 389 1013 415 Enseni
1032 398 1086 414 non
1104 385 1268 426 expeeiatum
1288 385 1335 411 all·
1358 391 1371 418 5
1398 392 1425 417 28
1450 397 1471 414 c.
1485 397 1512 415 12
1538 390 1615 415 Nunc
1631 389 1662 415 de
1675 387 1878 423 peripetasmatis
1890 387 2109 420 quemadmodum
2122 394 2147 414 te
2161 387 2295 422 expedias,
2313 395 2366 412 uon
2381 385 2425 412 ha-

312 439 356 465 tui
368 437 479 472 defigere
493 437 536 464 Sil.
552 445 588 466 10,
625 452 631 458 ι
668 450 674 456 ·
745 428 800 453 Cic·
816 426 885 451 Fam·
900 427 937 457 ¹⁶,
950 433 966 457 9
992 423 1114 450 Intellexi
1133 430 1204 447 emm
1224 426 1249 447 te
1263 420 1335 459 labo·
1397 422 1457 455 bes,
1476 426 1495 449 i.
1507 424 1566 459 quid
1579 423 1719 457 distoluendi
1734 425 1849 450 criminis
1859 422 1932 458 causa
1945 423 2103 458 respondeas,
2121 426 2157 448 ita
2170 430 2264 453 tamen,
2280 429 2306 448 ut
2319 421 2353 447 od
2365 424 2425 447 ima-

312 482 371 501 rare
402 479 431 500 vt
443 471 475 499 ad
489 481 530 498 me
542 468 608 496 mihi
620 461 831 499 expeoatiffimae
839 461 943 486 Literae
964 460 1151 494 perferrentur.
1222 456 1337 482 Lumina
1415 459 1475 484 inem
1489 461 1593 486 inuoluti
1607 468 1628 485 et
1641 459 1753 494 impediti
1766 458 1919 493 respiciatur.
1988 459 2025 484 Ex
2039 458 2139 493 laqueis
2153 458 2177 483 se
2190 458 2326 484 Cic.Verr.
2338 464 2423 488 2,101.

313 509 361 536 diu
374 493 506 543 {xpeetata
520 503 601 532 catut.
614 503 657 531 60,
670 508 691 524 2·
794 497 886 522 Manus
899 495 1007 530 longum
1023 493 1154 528 expee‘tata
1172 491 1258 532 Valet.
1273 491 1335 530 Arg.
1396 467 1434 519 Ex
1451 494 1527 521 turba
1544 495 1568 520 se
1588 495 1654 521 Ter.
1674 494 1783 528 Adelph.
1803 504 1837 526 4,
1858 503 1891 526 4,
1911 500 1931 524 ς.
2013 494 2048 519 Ex
2067 493 2192 520 seruitute
2210 493 2324 526 aliquem
2343 489 2435 518 Plaut.'

313 553 333 578 4
355 551 415 578 437.
517 541 633 566 Parentes
649 531 776 566 011136618ῒὶ
788 531 925 563 dicuntur:
945 531 1028 557 Malae
1042 530 1110 555 vitae
1129 534 1154 554 e(
1172 527 1236 553 0d¹0
1253 526 1337 559 dlgm,
1398 529 1470 563 Capt.
1485 538 1511 560 2,
1523 538 1543 562 3,
1556 539 1599 563 94.
1703 532 1775 556 Inter
1788 530 1918 555 flammam
1936 532 1961 553 et
1973 527 2057 554 hostes
2070 529 2189 564 expediri
2203 527 2298 561 Virgil.
2314 528 2377 553 Aen.
2398 534 2424 558 2,

312 564 342 606 vi
358 580 425 606 docet
434 579 562 604 Donatus:
588 577 699 604 quorum
713 576 784 594 mors
796 567 823 592 in
836 566 889 592 dies
902 566 1013 600 singulos
1025 562 1182 599 expeelanda
1195 562 1233 588 fit·
1269 561 1337 587 Tel·-
1353 570 1382 588 10
1398 566 1451 596 633.
1522 564 1646 599 Expedias
1659 573 1702 591 me
1715 565 1777 591 hinc
1790 571 1815 590 te
1831 571 1896 597 rogo
1909 564 1962 589 Cic.
1977 564 2028 589 Ait.
2044 572 2074 595 11,
2111 584 2117 590 .
2155 584 2161 590 .
2222 564 2290 589 Hinc
2311 563 2335 588 se
2349 570 2426 596 expe-

315 614 424 648 Adelph,
441 621 460 643 ι,
473 619 497 641 2,
511 616 540 640 29
558 606 584 632 Si
597 604 656 631 effes
670 603 768 634 homo,
787 602 879 628 sineres
894 610 961 627 nunc
974 602 1074 632 facere,
1094 599 1156 625 dum
1170 606 1216 632 per
1227 602 1338 636 aetatem
1399 599 1468 625 diuit
1487 599 1553 633 Nep.
1569 606 1602 629 18,
1617 609 1637 632 ς,
1651 608 1671 631 3.
1774 601 1867 625 Horat.
1881 599 1968 624 Carm.
1983 607 2002 631 1,
2017 606 2056 632 27,
2069 608 2101 632 24
2125 601 2177 625 Vix
2191 599 2321 633 illigatum
2341 603 2366 623 te
2379 596 2427 623 tri-

316 651 377 677 licet
412 646 512 681 potius,
538 649 616 676 quam
640 639 687 665 vbi
709 644 734 664 te
756 637 919 672 expeciatum
937 637 1048 663 eiecisset
1069 636 1148 661 foras.
1254 633 1338 658 Pletsss
1399 634 1482 660 formi
1516 636 1622 669 Pegasus
1635 633 1755 669 expediet
1769 634 1917 661 Chimaera.
2023 634 2077 660 Cic.
2091 635 2164 661 Verr.
2179 643 2200 668 ς,
2221 638 2251 664 86
2278 635 2368 666 Qum
2387 640 2427 658 re-

314 685 365 713 6111
383 669 512 715 {xpeeiata
530 676 631 711 parenti
652 673 746 707 Virgil.
761 674 825 698 Aen·
837 675 869 702 6,
881 675 939 706 687-
1043 670 1116 698 Idem
1127 670 1222 702 Georg·
1242 676 1267 700 1,
1288 668 1338 693 226
1398 675 1474 704 pente
1487 670 1622 697 hominem
1637 670 1755 704 proripi,
1774 676 1851 704 atque
1864 670 1892 695 in
1904 669 1966 695 foro
1981 668 2070 695 medio
2082 670 2191 702 nudari,
2210 678 2238 697 ac
2257 668 2383 702 deligari,
2401 672 2428 693 et

314 734 365 742 .-
401 715 441 742 sed
461 714 522 739 illos
558 710 695 745 Expec'lata
710 710 785 742 Seges
797 709 871 734 vanis
884 706 957 733 elufit
970 707 1068 733 auenis.
1170 703 1339 736 Triumphus
1400 706 1491 740 Virgas
1504 706 1623 741 expediri
1639 704 1729 737 iubet,
1748 708 1774 731 in
1788 706 1873 741 fasces
1889 707 1950 730 enim
1969 705 2097 740 colligatas
2111 712 2206 740 gerum,
2302 704 2428 735 Pyxidem

313 749 523 787 expectatiffimus
537 747 607 774 Caes·
626 746 642 771 s·
657 745 727 770 Hir‘·
743 743 807 770 Bell·
825 743 892 769 Gflll·
907 747 929 775 8,
943 749 976 774 51.
1068 740 1172 767 Vulnus
1191 748 1245 765 non
1263 747 1339 772 expe·
1355 743 1381 770 15
1399 741 1537 774 expedire,
1564 750 1670 767 manum
1691 741 1839 774 porrigere,
1865 748 1995 766 venenum
2021 740 2123 766 tradere
2148 740 2202 766 Cic.
2221 748 2268 774 pro
2291 739 2363 765 Cael.
2388 739 2429 771 65.

312 788 425 816 etatum,
443 784 548 810 Subitam
569 780 649 808 Ouid.
664 779 728 806 past.
743 787 765 812 ς,
785 787 840 813 710.
932 778 1043 812 Compar.
1080 776 1160 802 Plaut.
1181 774 1257 814 Most.
1275 782 1299 804 2,
1314 781 1338 804 2,
1399 777 1527 811 Expedite
1547 778 1570 803 se
1586 776 1617 802 ad
1629 775 1784 811 gratandum
1803 776 1892 802 Tacit.
1906 777 1972 802 Ann.
1989 783 2028 806 14,
2040 781 2062 803 8.
2165 775 2195 801 Se
2210 775 2334 817 expedire
2347 774 2428 800 Plaut-

314 831 339 849 12
360 821 448 847 Nemo
467 818 510 853 pol
532 817 579 843 illo
596 815 681 850 potuit
702 813 863 849 expe&atior
882 812 989 844 venire,
1009 812 1056 846 qui
1074 818 1098 838 te
1117 816 1250 837 nuntlaret
1268 818 1338 848 mql‘-
1400 811 1494 846 Amph.
1511 821 1529 843 i,
1544 820 1626 844 i,152.
1646 818 1692 837 int.
1705 811 1738 836 ad
1746 818 1862 846 pugnam.
1932 811 1999 836 Ter.
2013 811 2076 836 Hec.
2091 818 2114 843 3,
2125 819 2143 841 i,
2160 816 2173 841 8
2199 812 2252 844 Qu'
2268 818 2292 837 te
2307 809 2430 844 expedias

310 864 394 883 tuum.
466 852 561 886 Virgil.
577 853 640 878 Aen.
655 860 680 883 2,
694 855 738 882 283
755 849 858 883 Qubus
871 847 972 874 Ηῖεῒῡῐ
985 847 1017 873 ab
1030 847 1085 874 Osis
1105 846 1242 881 Expedate
1256 852 1338 871 vem?-
1399 847 1433 873 iis
1445 847 1585 874 Aerumnis
1599 848 1608 873 3
1678 847 1748 872 Cura
1768 847 1793 872 se
1810 846 1881 872 Idem
1896 845 1999 872 Phorin.
2013 853 2034 878 5,
2047 854 2073 878 4,
2087 855 2115 878 4.
2184 846 2302 872 Crimine
2317 847 2342 872 se
2359 843 2429 870 Ibid.

310 890 449 924 Expectato
468 887 595 915 maturius
614 886 709 912 Vellei.
724 894 755 916 2,
769 893 817 916 123,
831 893 856 911 2.
909 884 966 915 Sic,
982 885 1049 908 Ante
1062 883 1240 917 expectatum,
1264 883 1281 906 i.
1302 889 1341 919 ςκ-
1400 890 1423 915 5,
1443 891 1468 915 1,
1486 888 1526 913 23,
1721 880 1741 917 q
1761 889 1777 907 2
1811 882 1958 916 Accusatiui
1974 890 2070 913 rerum,
2090 890 2149 916 quae
2167 881 2286 915 expediri
2304 881 2431 907 dicuntur.

305 923 445 962 peffatione
456 927 540 950 citius.
558 921 654 956 Virgil.
669 922 764 955 Georg.
779 928 800 952 3,
816 924 861 952 348
878 919 944 944 Ante
961 917 1123 952 e'xpefibtum
1138 917 1226 952 positis
1244 915 1290 941 stat
1310 924 1339 941 m
1351 924 1387 943 20
1401 918 1471 945 Caes.
1486 918 1514 944 B.
1528 918 1559 944 G.
1573 925 1599 952 7,
1614 919 1647 947 86
1670 917 1771 951 Aggere
1789 922 1814 942 et
1829 917 1943 942 cratibus
1955 917 2047 942 Aditus
2067 915 2217 950 expediunt.
2322 915 2430 943 Colum.

309 961 412 996 agmine
425 959 520 986 castris.
562 958 610 984 Vbi
623 956 742 983 Seruius:
761 956 828 982 Ante
842 953 1018 989 expectatum,
1036 953 1114 979 Die‘to
1129 954 1221 984 citius,
1238 955 1256 977 i.
1270 957 1340 977 ante·
1402 961 1427 985 2,
1441 961 1458 979 2
1480 954 1580 988 Agrum
1594 953 1711 979 saxosum
1724 951 1801 978 facile
1815 951 1850 977 est
1862 952 1984 985 expedire
1997 951 2111 977 Ιςᾶὶῐοῃρ
2125 951 2250 985 lapidum,
2265 957 2310 978 etc,
2342 973 2346 976 ,
2362 950 2432 977 Tac.

309 1005 388 1032 quam
406 996 461 1021 eius
474 993 625 1028 expeaestetur
638 992 777 1018 aduentus:
797 996 822 1017 et
835 990 871 1016 est
884 998 934 1016 vna
949 997 1005 1023 pars
1019 989 1156 1020 orationis,
1175 988 1225 1014 hoc
1240 986 1276 1013 est
1290 985 1342 1012 Ad·
1402 988 1467 1014 Ann.
1487 992 1520 1023 6,
1541 998 1572 1022 43
1596 989 1673 1023 Isque
1691 989 1719 1014 in
1740 987 1868 1020 Hyrcanis
1890 993 2007 1021 repertus
2027 986 2078 1020 est,
2097 987 2190 1013 illuuie
2208 986 2321 1018 obiitus,
2339 991 2365 1012 et
2377 985 2447 1019 Ali·⁸

308 1031 440 1058 verbiuni.
515 1028 573 1055 Viti.
586 1031 659 1055 etiam
672 1026 796 1054 Drakenb.
807 1025 841 1052 ad
851 1025 894 1051 Sil.
904 1033 929 1057 z,
941 1033 976 1056 31.
1000 1030 1023 1050 ee
1038 1025 1121 1050 Burm.
1135 1023 1168 1050 ad
1180 1022 1260 1049 Ouid.
1275 1023 1339 1048 Met.
1402 1029 1488 1050 menta
1500 1033 1560 1051 arcu
1575 1024 1731 1058 expediens,
1757 1027 1774 1049 ι’,
1791 1030 1887 1058 parans
1897 1042 1904 1054 ‚
1924 1025 2068 1057 impetrans,
2172 1022 2239 1048 Tess,
2254 1023 2319 1047 Hec,
2333 1029 2357 1054 3,
2370 1029 2390 1053 ι,
2404 1027 2435 1056 ¹7

309 1076 338 1101 4,
355 1072 411 1101 789.
447 1064 512 1092 Add.
526 1063 564 1090 Id.
579 1063 615 1090 ib.
629 1069 652 1095 8,
664 1070 685 1095 5.
727 1062 794 1096 Qiis
812 1070 866 1087 non
884 1060 986 1086 diuersa
1005 1059 1182 1093 praesentibus
1201 1058 1342 1084 contraria·
1403 1059 1456 1085 Vix
1471 1069 1512 1085 me
1528 1060 1601 1086 illinc
1619 1059 1749 1090 abstraxi,
1769 1064 1847 1092 atque
1861 1057 2017 1092 impeditum
2031 1059 2059 1084 iri
2073 1066 2101 1083 ea
2115 1065 2143 1083 re
2163 1057 2285 1092 expediui
2297 1057 2434 1082 Animum.

309 1112 360 1138 que
379 1101 527 1135 expectatis,
543 1105 587 1126 aut
602 1099 695 1133 speret,
713 1105 756 1124 ³¹¹1
772 1098 863 1123 timeat
879 1096 946 1122 Vell-
960 1104 989 1126 2,
1004 1102 1043 1128 75,
1057 1103 1081 1121 2·
1351 1101 1382 1127 25
1401 1095 1494 1121 Horat.
1508 1096 1593 1122 Carm-
1605 1104 1627 1127 3,
1641 1104 1682 1128 24,
1695 1101 1708 1125 8
1740 1094 1802 1120 Non
1816 1094 1941 1119 Animum
1963 1099 2050 1125 metu,
2084 1093 2148 1119 Non
2166 1094 2261 1119 mortis
2275 1092 2376 1127 laqueis
2391 1099 2437 1117 ex·
2452 1095 2453 1098 ’

347 1144 413 1164 ΕΧΡ
423 1142 519 1163 ΕΟΤΑ
530 1141 551 1160 Τ
564 1141 601 1160 io
611 1154 620 1167 ,
639 1134 706 1160 onis.
743 1133 762 1159 f.
800 1130 934 1165 [ὑπομονὴ
948 1129 1091 1166 προσδοκία]
1126 1128 1276 1162 Defidcrium
1287 1136 1341 1154 cum
1402 1129 1489 1164 pedies
1506 1136 1589 1165 caput.
1660 1131 1721 1156 Stat.
1735 1128 1826 1156 Theb.
1843 1137 1876 1161 9,
1895 1130 1946 1162 864
1969 1129 2149 1162 Triuiamque
2169 1135 2286 1163 precatus
2319 1127 2436 1154 Molitut

308 1172 370 1200 bona
381 1173 426 1208 spe
445 1168 608 1198 conninffum.
643 1169 711 1195 Ter.
725 1169 752 1194 in
767 1168 833 1202 prol.
848 1168 911 1193 Hec.
928 1168 958 1192 26
981 1165 1138 1192 Funambuli
1152 1164 1244 1190 eodem
1259 1163 1342 1190 acces·
1400 1165 1512 1200 pallens,
1531 1172 1557 1192 et
1574 1165 1665 1192 surdos
1683 1164 1789 1200 expedit
1807 1166 1896 1190 Arcus,
2005 1165 2083 1190 Arma
2102 1163 2225 1198 expedire
2242 1173 2290 1189 „072
2307 1162 2376 1189 modo
2393 1170 2436 1187 ex.

309 1208 339 1234 fit
353 1207 507 1242 expediatio.
583 1204 751 1238 Expectans),
768 1206 846 1238 inquit
863 1203 978 1228 Donatus
996 1201 1030 1227 ad
1041 1201 1107 1227 Ter.
1122 1200 1185 1226 Eun.
1202 1208 1222 1232 i,
1238 1208 1250 1225 2
1279 1200 1342 1238 Cer:
1400 1202 1531 1236 temporale
1545 1207 1602 1236 opus
1616 1202 1737 1232 militum,
1752 1200 1799 1236 sed
1811 1199 1876 1235 quod
1887 1199 2042 1235 fiiscipiatur
2060 1201 2132 1225 etiam
2148 1199 2233 1234 pridie
2246 1206 2351 1234 pugnae.
2391 1197 2444 1224 Sic.

309 1249 394 1270 tarum
410 1242 459 1274 est,
479 1247 504 1268 et
520 1240 726 1275 propinquarum
744 1247 849 1270 rerum,
868 1236 1029 1272 destinatque
1046 1242 1156 1270 tenipus.
1250 1235 1343 1260 Anum
1402 1243 1467 1262 certe
1484 1237 1543 1263 Liu.
1557 1245 1598 1270 24,
1611 1245 1641 1269 14
1658 1243 1723 1263 extr.
1747 1237 1835 1262 Armis
1854 1235 2023 1269 expediendis
2044 1234 2099 1261 diei
2117 1235 2252 1269 reliquum
2270 1234 2435 1260 consumunt.

309 1285 334 1306 et
348 1278 447 1312 ingenii
460 1277 571 1303 alicuius
586 1282 655 1302 tanta
668 1275 814 1309 expectatio
828 1273 882 1300 Cic.
895 1274 965 1299 Fam.
980 1281 1005 1305 2,
1020 1281 1038 1298 1.
1111 1270 1190 1297 Nihil
1205 1269 1289 1296 dicam
1304 1278 1342 1295 re·
1350 1280 1384 1305 30
1402 1273 1486 1298 Aliter
1500 1272 1589 1299 Tacit,
1604 1275 1672 1298 Αῃῃ,
1686 1281 1711 1304 2,
1724 1279 1768 1306 79,
1815 1270 1911 1305 Virgss‚
1925 1271 1987 1296 Aen,
2002 1280 2028 1303 4,
2044 1278 2092 1303 592
2116 1270 2180 1296 Non
2191 1279 2262 1296 arma
2280 1268 2438 1303 expedient}

309 1314 445 1340 conditum
455 1333 463 1345 ‚
485 1312 553 1338 nihil
566 1311 650 1338 vestra
664 1309 844 1345 expe-&atione
857 1308 982 1343 dignum,
1001 1307 1070 1334 nihil
1090 1306 1238 1333 inauditum
1255 1304 1342 1336 vobis,
1408 1307 1486 1333 Verba
1500 1307 1617 1342 furentis
1631 1308 1748 1334 Didonis.
1819 1307 1926 1333 Cantica
1940 1306 2043 1332 musicis
2056 1305 2157 1336 modis,
2179 1309 2198 1332 i.
2211 1314 2297 1332 canere
2309 1304 2343 1330 ad
2353 1303 2437 1330 modos

307 1355 353 1376 aut
372 1350 494 1383 cuiquam
514 1356 616 1373 nouum
631 1346 704 1372 Idem
725 1345 757 1371 de
769 1345 844 1371 Orat.
860 1353 879 1375 1,
891 1351 934 1378 137
958 1352 979 1370 c.
993 1352 1028 1375 31.
1099 1343 1130 1368 Et
1143 1342 1277 1380 Α11·3,”13
1302 1340 1340 1366 Ex
1402 1343 1533 1376 Qiinelil.
1548 1352 1574 1375 1,
1593 1351 1626 1375 12,
1646 1351 1684 1376 14.
1713 1343 1747 1369 al.
1761 1342 1881 1376 excipiat.
1960 1342 2069 1368 Causam
2089 1341 2199 1367 alicuius
2220 1341 2276 1367 Cic.
2296 1340 2328 1366 de
2340 1339 2435 1373 Arusp.

306 1385 360 1412 tuis
382 1384 463 1410 literis
477 1383 570 1410 Plenus
588 1382 642 1408 sum
662 1381 843 1415 expectatione
862 1379 893 1406 de
905 1379 1030 1413 Pompeio
1051 1377 1177 1413 quidnam
1197 1376 1277 1406 velit,
1298 1381 1342 1415 aut
1401 1379 1475 1413 Resp.
1490 1384 1514 1409 18
1538 1387 1560 1404 c.
1575 1387 1598 1412 9.
1641 1378 1715 1414 Conf.
1733 1377 1806 1404 Idem
1819 1379 1890 1404 Fam.
1905 1386 1939 1410 13,
1951 1380 1990 1403 26.
2083 1377 2206 1402 Cererem
2226 1375 2343 1402 canistris
2361 1374 2438 1408 Virg.

307 1419 432 1447 ostendat.
502 1420 588 1444 Vacua
602 1417 721 1452 periculo
736 1422 761 1442 et
776 1415 887 1450 periculi
900 1415 1079 1449 expectatione
1092 1412 1164 1438 nulla
1180 1411 1246 1452 hora
1262 1411 1341 1437 relin-
1400 1414 1465 1440 Aen.
1482 1422 1500 1444 1,
1513 1421 1572 1448 705.
1597 1416 1616 1439 i.
1630 1420 1709 1448 panes
1727 1413 1872 1448 depromere.
1943 1413 2038 1440 Comas
2056 1412 2117 1438 Stat.
2131 1413 2195 1438 Silii.
2209 1421 2231 1444 3,
2245 1421 2272 1444 4,
2286 1417 2326 1443 89.
2368 1409 2438 1436 Tac.

307 1456 399 1490 quitur
417 1453 584 1481 Pseudo-Cic.
597 1459 682 1486 anteq.
700 1452 749 1477 iret
766 1451 794 1477 in
813 1450 875 1476 exil.
893 1458 921 1482 19
946 1458 968 1475 c.
985 1454 1008 1479 8.
1079 1449 1283 1474 Praeteritorum
1302 1455 1342 1472 re·
1354 1456 1382 1482 35
1401 1449 1469 1475 Hist.
1484 1458 1507 1479 2,
1521 1457 1551 1481 52
1574 1449 1671 1483 Neque
1683 1449 1776 1475 alienis
1789 1446 1911 1474 consiliis
1925 1449 1998 1482 regi,
2015 1457 2100 1482 neque
2114 1447 2157 1474 sua
2170 1447 2301 1481 expedire.
2366 1445 2439 1471 Con·
2456 1455 2457 1471 ι

307 1490 426 1517 cordatio
443 1489 478 1515 est
492 1488 602 1520 acerba,
617 1494 641 1513 et
660 1486 782 1513 acerbior
801 1485 949 1520 expediatio
967 1484 1132 1518 reliquorum
1152 1483 1211 1509 Cic.
1225 1482 1256 1508 de
1271 1483 1340 1509 Clar.
1402 1484 1457 1511 filia
1475 1485 1500 1510 se
1519 1484 1677 1518 expediunt,
1697 1484 1721 1510 h.
1738 1493 1757 1509 e.
1777 1486 1901 1518 explicant
1921 1485 2007 1510 Valer.
2021 1485 2120 1517 Argon.
2136 1488 2166 1514 8,
2180 1492 2233 1514 30²·
2336 1482 2439 1508 Contos
2455 1474 2457 1501 1

307 1527 382 1553 Orat.
397 1527 447 1553 266
468 1534 489 1551 c.
502 1527 546 1559 76.
616 1525 715 1550 Contra
730 1521 850 1548 omnium
864 1519 1087 1554 expectationem,
1113 1518 1165 1545 uid.
1188 1523 1342 1544 CONTRA.
1403 1520 1545 1554 expediunt
1564 1525 1657 1544 nautae
1676 1518 1774 1552 Virgil.
1787 1519 1851 1544 Aen.
1866 1527 1893 1552 5,
1908 1527 1968 1551 209.
2041 1518 2174 1544 Conuiuia
2188 1517 2264 1543 tectis
2277 1516 2440 1550 expediunt,

309 1562 407 1592 Caeca,
438 1559 490 1585 vid.
509 1565 579 1586 CAE
589 1564 606 1584 c
618 1566 637 1585 v
648 1565 671 1585 s.
753 1557 809 1583 Cic.
829 1565 876 1591 pro
891 1555 981 1582 Rabir.
1001 1554 1072 1589 perd.
1090 1556 1118 1580 16
1144 1554 1248 1580 Harum
1269 1553 1340 1579 enim
1401 1557 1420 1581 i.
1433 1560 1557 1589 apparant
1574 1554 1632 1580 Val.
1648 1554 1746 1588 Argon.
1758 1562 1784 1585 2,
1798 1562 1856 1586 342.
1889 1554 2001 1584 Tectis,
2021 1555 2052 1580 In
2065 1552 2148 1578 iestis.
2218 1551 2309 1578 Tacit.
2323 1552 2389 1577 Ann.
2404 1559 2440 1584 13,

308 1596 428 1622 omnium
441 1603 528 1620 rerum
541 1603 595 1620 non
607 1594 691 1619 solum
704 1598 828 1624 euentus,
847 1598 925 1626 atque
945 1589 1083 1624 perpellio,
1102 1588 1146 1615 sed
1159 1589 1238 1614 etiam
1252 1588 1342 1614 condi—
1405 1598 1422 1625 7
1449 1591 1577 1623 Duosque
1605 1595 1707 1615 veteres
1730 1597 1802 1622 reges
1823 1587 1964 1623 Agrippam
1988 1595 2013 1614 et
2037 1587 2162 1614 Iocchum
2188 1587 2310 1621 expedire
2330 1586 2436 1621 Copias.

308 1631 367 1662 tio,
390 1629 552 1663 expeehtio,
577 1628 676 1654 mentio
694 1628 747 1661 ipsa
767 1627 881 1667 denique
899 1626 1008 1660 indigna
1028 1626 1085 1651 ciue
1106 1625 1241 1655 Romano,
1262 1630 1384 1658 atque40
1397 1625 1500 1661 subaud.
1514 1624 1599 1650 Iubet.
1705 1624 1854 1651 Exercitum
1874 1625 1981 1657 eadem,
2000 1632 2068 1657 quae
2088 1622 2258 1657 impedicrat,
2271 1622 2375 1649 fortuna
2392 1629 2438 1648 ex·

308 1665 418 1693 homine
437 1664 524 1690 libero
537 1663 580 1689 est.
652 1663 692 1688 Est
706 1662 757 1688 tibi
775 1670 861 1696 graius
882 1661 1027 1688 aduersaria
1047 1660 1185 1687 constituta
1207 1665 1232 1686 et
1245 1666 1343 1693 parata,
1404 1661 1507 1696 pediuit
1528 1660 1587 1686 Liu.
1602 1668 1628 1691 9,
1641 1668 1666 1692 9.
1738 1659 1819 1686 Plaut.
1835 1660 1910 1694 Capt.
1925 1660 1993 1694 prol.
2005 1668 2042 1692 40
2070 1659 2121 1685 Hic
2138 1658 2215 1684 hodie
2234 1657 2352 1692 expediet
2370 1656 2439 1682 hane

309 1699 476 1727 incredibilis
491 1698 616 1734 quaedam
629 1697 773 1731 expectatio
793 1698 848 1723 Cic.
863 1698 934 1722 Fam.
949 1705 974 1728 2,
987 1706 1014 1730 4.
1049 1695 1117 1722 Add.
1137 1695 1175 1721 Ib.
1189 1695 1233 1728 Ep.
1248 1702 1259 1725 3
1279 1702 1303 1720 et
1322 1702 1343 1727 ς.
1405 1696 1482 1722 docte
1507 1695 1656 1722 Fallaciam.
1751 1695 1814 1725 Liu.
1834 1703 1869 1728 24
1881 1715 1890 1728 ‚
1927 1714 1933 1721 .
1972 1715 1978 1722 .
2013 1695 2124 1720 Ferrum
2137 1695 2207 1720 enim
2220 1693 2345 1728 quosdam
2363 1699 2441 1725 cxpe-

309 1736 383 1763 Idein
396 1734 474 1761 Acad.
488 1745 514 1768 4,
530 1743 557 1760 10
577 1743 598 1759 c.
612 1742 630 1766 4
651 1733 714 1758 Non
730 1732 787 1758 sane
800 1731 936 1757 conturbat
948 1740 990 1757 me
1002 1730 1149 1764 expectatio
1163 1735 1226 1754 tua:
1245 1729 1343 1765 01117111-
1406 1731 1508 1756 dientes
1528 1730 1658 1756 cernebat.
1751 1730 1824 1756 Idem
1848 1736 1890 1763 38,
1927 1750 1933 1757 .
1971 1750 1978 1756 .
2013 1730 2068 1756 Iter
2089 1730 2166 1763 fugae
2186 1738 2240 1755 non
2263 1726 2440 1762 expedientes.

309 1771 348 1797 hil
363 1770 398 1796 est
412 1770 460 1801 iis,
475 1770 520 1803 qui
535 1770 634 1803 placere
646 1768 756 1800 volunt,
770 1773 822 1793 tam
836 1766 1023 1792 aduersarium.
1094 1763 1210 1790 Mirifica
1223 1764 1342 1796 expecla-
1405 1765 1521 1790 Labores
1540 1765 1651 1790 alicuius
1670 1764 1759 1790 Valer.
1771 1766 1870 1798 Argon.
1885 1773 1910 1799 7,
1923 1772 1982 1799 277.
2054 1765 2149 1798 Virgil.
2163 1766 2226 1790 Aen.
2244 1773 2277 1794 12,
2290 1768 2334 1796 238
2364 1762 2443 1788 Tum

308 1805 350 1831 tio
361 1804 471 1830 alicuius
485 1805 541 1830 Cic.
557 1805 609 1829 Att.
623 1811 650 1837 7,
664 1811 690 1837 7.
780 1803 883 1828 Maiore
904 1800 1085 1834 expectatione
1104 1799 1244 1825 hominum
1264 1804 1378 1831 quam45
1404 1808 1469 1824 vero
1481 1799 1621 1832 augurium
1638 1799 1722 1824 Rutili
1738 1799 1852 1825 clamore
1865 1800 1991 1830 salutant,
2024 1800 2222 1833 Expediuntque
2236 1800 2337 1825 Manus.
2372 1800 2390 1823 i.
2404 1795 2457 1859 ‹ii-¹

308 1840 352 1874 spe
370 1837 497 1865 Camillus
518 1838 551 1862 ab
570 1837 635 1863 vrbe
661 1837 795 1871 profectus
813 1837 891 1862 Veios
912 1837 971 1862 Liu.
986 1844 1009 1868 ς,
1023 1843 1059 1866 19.
1154 1833 1209 1860 Cic.
1224 1833 1256 1859 ad
1270 1833 1344 1859 Brut.
1404 1837 1495 1860 micare
1508 1835 1537 1869 je
1556 1833 1616 1859 velle
1627 1832 1783 1869 Jigrzificoizt.
1821 1835 1888 1859 Haec
1901 1837 1963 1859 enim
1977 1831 2010 1865 est
2029 1833 2146 1869 consensio
2159 1837 2288 1859 niiiitoris.
2344 1832 2444 1858 Lucan.

307 1883 332 1907 ις
351 1874 456 1900 Summa
470 1871 505 1898 est
520 1871 667 1904 expectatio
680 1872 734 1896 tui:
760 1870 832 1904 quod
847 1871 865 1896 fi
880 1871 983 1896 Italiam
996 1869 1129 1903 attigeris,
1148 1868 1180 1894 ad
1196 1874 1221 1893 te
1236 1876 1344 1893 concur·
1406 1872 1446 1900 (1,
1468 1873 1532 1902 387)
1569 1868 1704 1901 Elatasque
1727 1868 1779 1895 alte
1803 1877 1973 1903 quaecunque
1997 1867 2028 1894 ad
2049 1869 2118 1895 bella
2138 1874 2260 1900 vocaret,
2295 1867 2444 1895 Promisere

307 1911 349 1937 sus
363 1909 408 1935 fiet
422 1908 550 1934 omnium.
658 1905 747 1930 Tanta
761 1905 814 1929 fuit
832 1904 980 1936 expeehtio
995 1903 1096 1928 visendi
1111 1902 1254 1927 Alcibiadis
1275 1902 1343 1934 Nep.
1407 1905 1512 1929 Manus.
1548 1905 1615 1928 Haec
1633 1903 1749 1928 Seruius.
1815 1904 1945 1937 Expedit-e
1959 1905 2053 1930 Manus
2072 1913 2118 1937 per
2135 1910 2211 1929 acuta
2232 1903 2315 1934 bella,
2336 1906 2354 1928 i.
2375 1911 2445 1928 exer-

308 1953 335 1980 7,
350 1947 374 1975 6,
393 1953 411 1970 t.
607 1937 627 1973 q
649 1948 664 1965 2
705 1939 836 1964 Verborum
850 1938 977 1973 formulae
990 1946 999 1961 :
1036 1936 1161 1961 Accidere
1181 1943 1283 1968 praeter
1301 1944 1344 1960 ex·
1405 1940 1482 1962 citum
1500 1937 1593 1961 Horat.
1609 1937 1696 1961 Carm.
1710 1945 1736 1967 4,
1750 1946 1777 1968 4,
1790 1944 1829 1970 75.
1900 1938 1980 1963 Ouid.
1995 1938 2026 1963 de
2040 1939 2104 1963 Arte
2117 1939 2173 1963 Am.
2191 1946 2211 1969 i,
2225 1946 2272 1970 421
2289 1937 2397 1963 Institor
2408 1935 2445 1965 ad<
2458 1947 2459 1950 ¹

307 1980 483 2017 pectationein
501 1975 598 2004 Cic.de
612 1976 685 2002 Orat.
699 1983 721 2006 2,
734 1979 784 2006 284
805 1982 826 1999 c.
841 1981 883 2007 70.
954 1970 1089 1997 Adducere
1104 1970 1220 2003 aliquem
1229 1970 1262 2008 ⁴in
1276 1970 1343 1994 sum-
1355 1975 1387 2000 50
1406 1970 1543 1996 dominam
1556 1970 1647 1995 veniet
1664 1970 1804 1996 discinctus
1818 1979 1949 2002 emacem,
1985 1971 2110 2005 Expediet
2124 1973 2223 1998 Merces
2243 1979 2321 2006 teque
2339 1967 2451 2001 sedente'

307 2025 378 2044 mam
391 2013 599 2049 expe&ationeni
612 2010 683 2037 Idem
697 2008 808 2036 Tuscul.
827 2016 852 2040 i,
871 2016 911 2040 30.
1004 2004 1105 2031 Afferre
1125 2004 1255 2038 Quineiil.
1277 2013 1300 2036 3,
1322 2009 1344 2034 8.
1406 2011 1473 2032 tuas.
1543 2004 1664 2031 Molestia
1678 2004 1793 2039 aliquem
1810 2006 1865 2031 Cic.
1879 2007 1930 2032 Att.
1946 2015 1968 2038 ε’,
1981 2014 2020 2038 25.
2091 2007 2163 2033 Caes.
2174 2008 2202 2033 Β.
2215 2008 2244 2034 C.
2256 2016 2282 2039 2,
2295 2016 2313 2041 4
2333 2007 2372 2034 Ad
2386 2008 2443 2034 Na.

307 2050 409 2079 Afferre
428 2058 481 2076 non
501 2056 608 2082 paruam
625 2046 702 2072 alicui
722 2044 776 2071 Cic.
790 2045 842 2070 Att.
857 2051 879 2078 3,
894 2047 928 2072 18.
995 2040 1067 2067 Idem
1081 2041 1134 2066 Att.
1148 2048 1174 2072 9,
1189 2048 1198 2066 1
1224 2039 1343 2074 Angebat
1408 2040 1500 2068 fidium
1516 2041 1690 2075 perueniunt,
1703 2040 1796 2074 ibique
1811 2041 1900 2067 Naues
1915 2042 2071 2075 expediunt,
2090 2045 2109 2069 i.
2121 2045 2149 2068 in
2167 2045 2243 2068 aciem
2254 2043 2387 2075 deducunt,
2400 2051 2442 2068 ex.

308 2086 466 2121 fingularum
480 2084 605 2110 horarum
625 2080 816 2114 expectatione.
887 2078 942 2103 Cic.
958 2076 990 2103 de
1003 2076 1098 2103 Natiir.
1111 2076 1192 2102 Deor.
1208 2084 1231 2108 3,
1252 2084 1261 2101 1
1289 2075 1344 2101 Ne·
1401 2078 1511 2111 plicant.
1582 2076 1698 2110 Negotia
1715 2076 1826 2102 alicuius
1846 2077 1976 2111 explicare
1995 2083 2020 2103 et
2040 2077 2165 2112 expedire
2182 2078 2238 2104 Cic.
2253 2079 2321 2104 Fam.
2340 2086 2382 2110 13,
2395 2085 2440 2112 27.

308 2122 357 2149 scis
375 2128 468 2155 quanta
488 2128 546 2145 cum
560 2116 739 2151 expectatione
752 2116 830 2141 Cotta
845 2113 890 2139 sim
905 2119 930 2138 te
945 2111 1091 2138 auditurus.
1185 2111 1345 2137 Commoue—
1406 2111 1479 2138 ldem
1495 2112 1547 2137 Att.
1560 2120 1582 2143 5,
1598 2120 1621 2137 21
1646 2112 1683 2137 Ex
1698 2112 1730 2137 iis
1743 2111 1822 2138 rebus
1836 2111 1886 2138 hoc
1901 2121 2010 2144 vereor,
2032 2121 2064 2138 ne
2082 2122 2165 2148 quum
2179 2114 2316 2147 Pompeius
2334 2118 2442 2148 propter
2466 2107 2479 2140 ii

308 2163 350 2186 rat
362 2157 455 2190 aliquis
471 2153 678 2189 expectationem
691 2151 763 2178 Idem
778 2151 812 2183 Q.
826 2150 909 2175 Fratr.
923 2156 958 2187 2,.
984 2167 991 2174 .
1029 2167 1035 2175 .
1095 2147 1275 2186 Commouere
1290 2155 1345 2172 cre·
1359 2147 1387 2173 55
1407 2152 1507 2173 metum
1520 2156 1610 2173 rerum
1624 2155 1754 2173 nouarum
1768 2156 1895 2182 nusquam
1915 2147 2080 2179 dimittatur,
2100 2149 2204 2175 Caesari
2225 2149 2311 2175 nullus
2324 2148 2407 2175 honos
2423 2155 2442 2175 a
2465 2142 2468 2160 ‘

309 2192 370 2220 bras
383 2191 492 2218 alicuius
505 2191 561 2216 Cic.
575 2189 625 2215 Att.
643 2196 662 2220 1,
678 2196 699 2219 3.
764 2184 904 2213 Concitare
922 2184 961 2209 sui
973 2181 1199 2217 expediationem,
1220 2181 1285 2208 hanc
1306 2182 1345 2221 su-
1406 2183 1501 2209 Senatu
1514 2181 1657 2209 habeatur-2
1684 2183 1745 2209 dum
1760 2183 1802 2209 hic
1814 2184 1908 2210 Nodus
1920 2183 2084 2218 expediatur,
2107 2193 2160 2210 non
2175 2190 2245 2218 putet
2259 2185 2374 2216 Senatus,
2393 2190 2442 2212 not

310 2228 406 2255 stinere
419 2234 444 2253 et
458 2225 528 2252 tueri
537 2224 611 2251 Idem
625 2224 696 2250 Fam.
711 2231 736 2254 2,
751 2230 769 2248 1.
840 2220 987 2246 Conturbat
1001 2227 1042 2243 me
1063 2217 1209 2252 expeehtio
1223 2223 1267 2244 tua
1288 2218 1343 2243 Cic.
1407 2225 1466 2244 ante
1485 2226 1563 2252 quam
1586 2218 1721 2245 successum
1743 2218 1788 2251 fit,
1806 2225 1930 2253 oportere
1949 2219 2081 2245 decedere.
2152 2220 2206 2246 Cic.
2220 2220 2281 2245 Atts
2291 2221 2329 2250 16,
2342 2221 2359 2244 6
2386 2219 2424 2246 N'
2439 2228 2443 2229 ⁷

311 2263 388 2291 Acad.
402 2273 428 2297 4,
443 2271 480 2288 10.
571 2258 645 2285 Idem
681 2278 687 2284 .
725 2277 731 2283 .
763 2265 774 2283 ·.
812 2255 891 2282 Nunc
905 2253 1086 2288 expectatione
1100 2253 1222 2279 Crucior.
1294 2253 1343 2278 De·
1408 2253 1479 2279 mina
1493 2261 1549 2280 inea
1564 2263 1609 2288 per
1625 2253 1687 2280 deos
1702 2254 1812 2288 expedi,
1830 2255 1945 2280 exolue:
1968 2253 2035 2280 bella
2054 2254 2157 2288 reliqua
2175 2253 2283 2287 reliqui.
2370 2222 2440 2316 Sili

311 2299 398 2332 cipere
421 2295 629 2331 expectationem
648 2293 758 2319 alicuius
777 2291 832 2318 Cic.
846 2290 877 2316 de
889 2290 962 2317 Orat,
981 2298 1008 2322 2,
1028 2294 1075 2320 289
1101 2298 1122 2314 c·
1138 2296 1176 2323 7¹·
1270 2287 1342 2314 Idem
1408 2290 1435 2316 in
1451 2289 1521 2315 Ιι1110
1539 2299 1560 2315 c.
1575 2300 1593 2323 4
1613 2289 1684 2316 Nam
1702 2289 1811 2315 comites
1829 2290 1970 2323 seruosque
1982 2295 2097 2315 caeteros
2117 2290 2144 2315 in
2158 2288 2238 2315 initio
2250 2288 2336 2314 statim
2354 2289 2386 2316 ad

311 2335 364 2361 Att.
380 2342 405 2365 2,
418 2339 431 2362 8
454 2333 585 2366 Qiantam
599 2337 679 2364 porro
698 2326 766 2354 mihi
786 2325 993 2361 expectationem
1007 2324 1105 2350 Dedisti
1125 2323 1245 2350 conuiuii
1265 2323 1386 2350 istius.6o
1407 2324 1546 2360 pediendas
1567 2325 1689 2351 Pecunias
1705 2324 1801 2359 quibus
1819 2324 2010 2356 redimeretur,
2029 2324 2178 2356 dimiserat,
2207 2327 2224 2349 ι’.
2244 2323 2360 2349 eruendas
2376 2326 2442 2351 velut
2469 2315 2471 2318 Ι

311 2369 440 2397 0011113το
458 2369 513 2393 Cic.
527 2367 580 2392 Att.
595 2374 621 2397 2,
637 2373 675 2397 ¹4·
746 2363 857 2397 Explere
876 2360 1083 2395 expectationem
1100 2368 1205 2386 omnem
1225 2359 1346 2385 diuturni
1406 2370 1434 2386 ex
1449 2361 1534 2386 loculis
1547 2367 1570 2386 et
1582 2364 1666 2393 arcis,
1684 2360 1769 2395 quibus
1782 2358 1916 2393 constrifla
1935 2366 2058 2386 tenentur.
2127 2358 2292 2385 Tacit.Hist.
2304 2367 2336 2391 2,
2350 2367 2375 2384 21
2395 2359 2440 2385 vi-

311 2404 432 2430 detiderii
451 2402 532 2428 nostri
551 2401 622 2427 Idem
637 2400 667 2425 de
680 2400 754 2424 Orat.
770 2407 789 2430 1,
805 2405 856 2430 105.
927 2396 964 2422 Id.
980 2397 1031 2421 Ait.
1045 2404 1065 2427 3,
1080 2404 1102 2428 15
1123 2395 1247 2421 Varronis
1260 2395 1346 2421 sermo
1407 2395 1508 2423 telliani
1525 2395 1644 2428 Pluteos,
1661 2402 1794 2430 cratesque
1814 2401 1840 2422 et
1853 2395 1943 2421 vineas
1958 2405 1963 2420 :
1988 2394 2137 2422 Othoniani
2156 2394 2244 2427 sudes,
2263 2399 2288 2419 et
2305 2393 2441 2426 immensae

312 2440 382 2467 Facit
403 2437 610 2472 expefftationem
629 2434 754 2461 Caesaris.
861 2433 955 2458 Facere
983 2431 1021 2457 sui
1050 2430 1258 2465 expectationem
1288 2431 1343 2456 Cic.
1409 2430 1542 2465 lapidum,
1560 2431 1678 2466 plumbi,
1700 2431 1819 2465 aerisque
1835 2431 1917 2457 moles
1930 2430 2082 2465 expediunt.
2174 2429 2309 2460 Praetura,
2324 2423 2440 2454 uidmiox

311 2474 390 2503 Acad⁴
405 2484 432 2507 4,
446 2482 482 2499 10.
554 2472 659 2498 Habere
680 2469 752 2495 Ideni
768 2469 821 2494 Ati.
836 2475 863 2503 7,
878 2470 914 2493 16.
985 2467 1048 2493 Non
1064 2466 1162 2492 habere
1180 2474 1299 2504 magnam
1318 2466 1346 2492 in
1408 2467 1507 2493 Subita.
1611 2467 1666 2494 Cic.
1681 2476 1730 2501 pro
1745 2467 1839 2493 Milon.
1858 2475 1886 2493 10
1912 2466 2027 2493 Honesta
2041 2466 2128 2492 omnis
2146 2465 2216 2492 ratio
2230 2465 2289 2491 esset
2307 2461 2443 2497 expedien-

311 2508 492 2544 respondendo
525 2507 580 2534 Cic.
599 2507 625 2532 111
638 2504 739 2532 Sallust.
772 2512 792 2529 2.
863 2504 989 2533 Monere,
1007 2508 1055 2537 pro
1072 2503 1186 2528 Excitare
1204 2501 1346 2532 deiiderium
1358 2505 1390 2537 65
1410 2502 1456 2528 dae
1470 2502 1579 2536 Salutis,
1603 2502 1628 2529 h.
1641 2511 1660 2528 e.
1679 2512 1730 2528 eum
1747 2502 1895 2537 absoluendi.
1988 2497 2261 2533 Senatusconsultum,
2285 2499 2337 2525 uid.
2358 2502 2444 2525 EXPE-

312 2545 369 2572 Cic.
386 2545 438 2570 Att.
460 2552 481 2574 2,
501 2552 530 2576 ¹4
556 2543 687 2575 Quintam
706 2546 733 2566 tu
753 2538 821 2565 mihi
840 2539 934 2565 Moucs
951 2538 1158 2571 expectationem
1178 2535 1208 2562 de
1228 2537 1346 2563 sermone
1411 2544 1522 2570 DiTvs,
1542 2547 1566 2563 n.
1580 2546 1601 2562 2.
1694 2537 1785 2563 Tacit.
1800 2538 1865 2563 Ann.
1881 2545 1922 2568 14,
1941 2544 1969 2568 ςς
1991 2537 2072 2570 Qiod
2095 2536 2236 2562 meditatae
2253 2534 2370 2561 orationi
2388 2539 2459 2559 tuae*

313 2580 402 2606 Bibuli
416 2580 423 2603 Ξ
526 2578 671 2603 Occurrere
691 2574 868 2609 expectationi
893 2573 1005 2600 alicuius
1033 2572 1104 2600 Idem
1123 2581 1171 2606 pro
1185 2572 1289 2598 Cluent.
1309 2575 1348 2603 63.
1410 2573 1497 2599 statim
1516 2581 1668 2603 occurram,
1685 2571 1712 2598 id
1725 2572 1840 2606 primum
1855 2572 1895 2598 tui
1907 2572 2024 2598 muneris
2037 2571 2138 2602 habeo,
2157 2571 2204 2604 qui
2217 2579 2260 2597 me
2274 2579 2328 2596 non
2346 2566 2448 2596 tantun'i

312 2612 430 2641 Pendere
447 2612 556 2638 obscura
568 2613 609 2644 spe
623 2618 647 2636 et
659 2620 732 2636 caeca
746 2610 926 2644 expeffiatione
940 2609 1036 2636 Clade
1050 2609 1079 2635 L.
1090 2610 1151 2642 Agr.
1166 2610 1233 2639 2‚65.
1290 2607 1347 2633 Sus-
1412 2608 1544 2642 praeuisa,
1564 2607 1606 2634 sed
1618 2607 1709 2634 Subita
1722 2608 1845 2642 expedire
1862 2606 1984 2633 docuisti.
2088 2607 2147 2632 Liu.
2165 2610 2204 2638 38,
2242 2625 2248 2632 .
2286 2625 2293 2631 .
2328 2605 2359 2631 Et
2371 2610 2448 2638 expe*

314 2649 426 2685 pendere
441 2646 563 2673 oratione
580 2647 656 2670 vnius
671 2645 878 2677 expectationem
892 2645 999 2671 alterius
1014 2643 1085 2670 Idem
1099 2653 1146 2678 pro
1154 2643 1258 2669 Cluent.
1272 2651 1293 2668 c.
1307 2650 1349 2675 54.
1411 2643 1468 2669 dire
1483 2643 1564 2674 Tela,
1576 2643 1732 2676 animosque
1744 2641 1878 2677 equitibus
1891 2640 1967 2668 iussis.
2037 2640 2111 2667 Idem
2126 2645 2164 2673 38,
2195 2660 2201 2667 .
2228 2659 2235 2667 .
2271 2641 2362 2674 Quum
2376 2638 2461 2672 Tela·

315 2686 393 2712 Sum:
421 2689 465 2715 vt,
484 2682 514 2707 In
528 2689 616 2707 rerum
630 2680 750 2704 omnium
769 2679 947 2712 expefiatione
963 2680 1010 2704 eise
1030 2680 1087 2706 Cic.
1099 2681 1170 2706 Fam.
1185 2688 1220 2709 io,
1236 2687 1263 2710 4.
1317 2679 1392 2712 11170
1410 2687 1545 2713 equosque
1560 2677 1726 2712 expediffent.
1920 2673 1940 2714 q
1961 2685 1974 2708 3
2012 2676 2085 2712 Saepe
2104 2679 2131 2702 in
2146 2678 2241 2711 primis
2257 2677 2291 2701 ad
2306 2678 2416 2702 oratione
2443 2675 2446 2686 ³

316 2718 452 2754 aliquibus
466 2716 676 2751 expectationem
691 2713 804 2738 nostram
819 2713 866 2738 eise
879 2713 951 2739 Idem
963 2715 1013 2739 Att.
1028 2720 1049 2744 8,
1061 2722 1082 2746 5.
1151 2715 1181 2740 In
1194 2714 1293 2739 summa
1306 2722 1349 2740 ex·
1412 2721 1436 2741 et
1450 2713 1584 2749 sermonem
1605 2712 1674 2745 adeo,
1695 2711 1814 2747 refertur,
1834 2718 1862 2737 vt
1882 2710 1945 2737 idem
1955 2710 2002 2744 fit,
2020 2711 2086 2747 quod
2103 2713 2235 2746 explicare,
2255 2710 2384 2744 ostendere,
2403 2716 2426 2737 et

316 2755 466 2791 pe&atione
481 2761 520 2778 res
534 2751 569 2777 est
583 2750 638 2777 Cic.
653 2750 706 2775 Att.
721 2753 743 2778 8,
757 2756 788 2773 11.
818 2782 822 2786 Ι
894 2747 1022 2773 Sustinere
1041 2757 1095 2773 non
1111 2756 1217 2781 paruam
1231 2748 1349 2782 011110813-
1413 2749 1482 2775 Ter.
1494 2749 1558 2775 Eun.
1571 2757 1599 2781 4,
1613 2758 1642 2781 4,
1655 2755 1688 2783 27
1708 2747 1824 2782 Agedum
1840 2746 1889 2773 hoc
1904 2747 1972 2773 mihi
1984 2746 2087 2781 expedi.
2123 2748 2255 2779 Primum,
2272 2746 2356 2779 istam,
2369 2754 2421 2780 qua

316 2792 418 2817 tionem
432 2787 574 2815 imitandae
589 2785 701 2812 alicuius
715 2781 873 2813 industriae,
891 2790 1009 2815 magnam
1029 2783 1177 2815 bonorum,
1197 2783 1351 2809 nonnullam
1414 2783 1510 2815 habes,
1531 2784 1600 2809 vnde
1614 2783 1694 2809 habes
1711 2783 1824 2809 vestem?
1847 2788 1923 2809 taces.
1994 2783 2050 2809 Cic.
2065 2784 2136 2810 Fam.
2152 2791 2189 2814 10,
2203 2791 2230 2815 33
2256 2783 2347 2816 Itaque
2361 2781 2437 2816 prox'

316 2826 421 2853 foi-taire
441 2823 557 2849 nominis
577 2821 648 2847 Idem
661 2819 713 2846 Off.
728 2827 748 2850 3,
769 2820 793 2843 6.
864 2817 894 2842 Et
915 2816 946 2842 de
960 2817 1032 2842 Orat.
1048 2826 1073 2848 2,
1083 2824 1122 2855 ¹74
1141 2822 1202 2846 e.18
1222 2818 1284 2850 Quo
1305 2818 1350 2844 ista
1414 2818 1465 2844 mis
1479 2818 1563 2844 literis
1576 2818 1715 2844 confilium
1734 2826 1823 2844 meum
1836 2818 1998 2852 expedietur.
2105 2817 2190 2844 Dictis
2210 2817 2333 2851 expedire
2353 2816 2429 2850 Virgi

317 2862 419 2888 maiora
433 2869 461 2886 ac
474 2857 640 2884 mirabiliora
654 2854 737 2881 fecisti
746 2873 753 2883 ,
765 2861 797 2878 eo
810 2861 851 2878 11ιο
862 2852 949 2892 maior
961 2852 1108 2891 expedia-tio
1122 2852 1225 2882 Tenet,
1246 2852 1352 2886 quibus·
1363 2864 1395 2892 75
1416 2854 1574 2886 Αο11.3,379.
1644 2853 1748 2879 Lucret.
1758 2862 1779 2885 5,
1788 2861 1831 2885 114
1850 2853 1934 2880 Multa
1947 2852 1998 2879 tibi
2012 2852 2149 2888 expediam
2162 2852 2246 2879 doctis
2258 2852 2349 2878 solatia
2357 2851 2459 2880 Dieuc&

319 2906 379 2924 cuin
401 2895 563 2926 rationibus,
589 2891 719 2926 quibusue
742 2894 884 2923 praeceptis
905 2896 935 2914 ea
953 2893 1023 2914 tanta
1043 2892 1283 2927 viscomparetur,
1306 2894 1351 2914 ete.
1415 2888 1490 2921 Virg.
1504 2888 1602 2921 Georg.
1616 2896 1644 2920 4,
1658 2890 1707 2916 286
1742 2903 1787 2908 ——-
1821 2888 1898 2915 altius
1918 2898 2023 2915 omnem
2059 2888 2218 2922 Expediam,
2234 2887 2319 2920 prima
2331 2879 2460 2926 repetet&

319 2932 459 2965 Torqueri
482 2928 664 2964 expe&atione
687 2925 743 2952 Cic.
759 2924 790 2950 ad
804 2924 855 2949 Att.
894 2942 900 2950 .
938 2943 944 2949 .
982 2942 989 2949 .
1058 2924 1172 2949 Vincere
1193 2922 1353 2956 expectatio·
1415 2922 1448 2949 ab
1464 2922 1583 2957 origine,
1601 2923 1707 2949 famam.
1775 2923 1898 2950 Dilucide
1911 2920 2084 2958 et'perspicue
2098 2922 2217 2956 aliquid,
2237 2922 2289 2947 vid.
2306 2926 2463 2949 PERSPIC«

319 2977 379 2994 nem
399 2966 519 2992 omnium
533 2975 538 2990 z
564 2964 588 2990 h.
602 2972 621 2989 e.
643 2963 777 2997 opinionem
790 2966 813 2985 et
825 2956 1026 2997 existimationem
1039 2958 1111 2984 Idem
1124 2959 1199 2997 Ve‘rr.
1215 2966 1236 2990 5,
1252 2966 1273 2983 11
1295 2967 1315 2983 c.
1330 2965 1352 2990 5.
1419 2964 1497 2984 CVE.
1553 2958 1619 2984 Plin.
1633 2965 1668 2991 18,
1682 2964 1721 2989 28.
1791 2959 1846 2985 Cic.
1864 2961 1916 2985 Ati.
1929 2968 1957 2991 4,
1972 2961 2000 2984 16
2027 2958 2152 2984 Nondum
2166 2957 2202 2983 011
2214 2957 2290 2983 Plane
2303 2952 2450 2994 expeditur.

320 3002 392 3037 conf,
413 3001 450 3027 ld,
467 3002 538 3028 Fam,
552 3008 573 3030 2,
585 3008 612 3031 4,
716 2996 801 3021 Vocat
815 3002 857 3020 me
871 2993 1024 3020 iamdudum
1043 2993 1099 3020 alio
1117 2998 1195 3020 tacita
1208 2992 1292 3019 vestra
1311 3002 1354 3019 ex·
1414 2993 1506 3019 quen.
1521 2993 1571 3019 Sat.
1586 3002 1625 3025 io,
1639 3003 1683 3020 220
1718 3009 1763 3014 -—
1799 3003 1913 3028 quorum
1928 2993 1945 3020 si
1963 2993 2072 3019 nomina
2087 3001 2211 3027 quaeras,
2246 2994 2392 3028 Promptius
2405 3001 2451 3019 ex·-

320 3038 435 3074 pec‘tatio
448 3038 504 3063 Cic.
516 3043 564 3070 pro
577 3034 679 3061 Cluent.
700 3033 740 3063 63.
1365 3038 1398 3065 80
1418 3028 1521 3062 pediam
1537 3038 1543 3053 :
1572 3034 1637 3063 quot
1664 3029 1793 3056 amauerit
1808 3030 1906 3064 Hippia
1928 3028 2060 3055 moechos.
2152 3028 2245 3062 Capita
2260 3037 2348 3055 reruni
2367 3028 2449 3055 Plane

354 3081 371 3100 E
384 3080 426 3099 XP
438 3073 649 3100 iJC'rA‘MEN,
669 3067 728 3093 inis.
764 3074 790 3092 n.
827 3064 918 3091 Claud.
932 3066 1053 3091 Mamert.
1068 3073 1093 3097 2,
1109 3073 1136 3091 12
1161 3064 1355 3091 Conuenientia
1417 3064 1503 3090 Truc.
1524 3074 1556 3097 4,
1576 3072 1597 3095 3,
1618 3066 1653 3091 16.
1721 3065 1782 3090 Liu.
1803 3074 1852 3098 34,
1888 3085 1894 3090 .
1932 3083 1939 3090 .
1973 3064 2112 3090 Caeterum
2131 3072 2177 3090 nec
2195 3065 2303 3090 Causam
2322 3063 2463 3091 aduentus*

318 3109 362 3135 vel
382 3107 494 3134 iucunda
511 3103 703 3140 expeetainini,
727 3104 766 3128 vti
785 3100 820 3127 ibi
839 3100 970 3135 adscripsit
989 3100 1078 3127 Barth.
1094 3107 1121 3136 p.
1137 3110 1187 3135 ¹57·
1240 3099 1288 3128 Sed
1304 3099 1355 3137 ipſse
1419 3099 1478 3125 satis
1496 3098 1659 3133 expediebat.
1762 3100 1862 3126 Sallust.
1883 3101 1911 3126 in
1923 3098 2040 3133 Iugurth.
2061 3108 2081 3124 c.
2097 3107 2109 3131 ς
2127 3107 2168 3134 pr.
2195 3099 2243 3125 Sed
2262 3100 2349 3135 prius,
2369 3106 2449 3134 quam

319 3152 413 3174 monet,
432 3142 556 3178 legendum
570 3137 737 3175 aspeciamini
748 3157 756 3169 ,
774 3138 793 3162 i.
807 3135 930 3171 aspeehii.
1419 3134 1570 3161 huiusmodi
1585 3134 1624 3161 rei
1637 3134 1745 3160 Initium
1766 3135 1919 3169 expediam,
1934 3143 2012 3168 pauca
2027 3134 2101 3168 supra
2117 3140 2241 3169 repetam.
2335 3135 2450 3162 Natura!

355 3186 372 3206 E
382 3185 423 3204 ΧΡ
433 3185 449 3204 E
459 3183 476 3204 c
487 3183 569 3204 TA'r
581 3182 600 3202 0
610 3182 645 3206 R,
677 3174 740 3200 oris,
775 3181 811 3199 m.
846 3170 978 3197 Paullinus
998 3169 1118 3196 Nolanus
1141 3170 1219 3205 Epist.
1237 3178 1269 3202 31
1289 3171 1357 3202 (11)
1420 3179 1498 3204 3ρ11111
1514 3170 1608 3205 virgil.
1624 3170 1720 3203 Georg.
1735 3178 1763 3202 4,
1778 3178 1832 3202 ¹49·
1924 3169 1991 3195 Ter.
2005 3169 2108 3195 Phorm.
2124 3178 2146 3199 2,
2168 3178 2197 3202 3,
2210 3179 2240 3203 52
2265 3169 2388 3196 Dilucide
2406 3177 2450 3197 ex·

320 3223 347 3241 ῃ,
367 3222 379 3247 5
405 3220 469 3239 extr,
1371 3217 1399 3246 35
1420 3205 1528 3240 pediui,
1545 3205 1641 3240 quibus
1662 3214 1704 3230 me
1726 3205 1847 3239 oportuit
1865 3204 2013 3236 iudicibus,
2038 3207 2055 3231 i.
2078 3205 2205 3238 Probaui,
2222 3208 2304 3241 inquit
2323 3206 2452 3232 Donamsi

357 3256 373 3276 E
383 3257 400 3276 x
410 3256 425 3275 Ρ
437 3254 453 3274 E
463 3254 510 3275 CT
520 3251 665 3277 ATR1x‚
686 3243 744 3270 icis.
779 3242 799 3268 f.
835 3241 954 3268 Tei-tull.
970 3239 1028 3266 adu.
1042 3241 1123 3266 Marc.
1135 3248 1164 3273 4,
1179 3242 1215 3267 16.
1419 3242 1554 3274 Praeuisa,
1577 3248 1601 3267 et
1615 3239 1723 3272 Subita,
1748 3241 1799 3266 vid.
1821 3250 1846 3266 n.
1860 3249 1883 3266 2.
1954 3240 2035 3271 Rem,
2062 3244 2079 3266 ι’.
2099 3241 2239 3276 impeditam
2253 3242 2377 3275 explicare
2394 3240 2449 3267 eie.

358 3290 375 3310 iz
388 3291 404 3309 x
414 3290 477 3311 νεα
487 3287 605 3309 ΤΑΒιι.
615 3288 625 3306 1
635 3287 647 3306 s
659 3299 667 3312 ‚
691 3288 714 3306 e.
751 3277 811 3304 Adi.
847 3276 922 3313 Apud
935 3276 1026 3303 Tacit.
1051 3278 1154 3311 itemque
1167 3274 1288 3302 Prudent.
1307 3275 1357 3312 legi·
1421 3276 1472 3303 off.
1488 3285 1510 3307 2,
1525 3285 1559 3309 33·
1652 3275 1757 3301 Exitum
1777 3276 1909 3302 institutae
1925 3276 2052 3301 orationis
2073 3276 2142 3302 Idem
2157 3277 2226 3302 Fam.
2239 3284 2261 3308 3,
2277 3284 2312 3302 12.
2382 3276 2450 3302 Ten

319 3318 421 3346 dicitur.
1419 3312 1524 3338 Phorm.
1539 3321 1558 3343 ι,
1571 3320 1598 3344 4,
1612 3319 1646 3337 20
1673 3312 1759 3345 Atque
1778 3311 1794 3336 fi
1815 3317 1903 3344 potes,
1923 3310 2006 3336 verbo
2025 3312 2116 3345 expedi
2135 3320 2197 3337 vno.
2393 3308 2414 3347 fl
2430 3311 2462 3346 4,

358 3361 424 3380 exe
435 3360 450 3380 r.
461 3350 611 3382 c'roim,
630 3353 682 3375 are.
719 3347 876 3382 [ἒκςρρνίζω]
924 3348 1002 3373 Extra
1015 3344 1103 3382 petius
1120 3347 1212 3371 eiicere.
1261 3345 1354 3371 Accius
1420 3348 1545 3374 formulae
1565 3348 1627 3372 aliae
1639 3356 1646 3370 :
1683 3346 1742 3372 Liu.
1765 3354 1811 3378 39,
1848 3365 1854 3371 .
1892 3365 1897 3371 .
1935 3346 1997 3372 Non
2013 3347 2092 3373 modo
2106 3353 2221 3378 caetera,
2241 3345 2282 3372 sed
2300 3355 2333 3372 ne
2350 3355 2378 3372 in
2392 3353 2462 3380 pro-2¹

322 3388 474 3419 Phoenissis,
493 3387 611 3414 Incusant
624 3385 694 3411 vltro
706 3393 720 3410 a
733 3384 839 3410 fortuna
852 3381 998 3418 opibusque
1010 3381 1133 3408 omnibus
1145 3379 1275 3406 desertum
1284 3399 1292 3411 ,
1308 3380 1354 3406 ab·
1366 3393 1401 3416 90
1417 3383 1517 3408 ximam
1531 3382 1637 3417 quidem
1654 3381 1768 3412 110ξῖοη1,
1787 3381 1832 3407 vbi
1845 3386 1903 3406 tuto
1916 3381 2098 3415 custodiretur,
2116 3381 2302 3416 expediebant,
2321 3385 2367 3407 int.
2382 3375 2462 3408 Com-‘2'

323 3424 436 3453 iccium,
455 3423 596 3454 afflietum,
616 3427 640 3446 et
653 3420 742 3446 animo
755 3418 933 3453 expectorant.
983 3416 1055 3444 Idem
1067 3417 1203 3450 Epigono,
1224 3415 1352 3449 Eloquere
1418 3417 1515 3444 filium.
1609 3417 1665 3443 Cic.
1679 3418 1749 3442 Fam.
1762 3424 1788 3450 7,
1804 3425 1814 3448 3
1836 3416 1906 3449 Ego,
1928 3416 1943 3441 si
1960 3426 2023 3451 quae
2039 3418 2101 3444 volo
2115 3417 2273 3452 expediero,
2295 3416 2372 3442 breui
2386 3423 2411 3442 te
2438 3423 2444 3446 ῑ

322 3459 445 3492 proprie,
462 3467 489 3483 ac
504 3466 626 3492 pauorem
643 3455 712 3482 hunc
727 3463 815 3481 meum
828 3453 976 3487 expthora.
1046 3453 1143 3478 Ennius
1163 3450 1247 3485 (apud
1259 3451 1312 3477 Cic.
1322 3450 1353 3476 de
1418 3461 1482 3486 pore
1496 3459 1534 3481 te,
1555 3458 1582 3479 vt
1602 3453 1692 3486 spem,
1712 3451 1826 3482 videbo,
1845 3455 1891 3477 int.
1914 3452 2036 3486 Negotia.
2134 3455 2206 3480 Idem
2225 3452 2255 3477 de
2281 3452 2350 3478 Clar.
2374 3452 2428 3478 Ora

325 3494 398 3518 Orat.
414 3501 435 3524 3,
451 3501 493 3525 ¹34
516 3501 536 3518 c.
553 3499 587 3524 38.
623 3495 652 3517 it.
672 3496 714 3519 218
736 3499 756 3516 c.
772 3495 807 3523 58.
843 3496 866 3515 et
880 3489 962 3515 Tusc.
977 3496 1005 3522 4,
1025 3496 1053 3521 ¹9
1074 3496 1095 3514 c.
1110 3490 1142 3518 8)
1175 3486 1250 3526 Tum
1271 3494 1354 3520 pauor
1419 3495 1464 3521 154
1490 3487 1563 3513 Balbi
1577 3487 1648 3513 110611
1667 3494 1692 3512 et
1706 3486 1803 3513 eruditi
1817 3486 1932 3512 hominis
1954 3488 1978 3513 in
1994 3495 2104 3523 vtraque
2117 3497 2146 3515 re
2165 3486 2351 3514 consideratam
2369 3482 2462 3513 tardiai

324 3528 475 3559 sapientiam
488 3527 554 3553 mihi
568 3536 673 3554 omnem
688 3526 837 3552 exanimato
855 3523 1011 3558 expectorat.
1066 3523 1132 3548 Haec
1146 3521 1251 3547 Nonius
1270 3530 1295 3553 i,
1317 3529 1355 3554 52.
1417 3527 1496 3549 tatem
1512 3522 1591 3554 vicit,
1610 3521 1779 3555 expediendis
1799 3521 2016 3558 conficiendisque
2036 3523 2132 3550 Rebus.
2203 3522 2311 3549 Nimiae
2332 3519 2448 3555 voluptas

325 3561 457 3594 Quinem.
471 3566 492 3592 8,
506 3570 527 3593 3,
540 3571 564 3593 31
588 3563 620 3588 At
633 3568 733 3588 veteres
744 3570 776 3587 ne
790 3558 929 3595 expeHorat
942 3558 1048 3593 quidem
1061 3558 1206 3584 timuerunt
1223 3557 1356 3592 (tanquam
1367 3569 1399 3595 95
1419 3564 1473 3591 tes,
1490 3566 1571 3593 quum
1585 3563 1689 3583 vacaret
1703 3567 1708 3582 z
1733 3558 1835 3591 quoties
1855 3558 2003 3591 expediret,
2022 3568 2130 3594 magnae
2150 3558 2258 3584 virtutes
2277 3558 2367 3584 Tacit.
2381 3555 2447 3584 Hiff.

323 3597 430 3632 injolenr
443 3596 560 3630 verbum)
584 3597 614 3622 Et
628 3598 684 3623 sane
698 3597 815 3623 eiusdem
827 3602 904 3621 notae
916 3593 952 3620 est
967 3596 1100 3619 exanimat.
1421 3602 1449 3626 1,
1470 3602 1508 3625 10,
1527 3602 1546 3625 3.
1618 3594 1667 3619 Pro
1683 3594 1788 3624 Parare,
1801 3595 1853 3625 Jnic
1868 3595 2031 3628 Priieparare:
2058 3595 2125 3621 Tac.
2140 3592 2206 3619 Hist.
2220 3602 2244 3626 ι,
2264 3597 2292 3622 88
2317 3593 2414 3619 Multos
2432 3598 2447 3618 e

359 3637 504 3657 EXPECV
518 3637 533 3655 L
545 3637 637 3656 1ΑΤ1
661 3632 749 3662 Serui,
774 3641 789 3658 a
804 3632 890 3658 Plauto
910 3629 1045 3661 dicuntur,
1064 3631 1107 3665 qui
1119 3628 1218 3664 peculio
1231 3627 1295 3665 fiant
1315 3636 1354 3653 ex·
1418 3627 1628 3663 magistratibim,
1646 3636 1765 3662 magnam
1783 3628 1965 3655 Consularium
1988 3637 2088 3664 partein
2112 3631 2195 3655 secum
2217 3628 2342 3662 expedire
2359 3626 2446 3659 iuberi,¹

322 3664 412 3699 hausti.
448 3666 488 3691 Sic
506 3668 609 3690 inuenio.
644 3666 690 3691 Sed
706 3676 752 3692 non
764 3665 940 3702 praestiterim.
1411 3664 1450 3700 fi.
1469 3663 1502 3690 ad
1519 3665 1642 3690 militiam.
1760 3663 1850 3690 Tacit.
1864 3664 1929 3690 Hist.
1944 3674 1969 3697 2,
1982 3674 2016 3698 99
2047 3665 2200 3695 saccinam,
2220 3672 2249 3689 ac
2265 3664 2398 3689 Valentem
2415 3660 2446 3688 ad

359 3698 539 3737 EXPfiDiQ,
561 3700 616 3730 iui,
639 3702 721 3732 itum,
743 3704 791 3727 ire.
827 3700 958 3733 [α’νύττω,
981 3699 1105 3729 navarrico,
1124 3696 1241 3731 ἀπολύω]
1284 3698 1353 3724 Libe·
1420 3699 1518 3726 bellum
1538 3697 1656 3733 expediri
1677 3697 1758 3724 iubet.
1851 3700 1967 3734 Expedio
1987 3709 2029 3726 me
2044 3700 2076 3726 ad
2095 3699 2223 3730 Drusum,
2243 3698 2304 3725 inde
2323 3698 2354 3725 ad
2373 3698 2445 3724 Scau·
2464 3705 2466 3709 ·

322 3745 396 3767 rare,
414 3742 438 3762 et
457 3736 522 3775 (μαψ
537 3734 634 3775 pedum.
651 3736 783 3773 ligamenta
802 3735 942 3768 difloluere,
962 3734 1040 3766 vnde,
1061 3741 1083 3759 et
1098 3740 1146 3768 pro
1162 3735 1308 3767 Expltrare,
1329 3740 1353 3760 et
1360 3747 1407 3766 100
1417 3744 1493 3767 rum,
1523 3737 1570 3761 int.
1590 3735 1695 3769 negotiis
1715 3735 1787 3764 aliis,
1802 3741 1830 3760 vt
1848 3735 1885 3760 his
1907 3744 2002 3770 operam
2021 3735 2078 3761 dare
2090 3733 2176 3769 poffim
2197 3734 2251 3760 Cic.
2266 3735 2344 3760 Attic.
2359 3742 2392 3766 4,
2411 3737 2444 3765 ις.
2468 3742 2471 3754 ¹

316 3772 436 3807 proferre
452 3776 562 3805 ponitur.
617 3769 758 3802 Expedite,
778 3770 882 3797 Donato
896 3770 969 3804 tiste,
990 3770 1023 3796 ad
1036 3770 1099 3796 Hec.
1114 3776 1135 3801 ς,
1149 3777 1175 3800 1,
1188 3774 1218 3797 28
1246 3768 1352 3800 dicitur,
1417 3769 1569 3804 Expedibo,
1584 3776 1633 3803 pro
1645 3769 1787 3803 Expediam
1801 3780 1806 3795 ε
1832 3771 1911 3796 Plaut.
1928 3771 2011 3797 Truc.
2027 3774 2041 3801 ,(
2050 3778 2068 3800 1,
2082 3777 2103 3801 2,
2117 3772 2163 3801 36)
2185 3768 2259 3802 Qiid
2271 3769 2323 3794 iarn
2336 3765 2452 3795 amabo?
2472 3783 2476 3785 >

322 3807 376 3840 Qii
391 3805 482 3840 pedem
496 3810 624 3831 retentum
638 3803 739 3842 liberat.
845 3806 900 3832 Cic.
920 3807 947 3831 in
962 3806 1046 3832 Pison.
1060 3813 1095 3839 74
1117 3813 1137 3829 c.
1154 3812 1183 3835 30
1208 3805 1352 3831 Haererem
1418 3812 1446 3832 D.
1467 3803 1606 3838 expedibo.
1668 3804 1764 3830 Hirtius
1783 3805 1986 3837 Eumenidibus,
2010 3805 2039 3832 Id
2058 3813 2107 3837 ego
2126 3813 2239 3838 aequum
2260 3804 2343 3838 aptius
2361 3801 2444 3829 fecisse
2473 3797 2477 3823 Ῑ

320 3844 407 3873 0111111,
428 3840 475 3867 nisi
489 3846 517 3866 tu
530 3848 570 3866 me
585 3837 733 3877 expediil'eS.
802 3840 869 3865 Hor.
883 3841 962 3874 Epod.
979 3850 1010 3873 ii,
1024 3848 1054 3875 37
1074 3839 1147 3866 Vnde
1161 3839 1284 3873 expedire
1297 3848 1351 3866 non
1415 3840 1547 3874 expedibo
1565 3845 1644 3873 atque
1663 3839 1779 3874 eloquar.
1838 3843 1903 3867 Haec
1922 3848 1946 3866 et
1955 3843 2028 3875 plura
2047 3840 2118 3866 Non.
2133 3848 2159 3872 7,
2173 3844 2212 3872 78.
2238 3847 2261 3865 ct
2276 3848 2313 3871 10,
2328 3847 2340 3871 5
2363 3848 2387 3873 p.
2401 3841 2444 3870 505
2472 3843 2478 3858 '¹

318 3877 463 3903 amicorum
483 3880 582 3910 queunt
616 3873 713 3900 leem
732 3873 844 3900 consilia·
948 3876 1086 3910 Expeditus
1105 3874 1140 3901 est
1160 3874 1279 3901 Scribon.
1299 3882 1348 3908 171.
1415 3877 1495 3902 Mero.
1549 3874 1615 3900 Plin.
1630 3875 1707 3908 Epist.
1722 3884 1759 3907 io,
1774 3878 1807 3908 69
1835 3877 1956 3909 Qiorum
1971 3875 1988 3901 fl
2007 3874 2073 3900 nihil
2093 3874 2171 3900 nobis
2191 3874 2243 3900 loci
2263 3881 2355 3900 natura
2373 3879 2443 3908 prae-

314 3915 332 3938 i.
350 3911 475 3939 liberatus
493 3910 539 3940 est.
643 3908 776 3935 Contraria
787 3918 795 3934 .·
831 3909 901 3937 Ter.
911 3910 990 3939 Andr.
1002 3920 1026 3944 3,
1043 3920 1065 3944 5,
1079 3919 1103 3938 ii
1128 3909 1221 3937 Viden’
1234 3918 1276 3937 me
1292 3909 1345 3936 tuis
1357 3921 1401 3948 105
1411 3910 1504 3943 staret,
1530 3909 1683 3944 expeditum
1707 3916 1795 3937 tamen
1818 3918 1873 3939 erat
1900 3909 2034 3938 cataractis
2059 3918 2141 3944 aquae
2168 3910 2271 3937 cursum
2291 3914 2442 3943 temperare.

2304 3942 2360 3982 ⁴12·
2393 3942 2440 3969 Ex-
