2479 4225
0 2179 4 2183 ”
45 2183 149 2219 confusa
162 2183 221 2217 effe,
239 2183 306 2209 docet
318 2182 389 2210 Drak

0 181 744 255 '-265⁷‘DON
1299 238 1302 240 ,
1542 193 1823 238 DoR
2112 205 2187 240 266

64 292 111 310 non
133 280 175 316 ff
193 281 310 309 docebunt
327 283 441 318 exempla.
476 282 582 317 leian.
604 282 620 308 l.
641 289 688 315 ¹94
706 280 738 306 de
756 280 790 305 V.
809 278 833 305 S.
852 280 924 306 Inter
942 278 1049 305 Donum
1068 284 1093 306 et
1154 281 1200 307 suo
1213 289 1241 307 ac
1256 280 1382 315 peculiari
1397 281 1461 312 deo,
1480 285 1498 309 i.
1507 281 1560 317 fibi
1578 286 1604 309 in
1624 283 1737 310 bonorem
1757 287 1809 311 cius
1827 287 1928 322 ignosci.
1977 289 2017 316 Sic
2030 289 2135 316 Donate
2154 287 2188 322 est

62 318 158 348 Munus
176 316 225 344 hoc
245 318 366 351 interest,
386 317 457 353 quod
477 318 547 344 inter
570 327 649 351 genus
668 322 694 342 et
712 315 831 349 speciem.
845 350 849 353 -
867 315 937 340 Nam
952 323 1030 348 genus
1043 316 1090 341 else
1157 318 1324 342 Iutrrmitterc
1339 317 1434 351 aliquid
1445 321 1471 343 in
1485 321 1594 354 gratiam
1604 321 1716 346 alterius.
1753 320 1807 346 Cic.
1822 322 1892 348 Fam.
1907 331 1928 354 5,
1940 332 1959 355 4
1985 325 2060 351 Tuas
2073 325 2187 351 inimici-

64 352 161 379 donum
174 353 261 379 Labeo
275 354 357 388 (ait)
374 362 387 380 a
402 353 525 380 donando
545 353 661 383 dicium,
672 359 764 376 munus
783 350 920 389 speciem..
940 350 1012 389 Nam
1031 352 1090 376 Mu·
1156 352 1204 378 tias
1219 358 1245 378 vt
1261 352 1334 386 Reip.
1352 351 1471 378 donat-cs.
1513 354 1570 381 Vid.
1586 355 1661 381 Gron.
1676 355 1777 390 Obstru.
1796 365 1819 387 3,
1833 366 1868 387 23.
1906 359 1988 384 Burni.
2008 361 2041 385 ad
2054 360 2185 394 Qiinftil.

63 386 111 415 nus
132 388 178 415 effe
197 388 296 415 donum
315 398 374 414 cum
393 390 481 421 causa,
508 395 536 415 vt
554 394 614 423 puta
631 384 794 417 natalitium,
822 385 1003 419 nuptalicunu.
1046 387 1091 412 Ve-
1157 388 1226 413 Decl.
1243 395 1262 419 1,
1275 396 1290 420 9
1310 396 1335 421 p.
1350 395 1388 413 22.
1407 394 1429 413 et
1442 390 1563 416 Drakenli.
1577 389 1610 416 ad
1622 390 1666 416 Sil.
1680 398 1712 422 15,
1726 392 1784 423 603.
1821 392 2081 429 lnterdumjignsfifflt
2095 397 2187 422 Remu-

63 433 117 451 rum
130 430 153 449 et
166 422 213 456 tsta
225 424 344 459 subtilius
358 424 409 450 dici
427 434 497 460 qaam
518 428 613 453 verius,
626 427 735 456 apertum
749 417 790 452 est.
827 421 952 446 Caeterum
964 423 1040 447 multa
1052 422 1092 448 hic
1117 426 1131 452 ς
1155 429 1204 448 ιε’-ι’
1217 423 1330 455 laborem,
1343 429 1387 448 etc.
1410 423 1455 449 su.
1472 432 1490 456 1,
1504 430 1554 459 487
1576 426 1690 458 Pyrenen
1700 425 1831 460 Alpesque
1844 426 1894 452 tibi
1909 435 1965 452 ulca
1979 430 2083 457 dcxtcra
2096 431 2186 457 donat.

65 461 188 493 lutei-prr.
248 459 417 494 Philosophia
432 460 530 486 donum
544 459 651 485 deorum
664 455 699 481 est
712 455 768 481 Cic.
783 455 865 481 Tusc.
883 464 890 481 1
906 465 926 481 c.
941 459 982 482 26.
1038 457 1091 482 Do·
1161 458 1217 483 l'iil.
1233 457 1356 484 Dralccnb.
1371 458 1404 484 ad
1422 460 1466 484 loc.
1503 461 1607 487 Donat-e
1627 470 1675 496 pro
1693 462 1824 488 Exhibere
1842 461 1961 488 Sci-ibon.
1977 472 1999 495 13
2016 473 2092 492 metuo
2109 476 2137 492 ne
2147 465 2186 500 Jit

37 497 40 499 ’
63 502 126 520 num
139 494 175 519 est
193 493 317 521 diuinum
336 496 446 522 rationis
458 502 483 522 ct
502 493 601 522 consilii
633 490 704 517 Idem
717 490 749 516 de
763 490 798 516 N.
815 491 846 516 D.
860 499 880 522 3,
896 498 934 525 75.
1005 492 1091 518 Musa·
1153 503 1168 520 a
1182 493 1285 519 librario
1299 493 1475 529 fivm'barbaiv.

62 537 121 555 rum
135 529 203 555 dona
217 531 283 557 Hor.
297 530 375 565 Epist.
389 540 414 563 2,
429 540 446 562 1,
460 539 514 564 243·
583 527 700 554 Naturae
715 525 783 565 dona
798 526 854 551 Cic.
870 526 900 566 de
909 528 982 553 Orat.
998 535 1006 553 1
1021 536 1040 553 c.
1052 535 1091 560 25.
1191 535 1208 554 D
1219 536 1237 554 0
1247 536 1267 556 N
1279 531 1299 555 Ᾱ
1309 535 1329 554 Τ
1339 536 1359 555 V
1370 536 1382 555 S
1393 549 1400 561 ,
1421 537 1444 560 a,
1464 537 1516 554 11111.
1553 530 1644 557 Partic.
1680 529 1864 567 [διδωρημένοῃ
1880 529 1998 567 δωρητδς]
2033 534 2077 559 Cui
2090 536 2186 570 aliquid

61 563 134 590 Idem
147 574 195 598 pro
210 565 286 592 Arch.
300 571 324 596 18
339 575 361 592 c.
374 572 387 596 8
422 569 509 600 Qiare
528 563 573 589 suo
592 561 650 588 iure
663 560 751 587 noster
763 561 808 587 ille
823 562 921 587 Ennius
935 562 1035 588 sandlos
1049 571 1091 596 ap·
1155 563 1217 590 dono
1239 565 1321 590 datum
1334 563 1382 596 ‚est
1420 565 1493 598 Virg.
1508 565 1572 590 Aen.
1587 574 1608 598 5,
1622 575 1666 598 305
1705 568 1794 594 Nemo
1807 576 1838 594 ex
1859 567 1908 594 hoc
1921 577 2032 594 numm-0
2052 569 2117 595 mihi
2130 579 2185 597 110„

80 599 140 626 ellat
147 601 250 627 Poetas:
269 601 340 635 quod
355 602 424 636 quasi
439 603 548 628 deorum
561 597 653 631 aliquo
666 596 737 623 dono
751 602 829 631 atque
843 606 951 624 munere
959 606 1090 624 commen·
1109 604 1137 624 ¹0
1155 599 1264 625 donatus
1283 599 1376 626 abibit.
1446 600 1698 633 Magnificentilliine
1721 604 1830 629 donatos
1850 602 1948 629 dimifit
1977 605 2051 629 cin-t.
2068 612 2104 636 10,
2118 614 2145 637 4,
2160 614 2185 640 7.

32 655 34 657 ,
62 607 116 661 Sati
129 635 206 662 nobis
221 637 268 662 effe
283 637 430 664 videantur.
481 634 553 661 Idem
567 640 615 666 pro
629 631 731 659 Cluent.
751 634 785 657 66
824 633 945 659 Tantum
959 633 1034 659 donis
1048 632 1091 659 da·
1121 637 1125 641 '
1154 635 1210 661 Cic.
1231 636 1301 661 Brut.
1321 637 1337 660 6
1377 635 1472 669 Neque
1492 635 1667 667 Dyrrhachini
1688 638 1848 670 infitiantur,
1867 638 1908 664 sed
1928 637 1975 665 fibi
1997 637 2121 664 donatum
2143 649 2186 666 aes

62 670 95 696 tis
109 670 313 706 muneribusque
327 672 532 707 perfecerat,vt,
545 674 592 694 ete.
767 665 788 704 ff
809 676 821 693 2
858 668 987 702 Epitheta:
1013 669 1091 703 Agre·
1154 670 1270 696 alienum
1288 679 1302 696 a
1322 670 1430 696 Caesare
1448 670 1546 696 dicunt.
1619 674 1709 699 Homo
1731 673 1801 708 qnasi
1827 674 1921 700 diuino
1943 683 2051 700 inuuere
2073 674 2185 701 donatus

61 705 98 731 ste
111 705 209 732 donum
224 707 269 733 Sil,
286 716 320 739 13,
343 727 362 734 ,,
400 727 406 734 ,
475 702 634 737 Ampliss'ima
649 702 838 736 imperatorum
853 703 936 735 dona,
957 703 1010 730 oia'.
1030 712 1089 730 ΛΜ-
1154 705 1230 739 Reip.
1245 706 1301 731 Cic.
1316 705 1347 731 de
1359 706 1450 739 Arusp.
1465 707 1539 740 Resp.
1555 707 1572 732 6
1585 716 1606 732 c.
1620 718 1647 741 4.
1719 710 1815 736 Donati
1829 709 1931 735 incolae
1944 709 2020 735 Latio
2032 709 2097 736 Plin.
2110 718 2184 742 3‚20.

62 746 145 767 eivs.
216 742 299 769 Rrenc
312 743 409 769 donum
421 739 509 773 exigui
529 738 656 772 temporis
674 738 732 764 Sen.
747 738 855 773 Hippoi.
870 739 889 764 s.
904 740 929 764 6.
1000 740 1091 766 Cerea·
1154 741 1235 767 Toro
1250 740 1341 775 aliquo
1355 740 1449 766 donata
1466 742 1544 775 virgo
1557 742 1648 769 Claud.
1663 744 1774 778 Epithal.
1788 744 1882 771 Pallad.
1895 751 1921 771 et
1935 746 2019 771 Celer.
2031 752 2070 777 51.
2122 746 2185 772 Pro-

32 773 37 778 *
62 775 98 804 lia
110 775 192 807 dona,
212 780 230 803 i.
250 779 328 804 Panis
339 777 382 804 Sil.
397 784 421 810 7,
436 779 482 806 183-
555 774 629 810 Ditia
646 773 706 799 Stat.
720 773 812 800 Theb.
826 783 864 807 10,
875 779 926 805 338.
997 775 1091 801 Dulcia
1111 780 1135 806 ¹5
1155 776 1229 802 miss'o
1243 776 1338 802 donata
1351 775 1387 801 est
1401 785 1508 802 munere
1523 777 1601 811 pubes
1615 779 1659 804 Sil.
1676 782 1713 812 16,
1751 800 1757 806 .
1796 800 1801 806 .
1867 780 2003 807 Diuinitus
2023 786 2128 807 aeterna
2140 780 2186 807 do-

61 810 151 837 Claud.
167 812 255 846 Epigr.
273 819 313 846 82,
328 821 346 839 ι,
413 808 524 836 Exitiale
543 809 642 835 donum
671 810 744 843 Virg.
759 809 823 835 Aen.
845 817 867 841 2,
882 817 917 841 31.
988 810 1090 837 Feralia
1153 818 1212 837 nata
1227 811 1307 836 salute
1321 820 1352 836 an
1365 809 1419 844 fint
1432 812 1537 840 moenia
1550 813 1657 840 mundi?
1678 819 1773 849 quaerit
1792 816 1894 842 Lucret.
1910 824 1932 848 5,
1947 824 2012 849 1214.

60 845 128 872 dona
142 847 222 873 Ouid.
238 849 300 874 Met.
314 855 340 880 9,
354 853 403 876 213.
474 844 591 871 Grandia
612 843 681 870 dona
701 845 775 871 Idem
788 843 865 878 Epist.
882 853 903 876 3,
916 852 955 875 30.
1028 847 1091 872 Gra·
1189 852 1207 874 D
1220 851 1239 871 0
1250 853 1395 878 NATlO,
1414 848 1481 873 onis.
1503 848 1521 873 f.
1557 846 1688 884 [ὃώρησις]
1725 850 1902 878 Donationem
1916 852 2022 885 proprie
2035 849 2087 877 dici
2103 849 2185 885 existi.

59 881 104 907 via
117 881 185 909 dona
199 892 264 909 auro
279 883 351 916 Visg·
366 882 430 907 Aen·
444 888 466 912 3,
480 882 543 912 464-
616 879 698 906 0¹¹id·
713 881 776 906 Met.
790 888 813 912 32
827 888 875 912 309
901 880 1037 915 DOUiSque
1051 883 1092 908 lu-
1153 888 1204 908 mat
1216 881 1343 915 leianus
1360 882 1376 907 l·
1392 891 1399 907 1
1422 883 1453 910 l).
1473 883 1505 909 de
1519 884 1712 911 Donationibus
1722 905 1730 916 ,
1749 894 1831 918 quum
1851 887 1910 920 quis
1929 895 1958 913 ea
1979 893 2066 913 niente
2085 887 2138 919 dat,
2157 894 2186 913 vt

58 916 161 950 galihus
177 918 245 945 πῆς,
314 918 428 945 Lenaea,
448 916 537 941 Vinum
555 914 626 941 Stat.
647 915 711 941 Silu.
725 925 753 948 4,
772 917 797 940 6.
868 915 984 942 Leuiora
1008 917 1089 944 Ouid.
1152 917 1238 943 statim
1253 916 1320 943 velit
1337 917 1489 951 accipientis
1508 919 1584 952 fieri,
1603 929 1649 946 nec
1662 920 1718 947 vllo
1732 921 1789 945 casu
1804 920 1834 946 ad
1855 923 1879 947 se
1898 923 2011 953 reioerti3
2033 929 2057 948 et
2079 929 2187 956 proptu·

59 952 123 978 Mer.
138 962 171 985 13,
186 961 245 989 702.
312 951 442 978 Militaria
469 951 537 977 Suet.
552 951 618 985 Aug.
646 959 666 976 c.
681 958 720 983 25.
777 950 868 977 Tacit.
890 952 957 976 Ann.
978 959 1001 982 2,
1020 961 1045 985 9,
1062 962 1088 986 4.
1099 954 1134 973 20
1153 952 1252 978 nullam
1267 952 1345 978 aliam
1361 954 1462 979 causam
1482 954 1559 987 facit,
1583 964 1661 988 quam
1681 961 1709 981 vt
1726 954 1913 982 liberalitatem
1931 963 1957 982 et
1977 957 2186 984 munificentiam

59 987 114 1014 Cic.
135 997 183 1023 pro
202 989 318 1017 Muraen.
389 986 528 1020 Nuptialia
553 985 625 1012 Idem
644 994 693 1020 pro
711 984 814 1011 Cluent.
830 991 860 1015 28
886 995 907 1012 c.
922 995 946 1017 9.
972 987 1028 1013 md,
1043 989 1090 1023 jab
1152 993 1284 1014 exerceat:
1304 987 1375 1021 quod
1390 988 1407 1014 fi
1421 989 1467 1015 sub
1481 989 1633 1016 conditione
1645 990 1705 1022 fiat,
1719 999 1772 1015 non
1785 990 1820 1016 est
1834 990 1952 1018 donatio.
1996 994 2051 1019 Cic.
2068 994 2096 1019 in
2110 995 2185 1020 Orat.

58 1029 154 1051 ΝνΒΟ.
224 1022 355 1056 Praelarga
380 1021 472 1048 Claud.
488 1021 519 1047 de
533 1020 607 1047 Sext:
618 1022 695 1048 Cons.
709 1022 780 1047 Hon.
795 1029 834 1055 73.
906 1022 1019 1048 Pretiosa
1032 1024 1088 1049 Seu.
1152 1031 1180 1055 19
1200 1024 1235 1049 Vt
1253 1031 1350 1049 corona
1368 1032 1445 1050 aurea
1466 1024 1622 1057 donaretur,
1640 1034 1721 1060 eaque
1735 1025 1844 1052 donatio
1866 1025 1941 1052 fieret
1960 1027 1988 1052 in
2003 1029 2122 1061 theatro,
2140 1037 2185 1063 po-

59 1058 130 1085 Med.
149 1060 167 1085 s.
187 1067 222 1085 10.
291 1057 402 1092 Prodiga
434 1057 496 1083 Stat.
513 1056 577 1083 Silu.
590 1065 615 1089 2,
631 1065 649 1087 1,
664 1063 715 1089 157.
787 1056 883 1091 Regale
903 1057 1088 1092 interuersum,
1151 1059 1217 1093 pulo
1232 1064 1387 1085 conuocare.
1460 1061 1515 1086 Cic.
1529 1061 1642 1095 Philipp.
1658 1070 1686 1095 4,
1699 1069 1715 1093 9
1735 1070 1755 1086 c.
1772 1069 1790 1094 4
1824 1061 1898 1093 Quos
1912 1070 1966 1086 non
1986 1061 2118 1089 bonorum
2139 1063 2186 1090 do-

57 1093 109 1120 vid.
131 1098 355 1120 1NTERVERTO.
426 1093 508 1126 Regia
535 1092 610 1126 Virg.
625 1093 688 1117 Aen.
708 1100 728 1123 1,
743 1094 803 1124 696.
876 1092 980 1119 Rustica
1007 1095 1087 1121 Ouid.
1151 1094 1241 1125 natio,
1261 1102 1316 1119 non
1330 1102 1453 1127 agrorum
1467 1095 1617 1130 affignatio‚
1634 1105 1688 1122 nou
1707 1096 1753 1122 illa
1767 1095 1870 1122 infinita
1885 1097 2004 1130 Pompeii
2024 1097 2093 1124 hasta
2112 1100 2186 1126 satia-

58 1129 91 1155 de
103 1130 166 1156 Arte
179 1129 235 1155 Am.
250 1137 275 1161 2,
289 1131 347 1161 264.
420 1128 542 1162 SuspetEh
561 1129 637 1161 Virg.
657 1128 721 1162 Aeu.
743 1136 768 1159 2,
782 1130 821 1159 36.
892 1128 997 1155 Tristia
1014 1130 1088 1156 Idem
1102 1133 1133 1159 25
1151 1129 1198 1155 vit.
1235 1130 1284 1156 Pro
1296 1130 1427 1156 Immodica
1441 1137 1463 1155 et
1476 1131 1567 1167 vitioja
1579 1133 1721 1167 largitione.
1757 1131 1812 1157 Cic.
1827 1140 1875 1165 pro
1889 1132 1962 1158 Rosc.
1979 1133 2067 1159 Amer.
2083 1142 2114 1165 24
2135 1142 2156 1159 c.
2170 1143 2187 1166 9

57 1165 122 1190 Aen.
136 1173 158 1197 3,
169 1172 221 1197 301.
291 1162 424 1189 Vberiora
449 1163 531 1190 Ouid.
546 1163 623 1197 Epist.
645 1171 682 1196 17,
695 1171 754 1189 222.
826 1163 984 1189 Venerabile
1013 1166 1088 1200 Virg.
1151 1164 1282 1198 Rapinae,
1301 1164 1387 1197 furta,
1405 1165 1567 1192 donationes.
1621 1166 1693 1193 Idem
1712 1167 1788 1193 Vei-r.
1809 1175 1827 1197 1,
1845 1172 1884 1199 185
1919 1168 1994 1201 Qiae
2015 1173 2058 1193 tua
2078 1168 2187 1195 donatio

58 1200 121 1227 Aen.
142 1201 166 1231 6,
180 1207 241 1233 409.
310 1199 370 1225 Vile
390 1199 482 1225 Claud.
502 1198 533 1224 de
553 1198 634 1224 Laud.
656 1199 742 1224 Seren.
763 1206 803 1230 29,
820 1205 840 1230 3.
914 1200 1010 1226 Votiua
1031 1201 1088 1227 Sen.
1151 1200 1278 1233 singulari
1300 1200 1462 1234 impudentia
1483 1202 1609 1235 praedita.
1681 1202 1797 1228 Donatio
1815 1202 1909 1232 mortis
1928 1203 2018 1234 causa,
2038 1203 2091 1235 est,
2104 1213 2187 1238 quum

55 1235 163 1269 Hippol.
183 1243 206 1260 2.
367 1249 369 1251 ·
397 1232 418 1271 ff
438 1243 450 1266 3
494 1234 586 1260 Verba:
624 1233 747 1260 Abnuere
773 1234 842 1259 dona
865 1233 921 1259 Sen.
936 1235 1047 1267 Thyest.
1060 1238 1086 1263 6.
1151 1235 1219 1268 Qiis
1240 1235 1337 1261 habere
1358 1236 1382 1261 se
1399 1238 1515 1269 mauult,
1535 1246 1613 1272 quam
1627 1246 1704 1270 eum,
1722 1238 1764 1264 cui
1781 1237 1873 1264 donat:
1898 1239 2034 1272 magisque
2049 1247 2125 1272 eum,
2144 1240 2187 1265 cui

55 1270 190 1297 Abstinere
201 1269 272 1296 dono
286 1274 311 1296 et
324 1269 462 1304 patffioue,
497 1269 626 1295 Accedent
637 1269 687 1295 tibi
707 1278 721 1295 a
736 1277 779 1294 me
795 1268 879 1300 dona,
915 1270 1087 1298 Accumulare
1152 1269 1248 1302 donat,
1275 1279 1354 1305 quam
1374 1271 1497 1299 heredem
1517 1273 1592 1299 suum
1612 1272 1629 1298 l.
1644 1281 1652 1299 1
1670 1273 1702 1299 D.
1719 1272 1751 1299 de
1771 1272 1858 1300 donat.
1940 1274 2056 1300 Donatio
2076 1274 2189 1301 honoris

55 1305 130 1331 donis
142 1305 273 1339 aliquem,
344 1305 448 1332 Addere
466 1305 552 1337 dono,
573 1304 626 1331 vid.
640 1305 681 1331 hh.
694 1313 737 1330 vv.
811 1304 925 1331 Adolerc
938 1305 1029 1333 altaria
1044 1307 1088 1334 do·
1106 1315 1137 1339 3ο
1151 1307 1238 1337 causa,
1252 1304 1285 1339 est
1294 1326 1302 1338 ,
1319 1316 1392 1341 quam
1411 1317 1474 1333 vxor
1495 1311 1586 1334 marito
1605 1308 1639 1334 ad
1655 1308 1767 1334 honorem
1781 1318 1810 1334 ac
1824 1308 1971 1345 dignitatem
1985 1311 2091 1344 aliquam
2108 1310 2189 1346 conse-

54 1341 96 1367 nis
107 1341 209 1368 Lucret.
222 1348 328 1373 4,1231.
401 1341 456 1367 Cic.
478 1340 591 1375 Philipp.
613 1348 632 1373 1,
653 1348 683 1372 32
721 1340 785 1366 Non
803 1339 997 1368 intermittebas
1016 1343 1088 1376 quati
1149 1341 1269 1377 quendam
1282 1341 1363 1376 facit.
1401 1343 1479 1369 Caius
1494 1343 1510 1369 l.
1527 1352 1561 1376 42
1576 1344 1608 1369 D.
1625 1343 1657 1370 de
1678 1343 1764 1370 donat.
1785 1344 1853 1370 inter
1865 1343 1916 1370 vir.
1940 1344 2034 1378 Nuper
2053 1354 2091 1373 ex
2103 1345 2188 1372 indul.

54 1375 151 1402 donum
166 1375 273 1410 aliquod
290 1376 412 1410 quotidie
425 1376 525 1402 Afferre
540 1376 653 1410 Reipub.
725 1374 862 1401 Celebrari
882 1375 985 1402 honore
1003 1385 1029 1403 et
1043 1377 1089 1404 do-
1152 1378 1239 1411 gentia
1252 1377 1378 1412 principis
1392 1377 1521 1405 Antonini
1534 1384 1636 1413 recepta
1649 1379 1684 1405 est
1697 1379 1750 1405 alia
1768 1381 1840 1406 causa
1854 1379 2018 1412 donationis,
2032 1389 2109 1415 quam
2123 1381 2188 1407 dici-

52 1412 94 1437 nis
106 1411 176 1445 Virg.
184 1412 248 1437 Aen.
265 1416 287 1443 8,
301 1414 358 1441 268.
413 1412 508 1438 Colere
522 1412 619 1446 templa
633 1410 709 1437 donis
723 1411 823 1436 votiuis
838 1411 896 1437 Sen.
910 1412 1019 1447 Hippoi.
1033 1414 1051 1439 s.
1064 1422 1088 1440 2.
1151 1422 1210 1438 mus
1225 1413 1344 1439 Honoris
1363 1414 1453 1444 causa,
1473 1419 1501 1440 vt
1515 1423 1588 1446 ecce,
1612 1413 1629 1440 fi
1649 1423 1716 1441 vxor
1736 1415 1797 1441 viro
1811 1415 1951 1441 Laticlauii
1969 1416 2073 1450 petendi
2095 1416 2188 1450 gratia,

52 1445 79 1472 Si
92 1447 169 1478 scias,
183 1445 256 1481 quod
268 1446 367 1473 donum
381 1447 441 1474 huic
458 1447 529 1473 dono
545 1453 636 1473 contra
649 1448 792 1480 comparet
810 1446 879 1473 Ter.
895 1447 961 1473 Eun.
975 1456 1001 1480 2,
1012 1456 1035 1481 3,
1047 1452 1086 1480 63.
1151 1448 1246 1479 donet,
1264 1448 1306 1474 vel
1320 1454 1350 1474 vt
1368 1449 1496 1483 equestris
1514 1449 1617 1476 ordinis
1631 1449 1693 1482 fiat,
1711 1452 1753 1476 vel
1770 1450 1893 1476 ludorum
1907 1452 1997 1485 gratia.
2070 1453 2188 1479 Donatio

43 1475 180 1508 ⁴Conferre
193 1481 277 1514 dona,
301 1482 353 1508 vid.
381 1488 398 1509 C
412 1489 431 1509 o
442 1490 463 1508 N
473 1489 541 1509 FER
551 1489 578 1509 ο.
651 1480 779 1516 Congesta
800 1481 869 1508 dona
887 1482 1005 1517 vndique
1039 1484 1085 1510 Sil.
1104 1494 1133 1520 35
1150 1490 1259 1518 propter
1272 1484 1375 1518 nuptias
1391 1484 1505 1516 dicitur,
1526 1486 1601 1518 Qiae
1614 1491 1669 1511 tum
1689 1491 1762 1517 ante,
1783 1491 1838 1511 tum
1853 1486 1909 1519 post
1924 1486 2067 1513 contraftas
2084 1489 2188 1521 nuptias

49 1524 83 1548 13,
122 1537 128 1544 .
225 1518 429 1552 Corrumpentia
442 1519 527 1544 sensus
542 1518 610 1544 dona
625 1516 718 1543 Claud.
731 1517 763 1543 de
770 1518 849 1543 Tert.
863 1518 941 1544 Cons.
956 1519 1086 1549 Hon.188.
1150 1528 1165 1546 a
1178 1520 1239 1546 viro
1254 1520 1281 1545 in
1294 1520 1433 1545 mulierem
1448 1520 1601 1551 confertur3
1622 1523 1661 1546 ait
1673 1522 1769 1555 Imper.
1784 1519 1834 1557 §.3
1849 1521 1881 1546 de
1895 1521 1984 1549 donat.
1999 1529 2021 1548 et
2037 1522 2055 1548 l.
2068 1531 2098 1548 20
2111 1524 2140 1550 C.
2156 1523 2189 1550 de

47 1552 175 1579 Deamata
188 1552 272 1587 dona,
291 1553 344 1580 vid.
367 1560 487 1581 DEAMO.
544 1554 665 1579 Donum
684 1553 741 1578 Deo
761 1552 823 1579 dare
837 1553 905 1587 Nep.
924 1563 986 1587 4,1,
1000 1562 1021 1586 3.
1055 1556 1087 1581 Et
1151 1554 1239 1581 donat.
1253 1561 1312 1580 ante
1330 1560 1403 1588 nupt.

49 1588 373 1649 eratformulacfollemnis,
392 1587 423 1616 D.
437 1590 468 1615 D.
482 1590 522 1614 vel
534 1589 566 1614 D.
583 1590 608 1614 P.
630 1591 648 1614 i.
670 1588 768 1614 donum
781 1587 863 1618 dedit,
876 1589 976 1615 donum
989 1590 1086 1623 posuit.
1186 1596 1204 1616 D
1214 1596 1263 1615 ΟΝ
1273 1596 1398 1621 ATOR,
1417 1589 1479 1616 aris.
1499 1599 1535 1616 m.
1555 1593 1598 1625 qui
1610 1589 1695 1615 donat.
1716 1590 1828 1617 Hieron.
1851 1590 1883 1616 ad
1905 1590 2017 1625 Ctesiph.
2039 1601 2060 1617 c.
2075 1601 2088 1624 3
2117 1593 2189 1620 Sem-

54 1622 112 1649 Vid.
128 1622 203 1656 Briffi
240 1625 345 1650 e-Form.
361 1624 379 1650 l.
395 1633 413 1651 1.
454 1623 594 1657 Thomafin.
614 1623 642 1649 de
661 1625 758 1649 Donar.
830 1624 886 1649 Cic.
911 1632 959 1657 pro
981 1624 1086 1650 Cluent.
1149 1633 1196 1659 per
1210 1624 1338 1658 largitor,
1358 1624 1512 1659 semperque
1530 1625 1644 1651 donator
1663 1625 1732 1650 Deus
1749 1625 1793 1650 est.
1827 1625 1901 1651 Adde
1922 1626 1979 1651 Sen.
2000 1626 2111 1661 Hippoi.
2127 1635 2188 1655 1212.

50 1659 85 1684 66
114 1659 235 1685 Tantum
254 1659 331 1685 donis
351 1659 418 1686 datis
440 1659 649 1693 muneribusque
669 1658 830 1692 perfecerat,
845 1664 888 1691 vt,
901 1666 945 1684 etc.
1016 1660 1086 1686 Ter.
1094 1670 1131 1694 40
1148 1667 1172 1686 et
1186 1659 1332 1692 Symmach.
1347 1659 1425 1693 Epist.
1442 1669 1480 1689 10,
1494 1665 1516 1689 8.
1573 1659 1642 1686 Beda
1658 1659 1725 1684 Hist.
1740 1659 1806 1685 Eccl.
1821 1660 1897 1693 Angl.
1913 1668 1930 1690 1,
1945 1669 1985 1692 30.

50 1693 115 1720 Eun.
129 1704 157 1728 4,
171 1697 197 1726 6,
211 1703 239 1720 10
266 1696 340 1721 Hanc
359 1695 411 1721 tibi
425 1694 496 1721 dono
510 1694 554 1720 do.
610 1693 679 1719 Ibid.
696 1702 716 1725 1,
730 1703 750 1725 2,
765 1701 792 1726 55
834 1694 906 1720 Num
927 1694 997 1720 solus
1017 1695 1086 1721 dona
1183 1701 1202 1720 D
1212 1702 1230 1721 o
1240 1703 1260 1721 N
1272 1703 1291 1720 Α
1303 1702 1349 1720 TR
1361 1702 1366 1719 1
1379 1703 1413 1726 x,
1432 1695 1488 1720 icis.
1515 1694 1535 1720 f.
1571 1693 1694 1720 Prudent.
1707 1694 1817 1728 Hippoi.
1834 1694 1946 1728 passione
1959 1704 1985 1721 v.
2001 1702 2052 1729 171.
2087 1695 2156 1724 Add.
2171 1696 2189 1724 Ι.

50 1727 110 1754 dat3
179 1730 256 1755 Dono
277 1731 371 1756 dantur
389 1730 498 1765 agrestes
519 1729 547 1755 in
566 1729 717 1764 prouincias
731 1728 924 1762 magistratibus
942 1730 1002 1755 Sall.
1017 1730 1086 1755 Hist.
1148 1737 1173 1761 15
1187 1730 1216 1755 C.
1236 1730 1267 1755 de
1280 1731 1375 1755 Donat.

48 1762 67 1797 l.
84 1771 95 1795 3
116 1764 189 1790 Orat.
205 1763 305 1791 Eirinii
322 1774 347 1791 n.
367 1773 407 1801 27.
427 1769 445 1792 i.
465 1764 636 1795 condonantur
655 1765 753 1790 illorum
770 1763 879 1789 libidini.
949 1764 1024 1788 Emta
1037 1772 1086 1795 pax
1183 1769 1229 1789 Do
1240 1771 1260 1788 N
1271 1771 1421 1796 ARIVM,
1440 1763 1470 1790 ii.
1497 1772 1523 1788 n.
1560 1760 1697 1797 [δώρημα]
1733 1764 1830 1789 Donum
1851 1760 1885 1796 est
1902 1763 1954 1791 diis
1972 1764 2095 1799 oblatum,
2118 1773 2142 1793 et
2159 1770 2188 1794 in

51 1797 128 1824 donis
148 1799 244 1825 Lucan.
262 1809 300 1831 10,
338 1819 344 1825 .
383 1820 390 1826 .
461 1800 579 1832 Exigere*
591 1798 659 1823 dona
678 1798 740 1822 Stat.
754 1796 846 1822 Theb.
861 1805 899 1826 ιο,
914 1801 965 1826 338.
1037 1798 1085 1822 Ex·
1145 1798 1234 1831 templo
1248 1798 1392 1832 repositum,
1404 1798 1591 1834 fiis'penficmue,
1606 1797 1734 1829 ιίνοὶθημοι.
1776 1799 1929 1826 Macrobius
1953 1820 1959 1826 .
1984 1820 1990 1826 .
2026 1801 2187 1830 Ornamenta

48 1832 160 1866 spetilata
174 1832 242 1858 dona
257 1835 378 1859 laborum
388 1834 476 1858 Valer.
485 1833 583 1864 Argon.
595 1839 621 1864 7,
633 1838 691 1863 417.
761 1831 843 1855 Ferre
858 1830 925 1855 Ter.
941 1829 1007 1855 Eun.
1023 1838 1044 1862 5,
1058 1839 1085 1863 9,
1096 1840 1131 1866 45
1146 1839 1211 1856 vero
1225 1832 1283 1857 sunt
1295 1832 1390 1866 clipei,
1403 1841 1516 1859 coronae
1531 1838 1556 1858 et
1571 1832 1726 1859 huiusmodi
1744 1832 1863 1861 donaria.
1917 1835 2007 1861 Iustin.
2023 1837 2088 1871 Imp.
2103 1838 2187 1864 Instit.

45 1873 86 1904 27.
157 1866 257 1892 Ιηῑεὲὶᾶ
276 1866 344 1892 dona
364 1867 464 1898 facere,
485 1866 537 1891 vid.
561 1871 727 1890 INFECTVS.
798 1863 899 1889 Illitum
917 1873 1021 1891 veneno
1038 1864 1085 1891 do·
1147 1863 1197 1902 §.8
1217 1865 1249 1892 de
1268 1875 1318 1893 rer.
1340 1866 1416 1893 diuis.
1438 1868 1555 1895 Donaria
1568 1869 1625 1894 sunt
1640 1877 1687 1900 ea,
1702 1876 1768 1903 quae
1781 1869 1813 1894 acl
1836 1870 1982 1896 ministeria
1995 1871 2044 1896 Dei
2068 1871 2189 1901 dedicata

44 1908 124 1932 num,
145 1900 197 1927 vid.
219 1907 256 1927 IL
267 1907 283 1927 L
293 1906 302 1926 1
313 1907 372 1927 ΝΟ.
443 1901 542 1927 Ornari
558 1899 634 1925 donis
654 1898 769 1925 honestis
788 1899 856 1924 Hor.
872 1899 950 1933 Epist.
963 1908 990 1931 2,
1005 1909 1029 1930 2,
1045 1909 1082 1933 32.
1147 1901 1213 1927 sunt.
1238 1902 1296 1928 Vid.
1315 1902 1455 1936 Tbomafin.
1475 1904 1517 1929 lib.
1537 1903 1566 1929 de
1578 1904 1622 1930 hoc
1640 1905 1693 1939 ipsa
1705 1911 1856 1939 argumento.
1928 1906 2090 1940 Contingere
2103 1909 2189 1935 mani-

42 1937 168 1970 Pei-agere
183 1935 267 1968 dona,
286 1938 386 1963 Donare
404 1936 469 1971 quod
477 1935 644 1971 promiseras:
675 1935 751 1968 Virg.
767 1934 831 1960 Aen.
847 1941 868 1967 5,
883 1937 930 1965 362
962 1935 1020 1961 Post
1036 1936 1085 1962 vbi
1147 1935 1196 1962 bus
1212 1936 1323 1963 donaria
1349 1937 1431 1964 ouid.
1448 1938 1513 1965 Fast.
1527 1947 1550 1970 3,
1563 1946 1613 1971 335.
1685 1939 1716 1964 Et
1736 1940 1779 1964 sua
1798 1938 1930 1973 placandis
1948 1940 2057 1967 ne&unt
2076 1942 2188 1970 donaria

15 1976 19 1980 ’
47 1971 163 1998 εοηῐεὲὶί
176 1973 282 2003 cursus,
298 1977 324 1997 et
344 1972 413 1998 dona
427 1971 537 2006 peregit.
572 1970 630 1996 Vid.
654 1977 669 1995 P
679 1975 779 1996 ERAG
789 1975 818 1995 o.
891 1970 955 1996 Non
981 1972 1084 2004 generis
1146 1971 1217 1997 diuis
1231 1973 1340 2006 Coripp.
1355 1982 1373 2005 4
1388 1982 1414 1999 n.
1430 1982 1461 1999 11.
1618 1971 1638 2009 ff
1659 1981 1672 1998 2
1709 1974 1824 2000 Donaria
1834 1994 1842 2006 ‚
1861 1975 1917 2010 ipsa
1930 1976 1991 2007 Iaca,
2007 1979 2034 2001 in
2047 1979 2134 2011 quibus
2146 1980 2188 2005 do-

44 2007 132 2039 dono,
153 2015 207 2033 non
225 2006 372 2037 ambitione
386 2007 490 2033 Potitur
517 2005 610 2032 Claud.
630 2005 708 2031 Cous.
724 2006 795 2030 Hon.
817 2014 845 2038 4,
865 2007 910 2037 46.
983 2007 1083 2040 Repen-
1099 2018 1129 2043 ,Ὃ
1145 2010 1220 2032 naria
1240 2007 1390 2040 offi·›·zmtur.
1419 2009 1496 2042 Virg.
1510 2008 1608 2042 Georg.
1627 2016 1651 2040 3,
1661 2016 1702 2040 533
1722 2008 1820 2035 Βυᾶὶοε
1837 2010 1889 2035 alta
1907 2010 1938 2035 ad
1958 2009 2068 2037 donaria
2086 2022 2186 2041 currus.

45 2042 107 2068 dere
120 2043 190 2068 dona
201 2041 282 2069 alicui
294 2043 355 2069 Stat.
369 2041 461 2068 Theb.
475 2050 501 2074 9,
515 2044 571 2074 659.
627 2040 728 2067 Sacrata
741 2040 810 2066 dona
822 2040 981 2074 templorum
995 2042 1083 2068 Valer.
1145 2042 1218 2068 Seru.
1233 2043 1267 2068 ad
1278 2044 1303 2070 h.
1320 2044 1336 2069 I.
1358 2043 1472 2070 Donaria
1493 2044 1601 2078 proprie
1614 2043 1671 2069 loca
1685 2044 1756 2074 sunt,
1777 2044 1812 2073 in,
1820 2044 1918 2078 quibus
1934 2044 2003 2072 dona
2021 2056 2186 2082 reponuntur

24 2092 28 2097 .
44 2078 143 2112 Argon.
158 2085 183 2113 7,
197 2083 237 2111 48.
309 2078 384 2111 Virg.
400 2078 463 2103 Aen.
478 2085 500 2109 3,
517 2085 566 2110 439
603 2076 702 2102 Iunoni
722 2084 784 2102 cane
802 2081 863 2102 vota
881 2076 981 2109 libens,
996 2077 1083 2103 domi·
1145 2076 1266 2104 deorum.
1303 2078 1417 2104 Abufiue
1437 2079 1547 2112 templa:
1576 2087 1636 2104 nam
1656 2078 1693 2104 ita
1711 2084 1736 2103 et
1749 2078 1899 2112 puluinaria
1919 2089 1968 2114 pro
1986 2083 2089 2117 templis
2110 2086 2187 2119 poni-

44 2122 157 2147 namque
171 2118 305 2148 potentem
324 2112 490 2147 Supplicibus
505 2113 595 2146 supera
609 2111 695 2136 donis.
764 2111 905 2137 Tribuere
918 2110 988 2138 dona
1000 2112 1082 2139 alicui
1096 2141 1097 2145 Ἰ
1144 2121 1202 2138 mus
1216 2120 1261 2139 etc.
1297 2114 1370 2139 Idem
1390 2114 1496 2140 Seruius
1509 2113 1543 2139 ad
1555 2113 1619 2138 Aen.
1634 2121 1671 2144 12,
1685 2121 1730 2145 ¹99
1750 2114 1898 2141 Donarium
1917 2115 1969 2149 est,
1984 2117 2030 2145 vbi
2051 2126 2186 2153 ponuntur

46 2148 127 2175 Ouid,
144 2150 209 2175 Met,
223 2157 249 2181 9,
263 2157 322 2181 403.
391 2167 393 2172 .
473 2144 499 2208 Ξ
520 2156 538 2179 4
574 2146 681 2173 Donum
701 2152 725 2172 et
742 2146 843 2173 nodum
859 2146 935 2182 saepe
958 2150 986 2173 in
1005 2149 1082 2175 MSS.
1143 2147 1241 2174 oblata.
1298 2149 1367 2174 Gell.
1381 2157 1448 2180 2,10
1479 2147 1532 2174 Vbi
1551 2148 1647 2182 reponi
1665 2148 1779 2176 solerent
1798 2150 1866 2184 signa
1883 2150 1987 2186 ¹Jetera,
2012 2162 2080 2188 quae
2099 2164 2131 2182 ex
2151 2165 2184 2183 eo

392 2182 443 2209 enb.
457 2192 472 2208 α
505 2182 549 2209 Sil.
564 2190 589 2214 z,
603 2189 647 2216 77.
1095 2195 1126 2220 53
1143 2183 1243 2217 templo
1255 2182 1366 2217 collapsa
1382 2184 1475 2215 effent,
1494 2190 1519 2209 et
1538 2184 1590 2210 alia
1608 2184 1734 2218 quaedam
1750 2185 1874 2220 religiose
1888 2186 2007 2214 donariis
2027 2191 2184 2219 consecrata.

82 2224 129 2245 Do
139 2225 191 2246 ΝΟ
205 2238 214 2251 ‚
239 2223 292 2245 are,
328 2215 460 2254 [δωρέομαι
466 2238 475 2251 ,
493 2216 649 2252 χαρίζομαι]
684 2217 782 2253 Augere
797 2218 902 2252 aliquem
924 2227 951 2244 re
972 2218 1035 2244 hona
1058 2225 1081 2244 et
1143 2219 1221 2252 Apul.
1235 2218 1335 2245 Florid.
1351 2227 1380 2249 2,
1395 2227 1428 2252 15.
1455 2220 1514 2245 Elm.
1529 2228 1554 2253 p.
1569 2226 1624 2252 350,
1638 2228 1670 2253 34
1693 2220 1735 2246 Ibi
1749 2220 1890 2248 donarium
1903 2221 1967 2249 deae
1981 2233 2108 2259 perquam
2119 2236 2186 2262 opu·

43 2254 156 2288 optabili.
192 2253 242 2280 Vir
258 2262 337 2280 nemo
356 2253 439 2280 bonus
451 2254 484 2280 ab
501 2252 632 2288 improbis
647 2253 672 2278 se
686 2251 780 2278 donari
792 2253 850 2279 vult
858 2253 914 2279 Cic.
924 2252 957 2279 de
970 2254 1051 2288 Legg.
1067 2262 1081 2279 2
1143 2254 1260 2284 lentum,
1283 2254 1397 2288 plurima
1410 2255 1468 2280 auri
1489 2260 1514 2280 et
1533 2255 1636 2289 argenti
1653 2255 1723 2281 ratio
1742 2256 1770 2282 in
1783 2256 1916 2291 lancibus,
1937 2259 2062 2294 speculis,
2081 2263 2185 2296 poculis

43 2296 67 2314 c.
86 2292 122 2315 16.
158 2289 279 2315 Priscian.
299 2290 328 2315 in
346 2290 454 2323 Argum.
475 2289 610 2316 Plautinae
630 2288 718 2314 Aulul.
743 2287 783 2314 Ab
810 2297 843 2314 eo
867 2288 982 2315 donatur
1004 2297 1081 2322 auro,
1143 2295 1169 2316 et
1189 2289 1344 2316 huiusmodi
1365 2289 1527 2316 vtenfilibus.
1564 2291 1639 2316 Hanc
1660 2294 1786 2318 notionem
1800 2293 1901 2326 strutus
1924 2294 1958 2327 est
1984 2295 2081 2323 Lucan.
2098 2306 2125 2330 9,
2140 2305 2185 2333 517
2202 2309 2205 2313 *

41 2331 143 2357 vxore,
156 2329 182 2350 et
193 2324 261 2350 filio.
334 2325 417 2351 Inferi
434 2331 461 2351 et
478 2324 572 2351 donari
589 2324 623 2350 ab
637 2330 692 2350 arte
709 2323 804 2349 dicitur
820 2332 867 2351 res.
876 2325 968 2359 aliqua
980 2325 1036 2352 Cic.
1048 2325 1081 2351 de
1142 2325 1206 2351 Non
1220 2325 1275 2351 illic
1289 2325 1403 2356 Libycae
1416 2326 1560 2360 posuerunt
1579 2325 1643 2352 ditia
1656 2332 1746 2360 gentes
1781 2328 1899 2363 Templa
1910 2338 1957 2355 nec
1972 2331 2032 2357 Eois
2048 2332 2185 2367 splendent

43 2359 115 2386 Orat.
131 2368 151 2391 1,
165 2368 215 2394 114.
284 2360 355 2387 Caes.
370 2361 398 2387 P..
412 2360 444 2386 G.
458 2368 486 2395 7,
500 2369 523 2387 11
564 2359 688 2386 Praedam
709 2358 840 2386 militibus
861 2359 950 2387 donat.
1023 2361 1079 2387 Cic.
1098 2368 1133 2393 60
1140 2360 1251 2387 donaria
1265 2361 1385 2395 gemmis.
1427 2361 1561 2396 Vtramque
1571 2360 1782 2397 significationem
1795 2364 1910 2390 indicant
1925 2366 1983 2392 Vct.
2000 2367 2079 2394 Gloss.
2095 2369 2185 2396 Dona-

42 2401 92 2428 pro
104 2394 182 2425 Arch.
195 2403 214 2428 ς’
237 2396 328 2430 Itaque
343 2395 360 2421 si
374 2396 441 2422 ciuis
454 2396 588 2422 Romanus
601 2395 710 2422 Archias
724 2394 825 2429 legibus
840 2404 894 2421 non
909 2397 984 2428 effet,
1004 2401 1032 2422 vt
1046 2395 1079 2422 ab
1141 2397 1196 2427 ria;
1215 2395 1361 2431 χοεμςῆριοι,
1379 2395 1442 2428 ναοὶ,
1461 2397 1548 2428 τεμένη
1555 2395 1629 2432 ,ἱεροὶ
1642 2396 1813 2432 hulislaum,
1823 2399 1986 2432 οἶναθήματα.

41 2430 133 2465 aliquo
151 2431 313 2465 Imperatore
331 2431 440 2457 ciuitate
453 2431 613 2463 donaretur,
632 2430 757 2465 perficere
773 2439 828 2456 non
846 2431 951 2465 potuit?
1005 2431 1076 2458 Suet.
1177 2438 1224 2458 Do
1235 2438 1255 2455 Ν
1265 2437 1346 2457 ΑΤΑ
1357 2438 1375 2457 R
1386 2438 1394 2456 1
1404 2437 1423 2453 V
1434 2438 1463 2463 s,
1491 2440 1505 2457 a
1519 2451 1528 2463 ‚
1555 2440 1609 2458 um.
1645 2432 1705 2458 Adi.
1747 2434 1793 2460 Cui
1809 2435 1870 2470 quid
1882 2435 1942 2461 dono
1957 2436 2045 2467 datur,
2053 2438 2183 2474 praesenti

28 2466 109 2499 *Aug
123 2475 145 2492 c.
160 2473 184 2498 51
220 2466 250 2491 Et
271 2475 304 2492 ne
323 2475 473 2493 enumerem
487 2474 552 2500 quot
564 2472 589 2492 et
609 2475 674 2500 quos
691 2465 854 2492 diuersarum
868 2466 984 2500 partium
999 2467 1076 2492 venia
1139 2468 1179 2493 vel
1190 2467 1285 2502 absenti
1298 2466 1315 2492 l.
1328 2467 1408 2493 etiam
1423 2466 1439 2492 l.
1449 2466 1551 2493 absenti
1565 2467 1597 2494 D.
1612 2466 1644 2493 de
1657 2467 1744 2494 donat.
1760 2469 1776 2495 l.
1791 2478 1838 2495 nec
1854 2470 1954 2503 ambigi
1972 2471 2002 2497 C.
2018 2472 2077 2498 eod.
2092 2473 2134 2499 tit.

43 2506 70 2527 et
83 2500 263 2527 incolumitate
283 2501 400 2530 donatos.
455 2502 536 2528 Corn.
553 2501 622 2535 Nep.
638 2501 714 2528 Attic.
729 2510 751 2527 c.
767 2509 779 2526 2
818 2502 897 2528 Auxit
917 2501 967 2528 hoc
981 2501 1076 2528 benefi-
1174 2508 1390 2529 DONATIVV
1401 2509 1430 2534 s,
1450 2511 1479 2533 a,
1502 2512 1556 2528 um.
1594 2502 1655 2528 Adi.
1692 2505 1743 2528 0111·
1770 2504 1860 2530 donare
1878 2503 1960 2539 potest
1972 2524 1980 2537 ,
2005 2505 2049 2539 esti·
2075 2507 2180 2540 dicitur,

44 2535 115 2561 cium
137 2535 190 2561 alia
212 2544 318 2571 quoque
341 2535 514 2563 liberalitate:
546 2546 607 2564 nam
633 2537 769 2563 vniuersos
793 2537 929 2564 frumento
957 2537 1075 2564 donauit.
1093 2542 1124 2574 65
1138 2538 1301 2572 laudaturque
1310 2537 1427 2567 Paullus,
1446 2537 1471 2562 Si
1485 2537 1586 2563 duobus
1600 2529 1765 2563 debitofibus
1778 2539 1872 2564 mortis
1885 2540 1958 2565 causa
1971 2540 2111 2569 donatiuus
2125 2553 2180 2570 cre-

43 2571 100 2598 Cic.
113 2579 162 2604 pro
175 2571 248 2599 Rosc.
260 2572 346 2598 Amer.
361 2580 387 2604 23
401 2581 422 2598 c.
438 2578 452 2602 8
471 2573 535 2599 Non
554 2581 634 2607 pauca
649 2572 700 2599 suis
720 2571 887 2599 adiutoribus
900 2573 970 2606 large
988 2573 1078 2600 effuse-
1139 2573 1226 2605 ditor,
1246 2573 1292 2598 vni
1305 2579 1439 2606 acceptum
1460 2572 1536 2603 tulit,
1557 2578 1582 2597 et
1595 2572 1774 2598 conualuerit:
1802 2574 1900 2608 eligere
1919 2575 2004 2609 potest
2015 2577 2069 2603 vtri
2088 2579 2180 2605 condi-

44 2605 229 2641 que'donabat.
256 2608 260 2610 “
298 2607 356 2634 Sen.
370 2608 402 2634 de
412 2608 504 2636 Benef.
517 2617 540 2640 3,
554 2617 584 2641 14
605 2609 664 2634 Hoc
677 2608 748 2634 enim
761 2607 844 2642 ipsum
859 2609 939 2636 secuti
954 2609 1077 2643 suut,qui
1139 2614 1179 2634 cet
1192 2606 1215 2644 ᾗ.
1236 2616 1294 2641 pen.
1316 2607 1333 2632 l.
1355 2614 1383 2638 35
1404 2607 1509 2632 Senatus
1527 2606 1627 2632 censuit
1646 2607 1677 2633 D.
1692 2606 1724 2633 de
1737 2614 1817 2635 mort.
1832 2610 1899 2636 caus.
1919 2611 2007 2638 donat.
2044 2613 2092 2640 Sed
2105 2623 2180 2651 neque

44 2640 142 2667 nullam
156 2641 237 2676 legem
255 2642 316 2668 huic
335 2643 525 2670 constituerunt
534 2642 588 2675 ,'vt
607 2643 821 2677 circumspefflus
840 2643 996 2670 donaremus
1005 2663 1013 2675 ,
1028 2644 1078 2670 cir-
1139 2642 1283 2669 Haloana'sr
1297 2642 1360 2667 hanc
1374 2650 1453 2666 vocem
1467 2641 1594 2676 agnoscit,
1609 2648 1633 2667 et
1642 2649 1690 2677 pro
1703 2652 1730 2668 ea
1743 2643 1894 2671 Donaturus
1913 2645 1993 2673 habet.

42 2676 214 2711 cumspetffius
233 2677 389 2711 eligeremus
402 2686 446 2704 eos
455 2697 463 2709 ‚
477 2679 504 2703 in
519 2687 586 2711 quos
603 2679 698 2704 merita
717 2678 900 2704 conferuntur.
970 2679 1077 2704 Donate
1174 2683 1193 2702 D
1206 2683 1225 2703 Ο
1239 2683 1257 2701 Ν
1269 2683 1290 2702 Α
1304 2682 1325 2701 Τ
1338 2683 1346 2701 1
1358 2682 1377 2701 V
1387 2682 1407 2700 V
1416 2682 1457 2708 M,
1479 2678 1497 2702 i.
1518 2685 1544 2702 n.
1580 2675 1690 2710 [ἐπίδοσις
1739 2679 1841 2712 Munus,
1856 2680 1920 2715 quod
1930 2690 1945 2707 a
1954 2685 2072 2718 princiPe
2083 2685 2122 2710 vel
2132 2687 2178 2711 im-

42 2712 158 2746 aliquem
177 2712 340 2738 Aeternitate
366 2713 431 2737 l’lin.
450 2721 472 2744 2,
492 2719 516 2746 7.
589 2713 662 2738 Auro
679 2712 772 2738 donari
803 2713 921 2745 Propert.
939 2721 962 2744 3,
981 2720 1021 2745 23,
1036 2721 1074 2739 21.
1088 2723 1124 2752 70
1132 2718 1248 2747 peratore
1267 2712 1372 2738 donatur
1391 2711 1528 2737 militibus:
1555 2719 1590 2737 vt=
1603 2712 1631 2738 ob
1652 2714 1679 2738 ui
1694 2713 1801 2747 loriam,
1825 2722 1869 2741 aut
1888 2715 2040 2752 adoptionem
2056 2720 2178 2755 Caejaris,

42 2748 150 2773 Corona
167 2746 261 2773 donari
276 2747 331 2773 Cic.
347 2747 417 2773 Fam.
432 2754 456 2781 5,
470 2755 506 2772 12.
543 2747 620 2773 Verr.
635 2755 654 2778 1,
670 2752 715 2778 183.
742 2746 774 2772 de
792 2748 853 2781 Opt.
868 2748 933 2773 Gen.
949 2748 1022 2774 Orat.
1037 2756 1074 2780 19.
1135 2754 1179 2774 aut
1191 2747 1301 2782 auspicia
1315 2749 1431 2780 imperii,-
1451 2746 1555 2772 dabatur
1569 2753 1594 2772 et
1605 2745 1745 2774 aufioran's
1758 2752 1785 2775 in
1798 2751 1850 2786 ipso
1863 2754 1996 2785 tirocinio,
2014 2761 2043 2780 vt
2055 2757 2178 2782 militatu-

41 2782 148 2809 Donare
161 2783 276 2817 aliquem
289 2781 360 2809 dono
373 2781 543 2808 plaut-Stich.
556 2789 579 2814 5,
588 2790 612 2814 2,
625 2786 646 2811 8.
683 2783 739 2814 Sic,
755 2783 864 2809 Donate
877 2782 994 2817 aliquem
1003 2792 1076 2817 prae·
1135 2786 1182 2809 ris.
1220 2784 1327 2808 sueton.
1343 2782 1443 2807 Domit.
1461 2791 1482 2807 c.
1498 2790 1514 2808 2
1530 2782 1571 2807 An
1585 2781 1694 2816 duplum
1709 2783 1866 2812 donatiuum
1878 2787 1961 2814 militi
1974 2788 2091 2816 donaret.
2137 2790 2176 2818 Id.

40 2816 103 2843 miis
121 2818 178 2843 Cic.
192 2827 241 2851 pro
255 2819 329 2844 Rosc.
344 2818 432 2844 Amer.
447 2825 485 2849 23.
555 2817 661 2842 Donate
682 2817 796 2843 militem
817 2817 894 2843 donis
914 2818 1074 2844 militaribus
1135 2818 1164 2843 in
1177 2818 1280 2843 Neron.
1305 2826 1325 2842 c.
1347 2824 1364 2850 7
1392 2817 1494 2851 Populo
1516 2818 1697 2852 congiarium,
1733 2820 1816 2847 militi
1842 2821 1999 2850 donatiuum
2029 2827 2176 2860 proposuit.

38 2852 101 2879 Liu.
114 2861 158 2885 24,
173 2854 209 2878 16.
265 2853 348 2887 Culpa
360 2853 447 2887 grauis
456 2851 580 2914 ‘precibus
593 2851 708 2878 donatur
723 2852 804 2878 Ouid.
818 2861 850 2878 ex
863 2854 946 2879 Ponto
961 2861 984 2885 2,
996 2860 1023 2887 7,
1038 2861 1072 2885 51.
1135 2852 1254 2888 Obserues
1273 2851 1416 2886 Congiaria
1437 2853 1553 2886 populo,
1579 2854 1709 2881 Donatiua
1727 2856 1822 2883 militi:
1845 2858 1980 2892 confundit
1999 2861 2095 2895 quidem
2111 2863 2176 2889 Cur.

40 2889 178 2922 Discatque
194 2888 281 2919 Lyaeo
301 2888 437 2915 imbellem
474 2896 554 2914 onare
567 2887 645 2914 Diem
662 2887 707 2913 Sil.
728 2895 760 2918 11,
775 2895 838 2921 407.
908 2888 1008 2921 Fugam
1027 2887 1074 2914 do·
1087 2901 1120 2928 73
1133 2889 1186 2914 tius
1205 2890 1232 2920 6,
1245 2896 1267 2919 2,
1283 2897 1311 2914 10
1336 2886 1379 2913 vbi
1397 2889 1571 2922 Congiarium
1589 2889 1671 2916 militi
1685 2890 1769 2917 datum
1783 2895 1834 2918 ait:
1851 2892 2032 2927 dfiinc‘limzcm
2046 2897 2177 2933 obstruant

39 2932 101 2950 nare
112 2923 192 2950 alicui
211 2923 283 2949 Idem
298 2932 330 2954 15,
367 2943 373 2949 .
410 2944 416 2949 .
488 2925 518 2950 Et
533 2930 567 2956 15,
593 2942 599 2949 .
626 2942 633 2949 .
663 2923 693 2948 Et
713 2929 779 2957 quot
792 2924 893 2949 Funera
907 2923 1000 2949 Poenis
1018 2924 1072 2950 Do-
1132 2925 1187 2950 alii.
1224 2924 1317 2950 Tacit.
1333 2924 1399 2949 Ann.
1417 2932 1452 2956 12,
1466 2932 1507 2956 41,
1522 2932 1533 2956 3
1565 2923 1691 2952 Additum
1713 2928 1821 2954 nomine
1834 2929 1890 2955 eius
1905 2930 2069 2957 Donatiuum
2085 2933 2175 2963 militi,

40 2965 134 2986 narunt
147 2959 223 2993 praui
245 2958 365 2992 suffragia
387 2959 470 2985 tristia
480 2958 583 2993 campi!
605 2961 622 2984 i.
639 2958 799 2994 remiserunt,
810 2958 946 2993 fecerunt,
959 2969 989 2985 ne
1005 2962 1073 2993 peri-
1132 2958 1299 2994 congiarium
1315 2957 1396 2993 plebi.
1467 2959 1534 2985 Plin.
1550 2960 1639 2995 Paneg.
1657 2970 1679 2987 c.
1692 2970 1719 2995 35
1745 2963 1842 2990 Datum
1858 2966 2022 2999 congiarium
2038 2968 2136 3002 populo
2148 2975 2175 2995 et

39 3001 95 3022 rent
108 2996 189 3021 Poeni.
261 2994 371 3020 Gaudiis
392 2993 490 3020 donare
510 2995 626 3029 aliquem
647 2994 727 3020 Plaut.
741 2994 801 3019 Aul.
817 3001 839 3026 ς,
855 3003 873 3024 1,
888 3003 906 3020 1.
978 2995 1071 3021 Hono·
1133 2994 1222 3021 datum
1237 3000 1338 3026 totum,
1361 3001 1420 3020 cum
1434 2993 1554 3021 donatiui
1569 3003 1668 3030 partem
1685 2998 1782 3024 milites
1795 3001 1953 3034 accepissent.
2025 3002 2129 3029 Sueton.
2145 3005 2174 3031 in

41 3029 113 3057 ribus
128 3029 263 3056 donandus
279 3030 364 3056 infans
382 3029 443 3056 Stat.
459 3029 549 3056 Theb.
564 3037 584 3063 5,
598 3038 656 3064 741.
728 3029 783 3055 Cic.
798 3029 825 3055 in
840 3030 924 3055 Pison.
945 3037 962 3064 7
998 3030 1068 3057 Mihi
1132 3030 1216 3065 Calig.
1235 3040 1255 3056 c.
1270 3032 1306 3062 46
1337 3030 1566 3065 Pronuntiatoque
1586 3032 1668 3058 militi
1680 3033 1822 3065 donatiuo,
1841 3037 1955 3062 centenis
1973 3037 2077 3063 viritim
2096 3038 2173 3065 dena-

42 3064 102 3099 Pop.
116 3066 193 3092 Rom.
207 3065 344 3092 vniuersus
364 3065 409 3092 illa
429 3066 457 3091 in
476 3066 603 3092 concione
622 3074 676 3091 non
691 3065 768 3091 vnius
787 3064 841 3091 diei
855 3065 1069 3099 gratulationem,
1092 3073 1123 3099 80
1132 3066 1196 3097 riis,
1217 3065 1286 3100 quasi
1308 3073 1386 3090 omne
1399 3066 1548 3100 exemplum
1562 3067 1730 3096 liberalitatis
1745 3070 1930 3104 supergress'us:
1952 3071 2031 3098 Abite
2049 3074 2170 3108 (inquit)

46 3097 87 3125 ffd
105 3100 289 3127 Aeternitatem
311 3101 593 3136 Immortalitatemque
619 3100 736 3127 donauit.
808 3101 909 3127 Laurea
935 3101 1070 3127 donandus
1133 3101 1210 3133 laeti,
1228 3100 1299 3127 abite
1314 3099 1464 3134 locupletes.
1508 3112 1511 3114 ·

45 3133 189 3169 Apollinari
204 3137 270 3163 Hor.
285 3137 373 3163 Carm.
385 3146 412 3170 4,
426 3146 450 3169 2,
465 3145 490 3169 9.
561 3137 677 3164 Mentem
691 3137 791 3162 vtinam
811 3137 861 3163 tibi
879 3136 954 3162 istam
967 3136 1006 3163 dii
1022 3138 1071 3163 im·
1169 3143 1215 3163 no
1227 3143 1245 3160 N
1256 3143 1278 3162 A
1288 3142 1309 3161 T
1319 3142 1409 3163 1CA13
1431 3145 1553 3164 coronae.
1598 3136 1737 3174 [δωρητικοί
1757 3141 1869 3175 etiamen]
1895 3141 2000 3174 Qiibus
2014 3142 2129 3169 vit‘t‘tores
2140 3143 2170 3170 in

47 3170 164 3197 mortales
177 3171 304 3198 donarent
317 3173 373 3199 Cic.
386 3173 415 3199 in
429 3172 508 3199 Catil.
524 3180 544 3204 1,
557 3181 597 3198 22.
665 3173 770 3198 Moram
783 3172 918 3206 suppliciis
933 3172 1070 3200 SemMed.
1133 3171 1202 3198 ludis
1216 3171 1395 3198 donabantur:
1415 3181 1481 3206 quae
1496 3172 1583 3207 postea
1596 3175 1807 3208 magnificentiae
1822 3177 1895 3202 causa
1913 3177 2045 3204 institutae
2059 3179 2115 3205 sum
2129 3180 2168 3206 su-

49 3211 106 3237 mli
120 3204 151 3238 esi
162 3211 283 3234 remittere
293 3217 401 3241 moram,
420 3218 467 3234 non
482 3207 525 3234 diu
539 3210 659 3240 cruciare,
667 3208 714 3244 sed
726 3211 776 3234 cito
788 3208 852 3233 illud
859 3215 985 3243 peragere.
1022 3206 1071 3233 De·
1133 3208 1179 3242 pe'r
1200 3207 1308 3233 modum
1327 3213 1446 3241 aptarum
1465 3208 1610 3243 capitibus,
1636 3210 1709 3245 quali
1727 3211 1901 3245 amplitudine
1915 3212 1994 3243 fiunt,
2008 3222 2088 3247 quum
2102 3215 2169 3241 lares

47 3242 124 3268 creuit
138 3241 222 3268 Medea
236 3243 371 3279 interficere
384 3250 475 3279 pueros
490 3243 587 3279 Iasonis
594 3254 602 3268 .·
625 3244 675 3276 hic,
688 3253 747 3279 quos
760 3244 864 3279 seruare
878 3253 925 3269 non
939 3241 1020 3278 potaest
1027 3250 1070 3278 pe·
1088 3249 1117 3278 85
1133 3248 1269 3269 ornantur.
1283 3243 1303 3269 F
1305 3242 1380 3269 estuS.
1421 3243 1544 3271 Videntur
1554 3245 1645 3271 eaedem
1654 3247 1861 3282 Scaligero,quas
1875 3248 2050 3274 Prouinciales
2062 3250 2171 3284 appellat

45 3275 96 3306 tit,
108 3280 136 3300 vt
148 3279 194 3302 cito
208 3278 296 3312 perdat
317 3279 424 3305 crudelis
442 3286 531 3305 mater.
565 3280 619 3305 Iam
636 3287 747 3314 perage,
761 3282 859 3314 inquit,
874 3285 996 3313 coeptum
1009 3279 1071 3304 faci·
1132 3278 1317 3305 Tertullianus
1339 3277 1371 3304 de
1383 3279 1482 3305 Coron.
1498 3288 1519 3305 c.
1533 3288 1557 3312 13
1587 3281 1751 3315 Imaginum,
1772 3282 1825 3308 iam
1846 3291 1901 3309 non
1920 3284 2058 3316 virorum,
2084 3286 2169 3320 capita

46 3317 110 3339 ssus,
123 3308 189 3337 haud
200 3312 265 3339 vltra
279 3323 384 3348 precor3
403 3315 562 3349 Moramque
583 3315 671 3341 saltem
694 3315 826 3349 suppliciis
846 3314 915 3340 dona
934 3314 1007 3340 meis.
1024 3315 1071 3340 Re·
1131 3315 1233 3341 maiora
1249 3319 1412 3349 quaerentes.

40 3343 147 3380 spondet
158 3345 213 3377 illa,
227 3348 361 3376 Perfruere
374 3350 446 3376 lento
459 3351 569 3382 scelere,
582 3359 614 3376 ne
626 3359 753 3385 propera,
769 3350 855 3376 dolor.
892 3351 990 3376 Primus
1003 3350 1071 3376 vidit
1168 3356 1186 3375 D
1196 3356 1215 3376 ο
1226 3356 1248 3375 Ν
1259 3357 1280 3376 Α
1289 3356 1305 3376 Β
1315 3358 1324 3376 1
1333 3357 1349 3376 L
1360 3357 1368 3375 1
1380 3357 1392 3376 s
1403 3369 1411 3382 ‚
1431 3358 1453 3375 e.
1480 3349 1539 3376 Adi.
1567 3350 1619 3385 Qci
1631 3350 1723 3377 donari
1734 3353 1770 3378 ali
1787 3362 1817 3378 ua
1830 3362 1856 3379 re
1869 3359 1979 3379 meretur.
2004 3353 2084 3380 Plaut.
2100 3355 2168 3383 Rud.

47 3381 159 3405 GVOH'W·
195 3399 202 3406 ·
234 3400 241 3408 =
305 3385 378 3420 Virg.
392 3387 456 3412 Aen.
476 3394 498 3420 5,
511 3391 559 3416 282
597 3386 742 3420 Sergestum
755 3386 854 3412 Aeneas
872 3385 998 3419 promisso
1011 3386 1072 3411 Mu·
1132 3393 1155 3418 3,
1178 3394 1196 3415 1,
1217 3394 1254 3418 40
1291 3385 1445 3412 Infortunio
1465 3385 1597 3419 praedicas
1614 3385 1750 3413 hominem
1769 3361 1927 3414 donabilem.
1963 3387 2031 3415 Add.
2046 3390 2166 3418 Ambros.

46 3423 109 3441 nere
121 3414 209 3441 donat·
246 3441 249 3445 .
274 3419 353 3447 Ouid.
373 3420 404 3447 de
417 3423 480 3448 Arte
495 3422 553 3448 Am.
570 3430 596 3454 2,
608 3424 654 3448 261
685 3422 742 3448 Nec
757 3420 892 3447 dominam
912 3420 994 3447 iubeo
1014 3430 1071 3455 pre·
1087 3430 1122 3454 90
1132 3421 1186 3447 Ser.
1201 3428 1240 3453 59.
1265 3420 1385 3447 Tertull.
1400 3420 1432 3446 de
1445 3420 1533 3446 Pudic.
1551 3430 1572 3447 c.
1587 3430 1626 3448 22.

45 3450 116 3481 tioso
137 3451 246 3476 there
262 3450 347 3482 dones.
413 3458 489 3492 Virg.
510 3458 577 3483 Aen.
594 3464 617 3490 ς,
630 3459 673 3488 361
711 3458 770 3482 Hoc
789 3457 912 3482 iuuenem
932 3457 1068 3491 egregium
1166 3463 1185 3482 D
1196 3462 1215 3482 Ο
1226 3456 1297 3483 Nos
1308 3463 1329 3481 v
1342 3463 1365 3488 s,
1378 3464 1402 3487 a,
1418 3465 1471 3482 um.
1487 3456 1546 3482 Adi.
1558 3457 1688 3484 Liberalis.
1709 3458 1789 3484 Plaut.
1803 3456 1877 3491 Epid.
1891 3465 1917 3489 2,
1929 3465 1952 3489 3,
1967 3466 2006 3491 14.
2014 3466 2037 3485 et
2044 3460 2131 3487 Truc.
2146 3470 2168 3495 1,

45 3484 185 3520 praestanti
202 3486 310 3513 Munere
329 3489 413 3518 donat.
483 3493 592 3519 Munera
612 3492 710 3518 donare
723 3492 803 3518 alicui
824 3492 878 3518 Cic.
893 3492 976 3518 Tusc.
991 3500 1012 3525 5,
1026 3501 1069 3525 90.
1130 3500 1151 3523 1,
1165 3494 1201 3524 64
1220 3493 1276 3518 Alii
1289 3492 1433 3518 Damnosus
1445 3492 1538 3528 legunt.
1594 3492 1744 3528 Quibusdam
1752 3495 1850 3528 placere
1862 3493 1932 3519 video
1945 3493 2062 3522 Danosus
2074 3496 2141 3532 quast
2152 3507 2169 3524 a

45 3522 149 3561 Luciflet·
165 3529 183 3550 1,
195 3528 227 3561 93
255 3522 332 3553 Q¹0d
349 3527 432 3558 patrio
446 3528 565 3564 princeps
579 3527 689 3554 donarat
695 3527 924 3562 Nominelregem.
994 3528 1068 3554 Puel-
1129 3528 1213 3554 Dano.

47 3556 98 3583 lam
113 3564 203 3582 iuueni
217 3556 314 3582 donare
331 3558 412 3588 Catul.
430 3565 473 3596 60,
487 3572 525 3596 23.
597 3562 735 3598 Qudquid
748 3563 900 3598 quaesierat,
913 3563 1007 3590 Ventri
1021 3563 1068 3589 do·
1165 3569 1185 3588 D
1195 3569 1214 3589 O
1223 3569 1245 3588 N
1255 3560 1346 3590 i‘FER
1356 3581 1363 3593 ‚
1381 3571 1412 3594 a,
1426 3571 1480 3589 um.
1502 3561 1563 3589 Adi.
1601 3562 1683 3594 Idem,
1703 3561 1770 3596 apud
1788 3562 1926 3597 Augustin.
1964 3583 1970 3590 .
2009 3585 2016 3592 .

45 3591 124 3623 nabat
144 3600 224 3618 auaro
251 3593 318 3618 Hor.
334 3593 407 3627 Epist.
425 3606 445 3630 1,
459 3606 492 3631 ις,
510 3607 550 3631 32..
621 3599 729 3626 Tibull.
748 3608 770 3631 3,
785 3608 805 3634 1,
817 3607 843 3627 21
882 3598 929 3625 Sed
949 3599 1066 3633 primum
1081 3605 1114 3631 95
1165 3596 1339 3624 DONiFi‘c
1351 3604 1369 3623 o
1380 3618 1389 3630 ,
1423 3602 1474 3624 are.
1512 3598 1610 3632 Hygin.
1623 3597 1686 3624 Fab.
1699 3605 1737 3623 112
1768 3597 1835 3624 Aiax
1855 3608 1913 3625 cum
1931 3585 2167 3629 Hec'tore⁴donifi-

44 3626 185 3661 nympham
203 3627 281 3661 longa
299 3626 392 3655 donate
409 3632 508 3666 Salute,
530 3637 549 3661 i.
566 3634 685 3670 salutate.
756 3635 816 3669 Spes
840 3635 897 3662 suas
922 3634 1067 3660 ambitioni
1126 3640 1212 3659 cantes
1231 3632 1372 3660 disceffere.
1414 3633 1471 3659 Vid.
1488 3633 1615 3659 Muncker.

44 3663 146 3690 petron.
158 3671 178 3688 c.
192 3673 218 3696 4.
288 3663 429 3691 Vacatione
445 3667 540 3696 donare
559 3670 615 3696 Cic.
629 3669 662 3696 de
675 3670 711 3696 N.
724 3670 756 3696 D.
775 3679 801 3703 2.,
814 3672 840 3696 6.
910 3669 1065 3696 Masinissam
1162 3674 1239 3695 1)οΝ
1249 3670 1336 3700 “.““ςΑ,
1349 3677 1387 3694 ae.
1411 3669 1430 3694 f.
1467 3668 1596 3702 [Δόνυσοι]
1617 3666 1701 3702 Inficla
1715 3667 1875 3702 chladarum
1887 3678 1955 3703 vna,
1972 3674 2042 3698 cuius
2053 3675 2165 3699 meminit

43 3699 130 3732 Scipio
149 3698 265 3724 Vrbibus
283 3699 404 3733 agrisque
422 3700 527 3731 donauit
547 3705 607 3731 Liu.
622 3714 662 3738 30,
675 3714 722 3738 44.
870 3702 891 3741 ff
913 3714 926 3731 2
963 3704 1064 3740 Obstru.
1126 3703 1202 3739 Virg.
1215 3704 1280 3731 Aen.
1293 3712 1315 3737 3,
1330 3711 1372 3737 125
1393 3704 1569 3737 Viridemque
1583 3703 1723 3734 Donysam.

43 3734 121 3760 Dono
134 3739 160 3760 te
173 3733 209 3760 ob
222 3733 286 3774 istuc
301 3733 401 3760 dictum
414 3741 442 3762 vt
461 3746 547 3772 expers
560 3740 590 3767 fis
604 3746 675 3768 metu
694 3740 776 3767 Plaut.
791 3739 859 3766 Afin.
875 3749 893 3771 1,
904 3749 924 3772 1,
938 3748 972 3772 31.
1011 3740 1064 3766 Do-

43 3775 89 3795 nat*
100 3769 194 3795 habere
206 3770 280 3804 Vlrg·
294 3770 357 3795 Aen·
374 3779 410 3800 ¹0>
423 3778 466 3803 233
479 3779 501 3798 et
514 3781 555 3806 501
574 3785 632 3811 quae
645 3777 743 3803 Graeca
756 3776 839 3810 figura
855 3775 950 3802 dicitur
962 3776 1063 3802 Seruio.
1072 3789 1120 3808 100
1501 3775 1531 3806 D
1629 3775 1657 3806 Ο
1753 3776 1782 3809 R

30 3804 146 3841 >Donare
167 3804 269 3830 dicimus
285 3812 331 3840 pro
352 3805 505 3837 Candonare.
525 3811 542 3834 i.
562 3812 577 3836 Ι
611 3811 699 3847 osce-ref
733 3812 791 3839 Seu,
810 3811 940 3837 Controu.
955 3818 976 3844 ς,
1012 3831 1019 3837 .
1057 3831 1063 3837 .

46 3838 128 3865 Multa
139 3839 258 3866 donanda
277 3840 390 3875 ingeniis
410 3847 487 3875 puto:
509 3843 553 3869 sed
587 3847 685 3874 onancla
707 3847 775 3874 vitia
790 3856 844 3873 non
858 3852 978 3881 portenta
998 3847 1064 3873 sunt.
1162 3852 1285 3880 DORA,
1321 3844 1423 3881 [Δὸρη]
1458 3844 1526 3871 Fons
1538 3843 1652 3877 inclytus
1670 3845 1797 3880 Arabiae,
1824 3855 1879 3873 non
1900 3846 1991 3882 procul
2015 3855 2029 3873 a
2049 3846 2163 3873 Daulote

46 3873 107 3900 Inde
122 3875 208 3901 lustin.
228 3884 264 3908 32,
285 3885 310 3909 2,
325 3884 337 3908 5
363 3877 468 3903 Donare
488 3876 545 3904 filio
564 3886 676 3914 patrem,
694 3885 712 3908 i.
733 3882 860 3918 Ignoscere
876 3885 948 3917 patri
961 3889 1065 3918 propter
1128 3882 1182 3909 alio
1196 3890 1303 3916 quoque
1314 3882 1402 3911 fonte,
1423 3879 1451 3905 de
1462 3889 1507 3915 quo
1520 3880 1576 3906 vide
1590 3880 1655 3906 Plin-
1669 3884 1695 3914 6,
1709 3887 1747 3912 28-

37 3907 130 3943 filiurn.
164 3910 228 3937 Add.
242 3910 279 3937 Id.
293 3917 330 3944 38,
345 3913 368 3943 6,
383 3914 408 3938 6.
445 3912 513 3939 Suet.
529 3913 595 3947 Aug.
607 3924 628 3940 c.
643 3924 655 3947 ς
680 3918 722 3943 vbi
734 3920 764 3945 C.
778 3917 916 3944 Leoni-ius
932 3919 960 3944 in
975 3918 1066 3952 depre-
1165 3924 1235 3944 DOR
1245 3924 1262 3944 c
1274 3924 1333 3948 AS,
1360 3915 1422 3941 adis.
1446 3915 1466 3941 f.
1503 3913 1625 3951 [δσρκοές]
1661 3917 1749 3943 Latine
1763 3919 1845 3944 Dama
1859 3917 1961 3943 dicitur.
1996 3915 2110 3942 Martial.
2126 3923 2161 3947 13,

45 3943 124 3971 ‘³¹¹³'
141 3946 261 4009 ἔῑὸεξὶθ.
281 3946 407 4011 δὶἰιυ11ετὶὶ
426 3956 509 3983 poena
522 3952 590 3984 petit
596 3949 625 3985 se
637 3950 728 3979 donari
739 3951 860 3989 Augusto,
873 3953 944 3989 quali
958 3954 1068 3989 proprio
1078 3965 1121 3993 ¹05
1129 3958 1158 3984 88
1179 3952 1311 3980 Delicium
1325 3959 1410 4013 1pai-'uo
1423 3949 1533 3978 donabis
1547 3950 1660 3979 dorcada
1671 3958 1742 3980 nato.
1796 3952 1869 3980 Addae
1883 3951 1921 3979 Id.
1936 3959 1971 3982 10,
1984 3952 2022 3982 65.
2093 3949 2163 4016 ΡΞΙέιὲ
