2479 4225
262 100 905 161 ¹27vDET
1747 91 2031 131 DET
2326 97 2388 139 128

266 199 394 226 fruantur.
463 195 554 220 Lucan.
569 196 590 220 8,
605 198 645 223 ης
674 190 732 215 Hoc
744 188 827 214 solum
842 187 949 214 Crimen
968 181 1076 209 meritae
1096 181 1162 221 bene
1180 179 1287 207 detrahe
1355 186 1414 205 rum
1430 179 1528 220 multos
1542 180 1627 216 caesos
1644 177 1696 210 ait,
1712 186 1851 204 numerum
1863 187 1917 205 non
1932 179 2044 219 scribit.⁸
2068 178 2116 206 Sed
2130 181 2179 206 [ac.
2198 180 2336 207 Gronouius
2356 186 2391 205 te-

267 240 360 260 terrae.
428 230 494 255 Cute
507 224 619 251 detracta
650 224 767 251 Scribon.
789 231 834 256 74.
902 220 956 245 Cic.
976 226 1024 251 pro
1038 217 1131 243 Caelio
1152 224 1163 248 3
1177 226 1197 241 c.
1213 224 1227 241 2
1238 216 1287 254 'Vt
1349 212 1436 247 statur
1448 224 1474 240 ιη
1489 215 1562 241 MSS.
1576 214 1617 248 cſjc
1633 214 1781 240 Detrafimr.
1817 214 1913 240 Auson.
1928 222 2007 240 tamen
2017 214 2111 255 Etdyil5
2121 223 2175 247 ²³5¹
2201 217 2257 250 lpse
2269 224 2317 242 nee
2331 214 2392 241 affe-

269 268 302 295 ad
314 276 353 298 ea,
366 273 430 300 quae
443 261 599 288 accusatores
612 258 777 286 deformandi
792 257 869 283 huius
882 254 969 283 causa,
985 252 1167 282 detrahendae,
1179 250 1290 284 spolian-
1358 248 1429 275 &ans
1442 259 1488 276 nec
1502 250 1661 276 den-celator
1678 250 1827 280 honorum,
1863 249 2009 276 Praefectus
2024 259 2112 284 magm
2124 259 2261 286 nuncupor
2280 250 2392 283 Illyrici.

268 303 366 335 fineque
387 297 525 331 Dignitatis
544 292 626 330 grafia
645 295 782 324 dixerunt,
805 292 919 326 primum
939 286 1115 321 respondeam.
1186 286 1288 312 Animis
1358 284 1400 311 Sic
1412 285 1578 311 Detraehtor
1591 285 1750 316 ministerii,
1774 286 1792 309 i.
1806 283 1917 318 recusans
1930 295 1989 312 onus
2006 287 2110 313 Petron.
2124 294 2146 312 c.
2161 294 2198 320 17.

267 338 388 364 Errorcm
402 331 507 358 detrahe
521 331 614 356 nostris
635 328 714 356 Ouid.
727 329 790 354 Met.
803 336 826 356 2,
840 333 878 356 39.
947 322 1012 348 Plin.
1028 331 1067 355 22,
1081 330 1110 355 25
1136 320 1218 347 Iidem
1233 321 1289 352 (lu-
1312 324 1328 350 5
1394 326 1412 345 D
1421 326 1438 346 E
1449 327 1470 346 Τ
1481 326 1500 346 R
1512 327 1520 346 Ι
1534 327 1556 346 Μ
1568 327 1584 346 E
1595 327 1615 346 Ν
1625 328 1645 347 Τ
1655 327 1674 346 V
1688 327 1711 346 Μ
1720 339 1728 352 2
1748 319 1801 345 Uid-
1822 324 1866 344 DE
1877 324 1899 344 T
1909 327 1925 345 E
1934 327 1952 346 R
1961 328 1989 348 O·

269 371 342 405 pini)
360 367 510 394 auiditatem
524 365 575 392 cibi
589 365 700 393 faciunt,
720 360 860 388 Fastidium
875 357 1029 384 Detrahunt.
1098 356 1188 384 Fidem
1202 356 1291 383 verbis
1396 360 1414 380 D
1423 361 1438 393 ‚E
1447 361 1467 380 Τ
1476 362 1494 381 R
1503 363 1512 381 1
1523 362 1543 381 ν
1552 362 1575 381 Μ
1584 363 1598 382 P
1608 363 1627 382 H
1639 362 1657 382 o
1669 375 1677 388 ,
1695 360 1748 382 are.
1785 353 1904 380 Tertull.
1918 355 1994 389 Apol.
2009 366 2029 383 c.
2044 364 2075 390 27
2087 362 2151 382 extr.
2179 356 2241 383 Illos
2256 364 2391 390 nunquam

268 404 376 432 alicuius
402 401 529 434 Qflnffis
545 408 567 433 ς,
581 408 606 434 7.
676 397 749 431 Virg.
763 397 857 428 Georg.
875 401 902 425 4,
917 400 959 425 512
988 392 1098 419 Amissos
1112 392 1232 426 queritur
1243 392 1291 417 Fe·
1359 397 1442 422 magis
1467 389 1702 425 detriumphamus,
1724 399 1802 424 quam
1821 398 1879 415 cum
1895 398 1943 423 pro
1959 391 2021 418 fidei
2035 391 2212 418 obstinatione
2229 392 2392 418 damnamur.

268 446 325 471 tus,
344 446 408 472 quos
423 437 501 463 durus
513 441 600 462 arator
634 432 793 460 0bseruans.
818 428 882 454 nido
903 427 1041 463 implumes
1060 428 1180 454 detrflXi‘-
1236 427 1292 453 Cic·
1359 424 1437 451 G¹⁰ffi
1452 424 1498 450 Gr.
1512 425 1567 452 Lat.
1587 425 1773 460 ἕκθμαμβὲύω,
1793 425 1979 458 Detsh'mlv‘ho·

271 475 344 500 Vei-r.
357 481 382 504 2,
396 480 426 504 ις
439 481 460 498 c.
476 480 492 505 7
511 472 659 496 Senatorem
670 468 730 500 Pop.
745 467 820 491 Rom.
836 463 853 489 si
866 472 920 489 non
933 465 1128 494 tnuitauerunt,
1154 463 1293 488 Honorem
1400 465 1418 485 D
1429 467 1445 486 E
1455 465 1502 485 ΤΒ
1512 467 1521 485 1
1530 466 1550 484 v
1559 467 1583 487 M
1593 469 1607 488 P
1617 467 1636 487 Η
1646 468 1667 487 Α
1676 469 1697 488 Τ
1706 469 1726 488 ν
1735 468 1748 486 S
1757 481 1765 493 ,
1787 470 1818 493 a,
1839 469 1892 486 um.
1911 460 2003 489 Partic.
2036 463 2136 489 Minue.
2150 462 2205 489 Fel.
2226 471 2250 496 p,
2266 470 2305 494 231
2324 462 2395 488 Deos

269 509 387 535 debitum
399 508 563 533 detraxerunt
580 512 633 528 non
655 501 772 529 homini,
790 498 833 524 sed
852 499 958 531 ordini,
978 505 1024 525 etc.
1084 497 1200 526 Laudem
1219 497 1292 524 Idem
1311 506 1340 526 ιο
1361 495 1416 529 post
1443 494 1544 521 cladem
1563 496 1771 531 detriumphatos
1788 497 1875 522 colere
1896 504 2052 530 coeperunt,
2074 501 2092 524 ι’,
2111 496 2272 525 Βειιιὲἶαγιαη
2286 500 2396 533 gentium

242 569 245 572 ,
269 552 318 578 pro
330 544 397 577 Lege
411 542 499 568 Manis.
519 560 525 566 .
547 559 553 565 .
600 539 629 563 Et
645 538 713 563 Fam.
724 543 746 567 5,
758 543 773 560 2
800 536 888 568 Quem
902 544 984 569 quum
996 533 1173 568 comperissem
1188 541 1294 559 omnem
1362 530 1426 556 deos·
1463 529 1509 556 Sed
1519 530 1586 556 Cell.
1600 539 1638 564 25,
1651 539 1667 566 7
1687 532 1891 566 Triumphatos.

268 580 312 605 sui
328 578 493 605 Tribunatus
510 579 631 600 conatum
650 572 676 598 in
695 578 779 596 meam
797 569 943 604 perniciem
964 578 1054 604 parare
1073 575 1150 603 atque
1164 567 1296 599 meditari,
1396 566 1598 604 DETR-VDO,
1618 566 1651 598 fi,
1669 568 1741 600 sum,
1760 569 1814 593 ere.
1851 565 2005 600 [κατωθέω]
2045 566 2174 594 Trudendo
2193 567 2303 595 deiicere.
2339 566 2395 593 Cic.

268 614 312 648 egi
325 622 384 639 cum
397 610 503 638 Claudia
521 616 603 634 vxore
615 614 675 639 tua,
695 612 720 630 et
733 605 892 631 cum¹vestra
911 606 1001 631 sorore
1020 605 1120 634 Mutia,
1140 609 1168 630 vt
1187 612 1247 630 eum
1261 603 1294 630 ab
1362 609 1412 634 pro
1428 602 1540 627 Caec1na
1554 609 1589 633 49
1610 602 1725 628 Potestne
1738 602 1841 629 detrudi
1857 602 2005 636 quisquam,
2020 602 2132 635 quinon
2143 603 2299 636 attingitur}
2335 601 2395 627 Liu.

268 650 314 676 illa
327 648 425 674 Iniuria
436 644 607 671 detraherent.
676 641 730 666 Cic.
743 648 791 674 pro
804 640 900 666 Milon.
914 649 945 673 39
976 640 1019 667 Ne
1039 641 1064 666 P.
1078 640 1197 672 Clodius,
1212 648 1295 674 quum
1362 644 1389 668 z,
1427 655 1434 663 .
1472 655 1479 661 .
1516 637 1570 662 Iam
1592 636 1690 669 impetu
1710 637 1872 664 conabantur
1885 637 2023 663 detrudere
2035 637 2133 663 virum.
2203 639 2258 665 Cic.
2272 645 2320 671 pro
2332 638 2396 664 Cae-

270 685 298 711 in
311 683 440 709 Iudicium
454 679 556 706 detrahi
569 687 622 704 non
634 676 720 710 posset,
734 675 762 701 vi
775 675 918 709 oppressam
931 676 1065 702 ciuitatem
1078 676 1186 701 teneret.
1223 674 1296 701 Idem
1315 683 1341 710 ις
1363 671 1414 697 cin.
1452 691 1458 697 .
1497 690 1504 697 .
1540 691 1547 697 .
1583 671 1695 703 Decem,
1714 673 1791 699 vnius
1804 673 1920 700 hominis
1938 673 1993 698 telo
2013 673 2166 706 perterritus
2174 693 2185 704 ,,
2199 673 2332 705 deiectus,
2353 671 2395 698 de·

268 719 343 745 Verr.
361 717 476 743 Diuinat.
489 723 516 746 25
540 715 597 739 Hoc
612 711 629 737 si
647 720 700 736 non
718 716 795 741 Vter,
814 720 867 737 non
885 710 936 738 tibi
952 711 1077 737 iniuriam
1097 711 1183 743 facio,
1209 710 1251 736 sed
1264 710 1296 736 de
1363 707 1502 740 trususque
1518 706 1583 732 sum.
1661 706 1701 732 Ad
1716 707 1743 733 id
1755 708 1827 742 quod
1839 710 1924 734 facere
1939 708 2026 742 pollit,
2042 708 2160 742 aliquem
2178 708 2315 736 detrudere
2341 707 2397 734 Cic.

269 762 329 780 meo
348 753 407 778 Iure
426 748 525 784 aliquid
545 754 570 774 et
590 745 730 772 commodo
750 745 868 772 detraho.
952 745 1085 773 inuidiam
1098 747 1193 772 Noxae
1213 745 1296 773 Ouid.
1363 741 1396 768 de
1409 742 1483 782 Orat.
1502 750 1522 773 ¹,
1534 750 1577 773 130
1589 751 1610 767 c·
1623 745 1663 771 28.
1732 743 1845 770 Detrudi
1860 743 1891 769 de
1903 744 1968 770 saltu
1982 753 2098 778 agroque
2113 746 2247 770 communi
2279 744 2334 771 Cic.
2349 751 2397 777 pro

268 787 344 822 Epist,
358 795 384 820 7,
400 788 454 811 106,
522 782 656 816 Opinione
668 781 805 816 probitatis
819 779 934 808 den-affl,
953 782 1009 808 Cic,
1024 781 1076 808 Off,
1090 789 1113 811 2,
1128 790 1168 814 34,
1222 781 1295 807 Idem
1363 778 1480 810 Quintio
1497 782 1534 806 28.
1605 777 1721 803 Colonos
1734 787 1796 804 rure
1809 778 1949 805 detrudere
1968 779 2061 806 Claud.
2075 779 2107 805 de
2122 779 2149 804 B.
2163 779 2234 804 Gild.
2247 784 2298 811 198.
2339 779 2395 805 Cic.

267 825 341 849 Verr.
360 830 379 853 1,
402 826 437 850 181
469 817 572 844 Scribae
591 815 700 843 nomine
719 816 750 842 de
771 822 826 843 tota
838 817 949 843 Pecunia
968 817 1046 843 binae
1069 817 1299 852 quinquagesimae
1364 821 1413 847 pro
1428 812 1534 838 Caecin.
1549 820 1570 838 c.
1585 819 1614 846 17
1633 812 1777 839 Neminem
1790 814 1854 842 statu
1868 813 2010 840 detrusmn.
2081 814 2202 840 Vatinius
2215 814 2247 840 ad
2260 816 2314 841 Cic.
2328 815 2399 841 Fam.

266 856 472 883 detrahebantur.
543 854 634 887 Pipere
646 852 763 879 detra&o
789 851 908 878 Scribon.
923 859 968 886 74.
1001 855 1019 878 i.
1033 851 1123 885 onusti),
1195 853 1251 879 Cic,
1266 851 1298 878 de
1317 854 1353 873 20
1365 855 1388 881 ς,
1403 856 1432 874 10
1452 849 1575 880 Quatuor
1589 848 1661 873 enim
1673 854 1775 880 turreS,
1793 855 1818 874 et
1837 855 1950 883 quatuor
1967 859 2057 876 muros
2073 850 2145 884 cepi,
2165 855 2190 875 et
2202 858 2288 875 arcem
2305 858 2399 876 eorum

266 893 323 919 Fin.
336 901 363 924 4,
398 909 404 916 .
441 909 447 915 .
482 888 578 914 Saltem
591 887 692 922 aliquid
715 887 746 913 de
760 886 877 914 Pondere
890 886 1051 918 detraxisset,
1071 895 1096 914 et
1110 887 1199 922 paullo
1213 888 1298 914 mino-
1365 888 1464 922 totam,
1485 891 1516 909 ex
1536 891 1587 917 qua
1606 892 1648 909 rue
1666 884 1756 915 niues,
1782 884 1899 917 frigora,
1918 885 2031 918 imbres,
2051 886 2225 912 detruserunt.
2297 885 2351 916 Cic.
2367 885 2398 910 de

263 928 301 954 tis
313 923 491 952 aestimauisset
505 932 544 956 ea,
559 933 636 958 quam
649 923 824 958 Peripatetici.
892 922 1056 949 Ponderibus
1075 923 1212 950 detrahere
1232 923 1299 950 Scri-
1365 919 1487 945 Vniuers.
1496 927 1531 951 42
1551 917 1580 943 Id
1601 918 1630 945 sit
1650 928 1732 953 quum
1752 920 1917 953 speculorum
1936 920 2045 947 laeuitas
2062 921 2123 947 hinc
2142 921 2271 954 illincque
2285 919 2400 946 altitudi-

262 962 324 988 bon.
339 968 382 994 97.
402 962 420 985 i.
432 959 665 994 minuerepondera.
752 959 827 985 Parte
846 958 923 984 tertia
943 956 1059 985 detra&a
1078 966 1115 991 52.
1137 967 1186 992 90-ss
1199 967 1238 991 92.
1259 967 1298 991 93.
1365 962 1425 980 nem
1442 953 1567 985 afliunlit,
1585 960 1610 980 et
1630 954 1667 980 ita
1686 954 1775 981 dextra
1789 954 1895 981 detrusit
1908 956 1937 981 iu
1949 955 2048 982 laeuam
2061 963 2160 991 partem
2174 957 2332 987 oculorum,
2351 954 2402 981 lae-

262 995 446 1030 Magnitudine
457 994 543 1021 viciae
555 994 700 1021 dem—iritum
707 993 922 1028 Tragacanthum
934 1002 989 1026 149,
1035 994 1103 1020 ‘Liu.
1119 1003 1159 1027 30,
1171 1003 1204 1020 20
1225 995 1298 1020 Haec
1364 998 1449 1024 vaque
1462 989 1490 1015 in
1502 989 1629 1016 dextram.
1700 991 1802 1024 Corpus
1816 989 1948 1033 detrusum
1961 991 2007 1017 sub
2022 992 2112 1018 inania
2125 998 2221 1018 tartara
2240 990 2320 1018 Ouid.
2337 990 2402 1016 Met.

262 1031 398 1063 accusans,
430 1039 610 1064 quaerensque
634 1038 664 1056 ex
687 1029 789 1056 diutina
812 1029 960 1055 Posreffione
983 1029 1075 1056 Italiae
1099 1029 1135 1055 est
1159 1029 1298 1056 detraGtus.
1316 1030 1347 1058 25
1366 1032 1467 1057 12‚523.
1539 1024 1688 1051 Detrudunt
1703 1035 1781 1052 naues
1797 1026 1903 1060 scopulo
1922 1026 1997 1060 Virg-
2010 1027 2075 1053 Aen·
2090 1036 2110 1059 Ι,
2125 1036 2179 1061 143·
2268 1025 2308 1052 Ad
2322 1034 2401 1060 quam

262 1067 416 1094 Detrahitur
427 1065 529 1098 Pretio,
543 1073 590 1101 pro
602 1066 729 1092 Minuitur
745 1068 861 1100 pretium.
914 1065 1045 1091 Columel.
1061 1070 1084 1097 8,
1099 1072 1127 1100 17
1151 1066 1247 1091 Macies
1261 1066 1299 1091 in-
1365 1061 1500 1087 fortunam
1534 1069 1594 1086 eum
1627 1060 1767 1087 defflffiffet
1806 1061 1874 1096 Nep·
1896 1069 1940 1093 20,
1958 1070 2014 1094 2‚z.
2084 1063 2165 1089 Plaut.
2188 1061 2277 1088 Aulfll·
2295 1070 2318 1093 ²,
2338 1068 2366 1093 3,
2383 1069 2400 1093 9

262 1103 341 1134 dicat,
355 1111 415 1128 eum
428 1110 481 1127 non
493 1102 539 1127 esse
554 1101 640 1127 libero
658 1100 725 1126 mari
739 1106 856 1134 captum,
877 1100 919 1127 sed
931 1099 963 1126 de
978 1100 1095 1127 custodia
1108 1101 1219 1126 elatum:
1238 1110 1299 1135 pro·
1365 1095 1485 1122 Huccine
1516 1095 1644 1122 detrusisti
1674 1106 1716 1123 me
1750 1096 1783 1123 ad
1814 1098 1901 1123 senem
1934 1097 2104 1131 parcissimum
2118 1099 2127 1124 3
2230 1097 2286 1123 Cic.
2308 1096 2401 1129 Qtint.

264 1144 321 1173 pter
334 1136 405 1172 quod
425 1136 567 1171 plurimum
582 1135 669 1162 Pretio
684 1135 840 1162 detrahitur.
912 1136 954 1163 Sic
975 1136 1041 1162 Plin.
1060 1138 1101 1168 36,
1122 1139 1155 1162 26
1185 1137 1299 1163 Metallis
1366 1133 1450 1158 Fratr.
1483 1140 1508 1163 ¹,
1539 1140 1558 1164 4
1604 1132 1741 1165 Qioniam
1776 1132 1805 1158 in
1839 1139 1941 1159 tantum
1970 1132 2069 1158 luctum
2106 1139 2133 1159 et
2163 1132 2282 1159 laborem
2313 1132 2403 1158 detru-

262 1173 349 1200 Pretia
362 1172 568 1199 detraherentur.
639 1171 696 1197 Cic.
710 1171 742 1197 de
755 1171 875 1198 Prouinc.
884 1172 960 1198 Cons.
972 1180 999 1202 19
1020 1172 1055 1198 At
1066 1171 1095 1198 hi
1109 1181 1163 1198 non
1176 1173 1256 1198 modo
1269 1172 1299 1198 il.
1367 1168 1407 1193 ΓΗΒ
1421 1176 1456 1199 ‘3⁵2
1477 1172 1603 1201 q¹¹³¹¹fflm
1617 1176 1696 1194 nemo
1710 1177 1834 1202 vnqssam·
1905 1168 2030 1202 Aliquem
2042 1168 2075 1194 ad
2086 1168 2285 1195 mendicitatem
2318 1167 2401 1194 Plaut-

261 1209 316 1235 lum
330 1208 467 1234 inimicum
480 1215 511 1233 ex
526 1206 611 1232 Gallia
624 1206 757 1232 sententiis
771 1207 824 1233 suis
835 1215 888 1233 non
902 1206 1082 1238 detrahebant,
1096 1207 1138 1233 sed
1152 1213 1177 1233 et
1190 1214 1297 1242 propter
1311 1211 1344 1234 30
1366 1203 1439 1229 Men·
1455 1211 1475 1234 Ι,
1488 1211 1510 1234 3,
1523 1210 1560 1228 2¹-
1632 1203 1743 1230 Detrudi
1772 1203 1853 1229 morti
1890 1203 1961 1230 Vi&-
1992 1203 2024 1230 de
2049 1204 2122 1230 Viris
2142 1203 2236 1230 Illustr·
2272 1223 2280 1230 ·
2317 1222 2324 1230 ·
2362 1221 2370 1229 ·

263 1245 393 1272 rationem
406 1243 503 1269 Gallici
516 1242 579 1268 belli
593 1241 760 1268 Prouinciam
773 1249 845 1268 extra
859 1242 980 1269 ordinem
994 1242 1177 1269 decernebant.
1247 1244 1299 1270 Co-
1367 1238 1423 1264 (ἶὶΰι
1438 1237 1489 1264 Off·
1503 1246 1522 1269 ¹,
1537 1246 1579 1270 114
1598 1238 1643 1264 Sin
1656 1239 1798 1274 aliquando
1812 1238 1940 1265 Deceffitas
1953 1248 2000 1265 ¹¹0⁵
2013 1238 2044 1265 ad
2059 1248 2088 1265 ea
2102 1239 2254 1269 detruserit,
2274 1248 2341 1274 quae
2354 1246 2402 1265 110-

264 1278 353 1305 lumel.
366 1288 393 1312 4,
405 1287 417 1310 3
449 1278 581 1304 Minorem
594 1276 688 1303 deinde
706 1277 787 1303 filiam
801 1278 894 1312 nuptui
910 1278 1043 1305 collocasse
1058 1279 1086 1304 in
1098 1278 1211 1304 dimidia
1224 1285 1297 1314 parte
1365 1273 1412 1300 stri
1426 1273 1527 1308 ingenii
1539 1282 1592 1299 ¹¹0¹¹
1607 1280 1692 1301 erunt·
1799 1275 1855 1301 Cic.
1869 1274 1900 1300 de
1912 1276 1986 1301 Orat.
2002 1283 2021 1307 1,
2035 1277 2072 1307 46
2085 1283 2107 1300 c.
2123 1283 2145 1301 11
2165 1275 2186 1300 A
2199 1275 2296 1309 quibus
2317 1274 2402 1301 omni-

263 1315 363 1349 reliqui
375 1313 444 1348 agri:
476 1321 523 1338 nec
535 1312 567 1338 sic
581 1321 612 1338 ex
626 1312 737 1347 pristino
746 1313 842 1340 Reditu
857 1313 999 1340 detraxisse.
1070 1314 1126 1341 Cic.
1142 1314 1213 1340 Brut.
1229 1324 1249 1340 c.
1263 1317 1299 1350 67
1364 1309 1414 1336 bus
1426 1318 1477 1335 vna
1490 1317 1571 1343 paene
1583 1309 1754 1344 repelli'voce
1767 1310 1907 1336 Oratorem
1921 1319 1935 1336 a
1949 1310 2132 1344 gubernaculis
2146 1310 2299 1341 ciuitatum,
2317 1309 2404 1335 exclu-

265 1351 400 1383 Qantum
420 1348 532 1374 detraxit
549 1357 580 1374 ex
588 1348 690 1380 Studio,
710 1354 811 1374 tantum
830 1349 916 1375 amisit
928 1358 959 1375 ex
972 1349 1066 1384 gloria.
1138 1349 1210 1375 Idem
1225 1351 1297 1377 Fam,
1366 1345 1392 1371 di
1406 1344 1438 1371 ab
1452 1345 1527 1371 omni
1542 1344 1675 1377 doctrina,
1690 1354 1832 1380 rerumque
1845 1346 1977 1372 maiorum
1991 1346 2114 1378 scientia,
2132 1354 2161 1372 ac
2173 1351 2274 1371 tantum
2288 1346 2316 1371 in
2334 1344 2402 1371 iudi-

264 1393 285 1417 1,
298 1393 311 1418 5
330 1385 357 1424 Si
371 1383 435 1419 quid
449 1392 479 1409 ex
493 1384 526 1409 iis
538 1383 631 1414 rebus,
653 1393 717 1417 quas
731 1383 782 1410 tibi
796 1384 904 1411 fortuna
923 1384 1017 1419 largita
1036 1385 1088 1417 est,
1108 1386 1298 1412 nonnullorum
1315 1384 1343 1410 35
1366 1381 1406 1407 cia
1420 1388 1445 1406 et
1460 1380 1657 1413 contiunculas,
1680 1386 1804 1415 tanquam
1825 1382 1854 1407 3¹1
1874 1381 1982 1416 aliqssod
2002 1381 2157 1416 pistrinum,
2172 1380 2279 1407 detrudi
2290 1389 2319 1407 ac
2333 1388 2404 1406 com·

262 1420 403 1446 hommum
418 1418 529 1452 perfidia
546 1418 702 1449 detraxerit,
720 1419 747 1444 id
767 1420 865 1445 maiori
886 1419 939 1445 illis
952 1420 1040 1446 fraudi
1060 1429 1138 1455 quam
1156 1420 1206 1447 tibi
1226 1421 1297 1447 futu·
1364 1416 1438 1451 pingi
1453 1415 1586 1442 Videbam·
1655 1417 1710 1442 Cic·
1730 1426 1778 1450 ΡΓΟ
1796 1417 1878 1443 ΡῙὸΰΐ-
1900 1426 1935 1449 94
1955 1426 1976 1442 c·
1990 1422 2017 1449 38
2038 1417 2101 1444 Non
2116 1423 2207 1451 putant
2221 1416 2281 1442 satis
2296 1424 2404 1442 conuer-

261 1464 330 1481 rum.
399 1453 563 1480 Sacerdotem
576 1453 608 1478 ab
621 1453 673 1478 aris
691 1453 729 1479 Id.
742 1453 774 1479 de
788 1455 880 1488 Arusp.
894 1455 968 1489 Resp.
982 1461 1013 1485 28
1025 1465 1046 1482 e.
1061 1464 1093 1488 13.
1166 1456 1297 1483 Columel,
1365 1453 1417 1478 sain
1433 1452 1481 1477 esse
1497 1451 1637 1485 Rempubl.
1650 1452 1698 1478 nisi
1713 1452 1740 1478 in
1756 1452 1864 1478 eandem
1878 1453 2024 1486 impiorum
2043 1460 2154 1488 poenam
2173 1452 2276 1487 optime
2293 1451 2403 1478 meritos

261 1492 288 1522 6,
303 1499 333 1523 14
353 1489 383 1516 Et
397 1497 428 1514 ex
443 1488 545 1514 diuersa
564 1487 680 1513 auricula
701 1488 858 1521 Sanguinem
877 1489 1051 1517 detrahemus.
1122 1492 1252 1518 Detraffls
1266 1492 1298 1519 de
1364 1488 1436 1513 Ciues
1450 1486 1618 1513 detruserin‘-
1712 1488 1750 1514 De
1763 1488 1871 1522 praedio
1891 1489 1945 1515 Cic·
1958 1497 2007 1522 Pl‘0
2024 1488 2117 1522 Qlinb
2132 1497 2154 1514 C·
2167 1495 2198 1522 27
2213 1494 2236 1513 θ’
2249 1496 2291 1519 29·
2363 1486 2403 1513 Id·

260 1524 369 1552 homine
382 1523 499 1550 Sensibus
518 1523 573 1549 Cic.
582 1522 613 1549 de
621 1522 678 1549 Fin.
687 1531 706 1554 1,
714 1530 753 1554 30.
823 1523 896 1549 Idem
903 1524 985 1549 Tusc.
1000 1533 1025 1556 2,
1063 1544 1069 1550 .
1107 1544 1114 1551 .
1149 1525 1234 1553 Efficit
1248 1527 1298 1553 hoc
1365 1523 1436 1549 Fam.
1454 1531 1493 1554 14,
1513 1525 1541 1548 16
1559 1524 1633 1556 Quae
1652 1531 1694 1548 me
1708 1524 1745 1550 ita
1756 1523 1915 1556 conficiunt,
1935 1529 1963 1549 vt
1983 1524 2004 1549 ii
2019 1524 2172 1555 voluerunt,
2186 1523 2232 1557 qui
2245 1531 2288 1548 me
2301 1522 2333 1548 de
2345 1530 2403 1548 mea

260 1559 444 1595 philosophia,
469 1558 589 1584 medetur
609 1558 717 1588 animis,
746 1557 835 1584 inanes
854 1558 1040 1585 Solicitudines
1059 1558 1183 1585 detrahit.
1199 1562 1203 1568 ‘
1255 1563 1296 1587 Sic
1305 1565 1343 1588 40
1365 1557 1492 1582 sententia
1512 1556 1685 1584 detruserunt.
1755 1559 1829 1592 Virg.
1850 1560 1913 1585 Aen.
1928 1561 1960 1592 6,
1974 1566 2024 1592 594
2059 1574 2104 1578 —
2140 1558 2298 1593 Superisque
2311 1559 2405 1584 Iouem

260 1595 288 1622 Si
296 1595 367 1621 Tibi
382 1594 431 1620 hoc
444 1603 526 1620 vnum
534 1593 641 1633 ¹detrahi
655 1592 737 1627 potest
758 1592 949 1626 Id.Fam.5,16.
1003 1593 1118 1620 Detrahe
1131 1595 1213 1621 menti
1228 1595 1299 1631 spem
1365 1590 1612 1630 detr²¹dere‚1‡eg¹¹i⁵-
1683 1592 1723 1618 Ad
1735 1593 1815 1619 Vssd³⁵
1829 1595 1927 1628 Stygias
1954 1595 2028 1629 Virg·
2048 1595 2115 1621 Aefl-
2132 1602 2165 1629 7>
2177 1601 2235 1628 773-
2309 1594 2405 1619 Detfu·

261 1630 363 1657 fruftus
375 1629 467 1656 auidae
486 1628 567 1655 Ouid.
581 1637 613 1654 ex
627 1629 709 1654 Ponto
723 1636 748 1659 2,
764 1636 786 1660 3,
801 1636 834 1661 ¹3·
905 1629 942 1655 Ex
957 1630 1056 1656 summa
1085 1630 1141 1656 Cic,
1154 1631 1207 1656 Art.
1223 1639 1261 1663 10,
1275 1639 1296 1664 ς,
1365 1626 1565 1665 deret-omitia,
1577 1633 1626 1661 pro
1639 1627 1760 1660 Dfflrre.
1796 1629 1851 1654 Cic.
1866 1631 1904 1663 Q
1914 1630 1997 1655 Fratr.
2010 1638 2034 1661 2,
2050 1639 2073 1662 13
2097 1631 2136 1656 Ita
2155 1634 2280 1664 putantur
2299 1627 2406 1654 detrudi

259 1665 359 1693 Multae
373 1674 470 1691 nouem
485 1670 567 1698 partes
580 1663 692 1690 detraxit
714 1663 782 1697 Nep.
798 1672 832 1696 13,
843 1672 870 1703 4,
884 1672 902 1690 1.
973 1665 1029 1691 Cic.
1044 1674 1093 1699 pro
1106 1665 1189 1692 Flacc.
1228 1686 1235 1693 .
1271 1685 1278 1692 .
1366 1666 1475 1687 comm-'¹
1498 1661 1527 1687 in
1549 1662 1663 1688 mensem
1686 1662 1824 1688 Martium·
1930 1664 2002 1690 Idem
2028 1665 2081 1690 Att.
2099 1674 2127 1698 4,
2148 1672 2176 1698 17
2201 1664 2305 1696 Qubus
2318 1663 2337 1688 fi
2350 1669 2406 1689 non

261 1702 311 1728 Dat
326 1700 462 1732 deluere,
481 1699 547 1726 nihil
564 1698 678 1726 detrahit
690 1698 722 1725 de
734 1699 814 1731 vino,
834 1708 920 1725 nunus
935 1699 1017 1734 igitur
1028 1701 1095 1727 lucri
1109 1701 1181 1738 facit,
1362 1696 1496 1728 valuerit,
1514 1703 1606 1731 putant
1626 1697 1686 1724 fore
1705 1698 1832 1732 aliquem,
1854 1698 1901 1733 qui
1920 1699 2029 1726 comitia
2058 1699 2086 1724 in
2117 1698 2260 1725 aduentum
2289 1697 2406 1724 Caesaris

296 1742 314 1762 n
324 1743 368 1762 ΕΤ
377 1743 396 1762 R
405 1742 453 1762 Au
462 1742 478 1762 E
487 1742 508 1761 N
519 1742 531 1762 s
540 1754 548 1767 ,
569 1734 644 1760 entis.
662 1734 755 1761 Partic.
792 1734 847 1761 Cic.
857 1735 937 1761 Tusc.
953 1744 1012 1769 3‚41
1027 1746 1048 1762 c.
1057 1741 1081 1766 18
1101 1735 1247 1762 Detrahens
1255 1744 1298 1762 eas
1305 1740 1339 1767 45
1362 1730 1493 1757 detrudat.

261 1771 418 1804 voluptates,
425 1778 492 1803 quae
506 1771 595 1803 sapore
609 1770 799 1804 percipiuntur,
819 1769 956 1796 detrahens
970 1780 1020 1802 eas,
1029 1780 1096 1806 quae
1107 1771 1198 1797 auditu
1207 1777 1232 1797 et
1240 1780 1298 1798 can-
1399 1772 1418 1791 D
1427 1772 1444 1792 E
1453 1771 1602 1792 TRVSVS
1611 1786 1620 1798 2
1637 1775 1651 1791 ὃ
1660 1785 1667 1796 2
1687 1775 1741 1792 ssm-
1760 1768 1852 1793 Ρόῐΐῐῦ-
1890 1768 2043 1802 [κατῶῧᾱῑῧ
2078 1768 2133 1794 Cic·
2147 1768 2180 1793 de
2194 1768 2229 1794 N·
2243 1768 2275 1793 D·
2291 1775 2317 1797 2,
2332 1774 2371 1798 133
2384 1775 2406 1792 C·

258 1805 338 1832 tibus.
408 1804 481 1830 Idem
495 1803 573 1830 Acad.
589 1814 618 1838 4,
634 1813 659 1837 ¹5
672 1815 693 1831 c.
707 1813 720 1837 5
740 1805 856 1832 Socrates
870 1805 902 1832 de
915 1807 940 1832 se
956 1807 1010 1842 ipse
1025 1805 1172 1833 detrahens.
1366 1808 1399 1834 54
1416 1802 1502 1835 Atque
1522 1801 1544 1827 is
1560 1801 1703 1835 agitatione
1723 1807 1748 1827 et
1762 1802 1879 1828 motibus
1894 1803 2014 1836 linguae,
2034 1811 2117 1837 quum
2129 1803 2280 1836 depulsum,
2296 1807 2322 1827 et
2334 1800 2406 1835 quati

296 1847 315 1866 D
325 1845 370 1867 ΕΤ
379 1845 398 1865 R
407 1845 429 1865 A
441 1844 457 1864 C
470 1845 491 1864 T
501 1845 521 1863 V
530 1846 559 1870 S,
577 1847 592 1864 a
600 1858 609 1870 ‚
628 1848 682 1865 um.
701 1840 768 1866 Part.
806 1842 908 1867 Praeter
919 1842 1019 1868 laudata
1033 1846 1060 1869 in
1074 1842 1146 1869 verbo
1154 1862 1163 1875 ‚
1179 1840 1298 1868 Pondere
1366 1837 1499 1863 detrusum
1513 1836 1601 1862 cibum
1614 1836 1725 1870 accipit,
1743 1836 1860 1871 depellit.
1878 1837 2038 1870 destomacho
2049 1839 2177 1872 loquitur-²
2237 1837 2274 1863 Ex
2296 1835 2406 1870 praedio

261 1874 378 1905 detrac'ko
405 1874 473 1908 Nep.
493 1882 526 1906 11,
547 1881 566 1904 1,
586 1883 613 1907 4.
685 1874 764 1907 Signo
778 1875 908 1908 Epistolae
927 1877 999 1903 Idem
1013 1887 1042 1911 4,
1053 1887 1082 1912 4,
1096 1886 1115 1903 1.
1189 1877 1298 1910 Sanguis
1365 1872 1394 1898 vi
1408 1871 1525 1897 detrusus
1552 1872 1607 1897 Cic.
1626 1881 1675 1906 pro
1696 1872 1810 1905 Qintio
1825 1878 1856 1905 89
1875 1882 1896 1899 c.
1911 1882 1953 1905 29.
2058 1874 2161 1907 Corpus
2174 1872 2222 1898 sub
2234 1872 2351 1898 Tartara
2363 1871 2405 1899 de·

259 1911 335 1938 venis
352 1910 455 1936 Lucret.
471 1917 493 1940 3,
504 1917 565 1942 443.
634 1908 736 1934 Lumen
748 1909 811 1934 solis
830 1910 903 1935 Idem
920 1919 942 1943 ς,
957 1920 1017 1945 979,
1307 1917 1340 1942 30
1363 1907 1465 1932 trusum
1489 1906 1571 1931 Ouid.
1584 1907 1647 1932 Met.
1664 1915 1707 1938 12,
1723 1915 1779 1938 522.

297 1952 340 1973 m:
348 1952 369 1971 Τ
379 1951 398 1971 R
407 1951 429 1970 A
438 1950 455 1970 c
463 1951 484 1970 T
495 1950 516 1969 v
528 1950 539 1969 s
549 1962 557 1975 ‚
576 1941 615 1969 fis.
633 1952 668 1969 m.
705 1943 762 1970 Sen.
775 1944 876 1970 Suasor.
898 1952 916 1979 7
943 1945 1068 1972 Detracta
1085 1950 1129 1972 aut
1148 1944 1298 1971 adiectione
1398 1946 1418 1966 Ι)
1426 1947 1443 1966 E
1451 1947 1464 1966 s
1473 1947 1493 1966 T
1503 1947 1522 1966 R
1531 1946 1551 1965 v
1561 1948 1573 1967 s
1581 1947 1602 1966 v
1611 1948 1623 1967 s
1632 1961 1640 1974 ‚
1659 1950 1687 1971 a,
1707 1950 1761 1967 um-
1797 1942 1916 1970 Tertull.
1936 1941 1995 1968 adu.
2007 1942 2110 1970 Valent.
2131 1951 2152 1968 c.
2165 1950 2209 1969 20.

257 1981 380 2014 syllabae.
1401 1981 1501 2002 DETR
1513 1981 1622 2006 vsw,
1642 1976 1711 2001 onis.
1728 1976 1750 2002 f.
1786 1976 1904 2003 Tei-tull.
1942 1996 1948 2002 .
1985 1996 1990 2003 .
2027 1997 2033 2004 .

298 2022 316 2042 1)
326 2023 342 2043 13
351 2022 373 2041 T
382 2022 401 2040 R
410 2021 431 2041 A
440 2020 456 2041 c
465 2020 486 2040 T
496 2019 533 2040 10
542 2033 551 2045 ,
570 2012 638 2038 onis.
655 2012 675 2038 f.
711 2011 866 2047 [ἐφαίρεσιῃ
888 2013 1027 2050 wulpem]
1063 2015 1140 2047 Idem,
1178 2020 1223 2049 vt,
1245 2015 1297 2041 De.
1400 2017 1419 2038 D
1428 2018 1444 2038 E
1453 2018 1474 2037 Τ
1483 2018 1501 2037 R
1512 2017 1533 2036 v
1545 2018 1560 2037 L
1569 2018 1585 2038 1.
1595 2017 1631 2045 o,
1651 2015 1704 2038 are.
1741 2012 1754 2046 [
1761 2009 1871 2046 δαμείω]
1907 2011 1946 2038 De
1960 2012 2040 2039 trulla
2055 2013 2084 2038 in
2096 2012 2204 2039 trullam
2218 2011 2323 2047 deplere
2331 2031 2339 2043 ,
2358 2019 2405 2047 quo

261 2051 357 2078 traftio
370 2050 467 2082 alieni,
485 2049 529 2075 hoc
541 2046 584 2081 est,
604 2048 705 2075 Ablatio
718 2055 742 2073 et
748 2047 852 2083 furtum
865 2052 901 2074 rei
914 2051 1016 2076 alienae.
1052 2051 1109 2077 Cic.
1119 2050 1170 2079 Off.
1185 2058 1245 2082 3,30
1253 2052 1299 2076 0.6
1365 2046 1424 2082 vsus
1437 2045 1480 2079 effe
1493 2046 1588 2073 dicitur
1601 2047 1710 2081 Apicius
1744 2067 1751 2073 .
1789 2066 1794 2073 .
1832 2067 1839 2073 .
1874 2048 1940 2082 quod
1950 2048 2028 2083 ipsum
2040 2055 2064 2073 et
2077 2047 2230 2075 Diffundere
2244 2054 2348 2074 vocatur
2355 2046 2407 2074 Pli-

263 2087 328 2114 Non
349 2086 432 2120 igitur
453 2084 535 2117 magis
553 2083 589 2109 est
607 2090 697 2109 contra
710 2089 829 2109 naturam
841 2083 966 2116 morbus,
986 2090 1031 2111 aut
1044 2085 1158 2119 egestas,
1175 2091 1219 2111 aut
1234 2083 1297 2119 quid
1314 2091 1343 2118 55
1365 2083 1427 2113 nio,
1440 2081 1507 2115 ficut
1520 2085 1548 2107 in
1562 2083 1611 2108 oleo
1622 2083 1792 2117 Decapulare.
1828 2084 1972 2110 Hermolaus
1985 2086 2013 2108 in
2025 2083 2091 2109 Elin.

263 2121 412 2153 eiusmodi,
431 2128 509 2154 quam
522 2118 665 2149 detraffitio,
681 2123 726 2144 aut
740 2118 869 2152 appetitio
887 2118 976 2145 alieni.
1049 2120 1159 2146 Doloris
1179 2120 1297 2147 Cic.0ff.
1402 2123 1420 2143 D
1430 2123 1446 2143 E
1456 2123 1504 2144 TR
1516 2123 1535 2143 v
1547 2124 1593 2145 Ne
1603 2125 1640 2150 0,
1666 2123 1717 2144 are.
1754 2117 1940 2152 [κατακόπτω]
1975 2118 2110 2151 Decidere,
2134 2117 2254 2153 deficare.
2288 2117 2349 2144 Liu.
2368 2125 2406 2150 21,

262 2166 276 2190 3
289 2167 311 2183 c.
327 2166 363 2189 33.
433 2155 469 2181 Id.
490 2154 522 2180 de
531 2153 691 2180 Vniuercis
729 2153 787 2180 Nec
800 2163 866 2180 vero
877 2154 1037 2181 desiderabat
1049 2162 1094 2182 aut
1106 2156 1231 2182 alimenta
1245 2164 1301 2182 cor·
1365 2160 1396 2186 37
1418 2154 1510 2186 Quum
1530 2153 1691 2180 caedendum
1712 2155 1773 2180 esset
1792 2154 1881 2180 saxum
1891 2173 1899 2186 ‚
1921 2152 2064 2180 arboribus
2081 2154 2148 2180 circa
2160 2153 2323 2180 immanibus
2335 2153 2406 2180 deie-

262 2193 350 2228 poris,
368 2196 412 2218 aut
429 2189 619 2216 detractionem
637 2188 753 2215 confetffi
773 2195 798 2215 et
818 2190 947 2216 consumti
968 2190 1031 2217 cibi.
1057 2194 1075 2217 i.
1097 2192 1299 2217 &onerationem
1365 2187 1430 2220 elis,
1446 2188 1665 2223 detruncatisque,
1672 2189 1768 2216 struem
1781 2189 1914 2224 ingentem
1928 2189 2063 2223 lignorum
2076 2189 2184 2215 faciunt.
2244 2190 2405 2216 Detruncare

261 2229 322 2255 alui.
411 2225 593 2252 Detrac'liones
611 2225 677 2260 apud
689 2225 805 2251 Plinium
815 2231 863 2259 pro
877 2226 1070 2252 Vacuationibus
1084 2233 1107 2252 et
1119 2227 1301 2252 inanitIonibus
1364 2223 1432 2250 alam
1446 2224 1501 2258 regi
1514 2233 1592 2259 apum
1612 2224 1678 2251 Plin.
1693 2233 1726 2257 11,
1738 2232 1774 2259 17.
1882 2225 1966 2259 Caput
1981 2224 2116 2251 detruncat
2136 2224 2216 2251 Ouid.
2229 2225 2293 2251 Met.
2307 2229 2331 2257 8,
2343 2226 2404 2258 769.

257 2270 391 2299 prunorum
404 2261 529 2287 humorum
544 2263 633 2294 16,44.
705 2259 874 2286 Detraelione
888 2261 977 2287 leuare
1016 2260 1134 2288 scribon.
1149 2269 1197 2287 101.
1233 2264 1251 2287 i.
1260 2261 1299 2287 de·
1307 2265 1343 2290 60
1366 2260 1425 2286 Liu.
1441 2268 1476 2292 31,
1490 2268 1522 2292 34
1543 2260 1710 2294 Posteaquam
1730 2259 1818 2294 gladio
1844 2260 2009 2295 Hispaniensi
2034 2260 2186 2287 detruncata
2204 2268 2331 2294 corpora,
2346 2260 2405 2287 bra-

262 2297 364 2324 temone
377 2299 501 2332 mitigare.
572 2296 639 2322 Cels.
653 2304 678 2327 2,
690 2303 718 2321 10
739 2295 850 2321 Facilius
863 2296 952 2330 itaque
967 2297 1008 2322 illi
1022 2296 1214 2323 detractionem
1229 2296 1301 2323 sustiss
1365 2295 1432 2321 chiis
1446 2295 1554 2321 abscissis
1562 2315 1570 2328 ,
1589 2303 1634 2322 aut
1648 2302 1702 2322 tota
1717 2297 1828 2322 ceruice.
1898 2297 1979 2322 Manu
1993 2297 2115 2330 prensum
2127 2296 2245 2331 aliquem
2258 2295 2344 2322 Valer.
2357 2296 2406 2322 At·-
2426 2296 2430 2301 '

263 2340 325 2360 nent
338 2343 343 2358 :
369 2332 533 2366 celeriusque
547 2340 594 2364 ea,
613 2330 631 2357 si
645 2330 758 2356 nimium
773 2330 808 2357 est
821 2332 940 2365 pinguis,
959 2332 1093 2365 affligitur.
1164 2332 1301 2359 Detrati‘tio
1365 2339 1427 2364 gon·
1440 2339 1462 2362 3,
1478 2338 1531 2364 145·
1601 2332 1733 2358 Columel.
1747 2343 1775 2366 4,
1783 2340 1815 2358 22
1833 2331 1917 2358 Tales
1930 2332 2019 2358 vineas
2033 2333 2108 2366 supra
2120 2338 2243 2366 quartum
2257 2330 2351 2365 pedem
2362 2330 2405 2357 de-

263 2367 394 2403 sanguinis
412 2367 478 2394 Plin.
494 2374 530 2401 1=7‚
546 2369 585 2392 26.
639 2365 770 2399 Quinem.
784 2375 809 2398 2,
825 2375 860 2392 10.
932 2367 1068 2394 Detraffio
1088 2367 1223 2393 molestiae
1243 2368 1299 2394 Cic.
1366 2372 1502 2397 truncant,
1521 2365 1590 2392 nihil
1613 2367 1816 2394 reformidantes
1841 2367 1974 2394 eiusmodi
1997 2368 2179 2394 reseeiionem.
2251 2366 2344 2392 Vlmus
2361 2365 2405 2393 de-

263 2404 294 2430 de
307 2404 364 2430 Fin.
381 2412 399 2434 1,
411 2410 441 2437 37
454 2412 475 2428 c.
493 2411 523 2428 11.
618 2402 712 2428 Plural.
742 2402 816 2428 Vitia
836 2410 903 2437 quae
921 2410 975 2428 non
1011 2402 1238 2434 detrachonibus,
1258 2402 1302 2428 sed
1364 2407 1483 2428 truncata
1521 2402 1587 2428 Plin.
1604 2410 1642 2437 17,
1663 2411 1701 2435 23.
1770 2403 1910 2438 Pompeius
1937 2403 2121 2436 detruncatus,
2160 2406 2179 2429 ι’.
2198 2402 2331 2429 decollatus
2356 2402 2404 2429 La-

261 2438 454 2467 adiectionibus
467 2444 590 2463 curantur
607 2437 675 2463 Vitr.
691 2445 717 2469 1,
731 2439 755 2463 6.
1312 2436 1344 2468 65
1365 2435 1445 2462 ciant.
1459 2439 1484 2466 6,
1497 2438 1522 2468 6,
1539 2444 1576 2471 17.
1729 2446 1733 2453 “

299 2481 318 2501 D
326 2481 343 2501 E
353 2481 373 2500 T
383 2481 402 2500 R
412 2481 432 2499 Α
442 2479 458 2499 C
468 2480 489 2499 T
500 2478 519 2498 0
530 2478 548 2498 R
557 2491 566 2504 ,
582 2473 646 2497 oris.
667 2480 702 2497 m.
739 2473 790 2506 Qui
805 2471 893 2507 famae
922 2473 1028 2499 alicuius·
1058 2472 1175 2508 derogare
1200 2475 1301 2499 nititur.
1402 2477 1420 2497 D
1429 2478 1445 2497 E
1457 2477 1478 2496 T
1489 2477 1508 2496 R
1518 2477 1537 2495 V
1550 2478 1572 2496 N
1583 2478 1599 2498 C
1608 2479 1629 2498 A
1638 2479 1659 2498 Τ
1668 2479 1678 2497 1
1688 2479 1706 2498 Ο
1715 2492 1724 2505 ,
1749 2472 1818 2499 onis.
1849 2473 1870 2498 f.
1906 2474 1920 2507 [
1927 2473 2074 2506 κατέκοψα,
2100 2472 2245 2506 autmari-ti]
2281 2472 2348 2500 Plin.
2361 2481 2402 2508 249

263 2510 353 2537 Tacit.
377 2510 442 2534 Ann.
462 2516 494 2540 11,
515 2515 547 2538 11,
561 2515 574 2539 5
605 2507 662 2541 Ipse
683 2506 887 2541 haudquaquam
907 2507 948 2534 sui
968 2507 1109 2534 detra&or.
1151 2507 1209 2534 Vici.
1229 2507 1303 2544 infra
1366 2514 1392 2539 9.
1427 2511 1451 2531 et
1466 2513 1505 2544 17z
1516 2514 1551 2538 24
1564 2506 1634 2532 Nam
1648 2507 1812 2532 detruncatio
1824 2506 1938 2533 diximus
1951 2507 2047 2542 quibus
2061 2508 2197 2542 prodesset.

265 2549 569 2573 DETRECTATOR.
833 2554 840 2557 -
1403 2541 1643 2576 DETVMEQfi
1665 2547 1922 2573 ΒΕΤνΜι-ῑεοο,
1943 2545 2058 2575 tmere.
2085 2540 2126 2574 Est
2142 2543 2404 2568 Tumoremamimre.

303 2586 321 2606 D
332 2586 377 2606 ET
387 2584 527 2608 RECTO,
563 2581 616 2603 are.
662 2575 820 2609 [α’ναίνομκι,
847 2575 993 2611 ὖποφεύγω]
1036 2577 1140 2608 Vitare,
1166 2577 1302 2613 fugitare,
1368 2576 1430 2607 Stat.
1445 2575 1536 2602 Theb.
1551 2584 1574 2608 5,
1587 2579 1638 2609 468
1657 2576 1819 2603 Detumuere
1833 2577 1916 2604 animi
1929 2578 2023 2609 maris,
2039 2583 2064 2604 et
2078 2577 2234 2604 clementior
2241 2576 2334 2603 Auster
2352 2576 2404 2602 ve-

266 2614 378 2651 aucrsari
385 2634 394 2647 ,
408 2612 528 2646 residem-e.
575 2613 624 2645 Vt,
644 2611 796 2638 Detrediare
811 2617 940 2638 certamen
950 2632 958 2644 ‚
986 2612 1052 2646 apud
1064 2612 1154 2638 Tacit.
1170 2621 1213 2644 20,
1249 2634 1256 2640 .
1294 2619 1345 2647 ,70
1368 2611 1393 2637 la
1405 2617 1492 2637 vocat.
1530 2612 1654 2647 Intelligit
1666 2613 1739 2638 Mare
1750 2621 1798 2637 own
1811 2614 1919 2647 amplius
1931 2613 2023 2647 irasci,
2042 2614 2086 2639 hoc
2097 2611 2144 2644 eft,
2166 2611 2340 2646 Tranquillum
2355 2609 2406 2644 effe,

266 2652 341 2685 Virg.
355 2650 452 2683 Georg.
466 2657 489 2681 3,
503 2655 533 2682 57
553 2647 611 2674 Nec
624 2647 691 2673 mihi
703 2647 837 2681 displiceat
852 2647 960 2674 maculis
975 2647 1080 2681 insignis
1097 2654 1122 2673 et
1135 2647 1213 2680 albo,
1250 2648 1303 2674 Aut
1366 2647 1470 2673 Petron.
1483 2655 1505 2672 c.
1519 2654 1565 2678 109
1584 2647 1653 2673 Odia
1666 2647 1853 2674 detumescunt.
1906 2648 2026 2673 Prudent.
2041 2647 2069 2673 in
2083 2647 2161 2673 Rom.
2174 2655 2200 2673 v.
2214 2654 2259 2679 145
2278 2646 2307 2672 de
2322 2645 2405 2682 digni-
2442 2659 2445 2662 -

268 2686 329 2720 iuga
340 2684 482 2711 detreelans
491 2703 499 2716 ‚
518 2683 703 2717 interdumque
716 2684 804 2717 aspera
824 2691 914 2708 cornu.
1004 2680 1103 2708 Dauus
1127 2683 1159 2708 ab
1183 2689 1303 2709 armento
1369 2688 1447 2708 tatum
1460 2680 1611 2717 insignibus,
1630 2681 1734 2715 Qiibus
1747 2682 1852 2708 tumetis
1863 2690 1978 2716 moxque
1991 2682 2177 2710 detumescitis.

270 2727 358 2748 taurus
370 2719 494 2746 detrectat
506 2725 620 2745 aratrum
640 2718 720 2744 Ouid.
735 2727 766 2744 ex
780 2718 854 2744 Pont.
868 2726 890 2749 3,
903 2725 930 2751 7,
944 2724 977 2749 15.
1028 2718 1130 2743 Laudes
1149 2718 1228 2743 Ouid.
1237 2720 1303 2745 Met.
1405 2723 1423 2743 D
1432 2722 1478 2743 ET
1488 2723 1508 2741 v
1518 2724 1538 2743 N
1548 2723 1592 2743 Do
1602 2737 1610 2749 ,
1628 2719 1681 2743 ere.
1722 2716 1858 2744 Tundendo
1882 2718 1998 2752 auferre,
2025 2725 2090 2744 certe
2108 2717 2222 2753 perdere.
2258 2716 2349 2742 Proras
2361 2713 2405 2740 de-

271 2765 295 2790 5,
309 2758 369 2788 246.
438 2754 562 2781 Militiam
576 2753 721 2780 detrectare
740 2753 820 2780 Ouid.
833 2754 898 2779 Met.
915 2761 948 2785 13,
961 2754 1000 2784 36.
1072 2753 1143 2778 Caes.
1153 2753 1180 2778 B.
1190 2754 1221 2778 G.
1230 2760 1254 2786 7,
1264 2762 1302 2786 ¹4-
1366 2751 1476 2785 spoliate
1489 2758 1514 2776 et
1526 2751 1661 2778 detundite
1673 2751 1848 2785 gubernacula
1869 2752 1954 2778 Lucil.
1969 2757 1992 2784 8,
2005 2760 2044 2785 59.

271 2790 401 2824 Qunc‘til.
415 2798 438 2820 2,
453 2798 461 2815 1
480 2790 510 2815 Et
523 2789 681 2822 Rhetorice,
701 2789 745 2815 cui
771 2797 868 2815 nomen
889 2788 930 2814 vis
951 2786 1095 2822 eloquendi
1109 2788 1195 2820 dedit,
1215 2786 1301 2813 officia
1314 2793 1346 2821 75
1402 2792 1624 2817 DETVNSVS,
1640 2794 1668 2816 a,
1686 2795 1740 2812 um.
1771 2787 1865 2813 Panic.
1901 2786 1998 2821 Digitis
2017 2787 2115 2822 pedum
2132 2785 2242 2814 detunsis
2255 2783 2291 2811 ob
2305 2783 2406 2819 lapides

273 2828 316 2853 sua
329 2835 382 2852 non
396 2825 529 2851 detrec'tet.
598 2826 671 2851 Onus
692 2824 784 2851 Claud.
799 2824 829 2850 de
845 2824 918 2857 Rapt.
933 2824 1048 2857 Proserp.
1065 2831 1088 2855 1,
1109 2831 1157 2856 155.
1227 2823 1301 2848 Prin·
1367 2821 1445 2854 Apul.
1460 2821 1524 2846 Met.
1538 2828 1554 2845 2
1568 2829 1591 2854 p.
1607 2825 1655 2850 128.

272 2862 356 2896 cipem
366 2881 374 2893 ,
390 2868 436 2895 pro
448 2860 564 2896 Recusare
578 2867 601 2886 et
615 2870 661 2886 non
669 2860 742 2894 ferre
759 2860 863 2886 Sueton.
878 2860 906 2886 in
921 2858 1016 2886 Tiber.
1032 2868 1052 2884 c.
1068 2866 1103 2891 25.
1193 2858 1302 2884 Taurus
1406 2861 1424 2880 D
1435 2862 1481 2882 ET
1492 2861 1510 2880 V
1521 2862 1539 2881 R
1549 2861 1592 2882 Bo
1601 2875 1609 2887 ,
1634 2859 1686 2881 ire.
1723 2854 1888 2889 [ἐμπαρείη-σω,
1907 2857 2041 2892 napo-ssus]
2076 2856 2194 2893 Deorfism
2213 2866 2266 2882 cum
2284 2855 2406 2881 violentia

273 2896 398 2923 detrectat
414 2901 528 2922 aratrum
548 2895 628 2921 Ouid.
647 2904 677 2921 ex
701 2897 774 2921 Font.
795 2904 817 2927 3,
831 2903 857 2929 7,
872 2902 906 2927 ις.
977 2893 1110 2920 Detrec‘tat
1121 2893 1301 2920 administrare
1367 2890 1479 2917 deiicere.
1521 2890 1595 2924 Virg.
1612 2891 1676 2916 Aen.
1690 2898 1712 2923 ς,
1729 2898 1771 2925 175
1791 2892 1873 2926 Puppi
1886 2891 2007 2918 deturbat
2020 2893 2053 2918 ab
2065 2892 2124 2919 alta.
2205 2892 2288 2919 Plaut.
2302 2889 2370 2916 Rud.
2384 2898 2406 2923 1,

274 2931 383 2959 tutelam
403 2931 505 2957 Paullus
527 2931 554 2956 in
571 2931 588 2956 1.
612 2932 728 2964 Ingratus
747 2931 778 2957 D.
801 2931 832 2957 de
853 2931 911 2956 iure
924 2935 1025 2964 patron.
1098 2931 1146 2956 Pro
1159 2930 1302 2960 Detrahere,
1370 2935 1389 2958 1,
1403 2934 1415 2959 5
1435 2926 1517 2952 Cuius
1535 2925 1686 2952 dettn-banit
1700 2933 1773 2953 vetus
1788 2926 1887 2953 teehun
1901 2933 1927 2953 et
1941 2927 2046 2962 tegulas.
2098 2929 2140 2955 Sic
2153 2926 2302 2954 Deturbare
2315 2925 2405 2951 aedifi-

273 2967 372 2994 Sallust.
385 2967 412 2992 B.
426 2965 544 3000 Iugurth.
558 2975 579 2993 c.
593 2974 618 2998 53
640 2966 739 2992 Milites
753 2966 819 2991 alius
838 2966 920 2992 alium
933 2965 994 2991 laeti
1008 2964 1150 2999 appellant,
1172 2964 1228 2990 ac‘ia
1242 2963 1302 2990 edo·
1323 2969 1355 2994 80
1368 2962 1438 2988 cium
1459 2961 1513 2989 Cic.
1526 2962 1562 2995 Q
1575 2962 1656 2988 Fratr.
1669 2970 1692 2994 3,
1707 2970 1750 2994 24.
1821 2962 1968 2989 Deturbare
1981 2963 2097 2997 aliquem
2110 2972 2180 2997 equo
2194 2962 2319 2989 transfixo
2343 2960 2404 2987 Liu.

275 3008 334 3029 cent
347 3008 423 3035 atque
438 3001 546 3027 audiunt
562 3012 567 3027 :
603 3002 714 3036 quisque
733 3002 814 3027 fortia
833 3001 865 3027 ad
884 3000 983 3027 caelum
998 3000 1081 3026 effert.
1138 3001 1242 3035 Quippe
1262 3009 1303 3026 res
1369 3005 1406 3030 35,
1443 3016 1449 3023 .
1487 3016 1493 3022 .
1529 2997 1653 3032 Aliquem
1669 2997 1791 3029 aedibus,
1809 3004 1858 3032 pro
1872 2995 1972 3025 Efficere.
2008 2999 2089 3025 Plaut.
2104 2998 2220 3033 Amphit.
2232 3007 2260 3031 4,
2274 3006 2289 3023 2.
2301 2996 2403 3031 suppos.

276 3038 403 3064 humanae
418 3037 452 3062 ita
464 3037 514 3063 sese
528 3036 640 3069 habent,
659 3038 685 3062 in
700 3037 828 3068 victoria,
844 3036 885 3062 vel
901 3036 1002 3071 ignssis
1017 3036 1126 3070 gloriari
1141 3036 1201 3062 licet
1219 3047 1224 3062 :
1260 3036 1302 3062 ad-
1369 3041 1396 3065 55
1413 3031 1502 3058 Teeto
1515 3032 1646 3058 exclusum
1660 3032 1780 3065 foribus,
1799 3042 1841 3060 me
1854 3032 2006 3060 deturbauit
2018 3033 2134 3060 aedibus.
2205 3033 2261 3060 Cic.
2275 3033 2303 3059 in
2315 3033 2403 3058 Pison.

273 3074 361 3099 versae
375 3081 416 3099 res
429 3072 506 3097 etiam
517 3071 600 3098 bonos
615 3071 767 3098 detree'tant.
787 3076 805 3098 i.
825 3073 903 3097 Etiam
918 3073 974 3097 boni
994 3075 1020 3097 in
1036 3071 1177 3105 adueofisvt
1188 3073 1249 3097 male
1264 3081 1304 3097 au-
1370 3076 1400 3100 93
1419 3067 1462 3093 Illi
1476 3073 1562 3093 autem
1581 3068 1690 3094 statuam
1712 3068 1786 3094 istius
1809 3069 1981 3103 persimilem,
2001 3079 2078 3104 quam
2103 3070 2168 3095 stare
2189 3068 2362 3095 celeberrimo
2376 3067 2406 3093 in

275 3109 362 3140 dmm,
380 3106 497 3141 efficiunt.
567 3107 704 3134 Benefaeta
716 3108 831 3142 maligne
845 3107 991 3133 detrectare
1017 3100 1097 3133 Oflld.
1116 3108 1179 3133 Met.
1195 3116 1232 3139 13,
1248 3115 1304 3141 270.
1370 3103 1430 3129 loco
1443 3103 1581 3136 voluerat,
1598 3112 1630 3129 ne
1645 3103 1784 3129 suauiffimi
1798 3104 1912 3131 hominis
1924 3105 2053 3131 memoria
2072 3110 2236 3136 moreretur,
2256 3102 2406 3135 deturbant,

275 3144 334 3170 Liu.
351 3148 387 3175 38,
400 3151 435 3174 49
458 3143 539 3168 Caeca
554 3142 653 3168 inuidia
667 3143 718 3175 est,
736 3152 782 3168 nec
797 3142 942 3177 quidquam
957 3142 1029 3168 aliud
1042 3143 1105 3175 scit,
1125 3152 1201 3177 quam
1223 3142 1305 3168 detre-
1322 3144 1350 3172 85
1371 3139 1504 3173 affligunt,
1526 3139 1724 3170 comminuunt,
1744 3139 1868 3174 dissipant.
1940 3141 2052 3175 Agmina
2066 3140 2185 3167 deturbat
2198 3139 2286 3173 gladio
2318 3138 2363 3164 Sil.
2376 3145 2404 3172 7,

277 3179 346 3205 &are
359 3179 482 3206 virtutes,
502 3186 668 3210 corrumpere
682 3178 810 3208 honores,
828 3187 856 3204 ac
868 3178 983 3212 praemia
998 3187 1097 3204 earum.
1167 3179 1305 3212 Ingenium
1373 3194 1379 3201 .
1417 3194 1422 3200 .
1459 3175 1496 3200 De
1510 3174 1624 3200 fortunis
1637 3174 1760 3200 omnibus
1773 3175 1889 3209 aliquem
1909 3177 1964 3202 Cic.
1978 3185 2026 3210 pro
2040 3176 2155 3209 Qiintio
2168 3182 2203 3208 47
2216 3184 2237 3200 c.
2252 3183 2289 3208 14.
2343 3173 2405 3200 Liu.

278 3214 365 3247 magni
378 3214 448 3239 liuor
462 3212 586 3238 detreftat
599 3214 710 3239 Homeri
730 3213 810 3240 Ouid,
831 3214 863 3240 de
876 3215 950 3240 Rem,
966 3214 1057 3239 Amor,
1072 3216 1125 3246 365.
1216 3214 1307 3240 Detre.
1372 3218 1408 3242 31,
1422 3218 1452 3241 39
1472 3210 1568 3235 Partim
1583 3209 1657 3236 breui
1672 3211 1784 3236 circuitu
1797 3220 1879 3244 quum
1893 3212 1920 3237 in
1936 3213 2026 3246 iugum
2039 3211 2114 3237 collis
2128 3210 2269 3242 euasissent,
2288 3208 2406 3244 trepidos

281 3247 365 3279 &at-e,
384 3251 464 3282 inquit
478 3247 564 3273 Festus
574 3267 581 3279 ‚
600 3248 635 3273 est
649 3249 716 3275 thale
730 3249 849 3275 traciare.
921 3251 1071 3275 Diminuere.
1108 3249 1175 3274 Gell.
1190 3257 1225 3279 12,
1240 3258 1258 3275 1.
1284 3255 1307 3275 et
1371 3253 1402 3270 ex
1417 3244 1549 3279 praesidiis
1566 3245 1770 3280 stationibusque
1782 3247 1936 3273 Macedonas
1950 3246 2097 3273 deturbant.
2167 3246 2196 3272 In
2217 3254 2289 3271 mare
2307 3244 2406 3278 praeci-

282 3282 396 3308 Macrob.
416 3284 516 3308 Saturn.
541 3291 562 3315 ς,
576 3291 597 3308 11
623 3284 651 3308 ln
665 3283 804 3310 arboribus
825 3285 903 3310 etiam
917 3290 942 3310 et
957 3283 1077 3318 frugibus
1089 3283 1120 3310 ad
1135 3284 1252 3310 indolem
1265 3284 1307 3310 vel
1376 3281 1456 3313 pitem
1470 3281 1550 3315 puppi
1565 3280 1686 3307 deturbat
1698 3280 1730 3306 ab
1744 3281 1795 3307 ‹³¹⁸ss
1815 3282 1890 3316 Virg-
1904 3284 1968 3308 Aen·
1982 3289 2064 3315 52173-
2134 3281 2173 3308 De
2188 3281 2316 3308 tribunali
2333 3280 2404 3307 caes·

282 3316 471 3343 detrectandam
498 3318 540 3344 vel
565 3318 724 3352 augendam,
745 3320 831 3345 maior
854 3320 1008 3354 plerumque
1032 3320 1073 3346 vis
1100 3326 1124 3346 et
1150 3320 1258 3353 potessas
1272 3319 1307 3345 est
1324 3321 1358 3345 90
1375 3316 1402 3341 Β·
1418 3316 1447 3341 C·
1461 3325 1483 3348 3,
1497 3325 1533 3342 21-
1604 3316 1659 3341 Εἰς·
1679 3325 1727 3350 pro
1749 3317 1861 3350 Qlil'ltio
1898 3338 1904 3343 -
1940 3338 1947 3344 -
1986 3337 1992 3343 ·
2028 3315 2174 3348 DebUffl‘ss,
2193 3323 2236 3342 ³¹1¹(
2250 3316 2367 3351 potueris
2379 3315 2405 3341 Ρ·

281 3360 405 3386 aquarum
423 3358 447 3377 ct
467 3359 606 3386 terrarum,
619 3363 684 3387 quae
703 3355 791 3386 alunt,
812 3364 889 3389 quam
909 3355 986 3390 ipsius
1001 3355 1071 3389 quod
1087 3355 1182 3381 iacitur
1196 3356 1310 3381 seminis.
1375 3351 1516 3384 Qumium
1529 3351 1561 3377 de
1577 3351 1722 3386 poss'tffione
1737 3352 1883 3379 deturbare.
1954 3352 2025 3378 Idem
2040 3353 2110 3378 Fam·
2124 3359 2164 3383 ¹2,
2179 3360 2216 3384 25.
2305 3351 2360 3378 Cic·
2376 3350 2404 3375 5¹¹

284 3388 361 3413 Porro
372 3394 416 3420 pro
429 3387 574 3414 Detrcfta‘re
588 3390 658 3415 habet
670 3389 820 3416 Detffl&are
841 3390 956 3417 Lakhm,
971 3390 1003 3416 de
1016 3392 1097 3417 More,
1110 3391 1236 3417 persecut,
1249 3399 1274 3423 9,
1287 3395 1309 3420 3,
1375 3387 1459 3412 Pison.
1474 3390 1508 3421 46
1523 3396 1544 3412 c.
1557 3395 1590 3412 20
1610 3387 1658 3413 Sua
1671 3396 1803 3422 quemque
1818 3389 1904 3420 fraus,
1923 3388 1996 3414 situm
2011 3387 2125 3417 facinus,
2150 3387 2224 3414 suum
2245 3387 2339 3418 scelus,
2359 3386 2404 3412 sua

286 3428 359 3462 6110,
373 3429 398 3453 4-
439 3453 444 3458 ,
467 3421 582 3450 Tertius,
597 3424 629 3450 de
644 3425 716 3459 Virg.
731 3424 839 3451 Vcland.
854 3435 874 3451 c.
889 3431 910 3455 8.
946 3433 968 3452 ct
983 3426 1074 3452 Manis.
1087 3434 1112 3458 2,
1125 3428 1183 3460 346.
1234 3425 1308 3462 Conf.
1374 3420 1497 3455 audacia,
1517 3421 1548 3447 de
1561 3423 1667 3448 sanitate
1680 3432 1707 3449 ae
1722 3430 1810 3450 mente
1823 3423 1952 3450 deturbat.
2032 3422 2175 3448 Deturbari
2195 3424 2236 3457 spe
2262 3422 2317 3448 Cic.
2331 3422 2402 3447 Fam.

287 3457 352 3481 Pier.
366 3454 399 3480 ad
411 3455 484 3488 virg.
498 3457 591 3492 Georg‚
606 3468 628 3491 3,
642 3468 681 3494 57.
753 3461 819 3486 Cort.
833 3460 867 3486 ad
880 3460 937 3487 Sall.
953 3462 1008 3495 Ing,
1023 3470 1049 3493 33
1063 3468 1126 3487 extr.
1377 3466 1409 3489 13,
1423 3465 1461 3489 25.
1534 3457 1571 3483 Id.
1594 3458 1663 3484 Fam.
1684 3467 1712 3490 5,
1732 3467 1748 3493 7
1791 3458 1839 3485 Sed
1854 3458 1903 3485 hoc
1917 3458 1995 3488 scito,
2015 3462 2073 3483 tuos
2088 3464 2187 3484 veteres
2201 3457 2296 3488 hostes,
2317 3465 2403 3484 nouos

313 3495 340 3528 ¹1)
349 3495 392 3514 ET
402 3496 419 3514 R
428 3495 444 3514 Ε
453 3495 468 3514 C
478 3496 499 3515 T
508 3497 528 3516 Λ
538 3498 556 3516 Ν
566 3501 594 3525 s,
604 3496 678 3521 antis,
698 3496 791 3522 partic,
825 3496 957 3528 Liu‚3‚49
977 3496 1170 3522 Detreg'tantem
1184 3495 1309 3530 arripere,
1322 3502 1353 3528 95
1374 3493 1473 3518 amicos
1493 3491 1661 3519 vehementtr
1682 3493 1766 3520 literis
1786 3494 1930 3528 perculsos,
1947 3499 2025 3527 atque
2044 3501 2074 3519 ex
2093 3502 2185 3528 magna
2198 3494 2239 3527 spe
2252 3491 2403 3519 deturbatos

285 3524 359 3556 Virg.
378 3523 500 3557 utsupra.
1374 3528 1466 3554 iacere.
1537 3528 1618 3554 Plaut.
1634 3529 1734 3555 Mostcl.
1749 3538 1768 3562 1,
1781 3539 1807 3562 2,
1818 3532 1852 3556 60
1872 3530 1942 3555 Haec
1956 3528 2140 3555 verecundiam
2153 3528 2234 3558 mihi,
2253 3533 2279 3553 et
2297 3528 2403 3555 virtutis

323 3564 340 3583 1)
351 3564 366 3584 E
376 3563 396 3582 T
410 3564 426 3582 ἢ
438 3565 457 3583 Λ
466 3564 482 3583 C
492 3564 513 3584 T
525 3565 544 3584 A
554 3566 574 3585 Τ
583 3566 602 3584 V
611 3568 639 3599 Sy
657 3573 670 3589 a
679 3583 687 3596 ‚
707 3574 759 3591 um.
779 3566 846 3592 Part.
882 3565 999 3592 Tertull.
1013 3566 1044 3593 ad
1057 3568 1140 3593 onr.
1156 3576 1177 3593 c.
1187 3576 1199 3593 2
1218 3568 1309 3594 Detra-
1371 3563 1479 3591 1¹¹0d11¹¹¹
1494 3562 1652 3589 deturbauit.

288 3593 353 3619 &ata
372 3598 396 3617 et
410 3593 506 3618 exserta
526 3593 663 3636 sententia*
1407 3605 1426 3625 n
1454 3606 1470 3626 Ε
1498 3605 1519 3624 Τ
1546 3605 1566 3624 v
1594 3606 1612 3624 r<
1639 3605 1655 3625 B
1680 3605 1700 3624 Α
1730 3605 1751 3626 Τ
1777 3606 1799 3626 v
1823 3605 1852 3629 s,
1874 3607 1903 3631 a,
1932 3607 1985 3625 um.
2023 3599 2116 3626 Partic.
2156 3599 2203 3627 Vt,
2235 3597 2404 3630 Deturbatis,

327 3634 634 3666 DliTR-ACTATVQ
651 3639 686 3656 us.
711 3641 744 3658 m.
780 3635 897 3663 Tertull.
917 3635 949 3662 de
968 3635 1080 3671 Spectat.
1096 3646 1117 3662 e.
1132 3646 1144 3669 3
1164 3638 1309 3665 Conuerta-
1373 3643 1439 3670 quae
1469 3634 1596 3660 interiora
1628 3635 1760 3661 montium
1788 3634 1957 3667 obsidebant,
1977 3634 2110 3669 praesidiis
2149 3634 2221 3660 curt.
2256 3641 2283 3665 3,
2309 3641 2344 3668 7,
2374 3642 2400 3668 7.

288 3671 346 3688 mur
357 3670 437 3695 magis
449 3662 479 3687 ad
493 3662 639 3689 nostrorum
652 3664 809 3694 detractatus.
1317 3683 1364 3701 100
1372 3670 1444 3697 Idem
1457 3673 1481 3699 6,
1495 3678 1517 3702 5,
1532 3678 1567 3695 12.

315 3704 344 3737 ,1)
356 3704 370 3722 12,
382 3703 402 3722 Τ
413 3704 430 3722 r<
441 3702 482 3722 1ῑο
494 3703 514 3735 Τ
524 3703 544 3722 Α
553 3704 589 3722 ‘ri
599 3705 618 3723 0
628 3718 636 3729 ,
654 3706 677 3723 et
688 3706 714 3737 ‘n
724 3708 738 3725 r
747 3708 767 3726 Τ
776 3709 795 3741 r.-
805 3711 824 3729 Α
835 3711 851 3731 C
862 3713 882 3731 Τ
893 3713 913 3732 Α
922 3713 943 3732 T
953 3713 961 3731 1
971 3713 1007 3738 ῃ,
1028 3706 1093 3732 anis.
1110 3707 1130 3732 f,
1157 3707 1310 3743 [gamm]
1413 3712 1431 3731 D
1440 3713 1456 3732 1⁷.
1467 3713 1487 3732 Τ
1497 3712 1516 3730 v
1525 3712 1541 3731 R
1551 3711 1571 3731 G
1581 3711 1625 3731 Bo
1634 3703 1691 3736 ,11,
1711 3707 1763 3730 ere.
1798 3705 1956 3731 Contrarium
1978 3703 2012 3738 ql}
2026 3705 2072 3740 suo
2086 3702 2204 3737 fimp1ici.
2241 3703 2305 3729 Plin·
2327 3711 2353 3736 95
2376 3709 2404 3735 58

290 3734 349 3759 Lm.
364 3734 389 3762 6,
404 3737 432 3770 2ss
453 3732 570 3770 Iuniores
584 3732 694 3771 Rornant
710 3735 739 3759 ad
754 3737 866 3765 edietum
881 3741 932 3766 sine
946 3740 1134 3767 detrectatione
1153 3751 1310 3769 conuenere.
1375 3741 1481 3775 Qiippe
1492 3741 1643 3774 deturgente
1658 3738 1724 3766 Nilo
1738 3739 1845 3765 musculi
1859 3741 2027 3774 reperiuntur
2045 3738 2167 3766 inchoato
2185 3747 2265 3772 opere
2283 3738 2404 3772 genitalia

289 3767 450 3794 Detree'tatto
463 3766 572 3791 ¹¹¹¹¹¹⁸¹³e
597 3766 654 3792 1³¹⁰·
668 3775 688 3798 31
703 3770 743 3799 69-
811 3773 882 3807 Cons-
896 3775 1013 3802 Tei-tull.
1029 3776 1060 3802 de
1074 3777 1125 3803 Pat.
1139 3786 1159 3802 c.
1175 3786 1195 3809 3.
1375 3785 1474 3811 aquae,
1493 3783 1637 3810 terraeque.
1674 3779 1766 3810 Aliqua
1792 3778 1940 3810 exemplaria
1958 3777 2047 3802 habent
2069 3774 2217 3807 Detegentc.
2260 3774 2316 3800 isid.
2337 3775 2402 3800 Har-

325 3809 341 3844 l?
351 3809 367 3828 E
376 3807 396 3826 T
406 3808 423 3826 R
432 3808 447 3826 E
456 3807 472 3826 C
481 3807 530 3840 ⁶¹1³
539 3808 560 3827 T
569 3807 587 3826 0
596 3808 613 3826 R
622 3821 630 3833 ,
650 3808 672 3827 ῑϊ
694 3807 710 3826 D
720 3809 734 3827 ἱ
744 3811 763 3830 T
772 3810 790 3830 R
801 3813 819 3831 Α
828 3812 844 3830 C
854 3813 875 3832 Τ
885 3815 904 3833 Α
912 3816 933 3834 T
942 3818 960 3836 Ο
970 3818 999 3843 R,
1013 3813 1078 3838 Oris.
1095 3822 1129 3838 m.
1154 3811 1309 3847 [οἰνανρυτῆς]
1374 3812 1444 3838 duin.
1458 3811 1580 3837 Emendat.
1596 3820 1620 3836 n.
1636 3819 1688 3842 140.

286 3838 335 3871 Qu
350 3841 438 3863 '‘⁶⁷1¹‘'ss
475 3835 533 3861 Lm.
549 3844 590 3868 342
603 3843 627 3868 ¹5
647 3837 714 3862 Cato
728 3840 778 3870 ipse
792 3840 859 3868 haud
872 3842 929 3868 sane
950 3844 1108 3876 detrectator
1126 3846 1233 3875 laudum
1252 3849 1354 3881 sua-105
1408 3853 1453 3875 DE
1463 3853 1484 3873 'r
1495 3852 1610 3877 VRPO‚
1628 3849 1679 3872 ire.
1720 3845 1930 3881 Turpemsacere.
1965 3845 2069 3872 Sueton.
2078 3842 2105 3868 in
2114 3842 2197 3878 Calig.
2205 3852 2225 3870 c.
2233 3850 2259 3875 55
2278 3843 2403 3871 Pulcliros

2376 3885 2401 3905 et
