<?xml version="1.0" encoding="UTF-8"?>
<!DOCTYPE html PUBLIC "-//W3C//DTD XHTML 1.0 Transitional//EN"
    "http://www.w3.org/TR/xhtml1/DTD/xhtml1-transitional.dtd">
<html xmlns="http://www.w3.org/1999/xhtml" xml:lang="en" lang="en">
 <head>
  <title>
</title>
<meta http-equiv="Content-Type" content="text/html;charset=utf-8" />
  <meta name='ocr-system' content='tesseract 3.04.00' />
  <meta name='ocr-capabilities' content='ocr_page ocr_carea ocr_par ocr_line ocrx_word'/>
</head>
<body>
  <div class='ocr_page' id='page_1' title='image "./novuslinguaeeter02gesn_0467.png"; bbox 0 0 2479 4225; ppageno 0'>
   <div class='ocr_carea' id='block_1_1' title="bbox 60 150 2204 246">
    <p class='ocr_par' dir='ltr' id='par_1_1' title="bbox 60 150 2204 246">
     <span class='ocr_line' id='line_1_1' title="bbox 60 150 2204 246; baseline -0.003 -7"><span class='ocrx_word' id='word_1_1' title='bbox 60 150 173 241; x_wconf 41' lang='lat'><strong>905*¹</strong></span> <span class='ocrx_word' id='word_1_2' title='bbox 433 162 602 220; x_wconf 64' lang='lat' dir='ltr'><strong>H&#39;t</strong></span> <span class='ocrx_word' id='word_1_3' title='bbox 709 178 742 218; x_wconf 84' lang='lat' dir='ltr'>R</span> <span class='ocrx_word' id='word_1_4' title='bbox 1556 182 1600 222; x_wconf 87' lang='lat' dir='ltr'>H</span> <span class='ocrx_word' id='word_1_5' title='bbox 1689 183 1705 222; x_wconf 92' lang='lat'>1</span> <span class='ocrx_word' id='word_1_6' title='bbox 1791 187 1817 226; x_wconf 87' lang='lat' dir='ltr'><strong>s</strong></span> <span class='ocrx_word' id='word_1_7' title='bbox 2123 195 2204 246; x_wconf 90' lang='lat'><strong>906</strong></span> 
     </span>
    </p>
   </div>
   <div class='ocr_carea' id='block_1_2' title="bbox 58 263 2210 661">
    <p class='ocr_par' dir='ltr' id='par_1_2' title="bbox 61 263 2204 310">
     <span class='ocr_line' id='line_1_2' title="bbox 61 263 2204 310; baseline 0.001 -12"><span class='ocrx_word' id='word_1_8' title='bbox 61 280 87 308; x_wconf 64' lang='grc' dir='ltr'><strong>ς,</strong></span> <span class='ocrx_word' id='word_1_9' title='bbox 99 282 142 308; x_wconf 82' lang='lat'><strong>34.</strong></span> <span class='ocrx_word' id='word_1_10' title='bbox 175 271 178 274; x_wconf 64' lang='lat'><strong>⁴</strong></span> <span class='ocrx_word' id='word_1_11' title='bbox 383 276 400 298; x_wconf 81' lang='lat'><strong>2</strong></span> <span class='ocrx_word' id='word_1_12' title='bbox 434 268 594 301; x_wconf 78' lang='lat' dir='ltr'>Hirsutum,</span> <span class='ocrx_word' id='word_1_13' title='bbox 613 267 793 304; x_wconf 77' lang='lat' dir='ltr'><strong>metaphorice,</strong></span> <span class='ocrx_word' id='word_1_14' title='bbox 807 272 857 303; x_wconf 83' lang='lat' dir='ltr'><strong>pro</strong></span> <span class='ocrx_word' id='word_1_15' title='bbox 878 263 982 307; x_wconf 37' lang='lat' dir='ltr'><strong>‹sus-lero</strong></span> <span class='ocrx_word' id='word_1_16' title='bbox 1005 272 1030 293; x_wconf 76' lang='lat' dir='ltr'><strong>ct</strong></span> <span class='ocrx_word' id='word_1_17' title='bbox 1050 268 1105 294; x_wconf 80' lang='lat' dir='ltr'><strong>ina-</strong></span> <span class='ocrx_word' id='word_1_18' title='bbox 1203 269 1364 297; x_wconf 75' lang='lat'><strong>11131’1126</strong></span> <span class='ocrx_word' id='word_1_19' title='bbox 1371 275 1449 301; x_wconf 80' lang='lat' dir='ltr'><strong>svs,</strong></span> <span class='ocrx_word' id='word_1_20' title='bbox 1470 279 1497 301; x_wconf 83' lang='lat' dir='ltr'><strong>a,</strong></span> <span class='ocrx_word' id='word_1_21' title='bbox 1520 279 1574 298; x_wconf 91' lang='lat' dir='ltr'><strong>um.</strong></span> <span class='ocrx_word' id='word_1_22' title='bbox 1611 270 1672 299; x_wconf 76' lang='lat' dir='ltr'><strong>Adi.</strong></span> <span class='ocrx_word' id='word_1_23' title='bbox 1706 272 1871 310; x_wconf 69' lang='grc' dir='ltr'><strong>[τραχώδης]</strong></span> <span class='ocrx_word' id='word_1_24' title='bbox 1923 277 2008 306; x_wconf 59' lang='lat' dir='ltr'><strong>catal.</strong></span> <span class='ocrx_word' id='word_1_25' title='bbox 2023 283 2050 306; x_wconf 73' lang='lat'><strong>15</strong></span> <span class='ocrx_word' id='word_1_26' title='bbox 2085 289 2112 307; x_wconf 73' lang='lat'><strong>10</strong></span> <span class='ocrx_word' id='word_1_27' title='bbox 2139 281 2204 308; x_wconf 72' lang='lat' dir='ltr'><strong>Non</strong></span> 
     </span>
    </p>

    <p class='ocr_par' dir='ltr' id='par_1_3' title="bbox 60 300 2068 340">
     <span class='ocr_line' id='line_1_3' title="bbox 60 300 2068 340; baseline -0.002 -4"><span class='ocrx_word' id='word_1_28' title='bbox 60 317 150 338; x_wconf 82' lang='lat' dir='ltr'><strong>moeno.</strong></span> <span class='ocrx_word' id='word_1_29' title='bbox 201 302 283 332; x_wconf 85' lang='lat' dir='ltr'>Ouid.</span> <span class='ocrx_word' id='word_1_30' title='bbox 346 304 403 332; x_wconf 87' lang='lat' dir='ltr'><strong>rist.</strong></span> <span class='ocrx_word' id='word_1_31' title='bbox 438 313 463 337; x_wconf 87' lang='lat'><strong>2,</strong></span> <span class='ocrx_word' id='word_1_32' title='bbox 495 312 544 338; x_wconf 77' lang='lat'><strong>259</strong></span> <span class='ocrx_word' id='word_1_33' title='bbox 579 303 706 332; x_wconf 85' lang='lat' dir='ltr'><strong>Sumserit</strong></span> <span class='ocrx_word' id='word_1_34' title='bbox 735 303 854 336; x_wconf 85' lang='lat' dir='ltr'><strong>annales,</strong></span> <span class='ocrx_word' id='word_1_35' title='bbox 879 301 948 329; x_wconf 84' lang='lat' dir='ltr'><strong>mlul</strong></span> <span class='ocrx_word' id='word_1_36' title='bbox 981 302 1018 328; x_wconf 86' lang='lat' dir='ltr'><strong>est</strong></span> <span class='ocrx_word' id='word_1_37' title='bbox 1049 302 1105 330; x_wconf 84' lang='lat' dir='ltr'><strong>hir·</strong></span> <span class='ocrx_word' id='word_1_38' title='bbox 1168 302 1229 331; x_wconf 81' lang='lat' dir='ltr'><strong>dico</strong></span> <span class='ocrx_word' id='word_1_39' title='bbox 1243 305 1347 339; x_wconf 83' lang='lat' dir='ltr'><strong>pueris,</strong></span> <span class='ocrx_word' id='word_1_40' title='bbox 1366 305 1409 331; x_wconf 85' lang='lat' dir='ltr'><strong>sed</strong></span> <span class='ocrx_word' id='word_1_41' title='bbox 1428 305 1574 340; x_wconf 82' lang='lat' dir='ltr'><strong>hispidolis.</strong></span> <span class='ocrx_word' id='word_1_42' title='bbox 2060 300 2068 313; x_wconf 87' lang='lat'><em>¹</em></span> 
     </span>
    </p>

    <p class='ocr_par' dir='ltr' id='par_1_4' title="bbox 59 339 2205 409">
     <span class='ocr_line' id='line_1_4' title="bbox 59 339 2205 386; baseline 0.013 -34"><span class='ocrx_word' id='word_1_43' title='bbox 59 343 142 374; x_wconf 56' lang='lat' dir='ltr'>sudus</span> <span class='ocrx_word' id='word_1_44' title='bbox 167 339 231 368; x_wconf 47' lang='lat' dir='ltr'><strong>iuis·</strong></span> <span class='ocrx_word' id='word_1_45' title='bbox 512 373 518 379; x_wconf 43' lang='grc'><em>·</em></span> <span class='ocrx_word' id='word_1_46' title='bbox 745 373 751 379; x_wconf 34' lang='grc'><strong>.</strong></span> <span class='ocrx_word' id='word_1_47' title='bbox 1205 346 1224 380; x_wconf 81' lang='grc' dir='ltr'><strong><em>Η</em></strong></span> <span class='ocrx_word' id='word_1_48' title='bbox 1237 348 1265 368; x_wconf 80' lang='lat' dir='ltr'><strong>is</strong></span> <span class='ocrx_word' id='word_1_49' title='bbox 1277 347 1292 367; x_wconf 73' lang='grc' dir='ltr'><strong>Ρ</strong></span> <span class='ocrx_word' id='word_1_50' title='bbox 1304 347 1387 373; x_wconf 87' lang='lat' dir='ltr'><strong>1n0,</strong></span> <span class='ocrx_word' id='word_1_51' title='bbox 1407 345 1460 367; x_wconf 73' lang='lat' dir='ltr'><strong>arc.</strong></span> <span class='ocrx_word' id='word_1_52' title='bbox 1515 342 1622 370; x_wconf 80' lang='lat' dir='ltr'><strong>Folium</strong></span> <span class='ocrx_word' id='word_1_53' title='bbox 1639 342 1786 370; x_wconf 83' lang='lat' dir='ltr'><strong>aculeatum</strong></span> <span class='ocrx_word' id='word_1_54' title='bbox 1806 343 1913 378; x_wconf 73' lang='lat' dir='ltr'>spinosis</span> <span class='ocrx_word' id='word_1_55' title='bbox 1932 347 2042 383; x_wconf 78' lang='lat' dir='ltr'><strong>fastigiis</strong></span> <span class='ocrx_word' id='word_1_56' title='bbox 2060 350 2205 386; x_wconf 84' lang='lat' dir='ltr'><strong>hispidatur</strong></span> 
     </span>
     <span class='ocr_line' id='line_1_5' title="bbox 99 371 1331 409; baseline -0.003 -3"><span class='ocrx_word' id='word_1_57' title='bbox 99 382 294 407; x_wconf 79' lang='lat' dir='ltr'><strong>HtRSV&#39;riA</strong></span> <span class='ocrx_word' id='word_1_58' title='bbox 304 395 312 409; x_wconf 95' lang='lat'><strong>,</strong></span> <span class='ocrx_word' id='word_1_59' title='bbox 329 385 368 403; x_wconf 87' lang='lat' dir='ltr'><strong>ae.</strong></span> <span class='ocrx_word' id='word_1_60' title='bbox 404 375 424 401; x_wconf 88' lang='lat' dir='ltr'><strong>f.</strong></span> <span class='ocrx_word' id='word_1_61' title='bbox 464 373 569 401; x_wconf 85' lang='lat' dir='ltr'><strong>Solinus</strong></span> <span class='ocrx_word' id='word_1_62' title='bbox 584 383 606 401; x_wconf 87' lang='lat' dir='ltr'><strong>c.</strong></span> <span class='ocrx_word' id='word_1_63' title='bbox 619 379 648 407; x_wconf 82' lang='lat'><strong>38</strong></span> <span class='ocrx_word' id='word_1_64' title='bbox 684 373 853 401; x_wconf 66' lang='lat' dir='ltr'><strong>Dur-inimum</strong></span> <span class='ocrx_word' id='word_1_65' title='bbox 866 371 945 399; x_wconf 86' lang='lat' dir='ltr'><strong>dorso</strong></span> <span class='ocrx_word' id='word_1_66' title='bbox 957 378 1044 407; x_wconf 82' lang='lat' dir='ltr'><strong>tergus</strong></span> <span class='ocrx_word' id='word_1_67' title='bbox 1059 374 1104 407; x_wconf 80' lang='lat' dir='ltr'><strong>est,</strong></span> <span class='ocrx_word' id='word_1_68' title='bbox 1166 375 1248 402; x_wconf 86' lang='lat' dir='ltr'><strong>Solm.</strong></span> <span class='ocrx_word' id='word_1_69' title='bbox 1261 383 1331 409; x_wconf 77' lang='lat' dir='ltr'><strong>c.;9.</strong></span> 
     </span>
    </p>

    <p class='ocr_par' dir='ltr' id='par_1_5' title="bbox 61 408 2204 481">
     <span class='ocr_line' id='line_1_6' title="bbox 61 408 2204 453; baseline 0 -11"><span class='ocrx_word' id='word_1_70' title='bbox 61 413 149 443; x_wconf 81' lang='lat' dir='ltr'><strong>ventri</strong></span> <span class='ocrx_word' id='word_1_71' title='bbox 161 411 278 438; x_wconf 83' lang='lat' dir='ltr'><strong>mollius.</strong></span> <span class='ocrx_word' id='word_1_72' title='bbox 394 412 513 438; x_wconf 82' lang='lat' dir='ltr'><strong>Setarum</strong></span> <span class='ocrx_word' id='word_1_73' title='bbox 527 409 653 437; x_wconf 77' lang='lat' dir='ltr'><strong>hirsutiae</strong></span> <span class='ocrx_word' id='word_1_74' title='bbox 665 410 753 436; x_wconf 75' lang='lat' dir='ltr'><strong>nullae</strong></span> <span class='ocrx_word' id='word_1_75' title='bbox 777 408 850 436; x_wconf 81' lang='lat' dir='ltr'><strong>Idem</strong></span> <span class='ocrx_word' id='word_1_76' title='bbox 862 416 906 440; x_wconf 86' lang='lat'><strong>42·</strong></span> <span class='ocrx_word' id='word_1_77' title='bbox 1132 416 1146 442; x_wconf 86' lang='lat'>5</span> <span class='ocrx_word' id='word_1_78' title='bbox 1203 418 1223 437; x_wconf 80' lang='lat' dir='ltr'><strong>n</strong></span> <span class='ocrx_word' id='word_1_79' title='bbox 1235 419 1241 437; x_wconf 86' lang='lat'><strong>1</strong></span> <span class='ocrx_word' id='word_1_80' title='bbox 1254 420 1266 439; x_wconf 82' lang='lat' dir='ltr'><strong>s</strong></span> <span class='ocrx_word' id='word_1_81' title='bbox 1279 418 1294 438; x_wconf 74' lang='lat' dir='ltr'><strong>r</strong></span> <span class='ocrx_word' id='word_1_82' title='bbox 1305 417 1343 444; x_wconf 94' lang='grc' dir='ltr'>ο,</span> <span class='ocrx_word' id='word_1_83' title='bbox 1359 411 1428 438; x_wconf 74' lang='lat' dir='ltr'><strong>onis.</strong></span> <span class='ocrx_word' id='word_1_84' title='bbox 1456 420 1491 438; x_wconf 79' lang='lat' dir='ltr'><strong>m.</strong></span> <span class='ocrx_word' id='word_1_85' title='bbox 1546 414 1681 440; x_wconf 79' lang='lat' dir='ltr'><strong>Romanum</strong></span> <span class='ocrx_word' id='word_1_86' title='bbox 1698 421 1793 441; x_wconf 75' lang='lat' dir='ltr'><strong>nomen.</strong></span> <span class='ocrx_word' id='word_1_87' title='bbox 1810 432 1812 437; x_wconf 63' lang='grc'>,</span> <span class='ocrx_word' id='word_1_88' title='bbox 1834 414 1893 442; x_wconf 73' lang='lat' dir='ltr'><strong>Vid.</strong></span> <span class='ocrx_word' id='word_1_89' title='bbox 1916 416 2001 443; x_wconf 83' lang='lat' dir='ltr'><strong>Burm.</strong></span> <span class='ocrx_word' id='word_1_90' title='bbox 2021 419 2054 445; x_wconf 75' lang='lat' dir='ltr'><strong>aa</strong></span> <span class='ocrx_word' id='word_1_91' title='bbox 2074 421 2204 453; x_wconf 58' lang='lat' dir='ltr'><strong>Quinctil.</strong></span> 
     </span>
     <span class='ocr_line' id='line_1_7' title="bbox 98 443 1333 481; baseline -0.003 -4"><span class='ocrx_word' id='word_1_92' title='bbox 98 457 118 477; x_wconf 82' lang='lat' dir='ltr'><strong>H</strong></span> <span class='ocrx_word' id='word_1_93' title='bbox 127 456 135 475; x_wconf 94' lang='lat'><strong>1</strong></span> <span class='ocrx_word' id='word_1_94' title='bbox 144 455 163 475; x_wconf 87' lang='lat' dir='ltr'>R</span> <span class='ocrx_word' id='word_1_95' title='bbox 172 453 193 473; x_wconf 87' lang='grc' dir='ltr'>Τ</span> <span class='ocrx_word' id='word_1_96' title='bbox 202 453 212 472; x_wconf 92' lang='lat'>1</span> <span class='ocrx_word' id='word_1_97' title='bbox 223 452 244 472; x_wconf 90' lang='lat' dir='ltr'>v</span> <span class='ocrx_word' id='word_1_98' title='bbox 255 452 268 472; x_wconf 87' lang='lat' dir='ltr'><strong>s</strong></span> <span class='ocrx_word' id='word_1_99' title='bbox 277 466 285 479; x_wconf 91' lang='lat'><strong>,</strong></span> <span class='ocrx_word' id='word_1_100' title='bbox 306 447 324 472; x_wconf 90' lang='lat' dir='ltr'><strong>i.</strong></span> <span class='ocrx_word' id='word_1_101' title='bbox 345 455 380 473; x_wconf 88' lang='lat' dir='ltr'><strong>m.</strong></span> <span class='ocrx_word' id='word_1_102' title='bbox 402 444 529 481; x_wconf 72' lang='grc' dir='ltr'><strong>[Ἵρτιος]</strong></span> <span class='ocrx_word' id='word_1_103' title='bbox 549 445 647 473; x_wconf 91' lang='lat' dir='ltr'><strong>Consul</strong></span> <span class='ocrx_word' id='word_1_104' title='bbox 656 454 715 472; x_wconf 89' lang='lat' dir='ltr'><strong>cum</strong></span> <span class='ocrx_word' id='word_1_105' title='bbox 726 445 803 471; x_wconf 89' lang='lat' dir='ltr'><strong>Pansa</strong></span> <span class='ocrx_word' id='word_1_106' title='bbox 811 443 919 477; x_wconf 80' lang='lat' dir='ltr'><strong>Collega</strong></span> <span class='ocrx_word' id='word_1_107' title='bbox 927 443 955 470; x_wconf 90' lang='lat' dir='ltr'><strong>in</strong></span> <span class='ocrx_word' id='word_1_108' title='bbox 963 445 1063 478; x_wconf 88' lang='lat' dir='ltr'><strong>praelio</strong></span> <span class='ocrx_word' id='word_1_109' title='bbox 1071 445 1103 472; x_wconf 90' lang='lat' dir='ltr'><strong>ab</strong></span> <span class='ocrx_word' id='word_1_110' title='bbox 1167 448 1192 477; x_wconf 87' lang='lat'><strong>6,</strong></span> <span class='ocrx_word' id='word_1_111' title='bbox 1207 457 1217 478; x_wconf 84' lang='lat'>3</span> <span class='ocrx_word' id='word_1_112' title='bbox 1240 456 1264 481; x_wconf 89' lang='lat' dir='ltr'><strong>p.</strong></span> <span class='ocrx_word' id='word_1_113' title='bbox 1279 449 1333 480; x_wconf 79' lang='lat'><strong>363.</strong></span> 
     </span>
    </p>

    <p class='ocr_par' dir='ltr' id='par_1_6' title="bbox 62 478 2205 521">
     <span class='ocr_line' id='line_1_8' title="bbox 62 478 2205 521; baseline 0.001 -9"><span class='ocrx_word' id='word_1_114' title='bbox 62 483 178 514; x_wconf 74' lang='lat' dir='ltr'><strong>Antonio</strong></span> <span class='ocrx_word' id='word_1_115' title='bbox 191 482 276 517; x_wconf 85' lang='lat' dir='ltr'><strong>caesus</strong></span> <span class='ocrx_word' id='word_1_116' title='bbox 285 502 292 514; x_wconf 87' lang='lat'><strong>‚</strong></span> <span class='ocrx_word' id='word_1_117' title='bbox 311 485 353 508; x_wconf 81' lang='lat' dir='ltr'><strong>cui</strong></span> <span class='ocrx_word' id='word_1_118' title='bbox 360 488 480 518; x_wconf 65' lang='lat' dir='ltr'><strong>parentat</strong></span> <span class='ocrx_word' id='word_1_119' title='bbox 492 481 548 508; x_wconf 83' lang='lat' dir='ltr'><strong>Cic.</strong></span> <span class='ocrx_word' id='word_1_120' title='bbox 562 481 675 516; x_wconf 85' lang='lat' dir='ltr'>Philipp.</span> <span class='ocrx_word' id='word_1_121' title='bbox 691 489 720 514; x_wconf 82' lang='lat'><strong>14</strong></span> <span class='ocrx_word' id='word_1_122' title='bbox 733 486 797 507; x_wconf 75' lang='lat' dir='ltr'><strong>extr.</strong></span> <span class='ocrx_word' id='word_1_123' title='bbox 833 478 925 514; x_wconf 68' lang='lat' dir='ltr'><strong>Sripstt</strong></span> <span class='ocrx_word' id='word_1_124' title='bbox 936 480 1025 507; x_wconf 77' lang='lat' dir='ltr'><strong>librum</strong></span> <span class='ocrx_word' id='word_1_125' title='bbox 1039 489 1054 512; x_wconf 68' lang='grc' dir='ltr'><em>ε</em></span> <span class='ocrx_word' id='word_1_126' title='bbox 1072 481 1104 508; x_wconf 90' lang='lat' dir='ltr'><strong>de</strong></span> <span class='ocrx_word' id='word_1_127' title='bbox 1203 488 1221 507; x_wconf 78' lang='grc' dir='ltr'><strong><em>Η</em></strong></span> <span class='ocrx_word' id='word_1_128' title='bbox 1234 490 1241 508; x_wconf 88' lang='lat'><strong>1</strong></span> <span class='ocrx_word' id='word_1_129' title='bbox 1253 490 1265 509; x_wconf 84' lang='lat' dir='ltr'><strong>s</strong></span> <span class='ocrx_word' id='word_1_130' title='bbox 1275 489 1296 509; x_wconf 70' lang='lat' dir='ltr'><strong>&#39;r</strong></span> <span class='ocrx_word' id='word_1_131' title='bbox 1305 489 1320 509; x_wconf 77' lang='grc' dir='ltr'><strong>Ε</strong></span> <span class='ocrx_word' id='word_1_132' title='bbox 1331 490 1347 508; x_wconf 82' lang='lat' dir='ltr'>R</span> <span class='ocrx_word' id='word_1_133' title='bbox 1357 502 1365 514; x_wconf 97' lang='lat'><strong>,</strong></span> <span class='ocrx_word' id='word_1_134' title='bbox 1385 481 1428 508; x_wconf 89' lang='lat' dir='ltr'><strong>tri.</strong></span> <span class='ocrx_word' id='word_1_135' title='bbox 1459 491 1495 507; x_wconf 89' lang='lat' dir='ltr'><strong>m.</strong></span> <span class='ocrx_word' id='word_1_136' title='bbox 1549 482 1562 515; x_wconf 88' lang='lat'>[</span> <span class='ocrx_word' id='word_1_137' title='bbox 1577 481 1699 518; x_wconf 68' lang='grc' dir='ltr'><strong>ὗποκριτῆς</strong></span> <span class='ocrx_word' id='word_1_138' title='bbox 1715 485 1727 519; x_wconf 95' lang='grc'>]</span> <span class='ocrx_word' id='word_1_139' title='bbox 1779 484 1840 511; x_wconf 91' lang='lat' dir='ltr'><strong>Liu.</strong></span> <span class='ocrx_word' id='word_1_140' title='bbox 1853 492 1879 521; x_wconf 82' lang='lat'><strong>7,</strong></span> <span class='ocrx_word' id='word_1_141' title='bbox 1890 494 1907 513; x_wconf 80' lang='lat'><strong>2</strong></span> <span class='ocrx_word' id='word_1_142' title='bbox 1934 487 2006 520; x_wconf 78' lang='lat' dir='ltr'><strong>Qiia</strong></span> <span class='ocrx_word' id='word_1_143' title='bbox 2021 488 2101 516; x_wconf 82' lang='lat' dir='ltr'><strong>hister</strong></span> <span class='ocrx_word' id='word_1_144' title='bbox 2113 490 2205 518; x_wconf 60' lang='lat' dir='ltr'><strong>Tusco</strong></span> 
     </span>
    </p>

    <p class='ocr_par' dir='ltr' id='par_1_7' title="bbox 61 516 2206 590">
     <span class='ocr_line' id='line_1_9' title="bbox 61 516 2206 562; baseline 0.002 -16"><span class='ocrx_word' id='word_1_145' title='bbox 61 520 135 550; x_wconf 83' lang='lat' dir='ltr'><strong>Bello</strong></span> <span class='ocrx_word' id='word_1_146' title='bbox 146 517 263 545; x_wconf 78' lang='lat' dir='ltr'>Caesaris</span> <span class='ocrx_word' id='word_1_147' title='bbox 277 518 381 544; x_wconf 91' lang='lat' dir='ltr'><strong>Gallico</strong></span> <span class='ocrx_word' id='word_1_148' title='bbox 395 525 440 544; x_wconf 81' lang='lat' dir='ltr'><strong>ete.</strong></span> <span class='ocrx_word' id='word_1_149' title='bbox 1166 516 1260 548; x_wconf 84' lang='lat' dir='ltr'><strong>verbo,</strong></span> <span class='ocrx_word' id='word_1_150' title='bbox 1280 517 1367 544; x_wconf 87' lang='lat' dir='ltr'><strong>Ludio</strong></span> <span class='ocrx_word' id='word_1_151' title='bbox 1381 517 1533 544; x_wconf 86' lang='lat' dir='ltr'><strong>vocabatur.</strong></span> <span class='ocrx_word' id='word_1_152' title='bbox 1577 518 1636 544; x_wconf 77' lang='lat' dir='ltr'><strong>Vid.</strong></span> <span class='ocrx_word' id='word_1_153' title='bbox 1659 525 1720 546; x_wconf 82' lang='lat' dir='ltr'><strong>His</strong></span> <span class='ocrx_word' id='word_1_154' title='bbox 1730 525 1752 546; x_wconf 87' lang='grc' dir='ltr'>Τ</span> <span class='ocrx_word' id='word_1_155' title='bbox 1763 526 1837 546; x_wconf 71' lang='grc'>1110.</span> <span class='ocrx_word' id='word_1_156' title='bbox 1993 519 2013 559; x_wconf 61' lang='lat' dir='ltr'>q</span> <span class='ocrx_word' id='word_1_157' title='bbox 2035 532 2050 549; x_wconf 89' lang='lat'><strong>2</strong></span> <span class='ocrx_word' id='word_1_158' title='bbox 2088 526 2153 552; x_wconf 74' lang='lat' dir='ltr'><strong>laem</strong></span> <span class='ocrx_word' id='word_1_159' title='bbox 2164 530 2206 562; x_wconf 65' lang='lat' dir='ltr'><strong>qun·</strong></span> 
     </span>
     <span class='ocr_line' id='line_1_10' title="bbox 95 548 2114 590; baseline 0.001 -9"><span class='ocrx_word' id='word_1_160' title='bbox 95 561 117 582; x_wconf 87' lang='lat' dir='ltr'><strong>H</strong></span> <span class='ocrx_word' id='word_1_161' title='bbox 127 560 192 581; x_wconf 83' lang='lat' dir='ltr'><strong>1R&#39;r</strong></span> <span class='ocrx_word' id='word_1_162' title='bbox 202 560 223 580; x_wconf 89' lang='lat' dir='ltr'>v</span> <span class='ocrx_word' id='word_1_163' title='bbox 233 559 263 585; x_wconf 84' lang='lat' dir='ltr'><strong>S,</strong></span> <span class='ocrx_word' id='word_1_164' title='bbox 281 562 295 580; x_wconf 88' lang='lat' dir='ltr'><strong>a</strong></span> <span class='ocrx_word' id='word_1_165' title='bbox 305 573 313 585; x_wconf 86' lang='lat'><strong>,</strong></span> <span class='ocrx_word' id='word_1_166' title='bbox 333 562 387 580; x_wconf 92' lang='lat' dir='ltr'><strong>um.</strong></span> <span class='ocrx_word' id='word_1_167' title='bbox 410 552 470 579; x_wconf 83' lang='lat' dir='ltr'><strong>Adi.</strong></span> <span class='ocrx_word' id='word_1_168' title='bbox 505 551 625 586; x_wconf 64' lang='grc' dir='ltr'>[λεία-ως]</span> <span class='ocrx_word' id='word_1_169' title='bbox 660 551 727 579; x_wconf 77' lang='lat' dir='ltr'><strong>Idem</strong></span> <span class='ocrx_word' id='word_1_170' title='bbox 739 549 804 585; x_wconf 84' lang='lat' dir='ltr'><strong>quod</strong></span> <span class='ocrx_word' id='word_1_171' title='bbox 817 548 937 585; x_wconf 74' lang='lat' dir='ltr'><strong>Hir-fictus</strong></span> <span class='ocrx_word' id='word_1_172' title='bbox 950 561 957 576; x_wconf 90' lang='grc'><strong>.·</strong></span> <span class='ocrx_word' id='word_1_173' title='bbox 994 558 1023 578; x_wconf 84' lang='lat' dir='ltr'><strong>vt</strong></span> <span class='ocrx_word' id='word_1_174' title='bbox 1042 553 1103 579; x_wconf 80' lang='lat' dir='ltr'><strong>Hir·</strong></span> <span class='ocrx_word' id='word_1_175' title='bbox 1167 550 1230 586; x_wconf 70' lang='lat' dir='ltr'><strong>Ister</strong></span> <span class='ocrx_word' id='word_1_176' title='bbox 1240 553 1354 589; x_wconf 35' lang='lat' dir='ltr'><strong>*fluuiuffi</strong></span> <span class='ocrx_word' id='word_1_177' title='bbox 1372 555 1391 579; x_wconf 87' lang='lat' dir='ltr'><strong>i.</strong></span> <span class='ocrx_word' id='word_1_178' title='bbox 1404 553 1543 579; x_wconf 79' lang='lat' dir='ltr'><strong>Danubius.</strong></span> <span class='ocrx_word' id='word_1_179' title='bbox 1579 553 1646 578; x_wconf 87' lang='lat' dir='ltr'><strong>Gell.</strong></span> <span class='ocrx_word' id='word_1_180' title='bbox 1661 561 1698 585; x_wconf 82' lang='lat'><strong>10,</strong></span> <span class='ocrx_word' id='word_1_181' title='bbox 1713 562 1737 589; x_wconf 86' lang='lat'><strong>7.</strong></span> <span class='ocrx_word' id='word_1_182' title='bbox 1774 555 1900 583; x_wconf 76' lang='lat' dir='ltr'><strong>Drakrnb.</strong></span> <span class='ocrx_word' id='word_1_183' title='bbox 1913 556 1948 584; x_wconf 86' lang='lat' dir='ltr'><strong>ad</strong></span> <span class='ocrx_word' id='word_1_184' title='bbox 1962 557 2008 584; x_wconf 91' lang='lat' dir='ltr'><strong>Sil.</strong></span> <span class='ocrx_word' id='word_1_185' title='bbox 2024 567 2043 590; x_wconf 89' lang='lat'><strong>1,</strong></span> <span class='ocrx_word' id='word_1_186' title='bbox 2058 561 2114 590; x_wconf 79' lang='lat'><strong>326.</strong></span> 
     </span>
    </p>

    <p class='ocr_par' dir='ltr' id='par_1_8' title="bbox 58 585 2208 627">
     <span class='ocr_line' id='line_1_11' title="bbox 58 585 2208 627; baseline 0.002 -10"><span class='ocrx_word' id='word_1_187' title='bbox 58 595 104 619; x_wconf 65' lang='lat' dir='ltr'><strong>eus</strong></span> <span class='ocrx_word' id='word_1_188' title='bbox 118 590 179 617; x_wconf 85' lang='lat' dir='ltr'><strong>setis</strong></span> <span class='ocrx_word' id='word_1_189' title='bbox 193 589 324 615; x_wconf 82' lang='lat' dir='ltr'><strong>musculus</strong></span> <span class='ocrx_word' id='word_1_190' title='bbox 339 589 456 615; x_wconf 84' lang='lat' dir='ltr'><strong>marinus</strong></span> <span class='ocrx_word' id='word_1_191' title='bbox 476 587 542 616; x_wconf 88' lang='lat' dir='ltr'><strong>Plin.</strong></span> <span class='ocrx_word' id='word_1_192' title='bbox 556 596 597 620; x_wconf 85' lang='lat'><strong>11,</strong></span> <span class='ocrx_word' id='word_1_193' title='bbox 608 595 648 622; x_wconf 79' lang='lat'><strong>37.</strong></span> <span class='ocrx_word' id='word_1_194' title='bbox 725 586 870 620; x_wconf 80' lang='lat' dir='ltr'><strong>spinigeris</strong></span> <span class='ocrx_word' id='word_1_195' title='bbox 884 585 1007 620; x_wconf 84' lang='lat' dir='ltr'><strong>stirpibus</strong></span> <span class='ocrx_word' id='word_1_196' title='bbox 1020 587 1104 614; x_wconf 85' lang='lat' dir='ltr'><strong>hirtus</strong></span> <span class='ocrx_word' id='word_1_197' title='bbox 1120 593 1148 610; x_wconf 87' lang='lat'><strong>10</strong></span> <span class='ocrx_word' id='word_1_198' title='bbox 1206 594 1225 613; x_wconf 82' lang='lat' dir='ltr'><strong>H</strong></span> <span class='ocrx_word' id='word_1_199' title='bbox 1238 597 1244 614; x_wconf 92' lang='lat' dir='ltr'><strong>l</strong></span> <span class='ocrx_word' id='word_1_200' title='bbox 1256 597 1268 615; x_wconf 77' lang='lat' dir='ltr'><strong>s</strong></span> <span class='ocrx_word' id='word_1_201' title='bbox 1278 595 1298 614; x_wconf 82' lang='grc' dir='ltr'>Τ</span> <span class='ocrx_word' id='word_1_202' title='bbox 1310 594 1330 615; x_wconf 92' lang='grc'><strong>0</strong></span> <span class='ocrx_word' id='word_1_203' title='bbox 1342 594 1378 623; x_wconf 85' lang='grc' dir='ltr'><strong>Ν,</strong></span> <span class='ocrx_word' id='word_1_204' title='bbox 1399 589 1465 614; x_wconf 77' lang='lat' dir='ltr'><strong>onis.</strong></span> <span class='ocrx_word' id='word_1_205' title='bbox 1488 597 1523 613; x_wconf 91' lang='lat' dir='ltr'><strong>m.</strong></span> <span class='ocrx_word' id='word_1_206' title='bbox 1560 587 1653 622; x_wconf 71' lang='grc' dir='ltr'>[ἱςών]</span> <span class='ocrx_word' id='word_1_207' title='bbox 1693 591 1850 617; x_wconf 73' lang='lat' dir='ltr'><strong>Tcxtrinum.</strong></span> <span class='ocrx_word' id='word_1_208' title='bbox 1887 593 1962 619; x_wconf 87' lang='lat' dir='ltr'><strong>Varr.</strong></span> <span class='ocrx_word' id='word_1_209' title='bbox 1975 594 2047 620; x_wconf 85' lang='lat' dir='ltr'><strong>R.R.</strong></span> <span class='ocrx_word' id='word_1_210' title='bbox 2063 603 2082 627; x_wconf 93' lang='lat'><strong>1,</strong></span> <span class='ocrx_word' id='word_1_211' title='bbox 2095 603 2120 626; x_wconf 87' lang='lat'><strong>2,</strong></span> <span class='ocrx_word' id='word_1_212' title='bbox 2134 604 2161 621; x_wconf 91' lang='lat'><strong>21</strong></span> <span class='ocrx_word' id='word_1_213' title='bbox 2180 596 2208 622; x_wconf 89' lang='lat' dir='ltr'><strong>Si</strong></span> 
     </span>
    </p>

    <p class='ocr_par' dir='ltr' id='par_1_9' title="bbox 59 620 2210 661">
     <span class='ocr_line' id='line_1_12' title="bbox 59 620 2210 661; baseline 0.002 -9"><span class='ocrx_word' id='word_1_214' title='bbox 59 627 132 661; x_wconf 75' lang='lat' dir='ltr'><strong>Ager</strong></span> <span class='ocrx_word' id='word_1_215' title='bbox 155 623 277 652; x_wconf 86' lang='lat' dir='ltr'><strong>Prudent.</strong></span> <span class='ocrx_word' id='word_1_216' title='bbox 297 624 406 660; x_wconf 84' lang='lat' dir='ltr'><strong>Hippoi.</strong></span> <span class='ocrx_word' id='word_1_217' title='bbox 420 633 447 651; x_wconf 85' lang='lat' dir='ltr'><strong>v.</strong></span> <span class='ocrx_word' id='word_1_218' title='bbox 463 632 518 650; x_wconf 88' lang='lat'><strong>120.</strong></span> <span class='ocrx_word' id='word_1_219' title='bbox 603 621 720 649; x_wconf 80' lang='lat' dir='ltr'>Canities</span> <span class='ocrx_word' id='word_1_220' title='bbox 733 621 828 656; x_wconf 81' lang='lat' dir='ltr'><strong>rigidis</strong></span> <span class='ocrx_word' id='word_1_221' title='bbox 840 620 910 647; x_wconf 86' lang='lat' dir='ltr'><strong>stetit</strong></span> <span class='ocrx_word' id='word_1_222' title='bbox 922 621 992 649; x_wconf 84' lang='lat' dir='ltr'><strong>hirta</strong></span> <span class='ocrx_word' id='word_1_223' title='bbox 1003 624 1105 657; x_wconf 75' lang='lat' dir='ltr'><strong>capillis</strong></span> <span class='ocrx_word' id='word_1_224' title='bbox 1166 622 1261 650; x_wconf 79' lang='lat' dir='ltr'><strong>habeas</strong></span> <span class='ocrx_word' id='word_1_225' title='bbox 1277 624 1364 658; x_wconf 87' lang='lat' dir='ltr'><strong>plures</strong></span> <span class='ocrx_word' id='word_1_226' title='bbox 1377 623 1405 649; x_wconf 92' lang='lat' dir='ltr'><strong>in</strong></span> <span class='ocrx_word' id='word_1_227' title='bbox 1423 623 1507 649; x_wconf 91' lang='lat' dir='ltr'><strong>sundo</strong></span> <span class='ocrx_word' id='word_1_228' title='bbox 1527 628 1654 654; x_wconf 86' lang='lat' dir='ltr'><strong>textores,</strong></span> <span class='ocrx_word' id='word_1_229' title='bbox 1673 630 1751 659; x_wconf 86' lang='lat' dir='ltr'><strong>atque</strong></span> <span class='ocrx_word' id='word_1_230' title='bbox 1772 626 1904 653; x_wconf 85' lang='lat' dir='ltr'><strong>institutos</strong></span> <span class='ocrx_word' id='word_1_231' title='bbox 1924 627 2047 656; x_wconf 83' lang='lat' dir='ltr'><strong>histonas.</strong></span> <span class='ocrx_word' id='word_1_232' title='bbox 2107 631 2142 656; x_wconf 82' lang='lat' dir='ltr'><strong>Vt</strong></span> <span class='ocrx_word' id='word_1_233' title='bbox 2158 632 2210 657; x_wconf 82' lang='lat' dir='ltr'><strong>alia</strong></span> 
     </span>
    </p>
   </div>
   <div class='ocr_carea' id='block_1_3' title="bbox 59 657 2213 842">
    <p class='ocr_par' dir='ltr' id='par_1_10' title="bbox 59 657 2210 732">
     <span class='ocr_line' id='line_1_13' title="bbox 60 657 2210 700; baseline 0.003 -15"><span class='ocrx_word' id='word_1_234' title='bbox 60 661 143 689; x_wconf 83' lang='lat' dir='ltr'>Ouid.</span> <span class='ocrx_word' id='word_1_235' title='bbox 156 661 220 687; x_wconf 83' lang='lat' dir='ltr'><strong>Met.</strong></span> <span class='ocrx_word' id='word_1_236' title='bbox 235 669 273 692; x_wconf 89' lang='lat'><strong>10,</strong></span> <span class='ocrx_word' id='word_1_237' title='bbox 287 668 343 693; x_wconf 75' lang='lat'>425-</span> <span class='ocrx_word' id='word_1_238' title='bbox 380 659 629 694; x_wconf 75' lang='lat' dir='ltr'><strong>Virg.Georg.3‚5;</strong></span> <span class='ocrx_word' id='word_1_239' title='bbox 647 671 693 677; x_wconf 89' lang='lat'>—</span> <span class='ocrx_word' id='word_1_240' title='bbox 711 657 855 692; x_wconf 85' lang='lat' dir='ltr'><strong>Hirtasque</strong></span> <span class='ocrx_word' id='word_1_241' title='bbox 862 657 980 690; x_wconf 82' lang='lat' dir='ltr'><strong>capellas.</strong></span> <span class='ocrx_word' id='word_1_242' title='bbox 1017 659 1104 687; x_wconf 88' lang='lat' dir='ltr'>Corde</span> <span class='ocrx_word' id='word_1_243' title='bbox 1165 661 1243 686; x_wconf 77' lang='lat' dir='ltr'><strong>mulsa</strong></span> <span class='ocrx_word' id='word_1_244' title='bbox 1256 660 1330 686; x_wconf 80' lang='lat' dir='ltr'><strong>huius</strong></span> <span class='ocrx_word' id='word_1_245' title='bbox 1337 659 1438 695; x_wconf 72' lang='lat' dir='ltr'><strong>formae</strong></span> <span class='ocrx_word' id='word_1_246' title='bbox 1452 660 1559 689; x_wconf 80' lang='lat' dir='ltr'><strong>Graeca,</strong></span> <span class='ocrx_word' id='word_1_247' title='bbox 1587 662 1625 685; x_wconf 86' lang='lat' dir='ltr'><strong>ita</strong></span> <span class='ocrx_word' id='word_1_248' title='bbox 1638 660 1682 687; x_wconf 80' lang='lat' dir='ltr'><strong>boc</strong></span> <span class='ocrx_word' id='word_1_249' title='bbox 1696 662 1876 688; x_wconf 72' lang='lat' dir='ltr'><em>multitudinem</em></span> <span class='ocrx_word' id='word_1_250' title='bbox 1888 662 2036 700; x_wconf 74' lang='lat' dir='ltr'><strong>fignificat,</strong></span> <span class='ocrx_word' id='word_1_251' title='bbox 2054 663 2122 698; x_wconf 72' lang='grc' dir='ltr'>ἱςὲς,</span> <span class='ocrx_word' id='word_1_252' title='bbox 2146 667 2210 692; x_wconf 78' lang='lat' dir='ltr'><strong>telas</strong></span> 
     </span>
     <span class='ocr_line' id='line_1_14' title="bbox 59 692 1557 732; baseline -0.003 -8"><span class='ocrx_word' id='word_1_253' title='bbox 59 696 134 725; x_wconf 88' lang='lat' dir='ltr'><strong>hirto</strong></span> <span class='ocrx_word' id='word_1_254' title='bbox 147 695 220 732; x_wconf 80' lang='lat' dir='ltr'><strong>gigni</strong></span> <span class='ocrx_word' id='word_1_255' title='bbox 232 696 359 730; x_wconf 87' lang='lat' dir='ltr'><strong>quosdam</strong></span> <span class='ocrx_word' id='word_1_256' title='bbox 372 694 495 722; x_wconf 86' lang='lat' dir='ltr'><strong>homines</strong></span> <span class='ocrx_word' id='word_1_257' title='bbox 508 693 630 728; x_wconf 85' lang='lat' dir='ltr'><strong>proditur</strong></span> <span class='ocrx_word' id='word_1_258' title='bbox 647 692 712 719; x_wconf 87' lang='lat' dir='ltr'><strong>Plin.</strong></span> <span class='ocrx_word' id='word_1_259' title='bbox 723 701 754 724; x_wconf 91' lang='lat'><strong>11,</strong></span> <span class='ocrx_word' id='word_1_260' title='bbox 762 700 802 727; x_wconf 85' lang='lat'><strong>37.</strong></span> <span class='ocrx_word' id='word_1_261' title='bbox 876 693 996 727; x_wconf 79' lang='lat' dir='ltr'>Corpora</span> <span class='ocrx_word' id='word_1_262' title='bbox 1004 694 1040 720; x_wconf 91' lang='lat' dir='ltr'><strong>Id.</strong></span> <span class='ocrx_word' id='word_1_263' title='bbox 1049 702 1105 729; x_wconf 84' lang='lat'><strong>7,2.</strong></span> <span class='ocrx_word' id='word_1_264' title='bbox 1161 696 1249 730; x_wconf 63' lang='lat' dir='ltr'><strong>plures</strong></span> <span class='ocrx_word' id='word_1_265' title='bbox 1266 695 1344 722; x_wconf 70' lang='lat' dir='ltr'><strong>codem</strong></span> <span class='ocrx_word' id='word_1_266' title='bbox 1356 696 1406 721; x_wconf 87' lang='lat' dir='ltr'><strong>loco</strong></span> <span class='ocrx_word' id='word_1_267' title='bbox 1420 693 1557 728; x_wconf 81' lang='lat' dir='ltr'><strong>institutas.</strong></span> 
     </span>
    </p>

    <p class='ocr_par' dir='ltr' id='par_1_11' title="bbox 59 727 2213 842">
     <span class='ocr_line' id='line_1_15' title="bbox 60 727 2211 766; baseline 0.002 -8"><span class='ocrx_word' id='word_1_268' title='bbox 60 731 151 760; x_wconf 88' lang='lat' dir='ltr'><strong>Crinis</strong></span> <span class='ocrx_word' id='word_1_269' title='bbox 170 730 252 758; x_wconf 84' lang='lat' dir='ltr'><strong>Ouid.</strong></span> <span class='ocrx_word' id='word_1_270' title='bbox 266 732 329 758; x_wconf 85' lang='lat' dir='ltr'><strong>Met.</strong></span> <span class='ocrx_word' id='word_1_271' title='bbox 345 737 367 764; x_wconf 83' lang='lat'><strong>8,</strong></span> <span class='ocrx_word' id='word_1_272' title='bbox 382 736 434 761; x_wconf 86' lang='lat'>801-</span> <span class='ocrx_word' id='word_1_273' title='bbox 505 730 616 756; x_wconf 88' lang='lat' dir='ltr'><strong>Femora</strong></span> <span class='ocrx_word' id='word_1_274' title='bbox 627 727 723 762; x_wconf 84' lang='lat' dir='ltr'><strong>plumis</strong></span> <span class='ocrx_word' id='word_1_275' title='bbox 736 728 807 755; x_wconf 90' lang='lat' dir='ltr'><strong>hirta</strong></span> <span class='ocrx_word' id='word_1_276' title='bbox 826 728 957 755; x_wconf 88' lang='lat' dir='ltr'><strong>Columel.</strong></span> <span class='ocrx_word' id='word_1_277' title='bbox 973 734 1002 761; x_wconf 89' lang='lat'><strong>8,</strong></span> <span class='ocrx_word' id='word_1_278' title='bbox 1022 738 1053 761; x_wconf 84' lang='lat'><strong>2,</strong></span> <span class='ocrx_word' id='word_1_279' title='bbox 1068 740 1104 759; x_wconf 86' lang='grc' dir='ltr'><strong>ιο,</strong></span> <span class='ocrx_word' id='word_1_280' title='bbox 1205 736 1225 756; x_wconf 91' lang='grc' dir='ltr'><strong><em>Η</em></strong></span> <span class='ocrx_word' id='word_1_281' title='bbox 1236 738 1245 756; x_wconf 88' lang='grc'>1</span> <span class='ocrx_word' id='word_1_282' title='bbox 1255 738 1267 757; x_wconf 84' lang='lat' dir='ltr'><strong>s</strong></span> <span class='ocrx_word' id='word_1_283' title='bbox 1278 737 1299 757; x_wconf 85' lang='lat' dir='ltr'>T</span> <span class='ocrx_word' id='word_1_284' title='bbox 1310 736 1330 757; x_wconf 93' lang='lat' dir='ltr'><strong>o</strong></span> <span class='ocrx_word' id='word_1_285' title='bbox 1341 737 1377 757; x_wconf 81' lang='lat' dir='ltr'><strong>R1</strong></span> <span class='ocrx_word' id='word_1_286' title='bbox 1388 737 1424 762; x_wconf 82' lang='grc' dir='ltr'>Α,</span> <span class='ocrx_word' id='word_1_287' title='bbox 1443 739 1482 757; x_wconf 86' lang='lat' dir='ltr'><strong>ac.</strong></span> <span class='ocrx_word' id='word_1_288' title='bbox 1509 729 1529 756; x_wconf 83' lang='lat' dir='ltr'><strong>f.</strong></span> <span class='ocrx_word' id='word_1_289' title='bbox 1567 728 1678 764; x_wconf 67' lang='grc' dir='ltr'><strong><em>[ἷςόρίοι]</em></strong></span> <span class='ocrx_word' id='word_1_290' title='bbox 1729 731 1818 757; x_wconf 77' lang='lat' dir='ltr'><strong>Latine</strong></span> <span class='ocrx_word' id='word_1_291' title='bbox 1831 733 1956 760; x_wconf 76' lang='lat' dir='ltr'><strong>Narratio</strong></span> <span class='ocrx_word' id='word_1_292' title='bbox 1969 733 2076 766; x_wconf 84' lang='lat' dir='ltr'><strong>dicitur,</strong></span> <span class='ocrx_word' id='word_1_293' title='bbox 2093 741 2118 762; x_wconf 82' lang='lat' dir='ltr'><strong>et</strong></span> <span class='ocrx_word' id='word_1_294' title='bbox 2129 745 2211 762; x_wconf 87' lang='lat' dir='ltr'><strong>rerum</strong></span> 
     </span>
     <span class='ocr_line' id='line_1_16' title="bbox 59 763 2212 807; baseline 0.001 -14"><span class='ocrx_word' id='word_1_295' title='bbox 59 767 202 802; x_wconf 78' lang='lat' dir='ltr'><strong>Ingenium</strong></span> <span class='ocrx_word' id='word_1_296' title='bbox 216 776 271 793; x_wconf 87' lang='lat' dir='ltr'><strong>non</strong></span> <span class='ocrx_word' id='word_1_297' title='bbox 283 765 478 798; x_wconf 85' lang='lat' dir='ltr'><strong>incultum&#39;est,</strong></span> <span class='ocrx_word' id='word_1_298' title='bbox 498 773 552 791; x_wconf 89' lang='lat' dir='ltr'><strong>non</strong></span> <span class='ocrx_word' id='word_1_299' title='bbox 566 765 679 798; x_wconf 82' lang='lat' dir='ltr'><strong>turpiter</strong></span> <span class='ocrx_word' id='word_1_300' title='bbox 690 763 792 792; x_wconf 86' lang='lat' dir='ltr'><strong>hirtum</strong></span> <span class='ocrx_word' id='word_1_301' title='bbox 823 765 890 791; x_wconf 89' lang='lat' dir='ltr'><strong>Hor.</strong></span> <span class='ocrx_word' id='word_1_302' title='bbox 903 764 982 798; x_wconf 88' lang='lat' dir='ltr'><strong>Epist.</strong></span> <span class='ocrx_word' id='word_1_303' title='bbox 997 774 1015 797; x_wconf 86' lang='lat'><strong>1,</strong></span> <span class='ocrx_word' id='word_1_304' title='bbox 1028 774 1049 797; x_wconf 84' lang='lat'><strong>3,</strong></span> <span class='ocrx_word' id='word_1_305' title='bbox 1064 775 1104 793; x_wconf 90' lang='lat'><strong>22.</strong></span> <span class='ocrx_word' id='word_1_306' title='bbox 1125 772 1150 798; x_wconf 75' lang='lat'><strong>15</strong></span> <span class='ocrx_word' id='word_1_307' title='bbox 1165 764 1287 801; x_wconf 72' lang='lat' dir='ltr'><strong>gestarum</strong></span> <span class='ocrx_word' id='word_1_308' title='bbox 1300 765 1425 801; x_wconf 70' lang='lat' dir='ltr'><strong>expolitio.</strong></span> <span class='ocrx_word' id='word_1_309' title='bbox 1480 767 1583 800; x_wconf 80' lang='lat' dir='ltr'><strong>Proprie</strong></span> <span class='ocrx_word' id='word_1_310' title='bbox 1595 771 1676 792; x_wconf 78' lang='lat' dir='ltr'><strong>tamen</strong></span> <span class='ocrx_word' id='word_1_311' title='bbox 1700 764 1733 798; x_wconf 73' lang='lat' dir='ltr'><strong>est</strong></span> <span class='ocrx_word' id='word_1_312' title='bbox 1758 768 1847 793; x_wconf 84' lang='lat' dir='ltr'><strong>Earum</strong></span> <span class='ocrx_word' id='word_1_313' title='bbox 1861 778 1959 803; x_wconf 74' lang='lat' dir='ltr'><strong>rerum,</strong></span> <span class='ocrx_word' id='word_1_314' title='bbox 1986 771 2076 805; x_wconf 76' lang='lat' dir='ltr'><strong>quibus</strong></span> <span class='ocrx_word' id='word_1_315' title='bbox 2094 771 2212 807; x_wconf 73' lang='lat' dir='ltr'><strong>gerendis</strong></span> 
     </span>
     <span class='ocr_line' id='line_1_17' title="bbox 59 798 2213 842; baseline 0.001 -11"><span class='ocrx_word' id='word_1_316' title='bbox 59 806 80 831; x_wconf 76' lang='grc' dir='ltr'><strong>ι’.</strong></span> <span class='ocrx_word' id='word_1_317' title='bbox 94 801 211 836; x_wconf 64' lang='grc' dir='ltr'><strong>νιςβίσιιηι</strong></span> <span class='ocrx_word' id='word_1_318' title='bbox 218 802 270 839; x_wconf 77' lang='lat' dir='ltr'><strong>fic.</strong></span> <span class='ocrx_word' id='word_1_319' title='bbox 287 800 414 836; x_wconf 80' lang='lat' dir='ltr'><strong>Scholiast.</strong></span> <span class='ocrx_word' id='word_1_320' title='bbox 469 801 524 827; x_wconf 77' lang='lat' dir='ltr'><strong>Ora</strong></span> <span class='ocrx_word' id='word_1_321' title='bbox 548 799 666 833; x_wconf 88' lang='lat' dir='ltr'><strong>Curt.4‚</strong></span> <span class='ocrx_word' id='word_1_322' title='bbox 679 808 720 832; x_wconf 85' lang='lat'><strong>13,</strong></span> <span class='ocrx_word' id='word_1_323' title='bbox 732 807 754 834; x_wconf 85' lang='grc' dir='ltr'><strong>ς.</strong></span> <span class='ocrx_word' id='word_1_324' title='bbox 809 801 880 827; x_wconf 89' lang='lat' dir='ltr'><strong>Oues</strong></span> <span class='ocrx_word' id='word_1_325' title='bbox 901 798 986 826; x_wconf 83' lang='lat' dir='ltr'><strong>hirtae</strong></span> <span class='ocrx_word' id='word_1_326' title='bbox 1000 800 1072 827; x_wconf 59' lang='lat' dir='ltr'><strong>tes-‘lis</strong></span> <span class='ocrx_word' id='word_1_327' title='bbox 1080 801 1106 836; x_wconf 86' lang='lat' dir='ltr'><em>s</em></span> <span class='ocrx_word' id='word_1_328' title='bbox 1165 801 1314 837; x_wconf 69' lang='lat' dir='ltr'><strong>interfuerit</strong></span> <span class='ocrx_word' id='word_1_329' title='bbox 1327 804 1360 834; x_wconf 89' lang='lat' dir='ltr'><strong>is,</strong></span> <span class='ocrx_word' id='word_1_330' title='bbox 1373 804 1416 837; x_wconf 87' lang='lat' dir='ltr'><strong>qui</strong></span> <span class='ocrx_word' id='word_1_331' title='bbox 1429 811 1468 827; x_wconf 75' lang='lat' dir='ltr'><strong>ms</strong></span> <span class='ocrx_word' id='word_1_332' title='bbox 1482 807 1580 827; x_wconf 80' lang='lat' dir='ltr'><strong>narrat.</strong></span> <span class='ocrx_word' id='word_1_333' title='bbox 1643 800 1711 827; x_wconf 83' lang='lat' dir='ltr'><strong>Vnde</strong></span> <span class='ocrx_word' id='word_1_334' title='bbox 1726 811 1809 828; x_wconf 71' lang='lat' dir='ltr'><strong>nomen</strong></span> <span class='ocrx_word' id='word_1_335' title='bbox 1829 803 1900 829; x_wconf 75' lang='lat' dir='ltr'><strong>habet</strong></span> <span class='ocrx_word' id='word_1_336' title='bbox 1919 803 1966 830; x_wconf 76' lang='grc' dir='ltr'><strong>οἷπό</strong></span> <span class='ocrx_word' id='word_1_337' title='bbox 1984 807 2017 831; x_wconf 58' lang='lat' dir='ltr'><strong>‘ri</strong></span> <span class='ocrx_word' id='word_1_338' title='bbox 2036 806 2129 841; x_wconf 73' lang='grc' dir='ltr'><strong>ἱςοριῖν,</strong></span> <span class='ocrx_word' id='word_1_339' title='bbox 2148 806 2213 842; x_wconf 79' lang='lat' dir='ltr'><strong>quod</strong></span> 
     </span>
    </p>
   </div>
   <div class='ocr_carea' id='block_1_4' title="bbox 55 833 2215 1192">
    <p class='ocr_par' dir='ltr' id='par_1_12' title="bbox 55 833 2215 1118">
     <span class='ocr_line' id='line_1_18' title="bbox 55 833 2211 876; baseline 0.001 -11"><span class='ocrx_word' id='word_1_340' title='bbox 55 840 155 876; x_wconf 72' lang='lat' dir='ltr'><strong>pellitis</strong></span> <span class='ocrx_word' id='word_1_341' title='bbox 178 845 334 874; x_wconf 84' lang='lat' dir='ltr'><strong>opponuntur</strong></span> <span class='ocrx_word' id='word_1_342' title='bbox 351 839 437 864; x_wconf 84' lang='lat' dir='ltr'><strong>Varro</strong></span> <span class='ocrx_word' id='word_1_343' title='bbox 457 835 490 862; x_wconf 83' lang='lat' dir='ltr'><strong>de</strong></span> <span class='ocrx_word' id='word_1_344' title='bbox 512 836 544 862; x_wconf 83' lang='lat' dir='ltr'><strong>R.</strong></span> <span class='ocrx_word' id='word_1_345' title='bbox 566 836 597 861; x_wconf 78' lang='lat' dir='ltr'><strong>R.</strong></span> <span class='ocrx_word' id='word_1_346' title='bbox 619 844 644 867; x_wconf 90' lang='lat'><strong>2,</strong></span> <span class='ocrx_word' id='word_1_347' title='bbox 669 844 692 868; x_wconf 90' lang='lat'><strong>2,</strong></span> <span class='ocrx_word' id='word_1_348' title='bbox 707 844 727 862; x_wconf 91' lang='lat'><strong>1.</strong></span> <span class='ocrx_word' id='word_1_349' title='bbox 820 836 898 862; x_wconf 84' lang='lat' dir='ltr'>Pecus</span> <span class='ocrx_word' id='word_1_350' title='bbox 912 835 1029 867; x_wconf 87' lang='lat' dir='ltr'><strong>hirtum,</strong></span> <span class='ocrx_word' id='word_1_351' title='bbox 1053 846 1107 863; x_wconf 71' lang='lat' dir='ltr'><strong>ones</strong></span> <span class='ocrx_word' id='word_1_352' title='bbox 1168 835 1201 869; x_wconf 62' lang='lat' dir='ltr'><strong>qs}</strong></span> <span class='ocrx_word' id='word_1_353' title='bbox 1216 836 1316 866; x_wconf 68' lang='lat' dir='ltr'><strong>uidere,-</strong></span> <span class='ocrx_word' id='word_1_354' title='bbox 1351 840 1410 872; x_wconf 80' lang='lat' dir='ltr'><strong>quia</strong></span> <span class='ocrx_word' id='word_1_355' title='bbox 1428 841 1455 863; x_wconf 73' lang='lat' dir='ltr'><strong>in</strong></span> <span class='ocrx_word' id='word_1_356' title='bbox 1469 846 1495 863; x_wconf 83' lang='lat' dir='ltr'><strong>ca</strong></span> <span class='ocrx_word' id='word_1_357' title='bbox 1515 845 1554 862; x_wconf 76' lang='lat' dir='ltr'><strong>res</strong></span> <span class='ocrx_word' id='word_1_358' title='bbox 1566 833 1645 871; x_wconf 76' lang='lat' dir='ltr'><strong>gestae</strong></span> <span class='ocrx_word' id='word_1_359' title='bbox 1657 845 1739 863; x_wconf 79' lang='lat' dir='ltr'><strong>coram</strong></span> <span class='ocrx_word' id='word_1_360' title='bbox 1769 837 1819 871; x_wconf 82' lang='lat' dir='ltr'><strong>uaJi</strong></span> <span class='ocrx_word' id='word_1_361' title='bbox 1832 839 2008 874; x_wconf 76' lang='lat' dir='ltr'><strong>inspiciantur.</strong></span> <span class='ocrx_word' id='word_1_362' title='bbox 2064 841 2124 868; x_wconf 77' lang='lat' dir='ltr'><strong>Vid.</strong></span> <span class='ocrx_word' id='word_1_363' title='bbox 2146 841 2211 875; x_wconf 81' lang='lat' dir='ltr'><strong>Voff.</strong></span> 
     </span>
     <span class='ocr_line' id='line_1_19' title="bbox 57 870 2212 909; baseline -0.003 -8"><span class='ocrx_word' id='word_1_364' title='bbox 57 874 119 902; x_wconf 87' lang='lat' dir='ltr'><strong>Col.</strong></span> <span class='ocrx_word' id='word_1_365' title='bbox 134 883 143 901; x_wconf 93' lang='lat'><strong>1</strong></span> <span class='ocrx_word' id='word_1_366' title='bbox 157 875 198 901; x_wconf 86' lang='lat' dir='ltr'><strong>Pr.</strong></span> <span class='ocrx_word' id='word_1_367' title='bbox 209 876 252 900; x_wconf 87' lang='lat'><strong>26.</strong></span> <span class='ocrx_word' id='word_1_368' title='bbox 357 873 421 900; x_wconf 79' lang='lat' dir='ltr'><strong>Saxa</strong></span> <span class='ocrx_word' id='word_1_369' title='bbox 434 872 504 898; x_wconf 89' lang='lat' dir='ltr'><strong>hirta</strong></span> <span class='ocrx_word' id='word_1_370' title='bbox 515 871 602 898; x_wconf 85' lang='lat' dir='ltr'><strong>dumis</strong></span> <span class='ocrx_word' id='word_1_371' title='bbox 623 871 684 897; x_wconf 81' lang='lat' dir='ltr'><strong>Stat.</strong></span> <span class='ocrx_word' id='word_1_372' title='bbox 699 870 764 897; x_wconf 86' lang='lat' dir='ltr'><strong>Silu.</strong></span> <span class='ocrx_word' id='word_1_373' title='bbox 780 878 803 902; x_wconf 77' lang='lat'><strong>3,</strong></span> <span class='ocrx_word' id='word_1_374' title='bbox 817 880 836 902; x_wconf 92' lang='lat'><strong>1,</strong></span> <span class='ocrx_word' id='word_1_375' title='bbox 851 880 883 902; x_wconf 83' lang='lat'><strong>13-</strong></span> <span class='ocrx_word' id='word_1_376' title='bbox 954 872 1039 906; x_wconf 81' lang='lat' dir='ltr'><strong>Sepes,</strong></span> <span class='ocrx_word' id='word_1_377' title='bbox 1052 873 1105 899; x_wconf 82' lang='lat' dir='ltr'><strong>h.e.</strong></span> <span class='ocrx_word' id='word_1_378' title='bbox 1168 872 1197 898; x_wconf 79' lang='lat' dir='ltr'><strong>de</strong></span> <span class='ocrx_word' id='word_1_379' title='bbox 1211 875 1271 899; x_wconf 82' lang='lat' dir='ltr'><strong>Art.</strong></span> <span class='ocrx_word' id='word_1_380' title='bbox 1288 870 1354 904; x_wconf 78' lang='lat' dir='ltr'><strong>Hrst.</strong></span> <span class='ocrx_word' id='word_1_381' title='bbox 1424 872 1478 899; x_wconf 89' lang='lat' dir='ltr'><strong>Cic.</strong></span> <span class='ocrx_word' id='word_1_382' title='bbox 1494 871 1571 897; x_wconf 79' lang='lat' dir='ltr'><strong>Acad.</strong></span> <span class='ocrx_word' id='word_1_383' title='bbox 1587 882 1617 904; x_wconf 71' lang='lat' dir='ltr'><strong>a,</strong></span> <span class='ocrx_word' id='word_1_384' title='bbox 1631 879 1674 906; x_wconf 78' lang='lat'><strong>¹37</strong></span> <span class='ocrx_word' id='word_1_385' title='bbox 1702 873 1744 899; x_wconf 88' lang='lat' dir='ltr'><strong>Do</strong></span> <span class='ocrx_word' id='word_1_386' title='bbox 1774 882 1817 899; x_wconf 85' lang='lat' dir='ltr'><strong>um</strong></span> <span class='ocrx_word' id='word_1_387' title='bbox 1830 874 1888 900; x_wconf 82' lang='lat' dir='ltr'><strong>sane</strong></span> <span class='ocrx_word' id='word_1_388' title='bbox 1900 874 2054 909; x_wconf 66' lang='lat' dir='ltr'><strong>hominem,</strong></span> <span class='ocrx_word' id='word_1_389' title='bbox 2072 883 2101 904; x_wconf 89' lang='lat' dir='ltr'><strong>vt</strong></span> <span class='ocrx_word' id='word_1_390' title='bbox 2113 872 2212 904; x_wconf 45' lang='lat' dir='ltr'><strong>indign</strong></span> 
     </span>
     <span class='ocr_line' id='line_1_20' title="bbox 59 906 2212 946; baseline 0.001 -10"><span class='ocrx_word' id='word_1_391' title='bbox 59 910 140 940; x_wconf 81' lang='lat' dir='ltr'><strong>Rnbis</strong></span> <span class='ocrx_word' id='word_1_392' title='bbox 166 916 190 936; x_wconf 73' lang='lat' dir='ltr'><strong>et</strong></span> <span class='ocrx_word' id='word_1_393' title='bbox 204 909 290 946; x_wconf 78' lang='lat' dir='ltr'><strong>spinis</strong></span> <span class='ocrx_word' id='word_1_394' title='bbox 321 908 419 944; x_wconf 73' lang='lat' dir='ltr'><strong>asperae</strong></span> <span class='ocrx_word' id='word_1_395' title='bbox 445 906 577 933; x_wconf 87' lang='lat' dir='ltr'><strong>Columel.</strong></span> <span class='ocrx_word' id='word_1_396' title='bbox 593 914 685 940; x_wconf 69' lang='lat'><strong>10„27.</strong></span> <span class='ocrx_word' id='word_1_397' title='bbox 757 906 837 940; x_wconf 81' lang='lat' dir='ltr'><strong>Toga</strong></span> <span class='ocrx_word' id='word_1_398' title='bbox 858 906 902 932; x_wconf 86' lang='lat' dir='ltr'><strong>Sil.</strong></span> <span class='ocrx_word' id='word_1_399' title='bbox 918 915 937 938; x_wconf 90' lang='lat'><strong>1,</strong></span> <span class='ocrx_word' id='word_1_400' title='bbox 952 911 1006 933; x_wconf 79' lang='lat'><strong>610.</strong></span> <span class='ocrx_word' id='word_1_401' title='bbox 1047 908 1104 934; x_wconf 69' lang='lat' dir='ltr'><strong>Via.</strong></span> <span class='ocrx_word' id='word_1_402' title='bbox 1167 907 1246 942; x_wconf 77' lang='lat' dir='ltr'><strong>ipsius</strong></span> <span class='ocrx_word' id='word_1_403' title='bbox 1259 906 1369 934; x_wconf 87' lang='lat' dir='ltr'><strong>historia</strong></span> <span class='ocrx_word' id='word_1_404' title='bbox 1382 908 1476 943; x_wconf 84' lang='lat' dir='ltr'><strong>scripta</strong></span> <span class='ocrx_word' id='word_1_405' title='bbox 1489 908 1596 933; x_wconf 80' lang='lat' dir='ltr'>Graece.</span> <span class='ocrx_word' id='word_1_406' title='bbox 1667 907 1740 934; x_wconf 78' lang='lat' dir='ltr'><strong>idem</strong></span> <span class='ocrx_word' id='word_1_407' title='bbox 1758 908 1789 935; x_wconf 86' lang='lat' dir='ltr'><strong>de</strong></span> <span class='ocrx_word' id='word_1_408' title='bbox 1802 909 1877 936; x_wconf 87' lang='lat' dir='ltr'><strong>Orat.</strong></span> <span class='ocrx_word' id='word_1_409' title='bbox 1892 918 1922 941; x_wconf 86' lang='lat'><strong>2,</strong></span> <span class='ocrx_word' id='word_1_410' title='bbox 1942 913 1975 937; x_wconf 82' lang='lat'><strong>62</strong></span> <span class='ocrx_word' id='word_1_411' title='bbox 2003 914 2080 938; x_wconf 86' lang='lat' dir='ltr'><strong>multa</strong></span> <span class='ocrx_word' id='word_1_412' title='bbox 2101 913 2165 939; x_wconf 83' lang='lat' dir='ltr'><strong>dicit</strong></span> <span class='ocrx_word' id='word_1_413' title='bbox 2183 913 2212 939; x_wconf 77' lang='lat' dir='ltr'><strong>de</strong></span> 
     </span>
     <span class='ocr_line' id='line_1_21' title="bbox 59 941 2211 982; baseline 0.002 -12"><span class='ocrx_word' id='word_1_414' title='bbox 59 945 190 974; x_wconf 72' lang='lat' dir='ltr'><strong>Drakenb.</strong></span> <span class='ocrx_word' id='word_1_415' title='bbox 293 945 377 972; x_wconf 84' lang='lat' dir='ltr'>Barba</span> <span class='ocrx_word' id='word_1_416' title='bbox 399 944 472 970; x_wconf 87' lang='lat' dir='ltr'><strong>viros</strong></span> <span class='ocrx_word' id='word_1_417' title='bbox 496 942 635 977; x_wconf 82' lang='lat' dir='ltr'><strong>hirtaeque</strong></span> <span class='ocrx_word' id='word_1_418' title='bbox 655 942 747 970; x_wconf 85' lang='lat' dir='ltr'><strong>decent</strong></span> <span class='ocrx_word' id='word_1_419' title='bbox 765 941 794 968; x_wconf 87' lang='lat' dir='ltr'><strong>in</strong></span> <span class='ocrx_word' id='word_1_420' title='bbox 806 950 918 976; x_wconf 86' lang='lat' dir='ltr'><strong>corpore</strong></span> <span class='ocrx_word' id='word_1_421' title='bbox 933 943 1005 969; x_wconf 79' lang='lat' dir='ltr'><strong>Setae</strong></span> <span class='ocrx_word' id='word_1_422' title='bbox 1024 944 1105 970; x_wconf 87' lang='lat' dir='ltr'><strong>Ouid.</strong></span> <span class='ocrx_word' id='word_1_423' title='bbox 1119 951 1154 970; x_wconf 87' lang='lat'><strong>20</strong></span> <span class='ocrx_word' id='word_1_424' title='bbox 1168 943 1287 970; x_wconf 88' lang='lat' dir='ltr'><strong>historia.</strong></span> <span class='ocrx_word' id='word_1_425' title='bbox 1358 944 1427 978; x_wconf 60' lang='lat' dir='ltr'><strong>,Qud</strong></span> <span class='ocrx_word' id='word_1_426' title='bbox 1452 942 1558 976; x_wconf 73' lang='lat' dir='ltr'><strong>differat</strong></span> <span class='ocrx_word' id='word_1_427' title='bbox 1578 941 1608 969; x_wconf 82' lang='lat' dir='ltr'><strong>ab</strong></span> <span class='ocrx_word' id='word_1_428' title='bbox 1636 946 1764 976; x_wconf 81' lang='lat' dir='ltr'><strong>oratione,</strong></span> <span class='ocrx_word' id='word_1_429' title='bbox 1803 945 1855 971; x_wconf 82' lang='lat' dir='ltr'><strong>vid.</strong></span> <span class='ocrx_word' id='word_1_430' title='bbox 1877 952 1917 981; x_wconf 78' lang='lat' dir='ltr'><strong>ap.</strong></span> <span class='ocrx_word' id='word_1_431' title='bbox 1945 946 2010 973; x_wconf 87' lang='lat' dir='ltr'><strong>Plin.</strong></span> <span class='ocrx_word' id='word_1_432' title='bbox 2036 948 2115 982; x_wconf 84' lang='lat' dir='ltr'><strong>Epist.</strong></span> <span class='ocrx_word' id='word_1_433' title='bbox 2137 956 2168 981; x_wconf 79' lang='grc' dir='ltr'>ς,</span> <span class='ocrx_word' id='word_1_434' title='bbox 2188 953 2211 979; x_wconf 87' lang='lat'><strong>8.</strong></span> 
     </span>
     <span class='ocr_line' id='line_1_22' title="bbox 61 976 2213 1016; baseline 0.001 -8"><span class='ocrx_word' id='word_1_435' title='bbox 61 982 126 1009; x_wconf 85' lang='lat' dir='ltr'><strong>Met.</strong></span> <span class='ocrx_word' id='word_1_436' title='bbox 144 989 177 1013; x_wconf 84' lang='lat'><strong>13,</strong></span> <span class='ocrx_word' id='word_1_437' title='bbox 192 985 242 1013; x_wconf 77' lang='lat'><strong>831.</strong></span> <span class='ocrx_word' id='word_1_438' title='bbox 337 979 446 1007; x_wconf 82' lang='lat' dir='ltr'><strong>Tunica</strong></span> <span class='ocrx_word' id='word_1_439' title='bbox 467 978 536 1013; x_wconf 86' lang='lat' dir='ltr'><strong>Nep.</strong></span> <span class='ocrx_word' id='word_1_440' title='bbox 552 987 591 1012; x_wconf 86' lang='lat'><strong>14,</strong></span> <span class='ocrx_word' id='word_1_441' title='bbox 605 987 627 1010; x_wconf 81' lang='lat'><strong>3,</strong></span> <span class='ocrx_word' id='word_1_442' title='bbox 640 985 664 1005; x_wconf 83' lang='lat'><strong>2.</strong></span> <span class='ocrx_word' id='word_1_443' title='bbox 759 977 872 1012; x_wconf 74' lang='lat' dir='ltr'><strong>Compar.</strong></span> <span class='ocrx_word' id='word_1_444' title='bbox 909 978 992 1005; x_wconf 87' lang='lat' dir='ltr'><strong>Foliis</strong></span> <span class='ocrx_word' id='word_1_445' title='bbox 1010 978 1105 1006; x_wconf 88' lang='lat' dir='ltr'><strong>hirtio·</strong></span> <span class='ocrx_word' id='word_1_446' title='bbox 1168 978 1257 1005; x_wconf 83' lang='lat' dir='ltr'><strong>Testis</strong></span> <span class='ocrx_word' id='word_1_447' title='bbox 1272 984 1438 1012; x_wconf 87' lang='lat' dir='ltr'><strong>temporum,</strong></span> <span class='ocrx_word' id='word_1_448' title='bbox 1458 979 1502 1005; x_wconf 76' lang='lat' dir='ltr'><strong>lux</strong></span> <span class='ocrx_word' id='word_1_449' title='bbox 1517 976 1653 1009; x_wconf 81' lang='lat' dir='ltr'><strong>veritatis,</strong></span> <span class='ocrx_word' id='word_1_450' title='bbox 1672 978 1727 1004; x_wconf 88' lang='lat' dir='ltr'><strong>vita</strong></span> <span class='ocrx_word' id='word_1_451' title='bbox 1741 981 1900 1012; x_wconf 85' lang='lat' dir='ltr'><strong>memoriae,</strong></span> <span class='ocrx_word' id='word_1_452' title='bbox 1918 982 2040 1016; x_wconf 81' lang='lat' dir='ltr'><strong>magistra</strong></span> <span class='ocrx_word' id='word_1_453' title='bbox 2054 984 2134 1016; x_wconf 85' lang='lat' dir='ltr'><strong>vitae,</strong></span> <span class='ocrx_word' id='word_1_454' title='bbox 2147 992 2213 1010; x_wconf 87' lang='lat' dir='ltr'><strong>nun-</strong></span> 
     </span>
     <span class='ocr_line' id='line_1_23' title="bbox 61 1011 2213 1050; baseline -0.001 -7"><span class='ocrx_word' id='word_1_455' title='bbox 61 1016 137 1045; x_wconf 79' lang='lat' dir='ltr'><strong>ribus</strong></span> <span class='ocrx_word' id='word_1_456' title='bbox 156 1016 235 1050; x_wconf 79' lang='lat' dir='ltr'><strong>Apul.</strong></span> <span class='ocrx_word' id='word_1_457' title='bbox 249 1015 282 1042; x_wconf 90' lang='lat' dir='ltr'><strong>de</strong></span> <span class='ocrx_word' id='word_1_458' title='bbox 294 1014 378 1042; x_wconf 86' lang='lat' dir='ltr'><strong>Herb.</strong></span> <span class='ocrx_word' id='word_1_459' title='bbox 391 1024 413 1040; x_wconf 84' lang='lat' dir='ltr'><strong>c.</strong></span> <span class='ocrx_word' id='word_1_460' title='bbox 429 1022 467 1048; x_wconf 85' lang='lat'><strong>71.</strong></span> <span class='ocrx_word' id='word_1_461' title='bbox 1168 1014 1206 1041; x_wconf 87' lang='lat' dir='ltr'><strong>tia</strong></span> <span class='ocrx_word' id='word_1_462' title='bbox 1218 1014 1369 1047; x_wconf 84' lang='lat' dir='ltr'><strong>vetustatis,</strong></span> <span class='ocrx_word' id='word_1_463' title='bbox 1389 1014 1508 1041; x_wconf 78' lang='lat' dir='ltr'><strong>Historia</strong></span> <span class='ocrx_word' id='word_1_464' title='bbox 1536 1013 1591 1039; x_wconf 84' lang='lat' dir='ltr'><strong>Cic.</strong></span> <span class='ocrx_word' id='word_1_465' title='bbox 1606 1011 1638 1038; x_wconf 88' lang='lat' dir='ltr'><strong>de</strong></span> <span class='ocrx_word' id='word_1_466' title='bbox 1650 1013 1725 1039; x_wconf 90' lang='lat' dir='ltr'><strong>Orat.</strong></span> <span class='ocrx_word' id='word_1_467' title='bbox 1740 1023 1761 1046; x_wconf 86' lang='lat'><strong>2,</strong></span> <span class='ocrx_word' id='word_1_468' title='bbox 1777 1016 1807 1045; x_wconf 77' lang='lat'><strong>36</strong></span> <span class='ocrx_word' id='word_1_469' title='bbox 1821 1024 1877 1047; x_wconf 86' lang='lat' dir='ltr'><strong>c.9.</strong></span> <span class='ocrx_word' id='word_1_470' title='bbox 1970 1018 2031 1044; x_wconf 83' lang='lat' dir='ltr'><strong>Erat</strong></span> <span class='ocrx_word' id='word_1_471' title='bbox 2045 1019 2164 1045; x_wconf 75' lang='lat' dir='ltr'><strong>Historia</strong></span> <span class='ocrx_word' id='word_1_472' title='bbox 2172 1019 2213 1046; x_wconf 89' lang='lat' dir='ltr'><strong>ni.</strong></span> 
     </span>
     <span class='ocr_line' id='line_1_24' title="bbox 58 1046 2213 1087; baseline 0.001 -9"><span class='ocrx_word' id='word_1_473' title='bbox 58 1074 60 1077; x_wconf 78' lang='grc'>,</span> <span class='ocrx_word' id='word_1_474' title='bbox 100 1059 121 1078; x_wconf 82' lang='grc' dir='ltr'><strong><em>Η</em></strong></span> <span class='ocrx_word' id='word_1_475' title='bbox 133 1059 218 1078; x_wconf 84' lang='lat' dir='ltr'><strong>1RT1</strong></span> <span class='ocrx_word' id='word_1_476' title='bbox 227 1057 244 1078; x_wconf 92' lang='lat' dir='ltr'><strong>c</strong></span> <span class='ocrx_word' id='word_1_477' title='bbox 253 1058 298 1078; x_wconf 78' lang='lat' dir='ltr'><strong>vr.</strong></span> <span class='ocrx_word' id='word_1_478' title='bbox 310 1057 329 1077; x_wconf 90' lang='lat' dir='ltr'>v</span> <span class='ocrx_word' id='word_1_479' title='bbox 339 1058 352 1078; x_wconf 91' lang='lat' dir='ltr'><strong>s</strong></span> <span class='ocrx_word' id='word_1_480' title='bbox 361 1070 370 1083; x_wconf 94' lang='lat'><strong>,</strong></span> <span class='ocrx_word' id='word_1_481' title='bbox 391 1058 420 1083; x_wconf 89' lang='lat' dir='ltr'><strong>a,</strong></span> <span class='ocrx_word' id='word_1_482' title='bbox 434 1058 490 1076; x_wconf 89' lang='lat' dir='ltr'><strong>um.</strong></span> <span class='ocrx_word' id='word_1_483' title='bbox 515 1048 576 1076; x_wconf 85' lang='lat' dir='ltr'><strong>Adi.</strong></span> <span class='ocrx_word' id='word_1_484' title='bbox 590 1047 693 1076; x_wconf 86' lang='lat' dir='ltr'><strong>Dimin.</strong></span> <span class='ocrx_word' id='word_1_485' title='bbox 729 1047 809 1074; x_wconf 84' lang='lat' dir='ltr'><strong>Gloss‘.</strong></span> <span class='ocrx_word' id='word_1_486' title='bbox 819 1047 865 1075; x_wconf 86' lang='lat' dir='ltr'><strong>Gr.</strong></span> <span class='ocrx_word' id='word_1_487' title='bbox 874 1047 931 1076; x_wconf 85' lang='lat' dir='ltr'><strong>Lat.</strong></span> <span class='ocrx_word' id='word_1_488' title='bbox 944 1047 1107 1086; x_wconf 70' lang='grc' dir='ltr'><strong>δασύπρωκτοι</strong></span> <span class='ocrx_word' id='word_1_489' title='bbox 1167 1049 1207 1076; x_wconf 86' lang='lat' dir='ltr'><strong>hil</strong></span> <span class='ocrx_word' id='word_1_490' title='bbox 1219 1049 1291 1076; x_wconf 84' lang='lat' dir='ltr'><strong>aliud</strong></span> <span class='ocrx_word' id='word_1_491' title='bbox 1300 1069 1308 1082; x_wconf 91' lang='lat'><strong>,</strong></span> <span class='ocrx_word' id='word_1_492' title='bbox 1321 1050 1368 1076; x_wconf 80' lang='lat' dir='ltr'><strong>nili</strong></span> <span class='ocrx_word' id='word_1_493' title='bbox 1382 1050 1523 1076; x_wconf 78' lang='lat' dir='ltr'><strong>Annalium</strong></span> <span class='ocrx_word' id='word_1_494' title='bbox 1537 1046 1672 1074; x_wconf 72' lang='lat' dir='ltr'><strong>confefflo</strong></span> <span class='ocrx_word' id='word_1_495' title='bbox 1708 1048 1746 1074; x_wconf 88' lang='lat' dir='ltr'><strong>Id.</strong></span> <span class='ocrx_word' id='word_1_496' title='bbox 1760 1048 1826 1075; x_wconf 84' lang='lat' dir='ltr'><strong>ibid.</strong></span> <span class='ocrx_word' id='word_1_497' title='bbox 1843 1059 1868 1082; x_wconf 87' lang='lat'><strong>2,</strong></span> <span class='ocrx_word' id='word_1_498' title='bbox 1881 1058 1921 1083; x_wconf 81' lang='lat'><strong>52..</strong></span> <span class='ocrx_word' id='word_1_499' title='bbox 1976 1054 2102 1087; x_wconf 74' lang='lat' dir='ltr'><strong>Qantum</strong></span> <span class='ocrx_word' id='word_1_500' title='bbox 2124 1054 2213 1081; x_wconf 82' lang='lat' dir='ltr'><strong>Histo-</strong></span> 
     </span>
     <span class='ocr_line' id='line_1_25' title="bbox 59 1082 2215 1118; baseline 0 -8"><span class='ocrx_word' id='word_1_501' title='bbox 59 1087 212 1116; x_wconf 76' lang='lat' dir='ltr'><strong>hirticulus,</strong></span> <span class='ocrx_word' id='word_1_502' title='bbox 1167 1086 1208 1112; x_wconf 85' lang='lat' dir='ltr'><strong>ria</strong></span> <span class='ocrx_word' id='word_1_503' title='bbox 1225 1084 1316 1118; x_wconf 69' lang='lat' dir='ltr'><strong>differt</strong></span> <span class='ocrx_word' id='word_1_504' title='bbox 1333 1086 1363 1111; x_wconf 88' lang='lat' dir='ltr'><strong>ab</strong></span> <span class='ocrx_word' id='word_1_505' title='bbox 1376 1085 1536 1116; x_wconf 81' lang='lat' dir='ltr'><strong>Annalibus,</strong></span> <span class='ocrx_word' id='word_1_506' title='bbox 1561 1082 1615 1109; x_wconf 78' lang='lat' dir='ltr'><strong>vid.</strong></span> <span class='ocrx_word' id='word_1_507' title='bbox 1628 1082 1696 1118; x_wconf 83' lang='lat' dir='ltr'><strong>apud</strong></span> <span class='ocrx_word' id='word_1_508' title='bbox 1709 1084 1778 1111; x_wconf 87' lang='lat' dir='ltr'><strong>Gell.</strong></span> <span class='ocrx_word' id='word_1_509' title='bbox 1794 1093 1817 1117; x_wconf 83' lang='lat'><strong>5,</strong></span> <span class='ocrx_word' id='word_1_510' title='bbox 1831 1090 1865 1115; x_wconf 81' lang='lat'><strong>18.</strong></span> <span class='ocrx_word' id='word_1_511' title='bbox 1981 1088 2068 1114; x_wconf 89' lang='lat' dir='ltr'><strong>Prima</strong></span> <span class='ocrx_word' id='word_1_512' title='bbox 2080 1089 2121 1115; x_wconf 86' lang='lat' dir='ltr'><strong>lex</strong></span> <span class='ocrx_word' id='word_1_513' title='bbox 2134 1089 2215 1116; x_wconf 88' lang='lat' dir='ltr'><strong>histo-</strong></span> 
     </span>
    </p>

    <p class='ocr_par' dir='ltr' id='par_1_13' title="bbox 59 1117 2215 1192">
     <span class='ocr_line' id='line_1_26' title="bbox 99 1117 2215 1159; baseline 0.002 -12"><span class='ocrx_word' id='word_1_514' title='bbox 99 1129 121 1149; x_wconf 85' lang='lat' dir='ltr'><strong>H</strong></span> <span class='ocrx_word' id='word_1_515' title='bbox 131 1129 168 1150; x_wconf 84' lang='lat' dir='ltr'><strong>lR</strong></span> <span class='ocrx_word' id='word_1_516' title='bbox 178 1127 307 1149; x_wconf 85' lang='lat' dir='ltr'><strong>Tvosv</strong></span> <span class='ocrx_word' id='word_1_517' title='bbox 317 1127 330 1147; x_wconf 88' lang='lat' dir='ltr'><strong>s</strong></span> <span class='ocrx_word' id='word_1_518' title='bbox 340 1140 348 1152; x_wconf 96' lang='lat'><strong>,</strong></span> <span class='ocrx_word' id='word_1_519' title='bbox 368 1129 399 1153; x_wconf 92' lang='lat' dir='ltr'><strong>a,</strong></span> <span class='ocrx_word' id='word_1_520' title='bbox 419 1129 474 1147; x_wconf 90' lang='lat' dir='ltr'><strong>um.</strong></span> <span class='ocrx_word' id='word_1_521' title='bbox 511 1119 572 1146; x_wconf 85' lang='lat' dir='ltr'><strong>Adi.</strong></span> <span class='ocrx_word' id='word_1_522' title='bbox 613 1119 648 1146; x_wconf 84' lang='lat' dir='ltr'><strong>Vt</strong></span> <span class='ocrx_word' id='word_1_523' title='bbox 659 1117 804 1145; x_wconf 72' lang='lat' dir='ltr'><strong>Hircuosus</strong></span> <span class='ocrx_word' id='word_1_524' title='bbox 816 1118 895 1153; x_wconf 85' lang='lat' dir='ltr'><strong>deus,</strong></span> <span class='ocrx_word' id='word_1_525' title='bbox 916 1122 934 1146; x_wconf 94' lang='lat' dir='ltr'><strong>i.</strong></span> <span class='ocrx_word' id='word_1_526' title='bbox 948 1122 1000 1148; x_wconf 83' lang='lat' dir='ltr'><strong>Pan</strong></span> <span class='ocrx_word' id='word_1_527' title='bbox 1026 1121 1105 1157; x_wconf 80' lang='lat' dir='ltr'><strong>Apul.</strong></span> <span class='ocrx_word' id='word_1_528' title='bbox 1120 1126 1152 1154; x_wconf 77' lang='lat'><strong>25</strong></span> <span class='ocrx_word' id='word_1_529' title='bbox 1167 1121 1234 1152; x_wconf 86' lang='lat' dir='ltr'><strong>riae,</strong></span> <span class='ocrx_word' id='word_1_530' title='bbox 1246 1121 1351 1156; x_wconf 87' lang='lat' dir='ltr'><strong>nequid</strong></span> <span class='ocrx_word' id='word_1_531' title='bbox 1366 1121 1421 1147; x_wconf 82' lang='lat' dir='ltr'><strong>falfi</strong></span> <span class='ocrx_word' id='word_1_532' title='bbox 1435 1121 1522 1147; x_wconf 86' lang='lat' dir='ltr'><strong>dicere</strong></span> <span class='ocrx_word' id='word_1_533' title='bbox 1536 1118 1638 1150; x_wconf 83' lang='lat' dir='ltr'><strong>audeat,</strong></span> <span class='ocrx_word' id='word_1_534' title='bbox 1657 1118 1753 1146; x_wconf 86' lang='lat' dir='ltr'><strong>deinde</strong></span> <span class='ocrx_word' id='word_1_535' title='bbox 1764 1120 1868 1154; x_wconf 85' lang='lat' dir='ltr'><strong>nequid</strong></span> <span class='ocrx_word' id='word_1_536' title='bbox 1882 1120 1940 1147; x_wconf 88' lang='lat' dir='ltr'><strong>veri</strong></span> <span class='ocrx_word' id='word_1_537' title='bbox 1952 1130 2005 1148; x_wconf 91' lang='lat' dir='ltr'><strong>non</strong></span> <span class='ocrx_word' id='word_1_538' title='bbox 2012 1123 2154 1156; x_wconf 85' lang='lat' dir='ltr'><strong>audeat‚ne</strong></span> <span class='ocrx_word' id='word_1_539' title='bbox 2162 1133 2215 1159; x_wconf 78' lang='lat' dir='ltr'><strong>qua</strong></span> 
     </span>
     <span class='ocr_line' id='line_1_27' title="bbox 59 1154 2215 1192; baseline 0 -7"><span class='ocrx_word' id='word_1_540' title='bbox 59 1159 126 1186; x_wconf 90' lang='lat' dir='ltr'><strong>Met.</strong></span> <span class='ocrx_word' id='word_1_541' title='bbox 140 1160 251 1192; x_wconf 74' lang='lat' dir='ltr'><strong>5&#39;p.613.</strong></span> <span class='ocrx_word' id='word_1_542' title='bbox 306 1156 352 1184; x_wconf 75' lang='lat' dir='ltr'><strong>Scd</strong></span> <span class='ocrx_word' id='word_1_543' title='bbox 365 1156 472 1184; x_wconf 82' lang='lat' dir='ltr'><strong>Elmenh.</strong></span> <span class='ocrx_word' id='word_1_544' title='bbox 487 1164 513 1189; x_wconf 93' lang='lat' dir='ltr'><strong>p.</strong></span> <span class='ocrx_word' id='word_1_545' title='bbox 523 1157 574 1187; x_wconf 81' lang='lat'><strong>168,</strong></span> <span class='ocrx_word' id='word_1_546' title='bbox 589 1160 617 1186; x_wconf 81' lang='lat'><strong>38</strong></span> <span class='ocrx_word' id='word_1_547' title='bbox 643 1154 780 1180; x_wconf 87' lang='lat' dir='ltr'><strong>Hircosus.</strong></span> <span class='ocrx_word' id='word_1_548' title='bbox 1167 1157 1281 1191; x_wconf 89' lang='lat' dir='ltr'><strong>suspicio</strong></span> <span class='ocrx_word' id='word_1_549' title='bbox 1295 1157 1394 1191; x_wconf 85' lang='lat' dir='ltr'><strong>gratiae</strong></span> <span class='ocrx_word' id='word_1_550' title='bbox 1406 1157 1436 1183; x_wconf 82' lang='lat' dir='ltr'><strong>sit</strong></span> <span class='ocrx_word' id='word_1_551' title='bbox 1449 1157 1477 1183; x_wconf 91' lang='lat' dir='ltr'><strong>in</strong></span> <span class='ocrx_word' id='word_1_552' title='bbox 1489 1154 1637 1186; x_wconf 80' lang='lat' dir='ltr'><strong>scribendo,</strong></span> <span class='ocrx_word' id='word_1_553' title='bbox 1656 1163 1690 1180; x_wconf 90' lang='lat' dir='ltr'><strong>ne</strong></span> <span class='ocrx_word' id='word_1_554' title='bbox 1704 1164 1755 1190; x_wconf 88' lang='lat' dir='ltr'><strong>qua</strong></span> <span class='ocrx_word' id='word_1_555' title='bbox 1768 1155 1906 1182; x_wconf 72' lang='lat' dir='ltr'><strong>simultatis</strong></span> <span class='ocrx_word' id='word_1_556' title='bbox 1933 1157 1989 1183; x_wconf 87' lang='lat' dir='ltr'><strong>Cic.</strong></span> <span class='ocrx_word' id='word_1_557' title='bbox 2005 1157 2037 1183; x_wconf 87' lang='lat' dir='ltr'><strong>de</strong></span> <span class='ocrx_word' id='word_1_558' title='bbox 2050 1159 2123 1185; x_wconf 90' lang='lat' dir='ltr'><strong>Orat.</strong></span> <span class='ocrx_word' id='word_1_559' title='bbox 2132 1168 2157 1191; x_wconf 89' lang='lat'><strong>2,</strong></span> <span class='ocrx_word' id='word_1_560' title='bbox 2172 1162 2215 1186; x_wconf 84' lang='lat'><strong>62.</strong></span> 
     </span>
    </p>
   </div>
   <div class='ocr_carea' id='block_1_5' title="bbox 42 1188 2217 1408">
    <p class='ocr_par' dir='ltr' id='par_1_14' title="bbox 52 1188 2217 1369">
     <span class='ocr_line' id='line_1_28' title="bbox 99 1188 2216 1230; baseline 0.001 -11"><span class='ocrx_word' id='word_1_561' title='bbox 99 1199 121 1219; x_wconf 89' lang='lat' dir='ltr'><strong>H</strong></span> <span class='ocrx_word' id='word_1_562' title='bbox 135 1199 144 1219; x_wconf 88' lang='lat'><strong>1</strong></span> <span class='ocrx_word' id='word_1_563' title='bbox 156 1193 231 1219; x_wconf 63' lang='lat' dir='ltr'><strong>RVD</strong></span> <span class='ocrx_word' id='word_1_564' title='bbox 242 1198 262 1218; x_wconf 91' lang='grc' dir='ltr'>ο</span> <span class='ocrx_word' id='word_1_565' title='bbox 271 1212 280 1224; x_wconf 87' lang='grc'>,</span> <span class='ocrx_word' id='word_1_566' title='bbox 295 1193 355 1218; x_wconf 85' lang='lat' dir='ltr'><strong>i&#39;nis.</strong></span> <span class='ocrx_word' id='word_1_567' title='bbox 394 1192 415 1218; x_wconf 89' lang='lat' dir='ltr'><strong>f.</strong></span> <span class='ocrx_word' id='word_1_568' title='bbox 450 1188 587 1225; x_wconf 69' lang='grc' dir='ltr'><strong>[βδέλλα]</strong></span> <span class='ocrx_word' id='word_1_569' title='bbox 623 1189 788 1226; x_wconf 70' lang='lat' dir='ltr'><strong>Sanguisuga.</strong></span> <span class='ocrx_word' id='word_1_570' title='bbox 824 1189 890 1216; x_wconf 84' lang='lat' dir='ltr'><strong>Plin.</strong></span> <span class='ocrx_word' id='word_1_571' title='bbox 906 1199 945 1223; x_wconf 80' lang='lat'><strong>32,</strong></span> <span class='ocrx_word' id='word_1_572' title='bbox 959 1200 986 1217; x_wconf 90' lang='lat'><strong>10</strong></span> <span class='ocrx_word' id='word_1_573' title='bbox 1013 1192 1108 1219; x_wconf 88' lang='lat' dir='ltr'><strong>Diuer-</strong></span> <span class='ocrx_word' id='word_1_574' title='bbox 1167 1191 1205 1220; x_wconf 91' lang='lat' dir='ltr'><strong>Id.</strong></span> <span class='ocrx_word' id='word_1_575' title='bbox 1221 1193 1274 1218; x_wconf 86' lang='lat' dir='ltr'><strong>Att.</strong></span> <span class='ocrx_word' id='word_1_576' title='bbox 1288 1200 1313 1225; x_wconf 83' lang='lat'><strong>2,</strong></span> <span class='ocrx_word' id='word_1_577' title='bbox 1327 1198 1340 1223; x_wconf 83' lang='lat'>8</span> <span class='ocrx_word' id='word_1_578' title='bbox 1376 1192 1405 1219; x_wconf 80' lang='lat' dir='ltr'><strong>de</strong></span> <span class='ocrx_word' id='word_1_579' title='bbox 1418 1201 1444 1218; x_wconf 74' lang='lat' dir='ltr'><strong>ea</strong></span> <span class='ocrx_word' id='word_1_580' title='bbox 1457 1193 1556 1227; x_wconf 76' lang='lat' dir='ltr'><strong>loquens</strong></span> <span class='ocrx_word' id='word_1_581' title='bbox 1568 1192 1653 1217; x_wconf 77' lang='lat' dir='ltr'><strong>Attici</strong></span> <span class='ocrx_word' id='word_1_582' title='bbox 1666 1190 1700 1217; x_wconf 82' lang='lat' dir='ltr'><strong>acl</strong></span> <span class='ocrx_word' id='word_1_583' title='bbox 1717 1192 1853 1218; x_wconf 77' lang='lat' dir='ltr'><strong>Ciceronem</strong></span> <span class='ocrx_word' id='word_1_584' title='bbox 1867 1190 1983 1227; x_wconf 83' lang='lat' dir='ltr'><strong>epistola,</strong></span> <span class='ocrx_word' id='word_1_585' title='bbox 2008 1202 2069 1228; x_wconf 79' lang='lat' dir='ltr'><strong>quae</strong></span> <span class='ocrx_word' id='word_1_586' title='bbox 2076 1198 2163 1230; x_wconf 71' lang='lat' dir='ltr'><strong>pueris</strong></span> <span class='ocrx_word' id='word_1_587' title='bbox 2176 1204 2216 1221; x_wconf 79' lang='lat' dir='ltr'><strong>ex-</strong></span> 
     </span>
     <span class='ocr_line' id='line_1_29' title="bbox 61 1224 2216 1264; baseline 0.001 -10"><span class='ocrx_word' id='word_1_588' title='bbox 61 1228 103 1254; x_wconf 83' lang='lat' dir='ltr'><strong>sus</strong></span> <span class='ocrx_word' id='word_1_589' title='bbox 116 1227 272 1254; x_wconf 86' lang='lat' dir='ltr'><strong>hirudinum</strong></span> <span class='ocrx_word' id='word_1_590' title='bbox 287 1237 351 1262; x_wconf 84' lang='lat' dir='ltr'><strong>quas</strong></span> <span class='ocrx_word' id='word_1_591' title='bbox 372 1227 535 1261; x_wconf 83' lang='lat' dir='ltr'><strong>sanguisugas</strong></span> <span class='ocrx_word' id='word_1_592' title='bbox 555 1231 666 1256; x_wconf 85' lang='lat' dir='ltr'><strong>vocant,</strong></span> <span class='ocrx_word' id='word_1_593' title='bbox 690 1226 722 1251; x_wconf 90' lang='lat' dir='ltr'><strong>ad</strong></span> <span class='ocrx_word' id='word_1_594' title='bbox 744 1224 935 1252; x_wconf 82' lang='lat' dir='ltr'><strong>extrahendum</strong></span> <span class='ocrx_word' id='word_1_595' title='bbox 955 1228 1108 1262; x_wconf 84' lang='lat' dir='ltr'><strong>sanguinem</strong></span> <span class='ocrx_word' id='word_1_596' title='bbox 1168 1227 1266 1254; x_wconf 80' lang='lat' dir='ltr'><strong>ciderae</strong></span> <span class='ocrx_word' id='word_1_597' title='bbox 1281 1230 1309 1253; x_wconf 85' lang='lat' dir='ltr'><strong>in</strong></span> <span class='ocrx_word' id='word_1_598' title='bbox 1322 1231 1384 1254; x_wconf 84' lang='lat' dir='ltr'><strong>via:</strong></span> <span class='ocrx_word' id='word_1_599' title='bbox 1421 1228 1500 1254; x_wconf 89' lang='lat' dir='ltr'><strong>Nunc</strong></span> <span class='ocrx_word' id='word_1_600' title='bbox 1519 1226 1537 1253; x_wconf 81' lang='lat' dir='ltr'>fi</span> <span class='ocrx_word' id='word_1_601' title='bbox 1557 1225 1622 1261; x_wconf 89' lang='lat' dir='ltr'><strong>quid</strong></span> <span class='ocrx_word' id='word_1_602' title='bbox 1648 1226 1677 1252; x_wconf 91' lang='lat' dir='ltr'><strong>in</strong></span> <span class='ocrx_word' id='word_1_603' title='bbox 1695 1235 1726 1253; x_wconf 89' lang='lat' dir='ltr'><strong>ea</strong></span> <span class='ocrx_word' id='word_1_604' title='bbox 1745 1227 1854 1262; x_wconf 88' lang='lat' dir='ltr'><strong>epistola</strong></span> <span class='ocrx_word' id='word_1_605' title='bbox 1867 1227 1949 1254; x_wconf 87' lang='lat' dir='ltr'><strong>fuerit</strong></span> <span class='ocrx_word' id='word_1_606' title='bbox 1962 1227 2073 1256; x_wconf 86' lang='lat' dir='ltr'><strong>historia</strong></span> <span class='ocrx_word' id='word_1_607' title='bbox 2087 1229 2216 1264; x_wconf 84' lang='lat' dir='ltr'><strong>dignum,</strong></span> 
     </span>
     <span class='ocr_line' id='line_1_30' title="bbox 52 1262 2216 1300; baseline 0.001 -10"><span class='ocrx_word' id='word_1_608' title='bbox 52 1263 120 1290; x_wconf 66' lang='lat' dir='ltr'><strong>vsus</strong></span> <span class='ocrx_word' id='word_1_609' title='bbox 132 1263 177 1289; x_wconf 86' lang='lat' dir='ltr'><strong>cst.</strong></span> <span class='ocrx_word' id='word_1_610' title='bbox 247 1263 331 1290; x_wconf 85' lang='lat' dir='ltr'><strong>Plaut.</strong></span> <span class='ocrx_word' id='word_1_611' title='bbox 345 1262 420 1297; x_wconf 88' lang='lat' dir='ltr'><strong>Epid.</strong></span> <span class='ocrx_word' id='word_1_612' title='bbox 434 1270 466 1294; x_wconf 79' lang='lat' dir='ltr'><strong>z,</strong></span> <span class='ocrx_word' id='word_1_613' title='bbox 487 1270 503 1288; x_wconf 88' lang='lat'><strong>2</strong></span> <span class='ocrx_word' id='word_1_614' title='bbox 512 1280 520 1293; x_wconf 89' lang='lat'><strong>,</strong></span> <span class='ocrx_word' id='word_1_615' title='bbox 534 1270 553 1295; x_wconf 88' lang='lat'>4</span> <span class='ocrx_word' id='word_1_616' title='bbox 588 1262 644 1288; x_wconf 86' lang='lat' dir='ltr'><strong>Iam</strong></span> <span class='ocrx_word' id='word_1_617' title='bbox 659 1270 709 1294; x_wconf 74' lang='lat' dir='ltr'><strong>ego</strong></span> <span class='ocrx_word' id='word_1_618' title='bbox 721 1270 765 1288; x_wconf 89' lang='lat' dir='ltr'><strong>me</strong></span> <span class='ocrx_word' id='word_1_619' title='bbox 778 1266 881 1288; x_wconf 87' lang='lat' dir='ltr'><strong>vortam</strong></span> <span class='ocrx_word' id='word_1_620' title='bbox 896 1262 923 1288; x_wconf 90' lang='lat' dir='ltr'><strong>in</strong></span> <span class='ocrx_word' id='word_1_621' title='bbox 937 1262 1106 1295; x_wconf 86' lang='lat' dir='ltr'><strong>hirudinem,</strong></span> <span class='ocrx_word' id='word_1_622' title='bbox 1169 1263 1304 1300; x_wconf 82' lang='lat' dir='ltr'><strong>(dignum,</strong></span> <span class='ocrx_word' id='word_1_623' title='bbox 1318 1263 1383 1299; x_wconf 82' lang='lat' dir='ltr'><strong>quod</strong></span> <span class='ocrx_word' id='word_1_624' title='bbox 1399 1269 1427 1289; x_wconf 75' lang='lat' dir='ltr'><strong>tu</strong></span> <span class='ocrx_word' id='word_1_625' title='bbox 1439 1271 1540 1292; x_wconf 74' lang='lat' dir='ltr'><strong>narres,</strong></span> <span class='ocrx_word' id='word_1_626' title='bbox 1559 1271 1604 1287; x_wconf 83' lang='lat' dir='ltr'><strong>nos</strong></span> <span class='ocrx_word' id='word_1_627' title='bbox 1623 1262 1793 1298; x_wconf 77' lang='lat' dir='ltr'><strong>cognoscamus</strong></span> <span class='ocrx_word' id='word_1_628' title='bbox 1794 1263 1815 1297; x_wconf 87' lang='lat'><em>)</em></span> <span class='ocrx_word' id='word_1_629' title='bbox 1844 1262 1928 1289; x_wconf 82' lang='lat' dir='ltr'><strong>scribe</strong></span> <span class='ocrx_word' id='word_1_630' title='bbox 1948 1266 2161 1299; x_wconf 88' lang='lat' dir='ltr'><strong>quamprimum,</strong></span> <span class='ocrx_word' id='word_1_631' title='bbox 2181 1275 2216 1293; x_wconf 86' lang='lat' dir='ltr'><strong>ne</strong></span> 
     </span>
     <span class='ocr_line' id='line_1_31' title="bbox 58 1297 2217 1335; baseline 0.001 -10"><span class='ocrx_word' id='word_1_632' title='bbox 58 1303 140 1333; x_wconf 80' lang='lat' dir='ltr'><strong>atque</strong></span> <span class='ocrx_word' id='word_1_633' title='bbox 154 1297 250 1324; x_wconf 90' lang='lat' dir='ltr'><strong>horum</strong></span> <span class='ocrx_word' id='word_1_634' title='bbox 265 1298 396 1332; x_wconf 81' lang='lat' dir='ltr'><strong>exsugebo</strong></span> <span class='ocrx_word' id='word_1_635' title='bbox 411 1297 571 1331; x_wconf 68' lang='lat' dir='ltr'><strong>sanguinem.</strong></span> <span class='ocrx_word' id='word_1_636' title='bbox 679 1297 748 1324; x_wconf 89' lang='lat' dir='ltr'><strong>Hor.</strong></span> <span class='ocrx_word' id='word_1_637' title='bbox 761 1297 794 1323; x_wconf 89' lang='lat' dir='ltr'><strong>de</strong></span> <span class='ocrx_word' id='word_1_638' title='bbox 806 1298 871 1323; x_wconf 89' lang='lat' dir='ltr'><strong>Arte</strong></span> <span class='ocrx_word' id='word_1_639' title='bbox 882 1298 953 1335; x_wconf 66' lang='lat' dir='ltr'><strong>Ppet.</strong></span> <span class='ocrx_word' id='word_1_640' title='bbox 967 1299 1014 1325; x_wconf 84' lang='lat' dir='ltr'><strong>vlt.</strong></span> <span class='ocrx_word' id='word_1_641' title='bbox 1042 1299 1106 1325; x_wconf 89' lang='lat' dir='ltr'><strong>Non</strong></span> <span class='ocrx_word' id='word_1_642' title='bbox 1121 1307 1153 1331; x_wconf 79' lang='lat'><strong>30</strong></span> <span class='ocrx_word' id='word_1_643' title='bbox 1170 1300 1337 1333; x_wconf 82' lang='lat' dir='ltr'><strong>ignoremus:</strong></span> <span class='ocrx_word' id='word_1_644' title='bbox 1373 1299 1410 1325; x_wconf 84' lang='lat' dir='ltr'><strong>fin</strong></span> <span class='ocrx_word' id='word_1_645' title='bbox 1425 1298 1495 1325; x_wconf 86' lang='lat' dir='ltr'><strong>nihil</strong></span> <span class='ocrx_word' id='word_1_646' title='bbox 1515 1302 1617 1331; x_wconf 85' lang='lat' dir='ltr'><strong>praeter</strong></span> <span class='ocrx_word' id='word_1_647' title='bbox 1634 1297 1807 1331; x_wconf 88' lang='lat' dir='ltr'><strong>iocationem,</strong></span> <span class='ocrx_word' id='word_1_648' title='bbox 1827 1298 1907 1325; x_wconf 86' lang='lat' dir='ltr'><strong>redde</strong></span> <span class='ocrx_word' id='word_1_649' title='bbox 1920 1299 1948 1325; x_wconf 92' lang='lat' dir='ltr'><strong>id</strong></span> <span class='ocrx_word' id='word_1_650' title='bbox 1962 1299 2056 1333; x_wconf 88' lang='lat' dir='ltr'><strong>ipsum.</strong></span> <span class='ocrx_word' id='word_1_651' title='bbox 2125 1302 2155 1327; x_wconf 90' lang='lat' dir='ltr'><strong>In</strong></span> <span class='ocrx_word' id='word_1_652' title='bbox 2176 1301 2217 1327; x_wconf 84' lang='lat' dir='ltr'><strong>hi-</strong></span> 
     </span>
     <span class='ocr_line' id='line_1_32' title="bbox 59 1331 2215 1369; baseline 0.001 -9"><span class='ocrx_word' id='word_1_653' title='bbox 59 1334 165 1361; x_wconf 79' lang='lat' dir='ltr'><strong>miffura</strong></span> <span class='ocrx_word' id='word_1_654' title='bbox 177 1340 263 1360; x_wconf 86' lang='lat' dir='ltr'><strong>cutem</strong></span> <span class='ocrx_word' id='word_1_655' title='bbox 276 1333 324 1360; x_wconf 83' lang='lat' dir='ltr'><strong>nisi</strong></span> <span class='ocrx_word' id='word_1_656' title='bbox 337 1334 413 1368; x_wconf 82' lang='lat' dir='ltr'><strong>plena</strong></span> <span class='ocrx_word' id='word_1_657' title='bbox 427 1332 530 1359; x_wconf 81' lang='lat' dir='ltr'><strong>cruoris</strong></span> <span class='ocrx_word' id='word_1_658' title='bbox 542 1331 654 1358; x_wconf 81' lang='lat' dir='ltr'><strong>hirudo.</strong></span> <span class='ocrx_word' id='word_1_659' title='bbox 689 1332 821 1359; x_wconf 88' lang='lat' dir='ltr'><strong>Columel.</strong></span> <span class='ocrx_word' id='word_1_660' title='bbox 833 1336 849 1359; x_wconf 88' lang='lat'><strong>6</strong></span> <span class='ocrx_word' id='word_1_661' title='bbox 858 1353 867 1365; x_wconf 90' lang='lat'><strong>,</strong></span> <span class='ocrx_word' id='word_1_662' title='bbox 884 1337 909 1363; x_wconf 81' lang='lat'><strong>18</strong></span> <span class='ocrx_word' id='word_1_663' title='bbox 918 1353 925 1366; x_wconf 85' lang='lat'>‚</span> <span class='ocrx_word' id='word_1_664' title='bbox 941 1343 950 1359; x_wconf 92' lang='lat'><strong>1</strong></span> <span class='ocrx_word' id='word_1_665' title='bbox 977 1335 1107 1361; x_wconf 84' lang='lat' dir='ltr'><strong>Hirudini</strong></span> <span class='ocrx_word' id='word_1_666' title='bbox 1169 1334 1250 1361; x_wconf 85' lang='lat' dir='ltr'><strong>storia</strong></span> <span class='ocrx_word' id='word_1_667' title='bbox 1263 1344 1328 1369; x_wconf 88' lang='lat' dir='ltr'><strong>pura</strong></span> <span class='ocrx_word' id='word_1_668' title='bbox 1340 1340 1366 1361; x_wconf 89' lang='lat' dir='ltr'><strong>et</strong></span> <span class='ocrx_word' id='word_1_669' title='bbox 1379 1334 1475 1361; x_wconf 87' lang='lat' dir='ltr'><strong>illustri</strong></span> <span class='ocrx_word' id='word_1_670' title='bbox 1487 1333 1557 1359; x_wconf 91' lang='lat' dir='ltr'><strong>nihil</strong></span> <span class='ocrx_word' id='word_1_671' title='bbox 1572 1332 1607 1358; x_wconf 87' lang='lat' dir='ltr'><strong>est</strong></span> <span class='ocrx_word' id='word_1_672' title='bbox 1619 1332 1752 1361; x_wconf 87' lang='lat' dir='ltr'><strong>breuitate</strong></span> <span class='ocrx_word' id='word_1_673' title='bbox 1766 1333 1868 1360; x_wconf 84' lang='lat' dir='ltr'><strong>dulcius</strong></span> <span class='ocrx_word' id='word_1_674' title='bbox 1892 1333 1949 1360; x_wconf 87' lang='lat' dir='ltr'><strong>Cic.</strong></span> <span class='ocrx_word' id='word_1_675' title='bbox 1961 1335 1993 1362; x_wconf 89' lang='lat' dir='ltr'><strong>de</strong></span> <span class='ocrx_word' id='word_1_676' title='bbox 2002 1336 2071 1363; x_wconf 88' lang='lat' dir='ltr'><strong>Clar.</strong></span> <span class='ocrx_word' id='word_1_677' title='bbox 2079 1337 2153 1363; x_wconf 90' lang='lat' dir='ltr'><strong>Orat.</strong></span> <span class='ocrx_word' id='word_1_678' title='bbox 2162 1345 2215 1369; x_wconf 81' lang='lat'><strong>292.</strong></span> 
     </span>
    </p>

    <p class='ocr_par' dir='ltr' id='par_1_15' title="bbox 42 1367 2216 1408">
     <span class='ocr_line' id='line_1_33' title="bbox 42 1367 2216 1408; baseline 0.001 -13"><span class='ocrx_word' id='word_1_679' title='bbox 42 1367 164 1408; x_wconf 50' lang='lat' dir='ltr'><strong>fluustae</strong></span> <span class='ocrx_word' id='word_1_680' title='bbox 176 1369 335 1395; x_wconf 89' lang='lat' dir='ltr'><strong>remedium.</strong></span> <span class='ocrx_word' id='word_1_681' title='bbox 377 1368 435 1395; x_wconf 72' lang='lat' dir='ltr'><strong>Viti.</strong></span> <span class='ocrx_word' id='word_1_682' title='bbox 450 1367 515 1394; x_wconf 86' lang='lat' dir='ltr'><strong>Plin.</strong></span> <span class='ocrx_word' id='word_1_683' title='bbox 528 1373 552 1400; x_wconf 85' lang='lat'><strong>8,</strong></span> <span class='ocrx_word' id='word_1_684' title='bbox 570 1376 607 1394; x_wconf 87' lang='lat'><strong>10.</strong></span> <span class='ocrx_word' id='word_1_685' title='bbox 677 1367 784 1395; x_wconf 87' lang='lat' dir='ltr'><strong>Hirudo</strong></span> <span class='ocrx_word' id='word_1_686' title='bbox 804 1368 916 1399; x_wconf 85' lang='lat' dir='ltr'><strong>aerarii,</strong></span> <span class='ocrx_word' id='word_1_687' title='bbox 934 1376 981 1404; x_wconf 81' lang='lat' dir='ltr'><strong>per</strong></span> <span class='ocrx_word' id='word_1_688' title='bbox 998 1372 1108 1396; x_wconf 86' lang='lat' dir='ltr'><strong>transla-</strong></span> <span class='ocrx_word' id='word_1_689' title='bbox 1170 1371 1308 1397; x_wconf 86' lang='lat' dir='ltr'><strong>Enarratio</strong></span> <span class='ocrx_word' id='word_1_690' title='bbox 1321 1370 1494 1397; x_wconf 87' lang='lat' dir='ltr'><strong>historiarum</strong></span> <span class='ocrx_word' id='word_1_691' title='bbox 1517 1367 1649 1403; x_wconf 69' lang='lat' dir='ltr'><strong>Quinctil.</strong></span> <span class='ocrx_word' id='word_1_692' title='bbox 1665 1378 1685 1402; x_wconf 91' lang='lat'><strong>1,</strong></span> <span class='ocrx_word' id='word_1_693' title='bbox 1700 1375 1723 1399; x_wconf 87' lang='lat'><strong>8.</strong></span> <span class='ocrx_word' id='word_1_694' title='bbox 1795 1370 1860 1396; x_wconf 83' lang='lat' dir='ltr'><strong>Satis</strong></span> <span class='ocrx_word' id='word_1_695' title='bbox 1873 1369 2044 1397; x_wconf 80' lang='lat' dir='ltr'><strong>historiarum</strong></span> <span class='ocrx_word' id='word_1_696' title='bbox 2059 1372 2112 1398; x_wconf 70' lang='lat' dir='ltr'><strong>est?</strong></span> <span class='ocrx_word' id='word_1_697' title='bbox 2132 1372 2216 1398; x_wconf 83' lang='lat' dir='ltr'><strong>Plaut.</strong></span> 
     </span>
    </p>
   </div>
   <div class='ocr_carea' id='block_1_6' title="bbox 0 261 34 3947">
    <p class='ocr_par' dir='ltr' id='par_1_16' title="bbox 0 261 34 3947">
     <span class='ocr_line' id='line_1_34' title="bbox 0 261 34 2331; baseline 0 -910"><span class='ocrx_word' id='word_1_698' title='bbox 0 261 34 2331; x_wconf 95' lang='lat' dir='ltr'><strong>         </strong></span> 
     </span>
     <span class='ocr_line' id='line_1_35' title="bbox 0 2697 23 3947; baseline 0 -544"><span class='ocrx_word' id='word_1_699' title='bbox 0 2697 23 3947; x_wconf 95' lang='lat' dir='ltr'><strong>  </strong></span> 
     </span>
    </p>
   </div>
   <div class='ocr_carea' id='block_1_7' title="bbox 0 1402 2219 1544">
    <p class='ocr_par' dir='ltr' id='par_1_17' title="bbox 0 1402 2219 1544">
     <span class='ocr_line' id='line_1_36' title="bbox 71 1402 2216 1440; baseline 0.002 -11"><span class='ocrx_word' id='word_1_700' title='bbox 71 1407 166 1438; x_wconf 64' lang='lat' dir='ltr'><strong>ionem,</strong></span> <span class='ocrx_word' id='word_1_701' title='bbox 186 1404 241 1430; x_wconf 91' lang='lat' dir='ltr'><strong>Cic.</strong></span> <span class='ocrx_word' id='word_1_702' title='bbox 254 1405 308 1430; x_wconf 87' lang='lat' dir='ltr'><strong>Att.</strong></span> <span class='ocrx_word' id='word_1_703' title='bbox 323 1413 349 1436; x_wconf 90' lang='lat'><strong>1,</strong></span> <span class='ocrx_word' id='word_1_704' title='bbox 364 1406 392 1430; x_wconf 90' lang='lat'><strong>16</strong></span> <span class='ocrx_word' id='word_1_705' title='bbox 431 1403 539 1430; x_wconf 82' lang='lat' dir='ltr'><strong>Accedit</strong></span> <span class='ocrx_word' id='word_1_706' title='bbox 559 1402 644 1435; x_wconf 65' lang='lat' dir='ltr'><strong>illud,</strong></span> <span class='ocrx_word' id='word_1_707' title='bbox 670 1404 742 1438; x_wconf 91' lang='lat' dir='ltr'><strong>quod</strong></span> <span class='ocrx_word' id='word_1_708' title='bbox 761 1404 807 1430; x_wconf 93' lang='lat' dir='ltr'><strong>illa</strong></span> <span class='ocrx_word' id='word_1_709' title='bbox 827 1404 990 1431; x_wconf 86' lang='lat' dir='ltr'><strong>concionalis</strong></span> <span class='ocrx_word' id='word_1_710' title='bbox 1010 1405 1108 1432; x_wconf 89' lang='lat' dir='ltr'><strong>hirudo</strong></span> <span class='ocrx_word' id='word_1_711' title='bbox 1169 1405 1261 1432; x_wconf 81' lang='lat' dir='ltr'><strong>Bacch.</strong></span> <span class='ocrx_word' id='word_1_712' title='bbox 1277 1415 1302 1439; x_wconf 87' lang='lat'><strong>1,</strong></span> <span class='ocrx_word' id='word_1_713' title='bbox 1317 1414 1351 1438; x_wconf 86' lang='lat'><strong>2,</strong></span> <span class='ocrx_word' id='word_1_714' title='bbox 1374 1414 1420 1439; x_wconf 87' lang='lat'><strong>49.</strong></span> <span class='ocrx_word' id='word_1_715' title='bbox 1456 1408 1475 1431; x_wconf 88' lang='lat' dir='ltr'><strong>i.</strong></span> <span class='ocrx_word' id='word_1_716' title='bbox 1498 1405 1651 1431; x_wconf 81' lang='lat' dir='ltr'><strong>Fabularum.</strong></span> <span class='ocrx_word' id='word_1_717' title='bbox 1757 1406 1869 1432; x_wconf 79' lang='lat' dir='ltr'><strong>Amarae</strong></span> <span class='ocrx_word' id='word_1_718' title='bbox 1905 1406 1973 1433; x_wconf 90' lang='lat' dir='ltr'><strong>Hor.</strong></span> <span class='ocrx_word' id='word_1_719' title='bbox 1990 1407 2071 1434; x_wconf 81' lang='lat' dir='ltr'><strong>serm.</strong></span> <span class='ocrx_word' id='word_1_720' title='bbox 2086 1417 2095 1434; x_wconf 93' lang='lat'><strong>1</strong></span> <span class='ocrx_word' id='word_1_721' title='bbox 2107 1427 2116 1440; x_wconf 85' lang='lat'>‚</span> <span class='ocrx_word' id='word_1_722' title='bbox 2131 1416 2161 1440; x_wconf 80' lang='lat'><strong>3,</strong></span> <span class='ocrx_word' id='word_1_723' title='bbox 2174 1412 2216 1440; x_wconf 84' lang='lat'><strong>89.</strong></span> 
     </span>
     <span class='ocr_line' id='line_1_37' title="bbox 0 1439 2219 1476; baseline 0.002 -10"><span class='ocrx_word' id='word_1_724' title='bbox 0 1458 3 1462; x_wconf 66' lang='grc'><em>»</em></span> <span class='ocrx_word' id='word_1_725' title='bbox 30 1451 32 1453; x_wconf 54' lang='lat'>&gt;</span> <span class='ocrx_word' id='word_1_726' title='bbox 52 1470 56 1474; x_wconf 40' lang='grc'>,</span> <span class='ocrx_word' id='word_1_727' title='bbox 89 1439 171 1472; x_wconf 88' lang='lat' dir='ltr'><strong>rarii,</strong></span> <span class='ocrx_word' id='word_1_728' title='bbox 191 1439 285 1466; x_wconf 87' lang='lat' dir='ltr'><strong>misera</strong></span> <span class='ocrx_word' id='word_1_729' title='bbox 299 1445 323 1466; x_wconf 88' lang='lat' dir='ltr'><strong>et</strong></span> <span class='ocrx_word' id='word_1_730' title='bbox 336 1440 427 1466; x_wconf 87' lang='lat' dir='ltr'><strong>ieiuna</strong></span> <span class='ocrx_word' id='word_1_731' title='bbox 440 1439 593 1474; x_wconf 84' lang='lat' dir='ltr'><strong>plebecula,</strong></span> <span class='ocrx_word' id='word_1_732' title='bbox 621 1447 664 1464; x_wconf 85' lang='lat' dir='ltr'><strong>me</strong></span> <span class='ocrx_word' id='word_1_733' title='bbox 687 1439 721 1465; x_wconf 90' lang='lat' dir='ltr'><strong>ab</strong></span> <span class='ocrx_word' id='word_1_734' title='bbox 745 1439 796 1466; x_wconf 93' lang='lat' dir='ltr'><strong>hoc</strong></span> <span class='ocrx_word' id='word_1_735' title='bbox 814 1448 911 1473; x_wconf 86' lang='lat' dir='ltr'><strong>magno</strong></span> <span class='ocrx_word' id='word_1_736' title='bbox 932 1441 1009 1467; x_wconf 87' lang='lat' dir='ltr'><strong>vnicc</strong></span> <span class='ocrx_word' id='word_1_737' title='bbox 1030 1441 1108 1476; x_wconf 78' lang='lat' dir='ltr'><strong>diligi</strong></span> <span class='ocrx_word' id='word_1_738' title='bbox 1170 1442 1286 1475; x_wconf 82' lang='lat' dir='ltr'><strong>Arguta,</strong></span> <span class='ocrx_word' id='word_1_739' title='bbox 1320 1441 1373 1467; x_wconf 85' lang='lat' dir='ltr'><strong>vid.</strong></span> <span class='ocrx_word' id='word_1_740' title='bbox 1394 1442 1510 1475; x_wconf 82' lang='lat' dir='ltr'><strong>Argutus</strong></span> <span class='ocrx_word' id='word_1_741' title='bbox 1529 1442 1556 1465; x_wconf 82' lang='lat' dir='ltr'><strong>in</strong></span> <span class='ocrx_word' id='word_1_742' title='bbox 1578 1445 1728 1466; x_wconf 81' lang='lat' dir='ltr'><strong>ARGVO.</strong></span> <span class='ocrx_word' id='word_1_743' title='bbox 1831 1440 1940 1473; x_wconf 85' lang='lat' dir='ltr'><strong>Infans,</strong></span> <span class='ocrx_word' id='word_1_744' title='bbox 1976 1442 2029 1468; x_wconf 83' lang='lat' dir='ltr'><strong>vid.</strong></span> <span class='ocrx_word' id='word_1_745' title='bbox 2051 1449 2092 1468; x_wconf 85' lang='grc' dir='ltr'><strong>ΙΝ</strong></span> <span class='ocrx_word' id='word_1_746' title='bbox 2104 1449 2219 1470; x_wconf 76' lang='lat' dir='ltr'><strong>FANS.</strong></span> 
     </span>
     <span class='ocr_line' id='line_1_38' title="bbox 55 1473 2217 1513; baseline 0.001 -11"><span class='ocrx_word' id='word_1_747' title='bbox 55 1481 140 1513; x_wconf 62' lang='lat' dir='ltr'><strong>putat.</strong></span> <span class='ocrx_word' id='word_1_748' title='bbox 212 1476 340 1510; x_wconf 66' lang='lat' dir='ltr'><strong>Popellm,</strong></span> <span class='ocrx_word' id='word_1_749' title='bbox 358 1485 425 1511; x_wconf 71' lang='lat' dir='ltr'><strong>qucm</strong></span> <span class='ocrx_word' id='word_1_750' title='bbox 438 1478 546 1502; x_wconf 81' lang='lat' dir='ltr'><strong>irritant</strong></span> <span class='ocrx_word' id='word_1_751' title='bbox 560 1473 708 1509; x_wconf 71' lang='lat' dir='ltr'><strong>tribunispe</strong></span> <span class='ocrx_word' id='word_1_752' title='bbox 719 1476 892 1511; x_wconf 79' lang='lat' dir='ltr'><strong>largitionum.</strong></span> <span class='ocrx_word' id='word_1_753' title='bbox 1125 1480 1153 1506; x_wconf 81' lang='lat'><strong>35</strong></span> <span class='ocrx_word' id='word_1_754' title='bbox 1170 1478 1287 1504; x_wconf 85' lang='lat' dir='ltr'><strong>Lubrica</strong></span> <span class='ocrx_word' id='word_1_755' title='bbox 1308 1476 1438 1510; x_wconf 73' lang='lat' dir='ltr'><strong>Qinffil.</strong></span> <span class='ocrx_word' id='word_1_756' title='bbox 1452 1486 1469 1510; x_wconf 86' lang='lat'><em>9</em></span> <span class='ocrx_word' id='word_1_757' title='bbox 1488 1485 1508 1501; x_wconf 89' lang='lat' dir='ltr'><strong>c.</strong></span> <span class='ocrx_word' id='word_1_758' title='bbox 1516 1475 1563 1501; x_wconf 92' lang='lat' dir='ltr'><strong>vlt.</strong></span> <span class='ocrx_word' id='word_1_759' title='bbox 1575 1474 1663 1510; x_wconf 74' lang='lat' dir='ltr'><strong>odfin.</strong></span> <span class='ocrx_word' id='word_1_760' title='bbox 1708 1475 1766 1501; x_wconf 73' lang='lat' dir='ltr'><strong>Via.</strong></span> <span class='ocrx_word' id='word_1_761' title='bbox 1780 1481 1827 1502; x_wconf 87' lang='lat' dir='ltr'><strong>OR</strong></span> <span class='ocrx_word' id='word_1_762' title='bbox 1836 1482 1870 1502; x_wconf 88' lang='grc' dir='ltr'><strong>Β1</strong></span> <span class='ocrx_word' id='word_1_763' title='bbox 1879 1483 1902 1502; x_wconf 83' lang='lat' dir='ltr'><strong>s.</strong></span> <span class='ocrx_word' id='word_1_764' title='bbox 1971 1478 2062 1505; x_wconf 87' lang='lat' dir='ltr'><strong>Maior</strong></span> <span class='ocrx_word' id='word_1_765' title='bbox 2080 1477 2153 1505; x_wconf 89' lang='lat' dir='ltr'><strong>Idem</strong></span> <span class='ocrx_word' id='word_1_766' title='bbox 2162 1487 2182 1510; x_wconf 88' lang='lat'><strong>1,</strong></span> <span class='ocrx_word' id='word_1_767' title='bbox 2194 1485 2217 1511; x_wconf 80' lang='grc' dir='ltr'><strong>ς.</strong></span> 
     </span>
     <span class='ocr_line' id='line_1_39' title="bbox 0 1507 2218 1544; baseline 0.001 -7"><span class='ocrx_word' id='word_1_768' title='bbox 0 1535 3 1543; x_wconf 87' lang='grc'>,</span> <span class='ocrx_word' id='word_1_769' title='bbox 43 1510 57 1530; x_wconf 77' lang='lat'><strong>⁴</strong></span> <span class='ocrx_word' id='word_1_770' title='bbox 94 1517 114 1536; x_wconf 87' lang='lat' dir='ltr'><strong>H</strong></span> <span class='ocrx_word' id='word_1_771' title='bbox 125 1517 292 1542; x_wconf 80' lang='lat' dir='ltr'><strong>1RVNDO,</strong></span> <span class='ocrx_word' id='word_1_772' title='bbox 313 1511 373 1537; x_wconf 68' lang='lat' dir='ltr'><strong>⁴inis.</strong></span> <span class='ocrx_word' id='word_1_773' title='bbox 402 1510 422 1536; x_wconf 89' lang='lat' dir='ltr'><strong>f.</strong></span> <span class='ocrx_word' id='word_1_774' title='bbox 459 1507 599 1544; x_wconf 63' lang='grc' dir='ltr'>[χελιδών]</span> <span class='ocrx_word' id='word_1_775' title='bbox 634 1512 709 1535; x_wconf 73' lang='lat' dir='ltr'><strong>Auis.</strong></span> <span class='ocrx_word' id='word_1_776' title='bbox 764 1510 831 1536; x_wconf 78' lang='lat' dir='ltr'><strong>Plin.</strong></span> <span class='ocrx_word' id='word_1_777' title='bbox 847 1519 885 1543; x_wconf 86' lang='lat'><strong>10,</strong></span> <span class='ocrx_word' id='word_1_778' title='bbox 898 1519 934 1543; x_wconf 84' lang='lat'><strong>24</strong></span> <span class='ocrx_word' id='word_1_779' title='bbox 962 1511 1068 1538; x_wconf 86' lang='lat' dir='ltr'><strong>Abeunt</strong></span> <span class='ocrx_word' id='word_1_780' title='bbox 1081 1518 1107 1538; x_wconf 84' lang='lat' dir='ltr'><strong>et</strong></span> <span class='ocrx_word' id='word_1_781' title='bbox 1170 1512 1339 1544; x_wconf 85' lang='lat' dir='ltr'><strong>Mendofior,</strong></span> <span class='ocrx_word' id='word_1_782' title='bbox 1378 1512 1432 1539; x_wconf 71' lang='lat' dir='ltr'><strong>vid.</strong></span> <span class='ocrx_word' id='word_1_783' title='bbox 1458 1518 1508 1538; x_wconf 81' lang='lat' dir='ltr'><strong>ME</strong></span> <span class='ocrx_word' id='word_1_784' title='bbox 1519 1517 1568 1537; x_wconf 77' lang='grc' dir='ltr'><strong>ΝΒ</strong></span> <span class='ocrx_word' id='word_1_785' title='bbox 1578 1517 1610 1536; x_wconf 83' lang='lat' dir='ltr'><strong>A.</strong></span> <span class='ocrx_word' id='word_1_786' title='bbox 1682 1511 1773 1543; x_wconf 82' lang='lat' dir='ltr'><strong>Muta,</strong></span> <span class='ocrx_word' id='word_1_787' title='bbox 1809 1511 1862 1538; x_wconf 83' lang='lat' dir='ltr'><strong>vid.</strong></span> <span class='ocrx_word' id='word_1_788' title='bbox 1889 1518 1973 1539; x_wconf 85' lang='lat' dir='ltr'><strong>MVT</strong></span> <span class='ocrx_word' id='word_1_789' title='bbox 1984 1519 2003 1538; x_wconf 96' lang='lat' dir='ltr'>v</span> <span class='ocrx_word' id='word_1_790' title='bbox 2016 1520 2039 1540; x_wconf 92' lang='lat' dir='ltr'><strong>s.</strong></span> <span class='ocrx_word' id='word_1_791' title='bbox 2144 1515 2218 1540; x_wconf 82' lang='lat' dir='ltr'><strong>Vana</strong></span> 
     </span>
    </p>
   </div>
   <div class='ocr_carea' id='block_1_8' title="bbox 6 1544 2221 1898">
    <p class='ocr_par' dir='ltr' id='par_1_18' title="bbox 6 1544 2221 1898">
     <span class='ocr_line' id='line_1_40' title="bbox 37 1544 2219 1583; baseline 0.002 -13"><span class='ocrx_word' id='word_1_792' title='bbox 37 1545 213 1574; x_wconf 56' lang='lat' dir='ltr'><strong>hirundines</strong></span> <span class='ocrx_word' id='word_1_793' title='bbox 230 1546 351 1572; x_wconf 84' lang='lat' dir='ltr'><strong>hibernis</strong></span> <span class='ocrx_word' id='word_1_794' title='bbox 365 1544 509 1575; x_wconf 74' lang='lat' dir='ltr'><strong>mcnfibuS,</strong></span> <span class='ocrx_word' id='word_1_795' title='bbox 534 1544 588 1570; x_wconf 87' lang='lat' dir='ltr'><strong>sola</strong></span> <span class='ocrx_word' id='word_1_796' title='bbox 608 1552 685 1570; x_wconf 89' lang='lat' dir='ltr'><strong>carne</strong></span> <span class='ocrx_word' id='word_1_797' title='bbox 702 1545 807 1572; x_wconf 87' lang='lat' dir='ltr'><strong>vescens</strong></span> <span class='ocrx_word' id='word_1_798' title='bbox 825 1547 882 1571; x_wconf 88' lang='lat' dir='ltr'><strong>auis</strong></span> <span class='ocrx_word' id='word_1_799' title='bbox 901 1555 933 1572; x_wconf 79' lang='lat' dir='ltr'><strong>ex</strong></span> <span class='ocrx_word' id='word_1_800' title='bbox 954 1546 1011 1579; x_wconf 89' lang='lat' dir='ltr'><strong>his,</strong></span> <span class='ocrx_word' id='word_1_801' title='bbox 1039 1557 1107 1582; x_wconf 86' lang='lat' dir='ltr'><strong>quae</strong></span> <span class='ocrx_word' id='word_1_802' title='bbox 1170 1548 1302 1582; x_wconf 70' lang='lat' dir='ltr'><strong>Qiintffil.</strong></span> <span class='ocrx_word' id='word_1_803' title='bbox 1317 1557 1344 1580; x_wconf 88' lang='lat'><strong>1,</strong></span> <span class='ocrx_word' id='word_1_804' title='bbox 1357 1552 1380 1578; x_wconf 89' lang='lat'><strong>8.</strong></span> <span class='ocrx_word' id='word_1_805' title='bbox 1451 1546 1543 1574; x_wconf 87' lang='lat' dir='ltr'><strong>lustin.</strong></span> <span class='ocrx_word' id='word_1_806' title='bbox 1561 1546 1589 1571; x_wconf 93' lang='lat' dir='ltr'><strong>in</strong></span> <span class='ocrx_word' id='word_1_807' title='bbox 1608 1545 1737 1577; x_wconf 83' lang='lat' dir='ltr'><strong>exordio,</strong></span> <span class='ocrx_word' id='word_1_808' title='bbox 1763 1545 1795 1572; x_wconf 91' lang='lat' dir='ltr'><strong>ad</strong></span> <span class='ocrx_word' id='word_1_809' title='bbox 1821 1547 1986 1573; x_wconf 85' lang='lat' dir='ltr'><strong>Antoninum</strong></span> <span class='ocrx_word' id='word_1_810' title='bbox 2010 1549 2219 1583; x_wconf 85' lang='lat' dir='ltr'><strong>Imperatorem,</strong></span> 
     </span>
     <span class='ocr_line' id='line_1_41' title="bbox 54 1579 2219 1617; baseline 0 -8"><span class='ocrx_word' id='word_1_811' title='bbox 54 1581 169 1610; x_wconf 77' lang='lat' dir='ltr'><strong>aduncos</strong></span> <span class='ocrx_word' id='word_1_812' title='bbox 182 1591 282 1615; x_wconf 81' lang='lat' dir='ltr'><strong>vngues</strong></span> <span class='ocrx_word' id='word_1_813' title='bbox 295 1590 350 1607; x_wconf 89' lang='lat' dir='ltr'><strong>non</strong></span> <span class='ocrx_word' id='word_1_814' title='bbox 363 1580 478 1613; x_wconf 86' lang='lat' dir='ltr'><strong>habent,</strong></span> <span class='ocrx_word' id='word_1_815' title='bbox 503 1579 546 1606; x_wconf 87' lang='lat' dir='ltr'><strong>sed</strong></span> <span class='ocrx_word' id='word_1_816' title='bbox 560 1580 588 1605; x_wconf 91' lang='lat' dir='ltr'><strong>in</strong></span> <span class='ocrx_word' id='word_1_817' title='bbox 611 1580 700 1606; x_wconf 84' lang='lat' dir='ltr'><strong>vicina</strong></span> <span class='ocrx_word' id='word_1_818' title='bbox 713 1579 826 1612; x_wconf 85' lang='lat' dir='ltr'><strong>abeunt,</strong></span> <span class='ocrx_word' id='word_1_819' title='bbox 853 1583 958 1615; x_wconf 82' lang='lat' dir='ltr'><strong>apricos</strong></span> <span class='ocrx_word' id='word_1_820' title='bbox 984 1584 1108 1617; x_wconf 84' lang='lat' dir='ltr'><strong>sequutae</strong></span> <span class='ocrx_word' id='word_1_821' title='bbox 1171 1585 1261 1617; x_wconf 69' lang='lat' dir='ltr'><strong>Quum</strong></span> <span class='ocrx_word' id='word_1_822' title='bbox 1275 1584 1356 1610; x_wconf 83' lang='lat' dir='ltr'><strong>multi</strong></span> <span class='ocrx_word' id='word_1_823' title='bbox 1369 1592 1400 1609; x_wconf 83' lang='lat' dir='ltr'><strong>ex</strong></span> <span class='ocrx_word' id='word_1_824' title='bbox 1413 1582 1540 1610; x_wconf 85' lang='lat' dir='ltr'><strong>Romanis</strong></span> <span class='ocrx_word' id='word_1_825' title='bbox 1553 1581 1634 1608; x_wconf 86' lang='lat' dir='ltr'><strong>etiam</strong></span> <span class='ocrx_word' id='word_1_826' title='bbox 1654 1581 1806 1608; x_wconf 84' lang='lat' dir='ltr'><strong>Consularis</strong></span> <span class='ocrx_word' id='word_1_827' title='bbox 1819 1583 1955 1616; x_wconf 81' lang='lat' dir='ltr'><strong>dignitatis</strong></span> <span class='ocrx_word' id='word_1_828' title='bbox 1968 1583 2040 1615; x_wconf 86' lang='lat' dir='ltr'><strong>viri,</strong></span> <span class='ocrx_word' id='word_1_829' title='bbox 2062 1592 2104 1610; x_wconf 83' lang='lat' dir='ltr'><strong>res</strong></span> <span class='ocrx_word' id='word_1_830' title='bbox 2123 1585 2219 1610; x_wconf 84' lang='lat' dir='ltr'><strong>Roma-</strong></span> 
     </span>
     <span class='ocr_line' id='line_1_42' title="bbox 55 1615 2219 1653; baseline 0 -9"><span class='ocrx_word' id='word_1_831' title='bbox 55 1618 189 1645; x_wconf 83' lang='lat' dir='ltr'><strong>montium</strong></span> <span class='ocrx_word' id='word_1_832' title='bbox 203 1617 324 1643; x_wconf 86' lang='lat' dir='ltr'><strong>recessus:</strong></span> <span class='ocrx_word' id='word_1_833' title='bbox 360 1616 538 1650; x_wconf 87' lang='lat' dir='ltr'><strong>inuentaeque</strong></span> <span class='ocrx_word' id='word_1_834' title='bbox 557 1615 610 1641; x_wconf 87' lang='lat' dir='ltr'><strong>iam</strong></span> <span class='ocrx_word' id='word_1_835' title='bbox 624 1616 682 1641; x_wconf 86' lang='lat' dir='ltr'><strong>sunt</strong></span> <span class='ocrx_word' id='word_1_836' title='bbox 701 1615 741 1642; x_wconf 88' lang='lat' dir='ltr'><strong>ibi</strong></span> <span class='ocrx_word' id='word_1_837' title='bbox 760 1617 845 1642; x_wconf 86' lang='lat' dir='ltr'><strong>nudae</strong></span> <span class='ocrx_word' id='word_1_838' title='bbox 864 1623 942 1651; x_wconf 86' lang='lat' dir='ltr'><strong>atque</strong></span> <span class='ocrx_word' id='word_1_839' title='bbox 963 1617 1107 1653; x_wconf 85' lang='lat' dir='ltr'><strong>deplumes.</strong></span> <span class='ocrx_word' id='word_1_840' title='bbox 1169 1629 1214 1646; x_wconf 88' lang='lat' dir='ltr'><strong>nas</strong></span> <span class='ocrx_word' id='word_1_841' title='bbox 1228 1620 1331 1646; x_wconf 86' lang='lat' dir='ltr'><strong>Graeco</strong></span> <span class='ocrx_word' id='word_1_842' title='bbox 1345 1619 1540 1653; x_wconf 84' lang='lat' dir='ltr'><strong>peregrinoque</strong></span> <span class='ocrx_word' id='word_1_843' title='bbox 1559 1617 1680 1644; x_wconf 86' lang='lat' dir='ltr'><strong>sermone</strong></span> <span class='ocrx_word' id='word_1_844' title='bbox 1700 1617 1729 1643; x_wconf 92' lang='lat' dir='ltr'><strong>in</strong></span> <span class='ocrx_word' id='word_1_845' title='bbox 1751 1617 1889 1643; x_wconf 85' lang='lat' dir='ltr'><strong>historiam</strong></span> <span class='ocrx_word' id='word_1_846' title='bbox 1902 1618 2077 1644; x_wconf 84' lang='lat' dir='ltr'><strong>contulissent.</strong></span> <span class='ocrx_word' id='word_1_847' title='bbox 2148 1620 2219 1645; x_wconf 85' lang='lat' dir='ltr'><strong>Con·</strong></span> 
     </span>
     <span class='ocr_line' id='line_1_43' title="bbox 55 1651 2220 1690; baseline 0 -11"><span class='ocrx_word' id='word_1_848' title='bbox 55 1653 139 1680; x_wconf 85' lang='lat' dir='ltr'><strong>Plaut.</strong></span> <span class='ocrx_word' id='word_1_849' title='bbox 154 1651 224 1678; x_wconf 79' lang='lat' dir='ltr'><strong>Asin.</strong></span> <span class='ocrx_word' id='word_1_850' title='bbox 240 1660 260 1683; x_wconf 79' lang='lat'><strong>3,</strong></span> <span class='ocrx_word' id='word_1_851' title='bbox 275 1660 298 1683; x_wconf 78' lang='lat'><strong>3,</strong></span> <span class='ocrx_word' id='word_1_852' title='bbox 313 1660 362 1684; x_wconf 81' lang='lat'><strong>104</strong></span> <span class='ocrx_word' id='word_1_853' title='bbox 395 1652 446 1678; x_wconf 92' lang='lat' dir='ltr'><strong>Dic</strong></span> <span class='ocrx_word' id='word_1_854' title='bbox 457 1651 541 1685; x_wconf 82' lang='lat' dir='ltr'><strong>igitur</strong></span> <span class='ocrx_word' id='word_1_855' title='bbox 554 1660 595 1676; x_wconf 87' lang='lat' dir='ltr'><strong>me</strong></span> <span class='ocrx_word' id='word_1_856' title='bbox 609 1651 782 1686; x_wconf 73' lang='lat' dir='ltr'><strong>anatimlam,</strong></span> <span class='ocrx_word' id='word_1_857' title='bbox 808 1651 958 1678; x_wconf 89' lang='lat' dir='ltr'><strong>columbam</strong></span> <span class='ocrx_word' id='word_1_858' title='bbox 972 1654 1014 1681; x_wconf 88' lang='lat' dir='ltr'><strong>vel</strong></span> <span class='ocrx_word' id='word_1_859' title='bbox 1029 1655 1107 1681; x_wconf 84' lang='lat' dir='ltr'><strong>catel-</strong></span> <span class='ocrx_word' id='word_1_860' title='bbox 1117 1661 1154 1686; x_wconf 86' lang='lat'><strong>40</strong></span> <span class='ocrx_word' id='word_1_861' title='bbox 1170 1656 1278 1690; x_wconf 83' lang='lat' dir='ltr'><strong>quirere</strong></span> <span class='ocrx_word' id='word_1_862' title='bbox 1291 1655 1433 1689; x_wconf 84' lang='lat' dir='ltr'><strong>regionum</strong></span> <span class='ocrx_word' id='word_1_863' title='bbox 1449 1652 1605 1684; x_wconf 84' lang='lat' dir='ltr'><strong>historiam,</strong></span> <span class='ocrx_word' id='word_1_864' title='bbox 1637 1652 1690 1678; x_wconf 83' lang='lat' dir='ltr'><strong>vid.</strong></span> <span class='ocrx_word' id='word_1_865' title='bbox 1714 1657 1906 1688; x_wconf 71' lang='lat' dir='ltr'><strong>CONQV1R0.</strong></span> <span class='ocrx_word' id='word_1_866' title='bbox 1976 1653 2042 1678; x_wconf 85' lang='lat' dir='ltr'><strong>Plin.</strong></span> <span class='ocrx_word' id='word_1_867' title='bbox 2056 1660 2088 1687; x_wconf 84' lang='lat'><strong>7,</strong></span> <span class='ocrx_word' id='word_1_868' title='bbox 2105 1655 2134 1679; x_wconf 89' lang='lat'><strong>16</strong></span> <span class='ocrx_word' id='word_1_869' title='bbox 2170 1653 2220 1681; x_wconf 84' lang='lat' dir='ltr'><strong>Sed</strong></span> 
     </span>
     <span class='ocr_line' id='line_1_44' title="bbox 51 1685 2221 1724; baseline -0.001 -10"><span class='ocrx_word' id='word_1_870' title='bbox 51 1688 128 1719; x_wconf 71' lang='lat' dir='ltr'><strong>lum,</strong></span> <span class='ocrx_word' id='word_1_871' title='bbox 149 1686 338 1719; x_wconf 86' lang='lat' dir='ltr'><strong>hirundinem,</strong></span> <span class='ocrx_word' id='word_1_872' title='bbox 355 1693 402 1714; x_wconf 75' lang='lat' dir='ltr'><strong>etc.</strong></span> <span class='ocrx_word' id='word_1_873' title='bbox 469 1686 654 1714; x_wconf 83' lang='lat' dir='ltr'><strong>Hirundinum</strong></span> <span class='ocrx_word' id='word_1_874' title='bbox 667 1686 734 1720; x_wconf 91' lang='lat' dir='ltr'><strong>pulli</strong></span> <span class='ocrx_word' id='word_1_875' title='bbox 770 1687 891 1714; x_wconf 74' lang='lat' dir='ltr'><strong>Sci-ibon.</strong></span> <span class='ocrx_word' id='word_1_876' title='bbox 906 1696 927 1713; x_wconf 78' lang='lat' dir='ltr'><strong>e.</strong></span> <span class='ocrx_word' id='word_1_877' title='bbox 940 1696 984 1722; x_wconf 85' lang='lat'><strong>70.</strong></span> <span class='ocrx_word' id='word_1_878' title='bbox 1058 1691 1107 1716; x_wconf 84' lang='lat' dir='ltr'><strong>Ar·</strong></span> <span class='ocrx_word' id='word_1_879' title='bbox 1169 1699 1232 1718; x_wconf 82' lang='lat' dir='ltr'><strong>mox</strong></span> <span class='ocrx_word' id='word_1_880' title='bbox 1248 1690 1323 1724; x_wconf 89' lang='lat' dir='ltr'><strong>plura</strong></span> <span class='ocrx_word' id='word_1_881' title='bbox 1337 1689 1369 1716; x_wconf 88' lang='lat' dir='ltr'><strong>de</strong></span> <span class='ocrx_word' id='word_1_882' title='bbox 1384 1689 1452 1721; x_wconf 90' lang='lat' dir='ltr'><strong>hoc,</strong></span> <span class='ocrx_word' id='word_1_883' title='bbox 1477 1696 1559 1722; x_wconf 87' lang='lat' dir='ltr'><strong>quum</strong></span> <span class='ocrx_word' id='word_1_884' title='bbox 1573 1686 1745 1712; x_wconf 86' lang='lat' dir='ltr'><strong>membratim</strong></span> <span class='ocrx_word' id='word_1_885' title='bbox 1757 1686 1879 1712; x_wconf 87' lang='lat' dir='ltr'><strong>decurret</strong></span> <span class='ocrx_word' id='word_1_886' title='bbox 1896 1685 2015 1713; x_wconf 77' lang='lat' dir='ltr'><strong>historia.</strong></span> <span class='ocrx_word' id='word_1_887' title='bbox 2052 1688 2077 1715; x_wconf 87' lang='lat' dir='ltr'><strong>h.</strong></span> <span class='ocrx_word' id='word_1_888' title='bbox 2093 1697 2110 1712; x_wconf 78' lang='lat' dir='ltr'><strong>e.</strong></span> <span class='ocrx_word' id='word_1_889' title='bbox 2138 1689 2221 1723; x_wconf 70' lang='lat' dir='ltr'><strong>chm</strong></span> 
     </span>
     <span class='ocr_line' id='line_1_45' title="bbox 55 1720 2220 1759; baseline 0.001 -11"><span class='ocrx_word' id='word_1_890' title='bbox 55 1729 120 1758; x_wconf 79' lang='lat' dir='ltr'><strong>gnta</strong></span> <span class='ocrx_word' id='word_1_891' title='bbox 155 1722 230 1756; x_wconf 85' lang='lat' dir='ltr'><strong>Virg.</strong></span> <span class='ocrx_word' id='word_1_892' title='bbox 245 1723 342 1756; x_wconf 87' lang='lat' dir='ltr'><strong>Georg.</strong></span> <span class='ocrx_word' id='word_1_893' title='bbox 360 1731 377 1753; x_wconf 84' lang='lat'><strong>1,</strong></span> <span class='ocrx_word' id='word_1_894' title='bbox 391 1729 449 1757; x_wconf 75' lang='lat'><strong>377.</strong></span> <span class='ocrx_word' id='word_1_895' title='bbox 521 1722 634 1748; x_wconf 78' lang='lat' dir='ltr'><strong>Garrula</strong></span> <span class='ocrx_word' id='word_1_896' title='bbox 669 1722 744 1748; x_wconf 83' lang='lat' dir='ltr'><strong>Idem</strong></span> <span class='ocrx_word' id='word_1_897' title='bbox 759 1722 826 1749; x_wconf 90' lang='lat' dir='ltr'><strong>ibid.</strong></span> <span class='ocrx_word' id='word_1_898' title='bbox 840 1732 876 1755; x_wconf 88' lang='lat'><strong>4,</strong></span> <span class='ocrx_word' id='word_1_899' title='bbox 896 1731 955 1757; x_wconf 76' lang='lat'><strong>307.</strong></span> <span class='ocrx_word' id='word_1_900' title='bbox 1027 1726 1107 1751; x_wconf 80' lang='lat' dir='ltr'><strong>Veris</strong></span> <span class='ocrx_word' id='word_1_901' title='bbox 1168 1726 1290 1752; x_wconf 72' lang='lat' dir='ltr'><strong>hominem</strong></span> <span class='ocrx_word' id='word_1_902' title='bbox 1299 1731 1347 1759; x_wconf 80' lang='lat' dir='ltr'><strong>per</strong></span> <span class='ocrx_word' id='word_1_903' title='bbox 1354 1724 1459 1758; x_wconf 78' lang='lat' dir='ltr'><strong>fingula</strong></span> <span class='ocrx_word' id='word_1_904' title='bbox 1470 1722 1576 1748; x_wconf 71' lang='lat' dir='ltr'><strong>membra</strong></span> <span class='ocrx_word' id='word_1_905' title='bbox 1590 1720 1734 1756; x_wconf 57' lang='lat' dir='ltr'><strong>describam.</strong></span> <span class='ocrx_word' id='word_1_906' title='bbox 1806 1721 1973 1754; x_wconf 72' lang='lat' dir='ltr'><strong>Qin&amp;il.9,</strong></span> <span class='ocrx_word' id='word_1_907' title='bbox 1986 1731 2014 1755; x_wconf 80' lang='lat'><strong>4,</strong></span> <span class='ocrx_word' id='word_1_908' title='bbox 2029 1727 2054 1752; x_wconf 87' lang='lat'><strong>18</strong></span> <span class='ocrx_word' id='word_1_909' title='bbox 2074 1722 2220 1756; x_wconf 76' lang='lat' dir='ltr'><strong>Historiae,</strong></span> 
     </span>
     <span class='ocr_line' id='line_1_46' title="bbox 6 1755 2221 1793; baseline 0.001 -10"><span class='ocrx_word' id='word_1_910' title='bbox 6 1768 9 1771; x_wconf 93' lang='lat'><em>·</em></span> <span class='ocrx_word' id='word_1_911' title='bbox 55 1758 213 1792; x_wconf 82' lang='lat' dir='ltr'><strong>praenuntia</strong></span> <span class='ocrx_word' id='word_1_912' title='bbox 243 1758 324 1784; x_wconf 91' lang='lat' dir='ltr'><strong>Ouid.</strong></span> <span class='ocrx_word' id='word_1_913' title='bbox 341 1757 405 1784; x_wconf 81' lang='lat' dir='ltr'><strong>Fast.</strong></span> <span class='ocrx_word' id='word_1_914' title='bbox 418 1766 444 1789; x_wconf 85' lang='lat'><strong>2,</strong></span> <span class='ocrx_word' id='word_1_915' title='bbox 459 1763 510 1790; x_wconf 75' lang='lat'><strong>833.</strong></span> <span class='ocrx_word' id='word_1_916' title='bbox 559 1757 634 1792; x_wconf 86' lang='lat' dir='ltr'><strong>Conf.</strong></span> <span class='ocrx_word' id='word_1_917' title='bbox 647 1758 714 1783; x_wconf 88' lang='lat' dir='ltr'><strong>Hor.</strong></span> <span class='ocrx_word' id='word_1_918' title='bbox 726 1758 804 1792; x_wconf 85' lang='lat' dir='ltr'><strong>Epist.</strong></span> <span class='ocrx_word' id='word_1_919' title='bbox 819 1767 838 1789; x_wconf 83' lang='lat'><strong>1,</strong></span> <span class='ocrx_word' id='word_1_920' title='bbox 852 1766 878 1792; x_wconf 84' lang='lat'><strong>7,</strong></span> <span class='ocrx_word' id='word_1_921' title='bbox 894 1767 929 1783; x_wconf 85' lang='lat'><strong>12.</strong></span> <span class='ocrx_word' id='word_1_922' title='bbox 1001 1759 1107 1785; x_wconf 81' lang='lat' dir='ltr'><strong>Cantum</strong></span> <span class='ocrx_word' id='word_1_923' title='bbox 1169 1768 1237 1793; x_wconf 89' lang='lat' dir='ltr'><strong>quae</strong></span> <span class='ocrx_word' id='word_1_924' title='bbox 1250 1766 1355 1785; x_wconf 85' lang='lat' dir='ltr'><strong>currere</strong></span> <span class='ocrx_word' id='word_1_925' title='bbox 1370 1757 1449 1783; x_wconf 85' lang='lat' dir='ltr'><strong>debet</strong></span> <span class='ocrx_word' id='word_1_926' title='bbox 1461 1766 1490 1782; x_wconf 86' lang='lat' dir='ltr'><strong>ac</strong></span> <span class='ocrx_word' id='word_1_927' title='bbox 1505 1755 1587 1786; x_wconf 87' lang='lat' dir='ltr'><strong>ferri,</strong></span> <span class='ocrx_word' id='word_1_928' title='bbox 1612 1755 1701 1780; x_wconf 86' lang='lat' dir='ltr'><strong>minus</strong></span> <span class='ocrx_word' id='word_1_929' title='bbox 1720 1756 1898 1782; x_wconf 85' lang='lat' dir='ltr'><strong>conuenissent</strong></span> <span class='ocrx_word' id='word_1_930' title='bbox 1921 1757 2105 1785; x_wconf 80' lang='lat' dir='ltr'><strong>interfistentes</strong></span> <span class='ocrx_word' id='word_1_931' title='bbox 2122 1758 2221 1786; x_wconf 85' lang='lat' dir='ltr'><strong>clausu-</strong></span> 
     </span>
     <span class='ocr_line' id='line_1_47' title="bbox 53 1789 2221 1828; baseline 0.001 -10"><span class='ocrx_word' id='word_1_932' title='bbox 53 1791 124 1818; x_wconf 71' lang='lat' dir='ltr'><strong>illius</strong></span> <span class='ocrx_word' id='word_1_933' title='bbox 134 1796 258 1818; x_wconf 82' lang='lat' dir='ltr'><strong>contemni</strong></span> <span class='ocrx_word' id='word_1_934' title='bbox 264 1793 384 1828; x_wconf 78' lang='lat' dir='ltr'><strong>solitum,</strong></span> <span class='ocrx_word' id='word_1_935' title='bbox 404 1792 511 1825; x_wconf 71' lang='lat' dir='ltr'><strong>ostendit</strong></span> <span class='ocrx_word' id='word_1_936' title='bbox 523 1792 586 1817; x_wconf 78' lang='lat' dir='ltr'><strong>illud</strong></span> <span class='ocrx_word' id='word_1_937' title='bbox 600 1793 704 1817; x_wconf 84' lang='lat' dir='ltr'><strong>Lucret.</strong></span> <span class='ocrx_word' id='word_1_938' title='bbox 718 1800 748 1823; x_wconf 78' lang='lat'><strong>3,</strong></span> <span class='ocrx_word' id='word_1_939' title='bbox 762 1795 779 1817; x_wconf 89' lang='lat'>6</span> <span class='ocrx_word' id='word_1_940' title='bbox 815 1792 888 1823; x_wconf 78' lang='lat' dir='ltr'><strong>Qud</strong></span> <span class='ocrx_word' id='word_1_941' title='bbox 907 1792 979 1818; x_wconf 87' lang='lat' dir='ltr'><strong>enim</strong></span> <span class='ocrx_word' id='word_1_942' title='bbox 999 1799 1106 1818; x_wconf 87' lang='lat' dir='ltr'><strong>conten·</strong></span> <span class='ocrx_word' id='word_1_943' title='bbox 1169 1794 1226 1824; x_wconf 88' lang='lat' dir='ltr'><strong>lae,</strong></span> <span class='ocrx_word' id='word_1_944' title='bbox 1254 1799 1280 1818; x_wconf 86' lang='lat' dir='ltr'><strong>et</strong></span> <span class='ocrx_word' id='word_1_945' title='bbox 1303 1792 1394 1818; x_wconf 87' lang='lat' dir='ltr'><strong>debita</strong></span> <span class='ocrx_word' id='word_1_946' title='bbox 1410 1790 1561 1817; x_wconf 71' lang='lat' dir='ltr'><strong>atffionibus</strong></span> <span class='ocrx_word' id='word_1_947' title='bbox 1578 1790 1736 1824; x_wconf 87' lang='lat' dir='ltr'><strong>respiratio,</strong></span> <span class='ocrx_word' id='word_1_948' title='bbox 1764 1796 1789 1816; x_wconf 88' lang='lat' dir='ltr'><strong>et</strong></span> <span class='ocrx_word' id='word_1_949' title='bbox 1801 1789 1940 1818; x_wconf 86' lang='lat' dir='ltr'><strong>claudendi</strong></span> <span class='ocrx_word' id='word_1_950' title='bbox 1954 1793 2151 1828; x_wconf 85' lang='lat' dir='ltr'><strong>inchoandique</strong></span> <span class='ocrx_word' id='word_1_951' title='bbox 2164 1795 2221 1821; x_wconf 89' lang='lat' dir='ltr'><strong>sen-</strong></span> 
     </span>
     <span class='ocr_line' id='line_1_48' title="bbox 54 1824 2220 1888; baseline -0 -35"><span class='ocrx_word' id='word_1_952' title='bbox 54 1826 99 1853; x_wconf 78' lang='lat' dir='ltr'><strong>dat</strong></span> <span class='ocrx_word' id='word_1_953' title='bbox 112 1826 229 1852; x_wconf 87' lang='lat' dir='ltr'><strong>hirundo</strong></span> <span class='ocrx_word' id='word_1_954' title='bbox 266 1828 380 1860; x_wconf 76' lang='lat' dir='ltr'><strong>Cygnis?</strong></span> <span class='ocrx_word' id='word_1_955' title='bbox 449 1826 615 1852; x_wconf 87' lang='lat' dir='ltr'><strong>Hirundines</strong></span> <span class='ocrx_word' id='word_1_956' title='bbox 629 1829 656 1850; x_wconf 84' lang='lat' dir='ltr'><strong>in</strong></span> <span class='ocrx_word' id='word_1_957' title='bbox 669 1825 742 1851; x_wconf 75' lang='lat' dir='ltr'><strong>ludar</strong></span> <span class='ocrx_word' id='word_1_958' title='bbox 760 1825 901 1858; x_wconf 66' lang='lat' dir='ltr'><strong>afferebant</strong></span> <span class='ocrx_word' id='word_1_959' title='bbox 919 1833 1028 1857; x_wconf 69' lang='lat' dir='ltr'><strong>veteres,</strong></span> <span class='ocrx_word' id='word_1_960' title='bbox 1038 1827 1106 1888; x_wconf 59' lang='lat' dir='ltr'><strong>loli·</strong></span> <span class='ocrx_word' id='word_1_961' title='bbox 1119 1828 1153 1854; x_wconf 80' lang='lat'><strong>45</strong></span> <span class='ocrx_word' id='word_1_962' title='bbox 1170 1828 1265 1854; x_wconf 88' lang='lat' dir='ltr'><strong>tentias</strong></span> <span class='ocrx_word' id='word_1_963' title='bbox 1278 1827 1358 1853; x_wconf 80' lang='lat' dir='ltr'><strong>ratio.</strong></span> <span class='ocrx_word' id='word_1_964' title='bbox 1415 1824 1572 1852; x_wconf 72' lang='lat' dir='ltr'><strong>Commendat</strong></span> <span class='ocrx_word' id='word_1_965' title='bbox 1583 1828 1665 1861; x_wconf 70' lang='lat' dir='ltr'><strong>igitur</strong></span> <span class='ocrx_word' id='word_1_966' title='bbox 1677 1828 1799 1852; x_wconf 69' lang='lat' dir='ltr'><strong>unitatem</strong></span> <span class='ocrx_word' id='word_1_967' title='bbox 1808 1846 1816 1858; x_wconf 90' lang='lat'>‚</span> <span class='ocrx_word' id='word_1_968' title='bbox 1834 1826 1993 1860; x_wconf 69' lang='lat' dir='ltr'><strong>transitiones·</strong></span> <span class='ocrx_word' id='word_1_969' title='bbox 1998 1829 2094 1863; x_wconf 72' lang='lat' dir='ltr'><strong>faciles</strong></span> <span class='ocrx_word' id='word_1_970' title='bbox 2107 1836 2131 1855; x_wconf 79' lang='lat' dir='ltr'><strong>et</strong></span> <span class='ocrx_word' id='word_1_971' title='bbox 2143 1831 2220 1855; x_wconf 81' lang='lat' dir='ltr'><strong>laten.</strong></span> 
     </span>
     <span class='ocr_line' id='line_1_49' title="bbox 53 1858 2220 1898; baseline 0.002 -11"><span class='ocrx_word' id='word_1_972' title='bbox 53 1869 141 1896; x_wconf 83' lang='lat' dir='ltr'><strong>tasque</strong></span> <span class='ocrx_word' id='word_1_973' title='bbox 153 1860 249 1887; x_wconf 85' lang='lat' dir='ltr'><strong>domum</strong></span> <span class='ocrx_word' id='word_1_974' title='bbox 264 1862 344 1887; x_wconf 65' lang='lat' dir='ltr'><strong>redire</strong></span> <span class='ocrx_word' id='word_1_975' title='bbox 353 1881 359 1891; x_wconf 86' lang='lat'><strong>,</strong></span> <span class='ocrx_word' id='word_1_976' title='bbox 378 1861 481 1897; x_wconf 82' lang='lat' dir='ltr'><strong>alligato</strong></span> <span class='ocrx_word' id='word_1_977' title='bbox 488 1860 537 1895; x_wconf 82' lang='lat' dir='ltr'><strong>jilo</strong></span> <span class='ocrx_word' id='word_1_978' title='bbox 549 1858 671 1886; x_wconf 65' lang='lat' dir='ltr'><strong>uiflortae</strong></span> <span class='ocrx_word' id='word_1_979' title='bbox 683 1859 792 1890; x_wconf 71' lang='lat' dir='ltr'><strong>indicio,</strong></span> <span class='ocrx_word' id='word_1_980' title='bbox 818 1859 853 1886; x_wconf 82' lang='lat' dir='ltr'><strong>ad</strong></span> <span class='ocrx_word' id='word_1_981' title='bbox 864 1860 925 1895; x_wconf 84' lang='lat' dir='ltr'><strong>suos</strong></span> <span class='ocrx_word' id='word_1_982' title='bbox 939 1860 1037 1887; x_wconf 81' lang='lat' dir='ltr'><strong>dimitte</strong></span> <span class='ocrx_word' id='word_1_983' title='bbox 1053 1869 1107 1888; x_wconf 82' lang='lat' dir='ltr'><strong>ant.</strong></span> <span class='ocrx_word' id='word_1_984' title='bbox 1169 1869 1223 1895; x_wconf 81' lang='lat' dir='ltr'><strong>tes,</strong></span> <span class='ocrx_word' id='word_1_985' title='bbox 1243 1862 1322 1898; x_wconf 85' lang='lat' dir='ltr'><strong>ipsam</strong></span> <span class='ocrx_word' id='word_1_986' title='bbox 1334 1871 1416 1888; x_wconf 78' lang='lat' dir='ltr'><strong>rerum</strong></span> <span class='ocrx_word' id='word_1_987' title='bbox 1429 1868 1544 1888; x_wconf 83' lang='lat' dir='ltr'><strong>naturam</strong></span> <span class='ocrx_word' id='word_1_988' title='bbox 1552 1864 1688 1888; x_wconf 76' lang='lat' dir='ltr'><strong>imitantes.</strong></span> <span class='ocrx_word' id='word_1_989' title='bbox 1760 1861 1927 1895; x_wconf 82' lang='lat' dir='ltr'><strong>Distinguere</strong></span> <span class='ocrx_word' id='word_1_990' title='bbox 1940 1862 2079 1890; x_wconf 82' lang='lat' dir='ltr'><strong>historiam</strong></span> <span class='ocrx_word' id='word_1_991' title='bbox 2091 1864 2220 1891; x_wconf 89' lang='lat' dir='ltr'><strong>varietate</strong></span> 
     </span>
    </p>
   </div>
   <div class='ocr_carea' id='block_1_9' title="bbox 0 1893 2221 2258">
    <p class='ocr_par' dir='ltr' id='par_1_19' title="bbox 0 1893 2221 2258">
     <span class='ocr_line' id='line_1_50' title="bbox 46 1893 2220 1933; baseline 0 -8"><span class='ocrx_word' id='word_1_992' title='bbox 46 1896 123 1925; x_wconf 65' lang='lat' dir='ltr'><strong>Idem</strong></span> <span class='ocrx_word' id='word_1_993' title='bbox 136 1896 194 1922; x_wconf 84' lang='lat' dir='ltr'><strong>olim</strong></span> <span class='ocrx_word' id='word_1_994' title='bbox 201 1894 306 1931; x_wconf 68' lang='lat' dir='ltr'><strong>fufium</strong></span> <span class='ocrx_word' id='word_1_995' title='bbox 320 1899 346 1921; x_wconf 85' lang='lat' dir='ltr'><strong>in</strong></span> <span class='ocrx_word' id='word_1_996' title='bbox 359 1897 469 1922; x_wconf 85' lang='lat' dir='ltr'><strong>Romano</strong></span> <span class='ocrx_word' id='word_1_997' title='bbox 482 1897 555 1922; x_wconf 87' lang='lat' dir='ltr'><strong>Circo</strong></span> <span class='ocrx_word' id='word_1_998' title='bbox 569 1893 675 1928; x_wconf 70' lang='lat' dir='ltr'><strong>testatur</strong></span> <span class='ocrx_word' id='word_1_999' title='bbox 689 1894 755 1921; x_wconf 90' lang='lat' dir='ltr'><strong>Plin.</strong></span> <span class='ocrx_word' id='word_1_1000' title='bbox 772 1904 800 1921; x_wconf 91' lang='lat'><strong>10</strong></span> <span class='ocrx_word' id='word_1_1001' title='bbox 809 1914 817 1927; x_wconf 93' lang='lat'><strong>,</strong></span> <span class='ocrx_word' id='word_1_1002' title='bbox 832 1903 873 1928; x_wconf 86' lang='lat'><strong>24.</strong></span> <span class='ocrx_word' id='word_1_1003' title='bbox 1168 1897 1293 1924; x_wconf 89' lang='lat' dir='ltr'><strong>locorum</strong></span> <span class='ocrx_word' id='word_1_1004' title='bbox 1315 1897 1371 1924; x_wconf 90' lang='lat' dir='ltr'><strong>Cic.</strong></span> <span class='ocrx_word' id='word_1_1005' title='bbox 1387 1898 1419 1923; x_wconf 88' lang='lat' dir='ltr'><strong>de</strong></span> <span class='ocrx_word' id='word_1_1006' title='bbox 1432 1897 1507 1923; x_wconf 87' lang='lat' dir='ltr'><strong>Orat.</strong></span> <span class='ocrx_word' id='word_1_1007' title='bbox 1516 1904 1541 1927; x_wconf 80' lang='lat'><strong>2,</strong></span> <span class='ocrx_word' id='word_1_1008' title='bbox 1550 1903 1585 1928; x_wconf 75' lang='lat'><strong>51.</strong></span> <span class='ocrx_word' id='word_1_1009' title='bbox 1657 1896 1728 1921; x_wconf 87' lang='lat' dir='ltr'><strong>Dare</strong></span> <span class='ocrx_word' id='word_1_1010' title='bbox 1742 1895 1866 1923; x_wconf 81' lang='lat' dir='ltr'><strong>historias</strong></span> <span class='ocrx_word' id='word_1_1011' title='bbox 1879 1898 1996 1931; x_wconf 86' lang='lat' dir='ltr'><strong>po&#39;e&#39;ticas</strong></span> <span class='ocrx_word' id='word_1_1012' title='bbox 2009 1899 2090 1926; x_wconf 88' lang='lat' dir='ltr'><strong>alicui</strong></span> <span class='ocrx_word' id='word_1_1013' title='bbox 2109 1900 2220 1933; x_wconf 69' lang='lat' dir='ltr'><strong>Qiinet.</strong></span> 
     </span>
     <span class='ocr_line' id='line_1_51' title="bbox 45 1928 2219 1970; baseline 0.002 -13"><span class='ocrx_word' id='word_1_1014' title='bbox 45 1948 47 1952; x_wconf 36' lang='grc' dir='ltr'><strong><em>ι</em></strong></span> <span class='ocrx_word' id='word_1_1015' title='bbox 93 1938 113 1957; x_wconf 83' lang='grc' dir='ltr'><strong><em>Η</em></strong></span> <span class='ocrx_word' id='word_1_1016' title='bbox 123 1939 132 1958; x_wconf 88' lang='grc'>1</span> <span class='ocrx_word' id='word_1_1017' title='bbox 143 1938 162 1958; x_wconf 83' lang='lat' dir='ltr'>R</span> <span class='ocrx_word' id='word_1_1018' title='bbox 173 1937 192 1956; x_wconf 94' lang='lat' dir='ltr'>v</span> <span class='ocrx_word' id='word_1_1019' title='bbox 204 1939 225 1957; x_wconf 89' lang='lat' dir='ltr'>N</span> <span class='ocrx_word' id='word_1_1020' title='bbox 235 1938 254 1958; x_wconf 87' lang='lat' dir='ltr'>D</span> <span class='ocrx_word' id='word_1_1021' title='bbox 263 1938 272 1957; x_wconf 90' lang='lat'><strong>1</strong></span> <span class='ocrx_word' id='word_1_1022' title='bbox 282 1939 304 1957; x_wconf 87' lang='lat' dir='ltr'>N</span> <span class='ocrx_word' id='word_1_1023' title='bbox 312 1934 323 1958; x_wconf 89' lang='grc' dir='ltr'><strong><em>ῖ</em></strong></span> <span class='ocrx_word' id='word_1_1024' title='bbox 331 1939 352 1958; x_wconf 92' lang='grc' dir='ltr'>Ν</span> <span class='ocrx_word' id='word_1_1025' title='bbox 361 1938 381 1957; x_wconf 83' lang='grc' dir='ltr'><strong>ν</strong></span> <span class='ocrx_word' id='word_1_1026' title='bbox 390 1939 403 1958; x_wconf 84' lang='lat' dir='ltr'><strong>s</strong></span> <span class='ocrx_word' id='word_1_1027' title='bbox 412 1951 421 1963; x_wconf 90' lang='lat'><strong>,</strong></span> <span class='ocrx_word' id='word_1_1028' title='bbox 441 1940 472 1964; x_wconf 87' lang='lat' dir='ltr'><strong>a,</strong></span> <span class='ocrx_word' id='word_1_1029' title='bbox 488 1940 543 1957; x_wconf 90' lang='lat' dir='ltr'><strong>um.</strong></span> <span class='ocrx_word' id='word_1_1030' title='bbox 580 1930 642 1957; x_wconf 88' lang='lat' dir='ltr'><strong>Adi.</strong></span> <span class='ocrx_word' id='word_1_1031' title='bbox 680 1930 693 1963; x_wconf 93' lang='lat'>[</span> <span class='ocrx_word' id='word_1_1032' title='bbox 701 1928 850 1964; x_wconf 72' lang='grc' dir='ltr'><strong>χιλιδόνιος]</strong></span> <span class='ocrx_word' id='word_1_1033' title='bbox 905 1930 1106 1959; x_wconf 86' lang='lat' dir='ltr'><strong>Hirundininus</strong></span> <span class='ocrx_word' id='word_1_1034' title='bbox 1168 1942 1194 1962; x_wconf 63' lang='grc' dir='ltr'><strong>ι,</strong></span> <span class='ocrx_word' id='word_1_1035' title='bbox 1211 1943 1239 1966; x_wconf 90' lang='lat'><strong>4.</strong></span> <span class='ocrx_word' id='word_1_1036' title='bbox 1311 1934 1471 1967; x_wconf 83' lang='lat' dir='ltr'><strong>Loquuntur</strong></span> <span class='ocrx_word' id='word_1_1037' title='bbox 1485 1930 1628 1963; x_wconf 86' lang='lat' dir='ltr'><strong>historiae,</strong></span> <span class='ocrx_word' id='word_1_1038' title='bbox 1644 1930 1698 1957; x_wconf 76' lang='lat' dir='ltr'><strong>vid.</strong></span> <span class='ocrx_word' id='word_1_1039' title='bbox 1716 1937 1733 1956; x_wconf 90' lang='lat'><strong>1.</strong></span> <span class='ocrx_word' id='word_1_1040' title='bbox 1743 1936 1762 1956; x_wconf 92' lang='lat' dir='ltr'><strong>o</strong></span> <span class='ocrx_word' id='word_1_1041' title='bbox 1771 1937 1820 1970; x_wconf 55' lang='lat' dir='ltr'><strong>Qv</strong></span> <span class='ocrx_word' id='word_1_1042' title='bbox 1829 1938 1848 1958; x_wconf 91' lang='lat' dir='ltr'><strong>o</strong></span> <span class='ocrx_word' id='word_1_1043' title='bbox 1857 1938 1886 1958; x_wconf 83' lang='lat' dir='ltr'><strong>R.</strong></span> <span class='ocrx_word' id='word_1_1044' title='bbox 2003 1934 2124 1961; x_wconf 87' lang='lat' dir='ltr'><strong>Scribere</strong></span> <span class='ocrx_word' id='word_1_1045' title='bbox 2138 1935 2219 1962; x_wconf 86' lang='lat' dir='ltr'><strong>histo-</strong></span> 
     </span>
     <span class='ocr_line' id='line_1_52' title="bbox 45 1965 1530 2000; baseline -0.003 -5"><span class='ocrx_word' id='word_1_1046' title='bbox 45 1967 132 1995; x_wconf 81' lang='lat' dir='ltr'><strong>-nidus</strong></span> <span class='ocrx_word' id='word_1_1047' title='bbox 157 1966 239 1993; x_wconf 88' lang='lat' dir='ltr'><strong>Plaut.</strong></span> <span class='ocrx_word' id='word_1_1048' title='bbox 253 1967 322 1994; x_wconf 87' lang='lat' dir='ltr'><strong>Rud.</strong></span> <span class='ocrx_word' id='word_1_1049' title='bbox 336 1976 357 1999; x_wconf 78' lang='lat'><strong>3,</strong></span> <span class='ocrx_word' id='word_1_1050' title='bbox 369 1975 390 1999; x_wconf 89' lang='lat'><strong>1,</strong></span> <span class='ocrx_word' id='word_1_1051' title='bbox 403 1969 429 1993; x_wconf 88' lang='lat'><strong>6.</strong></span> <span class='ocrx_word' id='word_1_1052' title='bbox 499 1966 608 2000; x_wconf 85' lang='lat' dir='ltr'><strong>Sanguis</strong></span> <span class='ocrx_word' id='word_1_1053' title='bbox 642 1965 709 1991; x_wconf 88' lang='lat' dir='ltr'><strong>Plin.</strong></span> <span class='ocrx_word' id='word_1_1054' title='bbox 724 1974 766 1998; x_wconf 80' lang='lat'><strong>30,</strong></span> <span class='ocrx_word' id='word_1_1055' title='bbox 781 1974 819 1998; x_wconf 91' lang='lat'><strong>14.</strong></span> <span class='ocrx_word' id='word_1_1056' title='bbox 856 1966 972 1992; x_wconf 90' lang='lat' dir='ltr'><strong>Martial.</strong></span> <span class='ocrx_word' id='word_1_1057' title='bbox 988 1975 1019 1997; x_wconf 87' lang='lat'><strong>11,</strong></span> <span class='ocrx_word' id='word_1_1058' title='bbox 1034 1976 1070 1999; x_wconf 87' lang='lat'><strong>19.</strong></span> <span class='ocrx_word' id='word_1_1059' title='bbox 1168 1969 1237 1994; x_wconf 87' lang='lat' dir='ltr'><strong>riam</strong></span> <span class='ocrx_word' id='word_1_1060' title='bbox 1257 1967 1314 1994; x_wconf 88' lang='lat' dir='ltr'><strong>Cic.</strong></span> <span class='ocrx_word' id='word_1_1061' title='bbox 1328 1967 1360 1993; x_wconf 89' lang='lat' dir='ltr'><strong>de</strong></span> <span class='ocrx_word' id='word_1_1062' title='bbox 1372 1969 1445 1994; x_wconf 86' lang='lat' dir='ltr'><strong>Orat.</strong></span> <span class='ocrx_word' id='word_1_1063' title='bbox 1458 1975 1483 1997; x_wconf 91' lang='lat'><strong>2,</strong></span> <span class='ocrx_word' id='word_1_1064' title='bbox 1497 1974 1530 1998; x_wconf 79' lang='lat'><strong>51.</strong></span> 
     </span>
     <span class='ocr_line' id='line_1_53' title="bbox 91 1999 2114 2037; baseline 0.001 -7.956"><span class='ocrx_word' id='word_1_1065' title='bbox 91 2009 113 2028; x_wconf 84' lang='lat' dir='ltr'><strong>H</strong></span> <span class='ocrx_word' id='word_1_1066' title='bbox 124 2009 161 2029; x_wconf 83' lang='lat' dir='ltr'><strong>1R</strong></span> <span class='ocrx_word' id='word_1_1067' title='bbox 169 2009 190 2028; x_wconf 91' lang='lat' dir='ltr'>v</span> <span class='ocrx_word' id='word_1_1068' title='bbox 200 2010 222 2029; x_wconf 85' lang='lat' dir='ltr'>N</span> <span class='ocrx_word' id='word_1_1069' title='bbox 231 2009 250 2029; x_wconf 87' lang='lat' dir='ltr'>D</span> <span class='ocrx_word' id='word_1_1070' title='bbox 262 2010 270 2029; x_wconf 95' lang='lat'>1</span> <span class='ocrx_word' id='word_1_1071' title='bbox 280 2010 302 2029; x_wconf 88' lang='lat' dir='ltr'>N</span> <span class='ocrx_word' id='word_1_1072' title='bbox 313 2009 329 2028; x_wconf 81' lang='lat' dir='ltr'>E</span> <span class='ocrx_word' id='word_1_1073' title='bbox 338 2009 360 2028; x_wconf 94' lang='lat' dir='ltr'>v</span> <span class='ocrx_word' id='word_1_1074' title='bbox 368 2008 396 2033; x_wconf 86' lang='lat' dir='ltr'><strong>s,</strong></span> <span class='ocrx_word' id='word_1_1075' title='bbox 415 2010 446 2035; x_wconf 85' lang='lat' dir='ltr'><strong>a,</strong></span> <span class='ocrx_word' id='word_1_1076' title='bbox 465 2010 519 2028; x_wconf 90' lang='lat' dir='ltr'><strong>um.</strong></span> <span class='ocrx_word' id='word_1_1077' title='bbox 557 2001 619 2028; x_wconf 85' lang='lat' dir='ltr'><strong>Adi.</strong></span> <span class='ocrx_word' id='word_1_1078' title='bbox 655 2000 732 2028; x_wconf 82' lang='lat' dir='ltr'><strong>Idem.</strong></span> <span class='ocrx_word' id='word_1_1079' title='bbox 780 2002 816 2028; x_wconf 78' lang='lat' dir='ltr'><strong>Vt</strong></span> <span class='ocrx_word' id='word_1_1080' title='bbox 833 2000 970 2027; x_wconf 82' lang='lat' dir='ltr'><strong>Aduentus</strong></span> <span class='ocrx_word' id='word_1_1081' title='bbox 984 2000 1106 2029; x_wconf 85' lang='lat' dir='ltr'><strong>hirundi-</strong></span> <span class='ocrx_word' id='word_1_1082' title='bbox 1122 2005 1155 2032; x_wconf 83' lang='lat'><strong>50</strong></span> <span class='ocrx_word' id='word_1_1083' title='bbox 1205 2009 1227 2028; x_wconf 82' lang='lat' dir='ltr'><strong>H</strong></span> <span class='ocrx_word' id='word_1_1084' title='bbox 1237 2010 1245 2028; x_wconf 91' lang='lat'><strong>1</strong></span> <span class='ocrx_word' id='word_1_1085' title='bbox 1256 2009 1268 2028; x_wconf 92' lang='lat' dir='ltr'><strong>s</strong></span> <span class='ocrx_word' id='word_1_1086' title='bbox 1277 2009 1299 2028; x_wconf 92' lang='lat' dir='ltr'>T</span> <span class='ocrx_word' id='word_1_1087' title='bbox 1308 2009 1327 2029; x_wconf 94' lang='lat'>0</span> <span class='ocrx_word' id='word_1_1088' title='bbox 1336 2010 1355 2029; x_wconf 85' lang='lat' dir='ltr'>R</span> <span class='ocrx_word' id='word_1_1089' title='bbox 1364 2010 1374 2029; x_wconf 95' lang='lat'><strong>1</strong></span> <span class='ocrx_word' id='word_1_1090' title='bbox 1385 2000 1404 2029; x_wconf 80' lang='grc' dir='ltr'>ὀ</span> <span class='ocrx_word' id='word_1_1091' title='bbox 1414 2009 1431 2027; x_wconf 81' lang='lat'><strong>1.</strong></span> <span class='ocrx_word' id='word_1_1092' title='bbox 1441 2009 1463 2028; x_wconf 83' lang='grc' dir='ltr'>Α</span> <span class='ocrx_word' id='word_1_1093' title='bbox 1472 2021 1480 2033; x_wconf 91' lang='grc'>,</span> <span class='ocrx_word' id='word_1_1094' title='bbox 1497 2010 1536 2027; x_wconf 84' lang='lat' dir='ltr'><strong>ae.</strong></span> <span class='ocrx_word' id='word_1_1095' title='bbox 1560 1999 1580 2027; x_wconf 90' lang='lat' dir='ltr'><strong>f.</strong></span> <span class='ocrx_word' id='word_1_1096' title='bbox 1616 2000 1719 2027; x_wconf 88' lang='lat' dir='ltr'><strong>Dimin.</strong></span> <span class='ocrx_word' id='word_1_1097' title='bbox 1768 1999 1884 2033; x_wconf 58' lang='lat' dir='ltr'><strong>Historia</strong></span> <span class='ocrx_word' id='word_1_1098' title='bbox 1889 2008 1981 2037; x_wconf 81' lang='lat' dir='ltr'><strong>parua.</strong></span> <span class='ocrx_word' id='word_1_1099' title='bbox 2018 2003 2114 2031; x_wconf 81' lang='lat' dir='ltr'><strong>Cathol.</strong></span> 
     </span>
     <span class='ocr_line' id='line_1_54' title="bbox 0 2034 2219 2073; baseline 0.001 -9"><span class='ocrx_word' id='word_1_1100' title='bbox 0 2066 1 2070; x_wconf 45' lang='lat'><strong>,</strong></span> <span class='ocrx_word' id='word_1_1101' title='bbox 44 2046 119 2069; x_wconf 70' lang='lat' dir='ltr'><strong>gneus</strong></span> <span class='ocrx_word' id='word_1_1102' title='bbox 142 2037 232 2065; x_wconf 86' lang='lat' dir='ltr'><strong>Sidon.</strong></span> <span class='ocrx_word' id='word_1_1103' title='bbox 245 2038 325 2073; x_wconf 87' lang='lat' dir='ltr'><strong>Epist.</strong></span> <span class='ocrx_word' id='word_1_1104' title='bbox 339 2046 364 2068; x_wconf 87' lang='lat'><strong>2,</strong></span> <span class='ocrx_word' id='word_1_1105' title='bbox 379 2046 419 2071; x_wconf 89' lang='lat'><strong>14.</strong></span> <span class='ocrx_word' id='word_1_1106' title='bbox 1206 2044 1228 2064; x_wconf 89' lang='lat' dir='ltr'><strong>H</strong></span> <span class='ocrx_word' id='word_1_1107' title='bbox 1239 2045 1248 2064; x_wconf 88' lang='lat'>1</span> <span class='ocrx_word' id='word_1_1108' title='bbox 1259 2039 1376 2064; x_wconf 80' lang='lat' dir='ltr'><strong>STORi&#39;</strong></span> <span class='ocrx_word' id='word_1_1109' title='bbox 1386 2044 1403 2065; x_wconf 93' lang='lat' dir='ltr'><strong>c</strong></span> <span class='ocrx_word' id='word_1_1110' title='bbox 1414 2044 1475 2069; x_wconf 84' lang='lat' dir='ltr'><strong>VS,</strong></span> <span class='ocrx_word' id='word_1_1111' title='bbox 1495 2036 1513 2062; x_wconf 92' lang='lat' dir='ltr'><strong>i.</strong></span> <span class='ocrx_word' id='word_1_1112' title='bbox 1534 2045 1571 2062; x_wconf 90' lang='lat' dir='ltr'><strong>m.</strong></span> <span class='ocrx_word' id='word_1_1113' title='bbox 1608 2034 1803 2070; x_wconf 57' lang='lat' dir='ltr'><strong>[is-opwyeoe&#39;oeos,</strong></span> <span class='ocrx_word' id='word_1_1114' title='bbox 1823 2035 1939 2071; x_wconf 75' lang='grc' dir='ltr'><strong>ἱςορικός]</strong></span> <span class='ocrx_word' id='word_1_1115' title='bbox 1977 2036 2147 2071; x_wconf 72' lang='lat' dir='ltr'><strong>Historiarum</strong></span> <span class='ocrx_word' id='word_1_1116' title='bbox 2170 2044 2219 2067; x_wconf 82' lang='lat' dir='ltr'><strong>cri-</strong></span> 
     </span>
     <span class='ocr_line' id='line_1_55' title="bbox 47 2070 2219 2109; baseline -0 -10"><span class='ocrx_word' id='word_1_1117' title='bbox 47 2079 49 2084; x_wconf 85' lang='grc'><strong>’</strong></span> <span class='ocrx_word' id='word_1_1118' title='bbox 89 2080 110 2099; x_wconf 87' lang='lat' dir='ltr'><strong>H</strong></span> <span class='ocrx_word' id='word_1_1119' title='bbox 121 2080 129 2098; x_wconf 85' lang='lat'><strong>1</strong></span> <span class='ocrx_word' id='word_1_1120' title='bbox 139 2080 158 2100; x_wconf 81' lang='lat' dir='ltr'>R</span> <span class='ocrx_word' id='word_1_1121' title='bbox 168 2080 218 2100; x_wconf 86' lang='lat' dir='ltr'><strong>VN</strong></span> <span class='ocrx_word' id='word_1_1122' title='bbox 229 2081 247 2100; x_wconf 90' lang='lat' dir='ltr'>D</span> <span class='ocrx_word' id='word_1_1123' title='bbox 258 2081 266 2099; x_wconf 96' lang='lat'><strong>1</strong></span> <span class='ocrx_word' id='word_1_1124' title='bbox 276 2082 298 2100; x_wconf 85' lang='lat' dir='ltr'>N</span> <span class='ocrx_word' id='word_1_1125' title='bbox 309 2081 318 2100; x_wconf 87' lang='lat' dir='ltr'><strong>t</strong></span> <span class='ocrx_word' id='word_1_1126' title='bbox 328 2081 350 2100; x_wconf 85' lang='lat' dir='ltr'>N</span> <span class='ocrx_word' id='word_1_1127' title='bbox 361 2080 399 2105; x_wconf 81' lang='grc' dir='ltr'>Λ,</span> <span class='ocrx_word' id='word_1_1128' title='bbox 414 2081 453 2100; x_wconf 91' lang='lat' dir='ltr'><strong>ae.</strong></span> <span class='ocrx_word' id='word_1_1129' title='bbox 473 2072 494 2100; x_wconf 83' lang='lat' dir='ltr'><strong>f.</strong></span> <span class='ocrx_word' id='word_1_1130' title='bbox 529 2071 632 2105; x_wconf 80' lang='lat' dir='ltr'><strong>Herba,</strong></span> <span class='ocrx_word' id='word_1_1131' title='bbox 651 2071 719 2108; x_wconf 78' lang='lat' dir='ltr'><strong>apud</strong></span> <span class='ocrx_word' id='word_1_1132' title='bbox 731 2071 837 2099; x_wconf 77' lang='lat' dir='ltr'><strong>Graecos</strong></span> <span class='ocrx_word' id='word_1_1133' title='bbox 851 2070 1005 2099; x_wconf 76' lang='lat' dir='ltr'><strong>Chelidonia.</strong></span> <span class='ocrx_word' id='word_1_1134' title='bbox 1045 2071 1104 2100; x_wconf 79' lang='lat' dir='ltr'><strong>Vid.</strong></span> <span class='ocrx_word' id='word_1_1135' title='bbox 1161 2079 1233 2109; x_wconf 68' lang='lat' dir='ltr'><strong>pior.</strong></span> <span class='ocrx_word' id='word_1_1136' title='bbox 1270 2073 1328 2099; x_wconf 91' lang='lat' dir='ltr'><strong>Cic.</strong></span> <span class='ocrx_word' id='word_1_1137' title='bbox 1341 2081 1391 2107; x_wconf 83' lang='lat' dir='ltr'><strong>pro</strong></span> <span class='ocrx_word' id='word_1_1138' title='bbox 1405 2073 1526 2098; x_wconf 86' lang='lat' dir='ltr'><strong>Muraen.</strong></span> <span class='ocrx_word' id='word_1_1139' title='bbox 1542 2076 1584 2105; x_wconf 81' lang='lat'><strong>78.</strong></span> <span class='ocrx_word' id='word_1_1140' title='bbox 1624 2070 1699 2097; x_wconf 87' lang='lat' dir='ltr'><strong>Idem</strong></span> <span class='ocrx_word' id='word_1_1141' title='bbox 1712 2071 1740 2096; x_wconf 89' lang='lat' dir='ltr'><strong>in</strong></span> <span class='ocrx_word' id='word_1_1142' title='bbox 1754 2070 1855 2109; x_wconf 71' lang='lat' dir='ltr'><strong>Topic.</strong></span> <span class='ocrx_word' id='word_1_1143' title='bbox 1869 2078 1902 2107; x_wconf 76' lang='lat'><strong>78</strong></span> <span class='ocrx_word' id='word_1_1144' title='bbox 1921 2082 1942 2099; x_wconf 90' lang='lat' dir='ltr'><strong>c.</strong></span> <span class='ocrx_word' id='word_1_1145' title='bbox 1953 2082 1986 2100; x_wconf 86' lang='lat'><strong>20</strong></span> <span class='ocrx_word' id='word_1_1146' title='bbox 2006 2081 2070 2103; x_wconf 77' lang='lat' dir='ltr'><strong>extr,</strong></span> <span class='ocrx_word' id='word_1_1147' title='bbox 2102 2075 2149 2102; x_wconf 81' lang='lat' dir='ltr'><strong>Phi</strong></span> <span class='ocrx_word' id='word_1_1148' title='bbox 2161 2077 2219 2103; x_wconf 79' lang='lat' dir='ltr'><strong>oso-</strong></span> 
     </span>
     <span class='ocr_line' id='line_1_56' title="bbox 28 2098 2219 2146; baseline 0.003 -14"><span class='ocrx_word' id='word_1_1149' title='bbox 28 2098 133 2146; x_wconf 52' lang='lat' dir='ltr'><strong>„‘.fflpul.</strong></span> <span class='ocrx_word' id='word_1_1150' title='bbox 148 2109 180 2136; x_wconf 80' lang='lat' dir='ltr'><strong>de</strong></span> <span class='ocrx_word' id='word_1_1151' title='bbox 193 2109 278 2137; x_wconf 74' lang='lat' dir='ltr'><strong>Herb.</strong></span> <span class='ocrx_word' id='word_1_1152' title='bbox 290 2120 312 2138; x_wconf 78' lang='grc' dir='ltr'><strong>ς,</strong></span> <span class='ocrx_word' id='word_1_1153' title='bbox 321 2117 362 2146; x_wconf 84' lang='lat'><strong>73,</strong></span> <span class='ocrx_word' id='word_1_1154' title='bbox 1169 2108 1230 2142; x_wconf 90' lang='lat' dir='ltr'><strong>phi,</strong></span> <span class='ocrx_word' id='word_1_1155' title='bbox 1256 2109 1367 2138; x_wconf 75' lang='lat' dir='ltr'><strong>Poetae,</strong></span> <span class='ocrx_word' id='word_1_1156' title='bbox 1398 2113 1423 2134; x_wconf 88' lang='lat' dir='ltr'><strong>et</strong></span> <span class='ocrx_word' id='word_1_1157' title='bbox 1441 2105 1572 2132; x_wconf 82' lang='lat' dir='ltr'><strong>historici.</strong></span> <span class='ocrx_word' id='word_1_1158' title='bbox 1645 2106 1724 2132; x_wconf 87' lang='lat' dir='ltr'><strong>Vires</strong></span> <span class='ocrx_word' id='word_1_1159' title='bbox 1747 2105 1937 2135; x_wconf 76' lang='lat' dir='ltr'><strong>historicorum</strong></span> <span class='ocrx_word' id='word_1_1160' title='bbox 1983 2110 2115 2143; x_wconf 64' lang='lat' dir='ltr'><strong>Quinctil.</strong></span> <span class='ocrx_word' id='word_1_1161' title='bbox 2141 2120 2157 2138; x_wconf 84' lang='lat'><strong>2</strong></span> <span class='ocrx_word' id='word_1_1162' title='bbox 2168 2131 2176 2143; x_wconf 90' lang='lat'>‚</span> <span class='ocrx_word' id='word_1_1163' title='bbox 2199 2121 2219 2138; x_wconf 88' lang='lat'><strong>1.</strong></span> 
     </span>
     <span class='ocr_line' id='line_1_57' title="bbox 2 2140 2220 2193; baseline 0.007 -35"><span class='ocrx_word' id='word_1_1164' title='bbox 2 2143 18 2193; x_wconf 52' lang='grc' dir='ltr'><strong>’ἱ</strong></span> <span class='ocrx_word' id='word_1_1165' title='bbox 438 2147 473 2179; x_wconf 80' lang='lat' dir='ltr'>H</span> <span class='ocrx_word' id='word_1_1166' title='bbox 575 2146 589 2177; x_wconf 72' lang='grc' dir='ltr'><strong>Ι</strong></span> <span class='ocrx_word' id='word_1_1167' title='bbox 692 2144 713 2176; x_wconf 82' lang='lat' dir='ltr'>S</span> <span class='ocrx_word' id='word_1_1168' title='bbox 1167 2143 1333 2173; x_wconf 71' lang='lat' dir='ltr'><strong>Hffloricus,</strong></span> <span class='ocrx_word' id='word_1_1169' title='bbox 1348 2142 1443 2168; x_wconf 83' lang='lat' dir='ltr'><strong>dicitur</strong></span> <span class='ocrx_word' id='word_1_1170' title='bbox 1456 2151 1471 2168; x_wconf 89' lang='lat' dir='ltr'><strong>a</strong></span> <span class='ocrx_word' id='word_1_1171' title='bbox 1483 2141 1614 2168; x_wconf 84' lang='lat' dir='ltr'><strong>Cicerone</strong></span> <span class='ocrx_word' id='word_1_1172' title='bbox 1628 2140 1659 2167; x_wconf 90' lang='lat' dir='ltr'><strong>de</strong></span> <span class='ocrx_word' id='word_1_1173' title='bbox 1672 2142 1747 2168; x_wconf 86' lang='lat' dir='ltr'><strong>Orat.</strong></span> <span class='ocrx_word' id='word_1_1174' title='bbox 1759 2150 1790 2173; x_wconf 80' lang='lat'><strong>2,</strong></span> <span class='ocrx_word' id='word_1_1175' title='bbox 1802 2151 1827 2174; x_wconf 86' lang='lat'><strong>31</strong></span> <span class='ocrx_word' id='word_1_1176' title='bbox 1859 2144 1960 2171; x_wconf 84' lang='lat' dir='ltr'><strong>Rerum</strong></span> <span class='ocrx_word' id='word_1_1177' title='bbox 1972 2146 2178 2179; x_wconf 87' lang='lat' dir='ltr'><strong>pronuntiator,</strong></span> <span class='ocrx_word' id='word_1_1178' title='bbox 2194 2153 2220 2174; x_wconf 78' lang='lat' dir='ltr'><strong>et</strong></span> 
     </span>
     <span class='ocr_line' id='line_1_58' title="bbox 0 2176 1434 2216; baseline 0 -13"><span class='ocrx_word' id='word_1_1179' title='bbox 0 2179 4 2203; x_wconf 72' lang='grc' dir='ltr'>ἰ</span> <span class='ocrx_word' id='word_1_1180' title='bbox 61 2199 90 2216; x_wconf 53' lang='lat'><strong>„4</strong></span> <span class='ocrx_word' id='word_1_1181' title='bbox 1121 2176 1152 2203; x_wconf 75' lang='lat'><strong>55</strong></span> <span class='ocrx_word' id='word_1_1182' title='bbox 1169 2186 1261 2204; x_wconf 88' lang='lat' dir='ltr'><strong>rerum</strong></span> <span class='ocrx_word' id='word_1_1183' title='bbox 1278 2177 1434 2212; x_wconf 86' lang='lat' dir='ltr'><strong>explicator.</strong></span> 
     </span>
     <span class='ocr_line' id='line_1_59' title="bbox 0 2210 2221 2258; baseline 0.002 -22"><span class='ocrx_word' id='word_1_1184' title='bbox 0 2210 12 2258; x_wconf 49' lang='lat' dir='ltr'>b</span> <span class='ocrx_word' id='word_1_1185' title='bbox 53 2212 113 2254; x_wconf 38' lang='grc' dir='ltr'><strong>,Ᾰῐηιί</strong></span> <span class='ocrx_word' id='word_1_1186' title='bbox 123 2229 133 2248; x_wconf 77' lang='lat'>1</span> <span class='ocrx_word' id='word_1_1187' title='bbox 143 2229 156 2248; x_wconf 65' lang='grc' dir='ltr'>ς</span> <span class='ocrx_word' id='word_1_1188' title='bbox 167 2226 184 2248; x_wconf 78' lang='lat' dir='ltr'>c</span> <span class='ocrx_word' id='word_1_1189' title='bbox 196 2226 215 2247; x_wconf 82' lang='grc' dir='ltr'>Ο</span> <span class='ocrx_word' id='word_1_1190' title='bbox 224 2240 233 2252; x_wconf 84' lang='lat'><strong>‚</strong></span> <span class='ocrx_word' id='word_1_1191' title='bbox 268 2218 323 2246; x_wconf 58' lang='lat' dir='ltr'><strong>uid,</strong></span> <span class='ocrx_word' id='word_1_1192' title='bbox 344 2222 418 2245; x_wconf 71' lang='lat' dir='ltr'><strong>H10</strong></span> <span class='ocrx_word' id='word_1_1193' title='bbox 428 2236 436 2249; x_wconf 80' lang='lat'>‚</span> <span class='ocrx_word' id='word_1_1194' title='bbox 454 2225 490 2248; x_wconf 55' lang='grc' dir='ltr'><strong>ξς,</strong></span> <span class='ocrx_word' id='word_1_1195' title='bbox 1207 2219 1228 2239; x_wconf 85' lang='grc' dir='ltr'><strong><em>Η</em></strong></span> <span class='ocrx_word' id='word_1_1196' title='bbox 1238 2220 1247 2239; x_wconf 87' lang='lat'><strong>1</strong></span> <span class='ocrx_word' id='word_1_1197' title='bbox 1257 2220 1270 2240; x_wconf 85' lang='lat' dir='ltr'><strong>s</strong></span> <span class='ocrx_word' id='word_1_1198' title='bbox 1279 2219 1301 2239; x_wconf 89' lang='lat' dir='ltr'>T</span> <span class='ocrx_word' id='word_1_1199' title='bbox 1310 2220 1329 2240; x_wconf 93' lang='grc'>0</span> <span class='ocrx_word' id='word_1_1200' title='bbox 1338 2219 1357 2239; x_wconf 83' lang='lat' dir='ltr'>R</span> <span class='ocrx_word' id='word_1_1201' title='bbox 1370 2219 1379 2238; x_wconf 95' lang='lat'><strong>1</strong></span> <span class='ocrx_word' id='word_1_1202' title='bbox 1394 2217 1411 2238; x_wconf 93' lang='lat' dir='ltr'><strong>C</strong></span> <span class='ocrx_word' id='word_1_1203' title='bbox 1422 2218 1442 2237; x_wconf 94' lang='lat' dir='ltr'>V</span> <span class='ocrx_word' id='word_1_1204' title='bbox 1452 2219 1464 2239; x_wconf 86' lang='lat' dir='ltr'><strong>s</strong></span> <span class='ocrx_word' id='word_1_1205' title='bbox 1474 2231 1482 2243; x_wconf 86' lang='lat'><em>‚</em></span> <span class='ocrx_word' id='word_1_1206' title='bbox 1503 2220 1534 2244; x_wconf 84' lang='lat' dir='ltr'><strong>a,</strong></span> <span class='ocrx_word' id='word_1_1207' title='bbox 1551 2220 1606 2238; x_wconf 89' lang='lat' dir='ltr'><strong>um.</strong></span> <span class='ocrx_word' id='word_1_1208' title='bbox 1649 2211 1710 2238; x_wconf 82' lang='lat' dir='ltr'><strong>Adi.</strong></span> <span class='ocrx_word' id='word_1_1209' title='bbox 1753 2211 1892 2252; x_wconf 61' lang='lat' dir='ltr'><strong>[Jeopino&#39;s]</strong></span> <span class='ocrx_word' id='word_1_1210' title='bbox 1947 2214 2002 2240; x_wconf 83' lang='lat' dir='ltr'><strong>Cic.</strong></span> <span class='ocrx_word' id='word_1_1211' title='bbox 2017 2214 2050 2241; x_wconf 89' lang='lat' dir='ltr'><strong>de</strong></span> <span class='ocrx_word' id='word_1_1212' title='bbox 2062 2215 2132 2244; x_wconf 82' lang='lat' dir='ltr'><strong>Clar.</strong></span> <span class='ocrx_word' id='word_1_1213' title='bbox 2144 2217 2221 2244; x_wconf 67' lang='lat' dir='ltr'><strong>Orat,</strong></span> 
     </span>
    </p>
   </div>
   <div class='ocr_carea' id='block_1_10' title="bbox 0 2244 2222 2323">
    <p class='ocr_par' dir='ltr' id='par_1_20' title="bbox 0 2244 2222 2323">
     <span class='ocr_line' id='line_1_60' title="bbox 0 2244 2222 2323; baseline -0.003 -39"><span class='ocrx_word' id='word_1_1214' title='bbox 0 2262 9 2284; x_wconf 78' lang='lat' dir='ltr'><strong>l</strong></span> <span class='ocrx_word' id='word_1_1215' title='bbox 45 2244 110 2323; x_wconf 48' lang='lat' dir='ltr'><strong>&#39;gi-l</strong></span> <span class='ocrx_word' id='word_1_1216' title='bbox 121 2266 130 2284; x_wconf 89' lang='lat'><strong>1</strong></span> <span class='ocrx_word' id='word_1_1217' title='bbox 140 2264 152 2284; x_wconf 85' lang='lat' dir='ltr'><strong>s</strong></span> <span class='ocrx_word' id='word_1_1218' title='bbox 162 2264 177 2284; x_wconf 74' lang='lat' dir='ltr'><strong>r</strong></span> <span class='ocrx_word' id='word_1_1219' title='bbox 186 2255 209 2283; x_wconf 77' lang='grc' dir='ltr'><strong>Ᾱ’</strong></span> <span class='ocrx_word' id='word_1_1220' title='bbox 219 2263 235 2281; x_wconf 85' lang='lat'><strong>1.</strong></span> <span class='ocrx_word' id='word_1_1221' title='bbox 245 2263 256 2282; x_wconf 85' lang='lat'><strong>1</strong></span> <span class='ocrx_word' id='word_1_1222' title='bbox 265 2263 295 2288; x_wconf 83' lang='lat' dir='ltr'><strong>s,</strong></span> <span class='ocrx_word' id='word_1_1223' title='bbox 315 2256 346 2280; x_wconf 90' lang='lat' dir='ltr'><strong>is.</strong></span> <span class='ocrx_word' id='word_1_1224' title='bbox 375 2254 396 2280; x_wconf 85' lang='lat' dir='ltr'><strong>f.</strong></span> <span class='ocrx_word' id='word_1_1225' title='bbox 432 2251 579 2285; x_wconf 65' lang='grc' dir='ltr'>[Ἵσκκλις]</span> <span class='ocrx_word' id='word_1_1226' title='bbox 632 2248 731 2275; x_wconf 79' lang='lat' dir='ltr'><strong>Ciuitas</strong></span> <span class='ocrx_word' id='word_1_1227' title='bbox 745 2246 883 2284; x_wconf 75' lang='lat' dir='ltr'><strong>Hispaniae</strong></span> <span class='ocrx_word' id='word_1_1228' title='bbox 893 2257 902 2273; x_wconf 85' lang='grc'><strong>.·</strong></span> <span class='ocrx_word' id='word_1_1229' title='bbox 936 2245 978 2274; x_wconf 83' lang='lat' dir='ltr'><strong>Ab</strong></span> <span class='ocrx_word' id='word_1_1230' title='bbox 992 2245 1105 2281; x_wconf 89' lang='lat' dir='ltr'><strong>Hispalo</strong></span> <span class='ocrx_word' id='word_1_1231' title='bbox 1169 2257 1192 2275; x_wconf 88' lang='lat' dir='ltr'><strong>c.</strong></span> <span class='ocrx_word' id='word_1_1232' title='bbox 1207 2254 1234 2281; x_wconf 79' lang='lat'><strong>83</strong></span> <span class='ocrx_word' id='word_1_1233' title='bbox 1262 2249 1328 2276; x_wconf 91' lang='lat' dir='ltr'><strong>Non</strong></span> <span class='ocrx_word' id='word_1_1234' title='bbox 1340 2254 1393 2275; x_wconf 86' lang='lat' dir='ltr'><strong>tam</strong></span> <span class='ocrx_word' id='word_1_1235' title='bbox 1407 2247 1551 2280; x_wconf 87' lang='lat' dir='ltr'><strong>historico,</strong></span> <span class='ocrx_word' id='word_1_1236' title='bbox 1571 2256 1653 2282; x_wconf 89' lang='lat' dir='ltr'><strong>quam</strong></span> <span class='ocrx_word' id='word_1_1237' title='bbox 1673 2252 1796 2275; x_wconf 76' lang='lat' dir='ltr'><strong>oratorio</strong></span> <span class='ocrx_word' id='word_1_1238' title='bbox 1809 2256 1905 2283; x_wconf 86' lang='lat' dir='ltr'><strong>genere</strong></span> <span class='ocrx_word' id='word_1_1239' title='bbox 1917 2250 2074 2285; x_wconf 84' lang='lat' dir='ltr'><strong>perscripsit.</strong></span> <span class='ocrx_word' id='word_1_1240' title='bbox 2144 2252 2222 2280; x_wconf 78' lang='lat' dir='ltr'><strong>Fides</strong></span> 
     </span>
    </p>
   </div>
   <div class='ocr_carea' id='block_1_11' title="bbox 0 2282 2221 2499">
    <p class='ocr_par' dir='ltr' id='par_1_21' title="bbox 0 2282 1693 2330">
     <span class='ocr_line' id='line_1_61' title="bbox 0 2282 1693 2330; baseline -0.007 -10"><span class='ocrx_word' id='word_1_1241' title='bbox 0 2300 17 2330; x_wconf 55' lang='lat' dir='ltr'><strong>s·</strong></span> <span class='ocrx_word' id='word_1_1242' title='bbox 81 2294 170 2320; x_wconf 85' lang='lat' dir='ltr'><strong>erculis</strong></span> <span class='ocrx_word' id='word_1_1243' title='bbox 173 2291 242 2327; x_wconf 82' lang='lat' dir='ltr'><strong>filio.</strong></span> <span class='ocrx_word' id='word_1_1244' title='bbox 296 2289 405 2325; x_wconf 71' lang='lat' dir='ltr'><strong>Qcidam</strong></span> <span class='ocrx_word' id='word_1_1245' title='bbox 418 2288 559 2317; x_wconf 82' lang='lat' dir='ltr'><strong>declinant,</strong></span> <span class='ocrx_word' id='word_1_1246' title='bbox 579 2284 687 2319; x_wconf 83' lang='lat' dir='ltr'><strong>Hispal,</strong></span> <span class='ocrx_word' id='word_1_1247' title='bbox 706 2283 765 2310; x_wconf 87' lang='lat' dir='ltr'><strong>alis.</strong></span> <span class='ocrx_word' id='word_1_1248' title='bbox 784 2293 811 2311; x_wconf 92' lang='lat' dir='ltr'><strong>n.</strong></span> <span class='ocrx_word' id='word_1_1249' title='bbox 846 2282 912 2310; x_wconf 89' lang='lat' dir='ltr'><strong>Plin.</strong></span> <span class='ocrx_word' id='word_1_1250' title='bbox 923 2291 945 2315; x_wconf 88' lang='lat'><strong>2,</strong></span> <span class='ocrx_word' id='word_1_1251' title='bbox 960 2290 1005 2318; x_wconf 84' lang='lat'><strong>97.</strong></span> <span class='ocrx_word' id='word_1_1252' title='bbox 1046 2282 1106 2310; x_wconf 85' lang='lat' dir='ltr'><strong>Vid.</strong></span> <span class='ocrx_word' id='word_1_1253' title='bbox 1168 2284 1251 2312; x_wconf 88' lang='lat' dir='ltr'><strong>Ouid.</strong></span> <span class='ocrx_word' id='word_1_1254' title='bbox 1266 2285 1359 2311; x_wconf 86' lang='lat' dir='ltr'><strong>Amor.</strong></span> <span class='ocrx_word' id='word_1_1255' title='bbox 1373 2292 1395 2316; x_wconf 84' lang='lat'><strong>3,</strong></span> <span class='ocrx_word' id='word_1_1256' title='bbox 1415 2292 1453 2316; x_wconf 79' lang='grc' dir='ltr'>η,</span> <span class='ocrx_word' id='word_1_1257' title='bbox 1467 2292 1508 2316; x_wconf 89' lang='lat'><strong>42.</strong></span> <span class='ocrx_word' id='word_1_1258' title='bbox 1689 2306 1693 2308; x_wconf 89' lang='lat'><strong>.</strong></span> 
     </span>
    </p>

    <p class='ocr_par' dir='ltr' id='par_1_22' title="bbox 2 2317 2220 2365">
     <span class='ocr_line' id='line_1_62' title="bbox 2 2317 2220 2365; baseline 0.008 -32"><span class='ocrx_word' id='word_1_1259' title='bbox 2 2334 13 2365; x_wconf 43' lang='grc' dir='ltr'>ι</span> <span class='ocrx_word' id='word_1_1260' title='bbox 47 2323 91 2358; x_wconf 55' lang='grc' dir='ltr'><strong>,ἵε</strong></span> <span class='ocrx_word' id='word_1_1261' title='bbox 102 2335 118 2355; x_wconf 66' lang='lat' dir='ltr'>P</span> <span class='ocrx_word' id='word_1_1262' title='bbox 130 2335 152 2355; x_wconf 72' lang='lat' dir='ltr'>A</span> <span class='ocrx_word' id='word_1_1263' title='bbox 160 2335 177 2354; x_wconf 86' lang='lat' dir='ltr'>L</span> <span class='ocrx_word' id='word_1_1264' title='bbox 186 2335 202 2354; x_wconf 51' lang='lat'><strong>12</strong></span> <span class='ocrx_word' id='word_1_1265' title='bbox 205 2334 228 2353; x_wconf 49' lang='lat' dir='ltr'><strong>S.</strong></span> <span class='ocrx_word' id='word_1_1266' title='bbox 1207 2326 1227 2346; x_wconf 77' lang='grc' dir='ltr'><strong><em>Η</em></strong></span> <span class='ocrx_word' id='word_1_1267' title='bbox 1238 2327 1269 2346; x_wconf 78' lang='lat' dir='ltr'><strong>is</strong></span> <span class='ocrx_word' id='word_1_1268' title='bbox 1278 2327 1299 2346; x_wconf 85' lang='lat' dir='ltr'>T</span> <span class='ocrx_word' id='word_1_1269' title='bbox 1309 2326 1328 2346; x_wconf 91' lang='lat' dir='ltr'>O</span> <span class='ocrx_word' id='word_1_1270' title='bbox 1336 2321 1398 2346; x_wconf 75' lang='lat' dir='ltr'><strong>R&#39;1&#39;C</strong></span> <span class='ocrx_word' id='word_1_1271' title='bbox 1408 2325 1423 2344; x_wconf 84' lang='lat' dir='ltr'>E</span> <span class='ocrx_word' id='word_1_1272' title='bbox 1431 2339 1439 2351; x_wconf 84' lang='lat'><strong>,</strong></span> <span class='ocrx_word' id='word_1_1273' title='bbox 1460 2327 1495 2345; x_wconf 86' lang='lat' dir='ltr'><strong>es.</strong></span> <span class='ocrx_word' id='word_1_1274' title='bbox 1514 2318 1535 2344; x_wconf 90' lang='lat' dir='ltr'><strong>f.</strong></span> <span class='ocrx_word' id='word_1_1275' title='bbox 1570 2317 1699 2352; x_wconf 66' lang='grc' dir='ltr'><strong>[ἱςορικὴ]</strong></span> <span class='ocrx_word' id='word_1_1276' title='bbox 1755 2318 1820 2344; x_wconf 81' lang='lat' dir='ltr'><strong>Pars</strong></span> <span class='ocrx_word' id='word_1_1277' title='bbox 1833 2318 2022 2353; x_wconf 79' lang='lat' dir='ltr'><strong>Grammatices,</strong></span> <span class='ocrx_word' id='word_1_1278' title='bbox 2036 2329 2097 2357; x_wconf 80' lang='lat' dir='ltr'><strong>quae</strong></span> <span class='ocrx_word' id='word_1_1279' title='bbox 2108 2324 2136 2350; x_wconf 86' lang='lat' dir='ltr'><strong>in</strong></span> <span class='ocrx_word' id='word_1_1280' title='bbox 2149 2332 2220 2351; x_wconf 82' lang='lat' dir='ltr'><strong>enar-</strong></span> 
     </span>
    </p>

    <p class='ocr_par' dir='ltr' id='par_1_23' title="bbox 0 2342 2221 2471">
     <span class='ocr_line' id='line_1_63' title="bbox 0 2342 2221 2392; baseline -0.004 0"><span class='ocrx_word' id='word_1_1281' title='bbox 0 2370 1 2386; x_wconf 63' lang='lat' dir='ltr'><strong>l</strong></span> <span class='ocrx_word' id='word_1_1282' title='bbox 19 2342 22 2378; x_wconf 75' lang='lat' dir='ltr'><strong>l</strong></span> <span class='ocrx_word' id='word_1_1283' title='bbox 43 2356 61 2382; x_wconf 42' lang='lat' dir='ltr'><strong>l</strong></span> <span class='ocrx_word' id='word_1_1284' title='bbox 90 2370 112 2391; x_wconf 84' lang='lat' dir='ltr'><strong>H</strong></span> <span class='ocrx_word' id='word_1_1285' title='bbox 124 2371 135 2390; x_wconf 88' lang='lat'><strong>1</strong></span> <span class='ocrx_word' id='word_1_1286' title='bbox 145 2371 158 2390; x_wconf 89' lang='lat' dir='ltr'>S</span> <span class='ocrx_word' id='word_1_1287' title='bbox 168 2370 183 2390; x_wconf 79' lang='grc' dir='ltr'>Ρ</span> <span class='ocrx_word' id='word_1_1288' title='bbox 192 2369 214 2389; x_wconf 84' lang='grc' dir='ltr'>Α</span> <span class='ocrx_word' id='word_1_1289' title='bbox 224 2367 247 2387; x_wconf 89' lang='lat' dir='ltr'>N</span> <span class='ocrx_word' id='word_1_1290' title='bbox 258 2368 269 2387; x_wconf 76' lang='grc' dir='ltr'>Ι</span> <span class='ocrx_word' id='word_1_1291' title='bbox 281 2367 303 2387; x_wconf 83' lang='grc' dir='ltr'>Α</span> <span class='ocrx_word' id='word_1_1292' title='bbox 312 2379 321 2392; x_wconf 90' lang='grc'>,</span> <span class='ocrx_word' id='word_1_1293' title='bbox 338 2368 378 2386; x_wconf 87' lang='lat' dir='ltr'><strong>ae.</strong></span> <span class='ocrx_word' id='word_1_1294' title='bbox 411 2357 432 2385; x_wconf 81' lang='lat' dir='ltr'><strong>f.</strong></span> <span class='ocrx_word' id='word_1_1295' title='bbox 474 2355 617 2391; x_wconf 63' lang='grc' dir='ltr'><strong>[Ἱσπανιόω</strong></span> <span class='ocrx_word' id='word_1_1296' title='bbox 634 2353 750 2389; x_wconf 66' lang='grc' dir='ltr'><strong>Ἴβηρῖικ]</strong></span> <span class='ocrx_word' id='word_1_1297' title='bbox 805 2355 915 2389; x_wconf 78' lang='lat' dir='ltr'><strong>Europae</strong></span> <span class='ocrx_word' id='word_1_1298' title='bbox 927 2356 996 2390; x_wconf 81' lang='lat' dir='ltr'><strong>regio</strong></span> <span class='ocrx_word' id='word_1_1299' title='bbox 1003 2356 1106 2389; x_wconf 80' lang='lat' dir='ltr'><strong>prima,</strong></span> <span class='ocrx_word' id='word_1_1300' title='bbox 1119 2351 1155 2376; x_wconf 83' lang='lat'><strong>60</strong></span> <span class='ocrx_word' id='word_1_1301' title='bbox 1168 2358 1266 2382; x_wconf 79' lang='lat' dir='ltr'><strong>ratione</strong></span> <span class='ocrx_word' id='word_1_1302' title='bbox 1280 2362 1303 2381; x_wconf 86' lang='lat' dir='ltr'><strong>et</strong></span> <span class='ocrx_word' id='word_1_1303' title='bbox 1323 2355 1489 2381; x_wconf 75' lang='lat' dir='ltr'><strong>declaratione</strong></span> <span class='ocrx_word' id='word_1_1304' title='bbox 1503 2359 1613 2379; x_wconf 81' lang='lat' dir='ltr'><strong>veterum</strong></span> <span class='ocrx_word' id='word_1_1305' title='bbox 1617 2353 1773 2388; x_wconf 74' lang='lat' dir='ltr'><strong>firiptorum</strong></span> <span class='ocrx_word' id='word_1_1306' title='bbox 1785 2354 1909 2390; x_wconf 79' lang='lat' dir='ltr'><strong>versatur.</strong></span> <span class='ocrx_word' id='word_1_1307' title='bbox 2010 2357 2140 2390; x_wconf 60' lang='lat' dir='ltr'><strong>Qiinetil.</strong></span> <span class='ocrx_word' id='word_1_1308' title='bbox 2157 2367 2183 2392; x_wconf 90' lang='lat'><strong>1,</strong></span> <span class='ocrx_word' id='word_1_1309' title='bbox 2203 2367 2221 2392; x_wconf 89' lang='lat'>9</span> 
     </span>
     <span class='ocr_line' id='line_1_64' title="bbox 19 2388 2220 2430; baseline 0.003 -16"><span class='ocrx_word' id='word_1_1310' title='bbox 19 2392 21 2414; x_wconf 58' lang='grc' dir='ltr'>ἵ</span> <span class='ocrx_word' id='word_1_1311' title='bbox 43 2401 93 2429; x_wconf 68' lang='lat' dir='ltr'><strong>vel</strong></span> <span class='ocrx_word' id='word_1_1312' title='bbox 104 2399 138 2426; x_wconf 84' lang='lat' dir='ltr'><strong>ad</strong></span> <span class='ocrx_word' id='word_1_1313' title='bbox 150 2397 297 2425; x_wconf 63' lang='lat' dir='ltr'><strong>occa-dentem</strong></span> <span class='ocrx_word' id='word_1_1314' title='bbox 309 2401 432 2422; x_wconf 78' lang='lat' dir='ltr'><strong>extrema:</strong></span> <span class='ocrx_word' id='word_1_1315' title='bbox 470 2402 532 2428; x_wconf 81' lang='lat' dir='ltr'><strong>quae</strong></span> <span class='ocrx_word' id='word_1_1316' title='bbox 552 2395 623 2417; x_wconf 69' lang='lat' dir='ltr'><strong>viros</strong></span> <span class='ocrx_word' id='word_1_1317' title='bbox 642 2391 743 2430; x_wconf 71' lang='lat' dir='ltr'><strong>Romae</strong></span> <span class='ocrx_word' id='word_1_1318' title='bbox 760 2392 835 2416; x_wconf 81' lang='lat' dir='ltr'><strong>etiam</strong></span> <span class='ocrx_word' id='word_1_1319' title='bbox 851 2393 984 2424; x_wconf 80' lang='lat' dir='ltr'><strong>principes</strong></span> <span class='ocrx_word' id='word_1_1320' title='bbox 991 2392 1108 2424; x_wconf 81' lang='lat' dir='ltr'><strong>peperit,</strong></span> <span class='ocrx_word' id='word_1_1321' title='bbox 1168 2391 1247 2417; x_wconf 83' lang='lat' dir='ltr'><strong>Ratio</strong></span> <span class='ocrx_word' id='word_1_1322' title='bbox 1267 2390 1397 2430; x_wconf 81' lang='lat' dir='ltr'><strong>loquendi</strong></span> <span class='ocrx_word' id='word_1_1323' title='bbox 1419 2395 1445 2416; x_wconf 88' lang='lat' dir='ltr'><strong>et</strong></span> <span class='ocrx_word' id='word_1_1324' title='bbox 1471 2388 1607 2416; x_wconf 85' lang='lat' dir='ltr'><strong>enarratio</strong></span> <span class='ocrx_word' id='word_1_1325' title='bbox 1619 2388 1777 2416; x_wconf 66' lang='lat' dir='ltr'><strong>auetoruin:</strong></span> <span class='ocrx_word' id='word_1_1326' title='bbox 1810 2398 1923 2424; x_wconf 87' lang='lat' dir='ltr'><strong>quarum</strong></span> <span class='ocrx_word' id='word_1_1327' title='bbox 1945 2390 2020 2419; x_wconf 78' lang='lat' dir='ltr'><strong>illam</strong></span> <span class='ocrx_word' id='word_1_1328' title='bbox 2040 2393 2220 2428; x_wconf 87' lang='lat' dir='ltr'><strong>methodicen,</strong></span> 
     </span>
     <span class='ocr_line' id='line_1_65' title="bbox 12 2425 1514 2471; baseline -0.011 -8"><span class='ocrx_word' id='word_1_1329' title='bbox 12 2446 14 2448; x_wconf 73' lang='grc'>’</span> <span class='ocrx_word' id='word_1_1330' title='bbox 44 2433 281 2471; x_wconf 69' lang='lat' dir='ltr'><strong>&#39;Q1in&amp;ilimt1m‚</strong></span> <span class='ocrx_word' id='word_1_1331' title='bbox 299 2431 431 2459; x_wconf 85' lang='lat' dir='ltr'><strong>Senecam,</strong></span> <span class='ocrx_word' id='word_1_1332' title='bbox 450 2427 619 2458; x_wconf 86' lang='lat' dir='ltr'><strong>Martialem,</strong></span> <span class='ocrx_word' id='word_1_1333' title='bbox 639 2425 751 2457; x_wconf 77' lang='lat' dir='ltr'><strong>Silium,</strong></span> <span class='ocrx_word' id='word_1_1334' title='bbox 771 2425 924 2457; x_wconf 87' lang='lat' dir='ltr'><strong>Lucanum,</strong></span> <span class='ocrx_word' id='word_1_1335' title='bbox 946 2426 1055 2461; x_wconf 80' lang='lat' dir='ltr'><strong>aliosque</strong></span> <span class='ocrx_word' id='word_1_1336' title='bbox 1068 2428 1107 2450; x_wconf 87' lang='lat' dir='ltr'><strong>in-</strong></span> <span class='ocrx_word' id='word_1_1337' title='bbox 1166 2426 1233 2453; x_wconf 73' lang='lat' dir='ltr'><strong>hanc</strong></span> <span class='ocrx_word' id='word_1_1338' title='bbox 1247 2426 1392 2452; x_wconf 72' lang='lat' dir='ltr'><strong>histoncen</strong></span> <span class='ocrx_word' id='word_1_1339' title='bbox 1409 2430 1514 2452; x_wconf 71' lang='lat' dir='ltr'><strong>vocant,</strong></span> 
     </span>
    </p>

    <p class='ocr_par' dir='ltr' id='par_1_24' title="bbox 0 2459 2219 2499">
     <span class='ocr_line' id='line_1_66' title="bbox 0 2459 2219 2499; baseline -0.004 1"><span class='ocrx_word' id='word_1_1340' title='bbox 0 2459 21 2499; x_wconf 60' lang='grc' dir='ltr'><strong>ἶ]</strong></span> <span class='ocrx_word' id='word_1_1341' title='bbox 45 2477 173 2498; x_wconf 64' lang='lat' dir='ltr'><strong>&#39;nzcmerosz</strong></span> <span class='ocrx_word' id='word_1_1342' title='bbox 230 2469 265 2494; x_wconf 84' lang='lat' dir='ltr'><strong>Ea</strong></span> <span class='ocrx_word' id='word_1_1343' title='bbox 277 2470 305 2493; x_wconf 87' lang='lat' dir='ltr'><strong>in</strong></span> <span class='ocrx_word' id='word_1_1344' title='bbox 318 2465 475 2491; x_wconf 87' lang='lat' dir='ltr'><strong>vlteriorem</strong></span> <span class='ocrx_word' id='word_1_1345' title='bbox 488 2461 622 2498; x_wconf 77' lang='lat' dir='ltr'><strong>aliquando</strong></span> <span class='ocrx_word' id='word_1_1346' title='bbox 637 2467 660 2486; x_wconf 76' lang='lat' dir='ltr'><strong>et</strong></span> <span class='ocrx_word' id='word_1_1347' title='bbox 675 2461 828 2488; x_wconf 84' lang='lat' dir='ltr'><strong>citeriorem</strong></span> <span class='ocrx_word' id='word_1_1348' title='bbox 852 2461 935 2497; x_wconf 75' lang='lat' dir='ltr'><strong>diuisa</strong></span> <span class='ocrx_word' id='word_1_1349' title='bbox 947 2459 996 2494; x_wconf 76' lang='lat' dir='ltr'><strong>est:</strong></span> <span class='ocrx_word' id='word_1_1350' title='bbox 1033 2460 1106 2487; x_wconf 90' lang='lat' dir='ltr'><strong>Vlte-</strong></span> <span class='ocrx_word' id='word_1_1351' title='bbox 1206 2468 1227 2487; x_wconf 83' lang='lat' dir='ltr'><strong>H</strong></span> <span class='ocrx_word' id='word_1_1352' title='bbox 1239 2469 1248 2487; x_wconf 93' lang='lat'><strong>1</strong></span> <span class='ocrx_word' id='word_1_1353' title='bbox 1259 2469 1272 2489; x_wconf 81' lang='lat' dir='ltr'><strong>s</strong></span> <span class='ocrx_word' id='word_1_1354' title='bbox 1284 2467 1306 2488; x_wconf 83' lang='lat' dir='ltr'>T</span> <span class='ocrx_word' id='word_1_1355' title='bbox 1319 2468 1339 2488; x_wconf 94' lang='grc' dir='ltr'>ο</span> <span class='ocrx_word' id='word_1_1356' title='bbox 1350 2468 1370 2487; x_wconf 79' lang='lat' dir='ltr'>R</span> <span class='ocrx_word' id='word_1_1357' title='bbox 1379 2468 1387 2487; x_wconf 90' lang='lat'><strong>1</strong></span> <span class='ocrx_word' id='word_1_1358' title='bbox 1397 2467 1450 2488; x_wconf 83' lang='lat' dir='ltr'><strong>CE.</strong></span> <span class='ocrx_word' id='word_1_1359' title='bbox 1487 2459 1558 2487; x_wconf 77' lang='lat' dir='ltr'><strong>Adu.</strong></span> <span class='ocrx_word' id='word_1_1360' title='bbox 1594 2459 1703 2486; x_wconf 91' lang='lat' dir='ltr'><strong>Vitruu.</strong></span> <span class='ocrx_word' id='word_1_1361' title='bbox 1717 2461 1744 2492; x_wconf 93' lang='lat'><strong>6,</strong></span> <span class='ocrx_word' id='word_1_1362' title='bbox 1758 2467 1786 2485; x_wconf 77' lang='lat'><strong>10</strong></span> <span class='ocrx_word' id='word_1_1363' title='bbox 1811 2459 1883 2486; x_wconf 87' lang='lat' dir='ltr'><strong>Atlas</strong></span> <span class='ocrx_word' id='word_1_1364' title='bbox 1895 2459 2021 2488; x_wconf 83' lang='lat' dir='ltr'><strong>historice</strong></span> <span class='ocrx_word' id='word_1_1365' title='bbox 2034 2462 2166 2491; x_wconf 87' lang='lat' dir='ltr'><strong>formatur</strong></span> <span class='ocrx_word' id='word_1_1366' title='bbox 2177 2464 2219 2491; x_wconf 78' lang='lat' dir='ltr'><strong>su·</strong></span> 
     </span>
    </p>
   </div>
   <div class='ocr_carea' id='block_1_12' title="bbox 23 2495 2217 2679">
    <p class='ocr_par' dir='ltr' id='par_1_25' title="bbox 42 2495 1415 2536">
     <span class='ocr_line' id='line_1_67' title="bbox 42 2495 1415 2536; baseline -0.009 -6"><span class='ocrx_word' id='word_1_1367' title='bbox 42 2508 111 2536; x_wconf 77' lang='lat' dir='ltr'><strong>:rior</strong></span> <span class='ocrx_word' id='word_1_1368' title='bbox 124 2509 152 2532; x_wconf 87' lang='lat' dir='ltr'><strong>in</strong></span> <span class='ocrx_word' id='word_1_1369' title='bbox 165 2504 350 2531; x_wconf 75' lang='lat' dir='ltr'><strong>Mauritaniam</strong></span> <span class='ocrx_word' id='word_1_1370' title='bbox 363 2506 387 2525; x_wconf 77' lang='lat' dir='ltr'><strong>et</strong></span> <span class='ocrx_word' id='word_1_1371' title='bbox 404 2500 562 2525; x_wconf 75' lang='lat' dir='ltr'><strong>Atlanticum</strong></span> <span class='ocrx_word' id='word_1_1372' title='bbox 580 2498 722 2528; x_wconf 78' lang='lat' dir='ltr'><strong>inclinans,</strong></span> <span class='ocrx_word' id='word_1_1373' title='bbox 740 2499 891 2531; x_wconf 83' lang='lat' dir='ltr'><strong>prouincias</strong></span> <span class='ocrx_word' id='word_1_1374' title='bbox 909 2497 995 2527; x_wconf 82' lang='lat' dir='ltr'><strong>babet,</strong></span> <span class='ocrx_word' id='word_1_1375' title='bbox 1018 2495 1104 2522; x_wconf 85' lang='lat' dir='ltr'><strong>Baeti·</strong></span> <span class='ocrx_word' id='word_1_1376' title='bbox 1166 2497 1263 2524; x_wconf 89' lang='lat' dir='ltr'><strong>stinens</strong></span> <span class='ocrx_word' id='word_1_1377' title='bbox 1276 2496 1415 2524; x_wconf 70' lang='lat' dir='ltr'><strong>mundum,</strong></span> 
     </span>
    </p>

    <p class='ocr_par' dir='ltr' id='par_1_26' title="bbox 23 2527 2217 2679">
     <span class='ocr_line' id='line_1_68' title="bbox 50 2527 2217 2576; baseline -0.003 -9"><span class='ocrx_word' id='word_1_1378' title='bbox 50 2552 110 2570; x_wconf 75' lang='lat' dir='ltr'><strong>cam</strong></span> <span class='ocrx_word' id='word_1_1379' title='bbox 120 2537 304 2576; x_wconf 67' lang='lat' dir='ltr'><strong>fertilisfimam</strong></span> <span class='ocrx_word' id='word_1_1380' title='bbox 312 2556 319 2567; x_wconf 90' lang='lat'><em>‚</em></span> <span class='ocrx_word' id='word_1_1381' title='bbox 339 2545 355 2562; x_wconf 88' lang='lat' dir='ltr'><strong>a</strong></span> <span class='ocrx_word' id='word_1_1382' title='bbox 366 2534 455 2567; x_wconf 81' lang='lat' dir='ltr'><strong>Baeti,</strong></span> <span class='ocrx_word' id='word_1_1383' title='bbox 473 2542 518 2569; x_wconf 85' lang='lat' dir='ltr'><strong>quo</strong></span> <span class='ocrx_word' id='word_1_1384' title='bbox 531 2536 658 2569; x_wconf 82' lang='lat' dir='ltr'><strong>irrigatur</strong></span> <span class='ocrx_word' id='word_1_1385' title='bbox 667 2551 674 2563; x_wconf 85' lang='lat'><strong>,</strong></span> <span class='ocrx_word' id='word_1_1386' title='bbox 692 2541 761 2558; x_wconf 82' lang='lat' dir='ltr'><strong>amne</strong></span> <span class='ocrx_word' id='word_1_1387' title='bbox 773 2529 876 2558; x_wconf 61' lang='lat' dir='ltr'><strong>distant.</strong></span> <span class='ocrx_word' id='word_1_1388' title='bbox 923 2533 1038 2558; x_wconf 81' lang='lat' dir='ltr'><strong>Alteram</strong></span> <span class='ocrx_word' id='word_1_1389' title='bbox 1052 2532 1104 2558; x_wconf 87' lang='lat' dir='ltr'><strong>Lu·</strong></span> <span class='ocrx_word' id='word_1_1390' title='bbox 1117 2530 1149 2563; x_wconf 81' lang='lat'><strong>65</strong></span> <span class='ocrx_word' id='word_1_1391' title='bbox 1202 2539 1223 2559; x_wconf 89' lang='lat' dir='ltr'><strong>H</strong></span> <span class='ocrx_word' id='word_1_1392' title='bbox 1235 2540 1246 2559; x_wconf 91' lang='lat'>1</span> <span class='ocrx_word' id='word_1_1393' title='bbox 1256 2540 1269 2560; x_wconf 84' lang='lat' dir='ltr'><strong>s</strong></span> <span class='ocrx_word' id='word_1_1394' title='bbox 1278 2540 1300 2559; x_wconf 84' lang='lat' dir='ltr'><strong>&#39;r</strong></span> <span class='ocrx_word' id='word_1_1395' title='bbox 1308 2539 1327 2559; x_wconf 90' lang='lat' dir='ltr'>O</span> <span class='ocrx_word' id='word_1_1396' title='bbox 1336 2539 1354 2559; x_wconf 74' lang='lat' dir='ltr'>R</span> <span class='ocrx_word' id='word_1_1397' title='bbox 1364 2540 1373 2559; x_wconf 92' lang='lat'>1</span> <span class='ocrx_word' id='word_1_1398' title='bbox 1382 2533 1403 2558; x_wconf 77' lang='grc' dir='ltr'><strong>Ᾰ</strong></span> <span class='ocrx_word' id='word_1_1399' title='bbox 1413 2538 1428 2557; x_wconf 79' lang='lat'><strong>1.</strong></span> <span class='ocrx_word' id='word_1_1400' title='bbox 1437 2538 1447 2557; x_wconf 92' lang='lat'>1</span> <span class='ocrx_word' id='word_1_1401' title='bbox 1457 2538 1470 2558; x_wconf 75' lang='lat' dir='ltr'><strong>s</strong></span> <span class='ocrx_word' id='word_1_1402' title='bbox 1479 2550 1486 2562; x_wconf 95' lang='lat'><strong>,</strong></span> <span class='ocrx_word' id='word_1_1403' title='bbox 1503 2540 1526 2558; x_wconf 86' lang='lat' dir='ltr'><strong>e.</strong></span> <span class='ocrx_word' id='word_1_1404' title='bbox 1561 2529 1623 2556; x_wconf 83' lang='lat' dir='ltr'><strong>Adi.</strong></span> <span class='ocrx_word' id='word_1_1405' title='bbox 1659 2528 1733 2563; x_wconf 75' lang='lat' dir='ltr'><strong>Quod</strong></span> <span class='ocrx_word' id='word_1_1406' title='bbox 1742 2529 1776 2554; x_wconf 76' lang='lat' dir='ltr'><strong>ad</strong></span> <span class='ocrx_word' id='word_1_1407' title='bbox 1785 2527 1915 2562; x_wconf 72' lang='lat' dir='ltr'><strong>historiam</strong></span> <span class='ocrx_word' id='word_1_1408' title='bbox 1921 2529 2032 2566; x_wconf 66' lang='lat' dir='ltr'><strong>spet‘lat.</strong></span> <span class='ocrx_word' id='word_1_1409' title='bbox 2103 2534 2169 2561; x_wconf 88' lang='lat' dir='ltr'><strong>Plin.</strong></span> <span class='ocrx_word' id='word_1_1410' title='bbox 2178 2535 2217 2568; x_wconf 83' lang='lat'><strong>16,</strong></span> 
     </span>
     <span class='ocr_line' id='line_1_69' title="bbox 24 2543 2144 2607; baseline -0.011 -4"><span class='ocrx_word' id='word_1_1411' title='bbox 24 2543 190 2607; x_wconf 53' lang='lat' dir='ltr'><strong>¹l-fitaniam,</strong></span> <span class='ocrx_word' id='word_1_1412' title='bbox 210 2571 440 2600; x_wconf 87' lang='lat' dir='ltr'><strong>Tarraconensem</strong></span> <span class='ocrx_word' id='word_1_1413' title='bbox 451 2572 568 2601; x_wconf 80' lang='lat' dir='ltr'><strong>tertiam,</strong></span> <span class='ocrx_word' id='word_1_1414' title='bbox 585 2578 600 2594; x_wconf 85' lang='lat' dir='ltr'><strong>a</strong></span> <span class='ocrx_word' id='word_1_1415' title='bbox 614 2568 786 2600; x_wconf 89' lang='lat' dir='ltr'><strong>Tarracone,</strong></span> <span class='ocrx_word' id='word_1_1416' title='bbox 805 2577 821 2593; x_wconf 89' lang='lat' dir='ltr'><strong>a</strong></span> <span class='ocrx_word' id='word_1_1417' title='bbox 834 2567 990 2603; x_wconf 81' lang='lat' dir='ltr'><strong>Scipionibus</strong></span> <span class='ocrx_word' id='word_1_1418' title='bbox 1002 2567 1105 2593; x_wconf 84' lang='lat' dir='ltr'><strong>condita</strong></span> <span class='ocrx_word' id='word_1_1419' title='bbox 1166 2576 1194 2600; x_wconf 82' lang='lat'><strong>33</strong></span> <span class='ocrx_word' id='word_1_1420' title='bbox 1223 2568 1360 2594; x_wconf 67' lang='lat' dir='ltr'><strong>Trahitur</strong></span> <span class='ocrx_word' id='word_1_1421' title='bbox 1373 2567 1454 2594; x_wconf 66' lang='lat' dir='ltr'><strong>etjam</strong></span> <span class='ocrx_word' id='word_1_1422' title='bbox 1467 2567 1495 2592; x_wconf 73' lang='lat' dir='ltr'><strong>in</strong></span> <span class='ocrx_word' id='word_1_1423' title='bbox 1507 2564 1622 2600; x_wconf 56' lang='lat' dir='ltr'><strong>pigna-as</strong></span> <span class='ocrx_word' id='word_1_1424' title='bbox 1635 2572 1715 2599; x_wconf 66' lang='lat' dir='ltr'><strong>opere</strong></span> <span class='ocrx_word' id='word_1_1425' title='bbox 1729 2563 1876 2591; x_wconf 58' lang='lat' dir='ltr'><strong>historiali:</strong></span> <span class='ocrx_word' id='word_1_1426' title='bbox 1895 2572 1941 2592; x_wconf 46' lang='lat' dir='ltr'><strong>m..</strong></span> <span class='ocrx_word' id='word_1_1427' title='bbox 1977 2568 2016 2593; x_wconf 55' lang='lat' dir='ltr'><strong>De</strong></span> <span class='ocrx_word' id='word_1_1428' title='bbox 2029 2567 2144 2603; x_wconf 46' lang='lat' dir='ltr'><strong>cupressi).</strong></span> 
     </span>
     <span class='ocr_line' id='line_1_70' title="bbox 25 2599 2112 2641; baseline 0.009 -31"><span class='ocrx_word' id='word_1_1429' title='bbox 25 2605 27 2610; x_wconf 86' lang='lat'><strong>.</strong></span> <span class='ocrx_word' id='word_1_1430' title='bbox 51 2613 112 2641; x_wconf 69' lang='lat' dir='ltr'><strong>vrbe</strong></span> <span class='ocrx_word' id='word_1_1431' title='bbox 125 2608 228 2638; x_wconf 66' lang='lat' dir='ltr'><strong>dietam.</strong></span> <span class='ocrx_word' id='word_1_1432' title='bbox 280 2609 374 2634; x_wconf 83' lang='lat' dir='ltr'><strong>Amnes</strong></span> <span class='ocrx_word' id='word_1_1433' title='bbox 387 2605 525 2641; x_wconf 77' lang='lat' dir='ltr'><strong>Hispaniae</strong></span> <span class='ocrx_word' id='word_1_1434' title='bbox 538 2603 748 2638; x_wconf 80' lang='lat' dir='ltr'><strong>clariffimisunt‚</strong></span> <span class='ocrx_word' id='word_1_1435' title='bbox 766 2603 873 2634; x_wconf 81' lang='lat' dir='ltr'><strong>Iberus,</strong></span> <span class='ocrx_word' id='word_1_1436' title='bbox 885 2603 986 2635; x_wconf 79' lang='lat' dir='ltr'><strong>Baetis,</strong></span> <span class='ocrx_word' id='word_1_1437' title='bbox 999 2603 1106 2637; x_wconf 86' lang='lat' dir='ltr'><strong>Tagus,</strong></span> <span class='ocrx_word' id='word_1_1438' title='bbox 1205 2609 1226 2628; x_wconf 82' lang='lat' dir='ltr'><strong>H</strong></span> <span class='ocrx_word' id='word_1_1439' title='bbox 1237 2610 1247 2629; x_wconf 87' lang='lat'><strong>1</strong></span> <span class='ocrx_word' id='word_1_1440' title='bbox 1257 2610 1269 2629; x_wconf 95' lang='lat' dir='ltr'><strong>s</strong></span> <span class='ocrx_word' id='word_1_1441' title='bbox 1280 2610 1302 2629; x_wconf 87' lang='lat' dir='ltr'>T</span> <span class='ocrx_word' id='word_1_1442' title='bbox 1312 2610 1332 2630; x_wconf 92' lang='lat'><em>0</em></span> <span class='ocrx_word' id='word_1_1443' title='bbox 1341 2610 1360 2629; x_wconf 82' lang='lat' dir='ltr'>R</span> <span class='ocrx_word' id='word_1_1444' title='bbox 1369 2611 1379 2629; x_wconf 94' lang='lat'><strong>1</strong></span> <span class='ocrx_word' id='word_1_1445' title='bbox 1390 2609 1410 2629; x_wconf 86' lang='lat' dir='ltr'>A</span> <span class='ocrx_word' id='word_1_1446' title='bbox 1420 2610 1436 2628; x_wconf 85' lang='lat' dir='ltr'>L</span> <span class='ocrx_word' id='word_1_1447' title='bbox 1447 2609 1455 2628; x_wconf 94' lang='lat'><strong>1</strong></span> <span class='ocrx_word' id='word_1_1448' title='bbox 1465 2607 1486 2627; x_wconf 88' lang='lat' dir='ltr'>T</span> <span class='ocrx_word' id='word_1_1449' title='bbox 1496 2608 1549 2628; x_wconf 82' lang='lat' dir='ltr'><strong>ER.</strong></span> <span class='ocrx_word' id='word_1_1450' title='bbox 1587 2599 1656 2626; x_wconf 89' lang='lat' dir='ltr'><strong>Adu.</strong></span> <span class='ocrx_word' id='word_1_1451' title='bbox 1694 2599 1816 2639; x_wconf 70' lang='lat' dir='ltr'><strong>Ambros.</strong></span> <span class='ocrx_word' id='word_1_1452' title='bbox 1830 2600 1859 2626; x_wconf 91' lang='lat' dir='ltr'><strong>in</strong></span> <span class='ocrx_word' id='word_1_1453' title='bbox 1873 2601 2025 2636; x_wconf 88' lang='lat' dir='ltr'><strong>Apocalyps.</strong></span> <span class='ocrx_word' id='word_1_1454' title='bbox 2040 2613 2061 2629; x_wconf 91' lang='lat' dir='ltr'><strong>c.</strong></span> <span class='ocrx_word' id='word_1_1455' title='bbox 2073 2613 2112 2631; x_wconf 85' lang='lat'><strong>21.</strong></span> 
     </span>
     <span class='ocr_line' id='line_1_71' title="bbox 23 2635 2216 2679; baseline 0.001 -14"><span class='ocrx_word' id='word_1_1456' title='bbox 23 2660 28 2665; x_wconf 93' lang='lat'><strong>.</strong></span> <span class='ocrx_word' id='word_1_1457' title='bbox 53 2651 138 2679; x_wconf 67' lang='grc' dir='ltr'>Αηεε,</span> <span class='ocrx_word' id='word_1_1458' title='bbox 159 2652 183 2672; x_wconf 81' lang='lat' dir='ltr'><strong>et</strong></span> <span class='ocrx_word' id='word_1_1459' title='bbox 195 2643 302 2671; x_wconf 87' lang='lat' dir='ltr'><strong>Durius.</strong></span> <span class='ocrx_word' id='word_1_1460' title='bbox 344 2641 402 2669; x_wconf 83' lang='lat' dir='ltr'><strong>Vid.</strong></span> <span class='ocrx_word' id='word_1_1461' title='bbox 415 2642 480 2668; x_wconf 92' lang='lat' dir='ltr'><strong>Plin.</strong></span> <span class='ocrx_word' id='word_1_1462' title='bbox 493 2649 517 2672; x_wconf 81' lang='lat'><strong>3,</strong></span> <span class='ocrx_word' id='word_1_1463' title='bbox 531 2649 550 2667; x_wconf 88' lang='lat'><strong>1.</strong></span> <span class='ocrx_word' id='word_1_1464' title='bbox 622 2639 717 2665; x_wconf 81' lang='lat' dir='ltr'><strong>Cassius</strong></span> <span class='ocrx_word' id='word_1_1465' title='bbox 733 2639 830 2665; x_wconf 85' lang='lat' dir='ltr'><strong>Plurali</strong></span> <span class='ocrx_word' id='word_1_1466' title='bbox 844 2638 903 2674; x_wconf 78' lang='lat' dir='ltr'><strong>usus</strong></span> <span class='ocrx_word' id='word_1_1467' title='bbox 922 2637 971 2670; x_wconf 62' lang='lat' dir='ltr'><strong>est,</strong></span> <span class='ocrx_word' id='word_1_1468' title='bbox 989 2638 1105 2672; x_wconf 77' lang='lat' dir='ltr'><strong>scribens</strong></span> <span class='ocrx_word' id='word_1_1469' title='bbox 1206 2643 1227 2663; x_wconf 87' lang='lat' dir='ltr'><strong>H</strong></span> <span class='ocrx_word' id='word_1_1470' title='bbox 1238 2645 1246 2663; x_wconf 96' lang='lat'><strong>1</strong></span> <span class='ocrx_word' id='word_1_1471' title='bbox 1256 2644 1269 2664; x_wconf 92' lang='lat' dir='ltr'><strong>s</strong></span> <span class='ocrx_word' id='word_1_1472' title='bbox 1280 2643 1356 2665; x_wconf 78' lang='lat' dir='ltr'><strong>Tor.</strong></span> <span class='ocrx_word' id='word_1_1473' title='bbox 1366 2645 1375 2663; x_wconf 89' lang='lat'><strong>1</strong></span> <span class='ocrx_word' id='word_1_1474' title='bbox 1385 2644 1432 2663; x_wconf 77' lang='lat' dir='ltr'><strong>AR</strong></span> <span class='ocrx_word' id='word_1_1475' title='bbox 1442 2644 1450 2662; x_wconf 85' lang='lat'>1</span> <span class='ocrx_word' id='word_1_1476' title='bbox 1460 2643 1481 2662; x_wconf 87' lang='lat' dir='ltr'>v</span> <span class='ocrx_word' id='word_1_1477' title='bbox 1491 2643 1532 2668; x_wconf 79' lang='lat' dir='ltr'><strong>M,</strong></span> <span class='ocrx_word' id='word_1_1478' title='bbox 1553 2636 1572 2661; x_wconf 92' lang='lat' dir='ltr'><strong>i.</strong></span> <span class='ocrx_word' id='word_1_1479' title='bbox 1598 2644 1625 2661; x_wconf 90' lang='lat' dir='ltr'><strong>n.</strong></span> <span class='ocrx_word' id='word_1_1480' title='bbox 1660 2635 1760 2661; x_wconf 83' lang='lat' dir='ltr'><strong>Rustici</strong></span> <span class='ocrx_word' id='word_1_1481' title='bbox 1772 2635 1872 2670; x_wconf 81' lang='lat' dir='ltr'><strong>Elpidii</strong></span> <span class='ocrx_word' id='word_1_1482' title='bbox 1884 2636 2068 2666; x_wconf 84' lang='lat' dir='ltr'><strong>historiarium</strong></span> <span class='ocrx_word' id='word_1_1483' title='bbox 2079 2640 2146 2668; x_wconf 91' lang='lat' dir='ltr'><strong>noui</strong></span> <span class='ocrx_word' id='word_1_1484' title='bbox 2158 2640 2216 2668; x_wconf 85' lang='lat' dir='ltr'><strong>Te·</strong></span> 
     </span>
    </p>
   </div>
   <div class='ocr_carea' id='block_1_13' title="bbox 52 2670 2217 2785">
    <p class='ocr_par' dir='ltr' id='par_1_27' title="bbox 52 2670 2217 2785">
     <span class='ocr_line' id='line_1_72' title="bbox 52 2670 1969 2712; baseline -0.008 -2"><span class='ocrx_word' id='word_1_1485' title='bbox 52 2684 88 2711; x_wconf 82' lang='lat' dir='ltr'><strong>ad</strong></span> <span class='ocrx_word' id='word_1_1486' title='bbox 100 2683 157 2710; x_wconf 90' lang='lat' dir='ltr'><strong>Cic.</strong></span> <span class='ocrx_word' id='word_1_1487' title='bbox 170 2681 242 2707; x_wconf 88' lang='lat' dir='ltr'><strong>Fam.</strong></span> <span class='ocrx_word' id='word_1_1488' title='bbox 257 2687 291 2712; x_wconf 78' lang='grc' dir='ltr'><strong>ις,</strong></span> <span class='ocrx_word' id='word_1_1489' title='bbox 305 2686 333 2711; x_wconf 84' lang='grc'><strong>19</strong></span> <span class='ocrx_word' id='word_1_1490' title='bbox 358 2676 432 2711; x_wconf 82' lang='lat' dir='ltr'><strong>Qid</strong></span> <span class='ocrx_word' id='word_1_1491' title='bbox 446 2677 475 2703; x_wconf 92' lang='lat' dir='ltr'><strong>in</strong></span> <span class='ocrx_word' id='word_1_1492' title='bbox 489 2674 624 2710; x_wconf 80' lang='lat' dir='ltr'><strong>Hispaniis</strong></span> <span class='ocrx_word' id='word_1_1493' title='bbox 637 2679 743 2712; x_wconf 79' lang='lat' dir='ltr'><strong>geratur</strong></span> <span class='ocrx_word' id='word_1_1494' title='bbox 758 2674 858 2712; x_wconf 78' lang='lat' dir='ltr'><strong>scribe,</strong></span> <span class='ocrx_word' id='word_1_1495' title='bbox 879 2673 907 2712; x_wconf 73' lang='lat' dir='ltr'><strong>ob</strong></span> <span class='ocrx_word' id='word_1_1496' title='bbox 922 2673 1033 2707; x_wconf 72' lang='lat' dir='ltr'><strong>diuersas</strong></span> <span class='ocrx_word' id='word_1_1497' title='bbox 1042 2679 1106 2707; x_wconf 83' lang='lat' dir='ltr'><strong>par·</strong></span> <span class='ocrx_word' id='word_1_1498' title='bbox 1166 2672 1298 2699; x_wconf 85' lang='lat' dir='ltr'><strong>stamenti.</strong></span> <span class='ocrx_word' id='word_1_1499' title='bbox 1340 2673 1399 2699; x_wconf 83' lang='lat' dir='ltr'><strong>Vid.</strong></span> <span class='ocrx_word' id='word_1_1500' title='bbox 1412 2672 1501 2699; x_wconf 83' lang='lat' dir='ltr'><strong>Barth.</strong></span> <span class='ocrx_word' id='word_1_1501' title='bbox 1515 2670 1620 2707; x_wconf 69' lang='lat' dir='ltr'><strong>Aduerfi</strong></span> <span class='ocrx_word' id='word_1_1502' title='bbox 1633 2674 1675 2710; x_wconf 63' lang='lat'><strong>²35²</strong></span> <span class='ocrx_word' id='word_1_1503' title='bbox 1694 2680 1720 2705; x_wconf 91' lang='lat'><strong>9.</strong></span> <span class='ocrx_word' id='word_1_1504' title='bbox 1965 2708 1969 2712; x_wconf 24' lang='grc' dir='ltr'>ἱ</span> 
     </span>
     <span class='ocr_line' id='line_1_73' title="bbox 53 2705 2217 2754; baseline -0.002 -11"><span class='ocrx_word' id='word_1_1505' title='bbox 53 2726 102 2751; x_wconf 65' lang='grc' dir='ltr'><strong>ιω,</strong></span> <span class='ocrx_word' id='word_1_1506' title='bbox 110 2727 172 2754; x_wconf 84' lang='lat' dir='ltr'><strong>quas</strong></span> <span class='ocrx_word' id='word_1_1507' title='bbox 186 2715 304 2745; x_wconf 81' lang='lat' dir='ltr'><strong>diximus,</strong></span> <span class='ocrx_word' id='word_1_1508' title='bbox 311 2720 342 2740; x_wconf 77' lang='lat' dir='ltr'><strong>vt</strong></span> <span class='ocrx_word' id='word_1_1509' title='bbox 355 2712 467 2745; x_wconf 86' lang='lat' dir='ltr'><strong>Galliae,</strong></span> <span class='ocrx_word' id='word_1_1510' title='bbox 481 2718 529 2751; x_wconf 62' lang='lat' dir='ltr'><strong>stc.</strong></span> <span class='ocrx_word' id='word_1_1511' title='bbox 589 2709 680 2754; x_wconf 65' lang='lat' dir='ltr'><strong>Puris</strong></span> <span class='ocrx_word' id='word_1_1512' title='bbox 693 2708 820 2753; x_wconf 68' lang='lat' dir='ltr'><strong>Hispania</strong></span> <span class='ocrx_word' id='word_1_1513' title='bbox 832 2707 910 2734; x_wconf 79' lang='lat' dir='ltr'><strong>bellis</strong></span> <span class='ocrx_word' id='word_1_1514' title='bbox 921 2708 1023 2750; x_wconf 65' lang='lat' dir='ltr'><strong>.L.¹¹ca¹¹.&#39;</strong></span> <span class='ocrx_word' id='word_1_1515' title='bbox 1031 2709 1104 2748; x_wconf 75' lang='lat'><strong>5,26.</strong></span> <span class='ocrx_word' id='word_1_1516' title='bbox 1114 2709 1151 2737; x_wconf 87' lang='lat'><strong>70</strong></span> <span class='ocrx_word' id='word_1_1517' title='bbox 1205 2714 1226 2734; x_wconf 90' lang='lat' dir='ltr'><strong>H</strong></span> <span class='ocrx_word' id='word_1_1518' title='bbox 1239 2715 1270 2734; x_wconf 80' lang='lat' dir='ltr'><strong>ts</strong></span> <span class='ocrx_word' id='word_1_1519' title='bbox 1280 2714 1301 2748; x_wconf 59' lang='lat' dir='ltr'><strong>[r</strong></span> <span class='ocrx_word' id='word_1_1520' title='bbox 1312 2713 1332 2734; x_wconf 94' lang='grc'>0</span> <span class='ocrx_word' id='word_1_1521' title='bbox 1342 2715 1361 2748; x_wconf 56' lang='lat'><strong>15</strong></span> <span class='ocrx_word' id='word_1_1522' title='bbox 1370 2715 1380 2734; x_wconf 92' lang='lat'>1</span> <span class='ocrx_word' id='word_1_1523' title='bbox 1389 2714 1407 2734; x_wconf 90' lang='grc' dir='ltr'>Ο</span> <span class='ocrx_word' id='word_1_1524' title='bbox 1417 2713 1438 2733; x_wconf 90' lang='lat' dir='ltr'>G</span> <span class='ocrx_word' id='word_1_1525' title='bbox 1450 2714 1469 2734; x_wconf 85' lang='lat' dir='ltr'>R</span> <span class='ocrx_word' id='word_1_1526' title='bbox 1478 2705 1501 2734; x_wconf 61' lang='lat'><strong>1³1</strong></span> <span class='ocrx_word' id='word_1_1527' title='bbox 1511 2712 1526 2733; x_wconf 84' lang='grc' dir='ltr'><strong><em>Ρ</em></strong></span> <span class='ocrx_word' id='word_1_1528' title='bbox 1536 2714 1557 2733; x_wconf 90' lang='grc' dir='ltr'><strong><em>Η</em></strong></span> <span class='ocrx_word' id='word_1_1529' title='bbox 1566 2713 1586 2732; x_wconf 83' lang='grc' dir='ltr'><strong><em>ν</em></strong></span> <span class='ocrx_word' id='word_1_1530' title='bbox 1597 2714 1628 2746; x_wconf 77' lang='lat' dir='ltr'><strong>s,</strong></span> <span class='ocrx_word' id='word_1_1531' title='bbox 1648 2714 1665 2732; x_wconf 89' lang='lat'><strong>1.</strong></span> <span class='ocrx_word' id='word_1_1532' title='bbox 1675 2741 1681 2746; x_wconf 84' lang='lat'><strong>.</strong></span> <span class='ocrx_word' id='word_1_1533' title='bbox 1697 2715 1733 2746; x_wconf 70' lang='lat'><strong>111.</strong></span> <span class='ocrx_word' id='word_1_1534' title='bbox 1782 2705 1911 2748; x_wconf 33' lang='lat' dir='ltr'><strong>‘Ambros3</strong></span> <span class='ocrx_word' id='word_1_1535' title='bbox 1923 2707 2003 2742; x_wconf 81' lang='lat' dir='ltr'><strong>Epist.</strong></span> <span class='ocrx_word' id='word_1_1536' title='bbox 2018 2718 2054 2750; x_wconf 83' lang='lat'><strong>42</strong></span> <span class='ocrx_word' id='word_1_1537' title='bbox 2066 2716 2110 2745; x_wconf 81' lang='lat' dir='ltr'><strong>pr.</strong></span> <span class='ocrx_word' id='word_1_1538' title='bbox 2145 2712 2217 2752; x_wconf 57' lang='lat' dir='ltr'><strong>Iose5</strong></span> 
     </span>
     <span class='ocr_line' id='line_1_74' title="bbox 91 2741 2216 2785; baseline -0.004 -6"><span class='ocrx_word' id='word_1_1539' title='bbox 91 2760 113 2780; x_wconf 79' lang='lat' dir='ltr'><strong>H</strong></span> <span class='ocrx_word' id='word_1_1540' title='bbox 123 2761 132 2780; x_wconf 92' lang='lat'>1</span> <span class='ocrx_word' id='word_1_1541' title='bbox 141 2759 154 2779; x_wconf 90' lang='lat' dir='ltr'><strong>s</strong></span> <span class='ocrx_word' id='word_1_1542' title='bbox 165 2758 181 2778; x_wconf 78' lang='lat' dir='ltr'>P</span> <span class='ocrx_word' id='word_1_1543' title='bbox 191 2753 243 2778; x_wconf 83' lang='grc' dir='ltr'><strong>ᾸΝ</strong></span> <span class='ocrx_word' id='word_1_1544' title='bbox 252 2757 274 2777; x_wconf 84' lang='grc' dir='ltr'><strong><em>ν</em></strong></span> <span class='ocrx_word' id='word_1_1545' title='bbox 283 2757 295 2776; x_wconf 88' lang='lat' dir='ltr'><strong>s</strong></span> <span class='ocrx_word' id='word_1_1546' title='bbox 306 2769 314 2781; x_wconf 82' lang='grc'>,</span> <span class='ocrx_word' id='word_1_1547' title='bbox 331 2757 345 2774; x_wconf 88' lang='lat' dir='ltr'><strong>a</strong></span> <span class='ocrx_word' id='word_1_1548' title='bbox 354 2768 362 2780; x_wconf 88' lang='lat'>‚</span> <span class='ocrx_word' id='word_1_1549' title='bbox 382 2757 437 2774; x_wconf 89' lang='lat' dir='ltr'><strong>um.</strong></span> <span class='ocrx_word' id='word_1_1550' title='bbox 477 2745 539 2772; x_wconf 66' lang='lat' dir='ltr'><strong>Adi.</strong></span> <span class='ocrx_word' id='word_1_1551' title='bbox 575 2745 587 2778; x_wconf 95' lang='lat'>[</span> <span class='ocrx_word' id='word_1_1552' title='bbox 603 2746 677 2785; x_wconf 69' lang='lat' dir='ltr'><strong>lssnp,</strong></span> <span class='ocrx_word' id='word_1_1553' title='bbox 690 2745 821 2784; x_wconf 55' lang='lat' dir='ltr'><strong>deamat]</strong></span> <span class='ocrx_word' id='word_1_1554' title='bbox 874 2745 924 2778; x_wconf 68' lang='lat' dir='ltr'><strong>Qu</strong></span> <span class='ocrx_word' id='word_1_1555' title='bbox 938 2752 965 2769; x_wconf 80' lang='grc' dir='ltr'><strong>ιη</strong></span> <span class='ocrx_word' id='word_1_1556' title='bbox 979 2742 1105 2778; x_wconf 78' lang='lat' dir='ltr'><strong>Hispania</strong></span> <span class='ocrx_word' id='word_1_1557' title='bbox 1166 2742 1232 2778; x_wconf 87' lang='lat' dir='ltr'><strong>phus</strong></span> <span class='ocrx_word' id='word_1_1558' title='bbox 1254 2742 1500 2777; x_wconf 82' lang='lat' dir='ltr'><strong>Historiographus.</strong></span> <span class='ocrx_word' id='word_1_1559' title='bbox 1563 2741 1728 2776; x_wconf 79' lang='lat' dir='ltr'><strong>Capitolini,</strong></span> <span class='ocrx_word' id='word_1_1560' title='bbox 1751 2741 1929 2775; x_wconf 77' lang='lat' dir='ltr'><strong>Hieronymi,</strong></span> <span class='ocrx_word' id='word_1_1561' title='bbox 1955 2745 2059 2778; x_wconf 83' lang='lat' dir='ltr'><strong>Orosn,</strong></span> <span class='ocrx_word' id='word_1_1562' title='bbox 2081 2747 2100 2773; x_wconf 85' lang='lat' dir='ltr'>F</span> <span class='ocrx_word' id='word_1_1563' title='bbox 2103 2745 2216 2781; x_wconf 85' lang='lat' dir='ltr'><strong>ulgentu</strong></span> 
     </span>
    </p>
   </div>
   <div class='ocr_carea' id='block_1_14' title="bbox 24 2775 2215 3280">
    <p class='ocr_par' dir='ltr' id='par_1_28' title="bbox 24 2775 2215 3280">
     <span class='ocr_line' id='line_1_75' title="bbox 43 2775 1997 2821; baseline -0.005 -7"><span class='ocrx_word' id='word_1_1564' title='bbox 43 2796 129 2817; x_wconf 57' lang='lat' dir='ltr'><strong>*natus</strong></span> <span class='ocrx_word' id='word_1_1565' title='bbox 142 2785 185 2821; x_wconf 79' lang='lat' dir='ltr'><strong>est.</strong></span> <span class='ocrx_word' id='word_1_1566' title='bbox 278 2785 461 2820; x_wconf 74' lang='lat' dir='ltr'><strong>Hispanorum</strong></span> <span class='ocrx_word' id='word_1_1567' title='bbox 473 2781 592 2816; x_wconf 84' lang='lat' dir='ltr'><strong>inquieta</strong></span> <span class='ocrx_word' id='word_1_1568' title='bbox 606 2788 714 2814; x_wconf 78' lang='lat' dir='ltr'><strong>ingenia</strong></span> <span class='ocrx_word' id='word_1_1569' title='bbox 749 2779 809 2805; x_wconf 89' lang='lat' dir='ltr'><strong>Liu.</strong></span> <span class='ocrx_word' id='word_1_1570' title='bbox 823 2787 872 2811; x_wconf 88' lang='lat'><strong>22,</strong></span> <span class='ocrx_word' id='word_1_1571' title='bbox 890 2787 929 2805; x_wconf 63' lang='grc' dir='ltr'><strong>ιι.</strong></span> <span class='ocrx_word' id='word_1_1572' title='bbox 1001 2779 1105 2804; x_wconf 82' lang='lat' dir='ltr'><strong>Aurum</strong></span> <span class='ocrx_word' id='word_1_1573' title='bbox 1166 2780 1274 2817; x_wconf 68' lang='lat' dir='ltr'><strong>exempla</strong></span> <span class='ocrx_word' id='word_1_1574' title='bbox 1282 2779 1410 2814; x_wconf 78' lang='lat' dir='ltr'><strong>proposita</strong></span> <span class='ocrx_word' id='word_1_1575' title='bbox 1417 2779 1480 2814; x_wconf 66' lang='lat' dir='ltr'><strong>siant</strong></span> <span class='ocrx_word' id='word_1_1576' title='bbox 1492 2788 1507 2805; x_wconf 91' lang='lat' dir='ltr'><strong>a</strong></span> <span class='ocrx_word' id='word_1_1577' title='bbox 1520 2777 1624 2804; x_wconf 74' lang='lat' dir='ltr'><strong>cellario</strong></span> <span class='ocrx_word' id='word_1_1578' title='bbox 1638 2775 1712 2803; x_wconf 81' lang='lat' dir='ltr'><strong>Curis</strong></span> <span class='ocrx_word' id='word_1_1579' title='bbox 1719 2775 1899 2812; x_wconf 80' lang='lat' dir='ltr'><strong>posterioribus</strong></span> <span class='ocrx_word' id='word_1_1580' title='bbox 1906 2786 1935 2813; x_wconf 83' lang='lat' dir='ltr'><strong>p.</strong></span> <span class='ocrx_word' id='word_1_1581' title='bbox 1946 2789 1997 2814; x_wconf 82' lang='lat'><em>¹75·</em></span> 
     </span>
     <span class='ocr_line' id='line_1_76' title="bbox 42 2812 2215 2858; baseline -0.005 -7"><span class='ocrx_word' id='word_1_1582' title='bbox 42 2823 172 2854; x_wconf 74' lang='lat' dir='ltr'><strong>‘MartiaL</strong></span> <span class='ocrx_word' id='word_1_1583' title='bbox 185 2830 211 2858; x_wconf 88' lang='lat'><strong>7,</strong></span> <span class='ocrx_word' id='word_1_1584' title='bbox 225 2827 262 2854; x_wconf 84' lang='lat'><strong>87.</strong></span> <span class='ocrx_word' id='word_1_1585' title='bbox 354 2819 429 2846; x_wconf 89' lang='lat' dir='ltr'><strong>Idem</strong></span> <span class='ocrx_word' id='word_1_1586' title='bbox 443 2827 486 2850; x_wconf 90' lang='lat'><strong>10,</strong></span> <span class='ocrx_word' id='word_1_1587' title='bbox 505 2820 537 2850; x_wconf 82' lang='lat'><strong>65</strong></span> <span class='ocrx_word' id='word_1_1588' title='bbox 566 2817 615 2843; x_wconf 91' lang='lat' dir='ltr'><strong>Tu</strong></span> <span class='ocrx_word' id='word_1_1589' title='bbox 630 2816 698 2842; x_wconf 83' lang='lat' dir='ltr'><strong>flexa</strong></span> <span class='ocrx_word' id='word_1_1590' title='bbox 707 2814 808 2841; x_wconf 89' lang='lat' dir='ltr'><strong>nitidus</strong></span> <span class='ocrx_word' id='word_1_1591' title='bbox 821 2822 897 2840; x_wconf 89' lang='lat' dir='ltr'><strong>coma</strong></span> <span class='ocrx_word' id='word_1_1592' title='bbox 910 2813 1029 2848; x_wconf 86' lang='lat' dir='ltr'><strong>vagaris,</strong></span> <span class='ocrx_word' id='word_1_1593' title='bbox 1055 2814 1104 2840; x_wconf 90' lang='lat' dir='ltr'><strong>Hi·</strong></span> <span class='ocrx_word' id='word_1_1594' title='bbox 1203 2821 1265 2841; x_wconf 83' lang='lat' dir='ltr'><strong>1-11s</strong></span> <span class='ocrx_word' id='word_1_1595' title='bbox 1274 2822 1295 2841; x_wconf 89' lang='lat' dir='ltr'>T</span> <span class='ocrx_word' id='word_1_1596' title='bbox 1304 2821 1324 2841; x_wconf 80' lang='lat' dir='ltr'>R</span> <span class='ocrx_word' id='word_1_1597' title='bbox 1333 2821 1370 2841; x_wconf 89' lang='lat'><strong>10</strong></span> <span class='ocrx_word' id='word_1_1598' title='bbox 1383 2834 1391 2846; x_wconf 88' lang='lat'>‚</span> <span class='ocrx_word' id='word_1_1599' title='bbox 1409 2814 1477 2840; x_wconf 74' lang='lat' dir='ltr'><strong>onis.</strong></span> <span class='ocrx_word' id='word_1_1600' title='bbox 1497 2823 1518 2839; x_wconf 90' lang='lat' dir='ltr'><strong>c.</strong></span> <span class='ocrx_word' id='word_1_1601' title='bbox 1554 2812 1715 2848; x_wconf 57' lang='lat' dir='ltr'><strong>[owenez-tris,</strong></span> <span class='ocrx_word' id='word_1_1602' title='bbox 1733 2813 1828 2846; x_wconf 66' lang='grc' dir='ltr'><strong><em>μῖμος]</em></strong></span> <span class='ocrx_word' id='word_1_1603' title='bbox 1870 2814 1922 2848; x_wconf 71' lang='lat' dir='ltr'><strong>Qu*</strong></span> <span class='ocrx_word' id='word_1_1604' title='bbox 1930 2814 2077 2850; x_wconf 70' lang='lat' dir='ltr'><strong>perstanatus</strong></span> <span class='ocrx_word' id='word_1_1605' title='bbox 2090 2818 2116 2842; x_wconf 85' lang='lat' dir='ltr'><strong>in</strong></span> <span class='ocrx_word' id='word_1_1606' title='bbox 2123 2816 2215 2852; x_wconf 84' lang='lat' dir='ltr'><strong>scena,</strong></span> 
     </span>
     <span class='ocr_line' id='line_1_77' title="bbox 43 2847 2215 2896; baseline -0.004 -9"><span class='ocrx_word' id='word_1_1607' title='bbox 43 2860 139 2896; x_wconf 77' lang='lat' dir='ltr'><strong>‘spanis</strong></span> <span class='ocrx_word' id='word_1_1608' title='bbox 150 2868 200 2893; x_wconf 78' lang='lat' dir='ltr'><strong>ego</strong></span> <span class='ocrx_word' id='word_1_1609' title='bbox 213 2862 354 2884; x_wconf 84' lang='lat' dir='ltr'><strong>contumax</strong></span> <span class='ocrx_word' id='word_1_1610' title='bbox 368 2853 479 2889; x_wconf 86' lang='lat' dir='ltr'><strong>capillis.</strong></span> <span class='ocrx_word' id='word_1_1611' title='bbox 565 2852 624 2879; x_wconf 86' lang='lat' dir='ltr'><strong>Nec</strong></span> <span class='ocrx_word' id='word_1_1612' title='bbox 640 2859 753 2877; x_wconf 87' lang='lat' dir='ltr'><strong>numero</strong></span> <span class='ocrx_word' id='word_1_1613' title='bbox 773 2851 919 2884; x_wconf 87' lang='lat' dir='ltr'><strong>Hispanos,</strong></span> <span class='ocrx_word' id='word_1_1614' title='bbox 938 2858 986 2876; x_wconf 87' lang='lat' dir='ltr'><strong>nec</strong></span> <span class='ocrx_word' id='word_1_1615' title='bbox 1004 2848 1104 2876; x_wconf 89' lang='lat' dir='ltr'><strong>robore</strong></span> <span class='ocrx_word' id='word_1_1616' title='bbox 1165 2850 1309 2885; x_wconf 82' lang='lat' dir='ltr'><strong>tragoedias</strong></span> <span class='ocrx_word' id='word_1_1617' title='bbox 1323 2851 1364 2877; x_wconf 76' lang='lat' dir='ltr'><strong>vel</strong></span> <span class='ocrx_word' id='word_1_1618' title='bbox 1381 2849 1518 2876; x_wconf 71' lang='lat' dir='ltr'><strong>comoedias</strong></span> <span class='ocrx_word' id='word_1_1619' title='bbox 1534 2851 1600 2886; x_wconf 85' lang='lat' dir='ltr'><strong>agit.</strong></span> <span class='ocrx_word' id='word_1_1620' title='bbox 1653 2847 1757 2874; x_wconf 79' lang='lat' dir='ltr'><strong>Festus:</strong></span> <span class='ocrx_word' id='word_1_1621' title='bbox 1783 2848 1933 2876; x_wconf 84' lang='lat' dir='ltr'><strong>Histriones</strong></span> <span class='ocrx_word' id='word_1_1622' title='bbox 1958 2850 2041 2883; x_wconf 72' lang='lat' dir='ltr'><strong>diffl,</strong></span> <span class='ocrx_word' id='word_1_1623' title='bbox 2066 2853 2137 2886; x_wconf 90' lang='lat' dir='ltr'><strong>quod</strong></span> <span class='ocrx_word' id='word_1_1624' title='bbox 2161 2853 2215 2887; x_wconf 87' lang='lat' dir='ltr'><strong>pri-</strong></span> 
     </span>
     <span class='ocr_line' id='line_1_78' title="bbox 42 2884 2215 2925; baseline -0.004 -3"><span class='ocrx_word' id='word_1_1625' title='bbox 42 2896 144 2925; x_wconf 80' lang='lat' dir='ltr'><strong>&#39;Gallos</strong></span> <span class='ocrx_word' id='word_1_1626' title='bbox 176 2902 224 2920; x_wconf 84' lang='lat' dir='ltr'><strong>nec</strong></span> <span class='ocrx_word' id='word_1_1627' title='bbox 237 2891 382 2919; x_wconf 86' lang='lat' dir='ltr'><strong>calliditate</strong></span> <span class='ocrx_word' id='word_1_1628' title='bbox 396 2892 513 2921; x_wconf 85' lang='lat' dir='ltr'><strong>Poenos,</strong></span> <span class='ocrx_word' id='word_1_1629' title='bbox 529 2896 577 2914; x_wconf 91' lang='lat' dir='ltr'><strong>nec</strong></span> <span class='ocrx_word' id='word_1_1630' title='bbox 592 2886 694 2914; x_wconf 85' lang='lat' dir='ltr'><strong>artibus</strong></span> <span class='ocrx_word' id='word_1_1631' title='bbox 708 2887 840 2918; x_wconf 86' lang='lat' dir='ltr'><strong>Graecos,</strong></span> <span class='ocrx_word' id='word_1_1632' title='bbox 858 2893 904 2911; x_wconf 80' lang='lat' dir='ltr'><strong>etc.</strong></span> <span class='ocrx_word' id='word_1_1633' title='bbox 923 2885 1104 2920; x_wconf 79' lang='lat' dir='ltr'><strong>superauitnus</strong></span> <span class='ocrx_word' id='word_1_1634' title='bbox 1121 2892 1155 2920; x_wconf 80' lang='lat'><strong>73</strong></span> <span class='ocrx_word' id='word_1_1635' title='bbox 1166 2894 1240 2912; x_wconf 89' lang='lat' dir='ltr'><strong>mum</strong></span> <span class='ocrx_word' id='word_1_1636' title='bbox 1254 2894 1286 2911; x_wconf 86' lang='lat' dir='ltr'><strong>ex</strong></span> <span class='ocrx_word' id='word_1_1637' title='bbox 1299 2885 1401 2912; x_wconf 89' lang='lat' dir='ltr'><strong>Histria</strong></span> <span class='ocrx_word' id='word_1_1638' title='bbox 1414 2891 1552 2911; x_wconf 89' lang='lat' dir='ltr'><strong>venerunt.</strong></span> <span class='ocrx_word' id='word_1_1639' title='bbox 1669 2884 1730 2910; x_wconf 88' lang='lat' dir='ltr'><strong>Liu.</strong></span> <span class='ocrx_word' id='word_1_1640' title='bbox 1746 2893 1768 2916; x_wconf 91' lang='lat'><strong>7,</strong></span> <span class='ocrx_word' id='word_1_1641' title='bbox 1782 2891 1806 2910; x_wconf 85' lang='lat'><strong>2.</strong></span> <span class='ocrx_word' id='word_1_1642' title='bbox 1836 2891 1860 2911; x_wconf 85' lang='lat' dir='ltr'><strong>et</strong></span> <span class='ocrx_word' id='word_1_1643' title='bbox 1874 2885 1995 2913; x_wconf 81' lang='lat' dir='ltr'><strong>Valerius</strong></span> <span class='ocrx_word' id='word_1_1644' title='bbox 2008 2887 2079 2914; x_wconf 81' lang='lat' dir='ltr'><strong>Max.</strong></span> <span class='ocrx_word' id='word_1_1645' title='bbox 2095 2895 2127 2920; x_wconf 87' lang='lat'><strong>2,</strong></span> <span class='ocrx_word' id='word_1_1646' title='bbox 2140 2896 2159 2921; x_wconf 85' lang='lat'>4</span> <span class='ocrx_word' id='word_1_1647' title='bbox 2168 2907 2175 2919; x_wconf 94' lang='lat'>‚</span> <span class='ocrx_word' id='word_1_1648' title='bbox 2195 2898 2215 2922; x_wconf 86' lang='lat'>4</span> 
     </span>
     <span class='ocr_line' id='line_1_79' title="bbox 42 2914 2215 2963; baseline -0.002 -10"><span class='ocrx_word' id='word_1_1649' title='bbox 42 2932 113 2960; x_wconf 45' lang='lat' dir='ltr'><strong>’Cim</strong></span> <span class='ocrx_word' id='word_1_1650' title='bbox 126 2914 160 2958; x_wconf 57' lang='lat' dir='ltr'><strong>de,</strong></span> <span class='ocrx_word' id='word_1_1651' title='bbox 173 2929 267 2963; x_wconf 85' lang='lat' dir='ltr'><strong>Arusp.</strong></span> <span class='ocrx_word' id='word_1_1652' title='bbox 282 2928 358 2961; x_wconf 87' lang='lat' dir='ltr'><strong>Resp.</strong></span> <span class='ocrx_word' id='word_1_1653' title='bbox 377 2936 398 2952; x_wconf 88' lang='lat' dir='ltr'><strong>c.</strong></span> <span class='ocrx_word' id='word_1_1654' title='bbox 413 2934 451 2958; x_wconf 89' lang='lat'><strong>19.</strong></span> <span class='ocrx_word' id='word_1_1655' title='bbox 544 2923 614 2958; x_wconf 87' lang='lat' dir='ltr'><strong>Equi</strong></span> <span class='ocrx_word' id='word_1_1656' title='bbox 634 2922 746 2957; x_wconf 87' lang='lat' dir='ltr'><strong>Hispani</strong></span> <span class='ocrx_word' id='word_1_1657' title='bbox 787 2922 853 2956; x_wconf 88' lang='lat' dir='ltr'><strong>Veg.</strong></span> <span class='ocrx_word' id='word_1_1658' title='bbox 876 2921 945 2948; x_wconf 91' lang='lat' dir='ltr'><strong>Mul.</strong></span> <span class='ocrx_word' id='word_1_1659' title='bbox 963 2930 982 2955; x_wconf 87' lang='lat'>4</span> <span class='ocrx_word' id='word_1_1660' title='bbox 992 2941 1001 2954; x_wconf 88' lang='lat'>‚</span> <span class='ocrx_word' id='word_1_1661' title='bbox 1020 2922 1053 2952; x_wconf 88' lang='lat'><strong>6,</strong></span> <span class='ocrx_word' id='word_1_1662' title='bbox 1075 2930 1103 2955; x_wconf 83' lang='lat'><strong>4.</strong></span> <span class='ocrx_word' id='word_1_1663' title='bbox 1165 2930 1263 2948; x_wconf 85' lang='lat' dir='ltr'><strong>nomen</strong></span> <span class='ocrx_word' id='word_1_1664' title='bbox 1277 2920 1452 2947; x_wconf 84' lang='lat' dir='ltr'><strong>histrionibus</strong></span> <span class='ocrx_word' id='word_1_1665' title='bbox 1466 2921 1541 2947; x_wconf 85' lang='lat' dir='ltr'><strong>fuisse</strong></span> <span class='ocrx_word' id='word_1_1666' title='bbox 1561 2918 1676 2946; x_wconf 87' lang='lat' dir='ltr'><strong>inditum</strong></span> <span class='ocrx_word' id='word_1_1667' title='bbox 1689 2919 1806 2956; x_wconf 83' lang='lat' dir='ltr'><strong>scribunt</strong></span> <span class='ocrx_word' id='word_1_1668' title='bbox 1812 2938 1820 2950; x_wconf 89' lang='lat'><strong>,</strong></span> <span class='ocrx_word' id='word_1_1669' title='bbox 1844 2921 1906 2955; x_wconf 92' lang='lat' dir='ltr'><strong>quia</strong></span> <span class='ocrx_word' id='word_1_1670' title='bbox 1920 2921 2012 2949; x_wconf 83' lang='lat' dir='ltr'><strong>Hister</strong></span> <span class='ocrx_word' id='word_1_1671' title='bbox 2023 2922 2115 2949; x_wconf 85' lang='lat' dir='ltr'><strong>Tusco</strong></span> <span class='ocrx_word' id='word_1_1672' title='bbox 2129 2922 2215 2950; x_wconf 88' lang='lat' dir='ltr'><strong>verbo</strong></span> 
     </span>
     <span class='ocr_line' id='line_1_80' title="bbox 29 2955 2212 3002; baseline -0.004 -8"><span class='ocrx_word' id='word_1_1673' title='bbox 29 2968 149 3002; x_wconf 64' lang='lat' dir='ltr'><strong>&#39;ilugum</strong></span> <span class='ocrx_word' id='word_1_1674' title='bbox 174 2964 258 2992; x_wconf 88' lang='lat' dir='ltr'><strong>Ouid.</strong></span> <span class='ocrx_word' id='word_1_1675' title='bbox 272 2963 304 2990; x_wconf 85' lang='lat' dir='ltr'><strong>de</strong></span> <span class='ocrx_word' id='word_1_1676' title='bbox 317 2963 381 2989; x_wconf 88' lang='lat' dir='ltr'><strong>Arte</strong></span> <span class='ocrx_word' id='word_1_1677' title='bbox 394 2962 453 2988; x_wconf 80' lang='lat' dir='ltr'><strong>Am.</strong></span> <span class='ocrx_word' id='word_1_1678' title='bbox 466 2968 489 2993; x_wconf 79' lang='lat'><strong>3,</strong></span> <span class='ocrx_word' id='word_1_1679' title='bbox 500 2961 564 2993; x_wconf 89' lang='lat'><strong>646.</strong></span> <span class='ocrx_word' id='word_1_1680' title='bbox 636 2958 677 2985; x_wconf 91' lang='lat' dir='ltr'><strong>Sal</strong></span> <span class='ocrx_word' id='word_1_1681' title='bbox 702 2957 807 2985; x_wconf 90' lang='lat' dir='ltr'><strong>Colum.</strong></span> <span class='ocrx_word' id='word_1_1682' title='bbox 815 2959 842 2990; x_wconf 85' lang='lat'><strong>6,</strong></span> <span class='ocrx_word' id='word_1_1683' title='bbox 856 2965 895 2991; x_wconf 85' lang='lat'><strong>17,</strong></span> <span class='ocrx_word' id='word_1_1684' title='bbox 908 2965 933 2984; x_wconf 84' lang='lat'><strong>2.</strong></span> <span class='ocrx_word' id='word_1_1685' title='bbox 1005 2956 1104 2983; x_wconf 87' lang='lat' dir='ltr'><strong>Oleum</strong></span> <span class='ocrx_word' id='word_1_1686' title='bbox 1165 2956 1255 2984; x_wconf 90' lang='lat' dir='ltr'><strong>Ludio</strong></span> <span class='ocrx_word' id='word_1_1687' title='bbox 1267 2957 1422 2983; x_wconf 85' lang='lat' dir='ltr'><strong>vocabatur.</strong></span> <span class='ocrx_word' id='word_1_1688' title='bbox 1530 2955 1587 2982; x_wconf 94' lang='lat' dir='ltr'><strong>Cic.</strong></span> <span class='ocrx_word' id='word_1_1689' title='bbox 1601 2955 1684 2982; x_wconf 85' lang='lat' dir='ltr'><strong>Tusc.</strong></span> <span class='ocrx_word' id='word_1_1690' title='bbox 1699 2965 1718 2989; x_wconf 92' lang='lat'>4</span> <span class='ocrx_word' id='word_1_1691' title='bbox 1760 2956 1881 2989; x_wconf 85' lang='lat' dir='ltr'><strong>Aguntur</strong></span> <span class='ocrx_word' id='word_1_1692' title='bbox 1901 2956 1948 2983; x_wconf 91' lang='lat' dir='ltr'><strong>ista</strong></span> <span class='ocrx_word' id='word_1_1693' title='bbox 1965 2958 2114 2992; x_wconf 79' lang='lat' dir='ltr'><strong>praeclare,</strong></span> <span class='ocrx_word' id='word_1_1694' title='bbox 2134 2964 2160 2985; x_wconf 89' lang='lat' dir='ltr'><strong>et</strong></span> <span class='ocrx_word' id='word_1_1695' title='bbox 2179 2959 2212 2985; x_wconf 90' lang='lat' dir='ltr'><strong>ab</strong></span> 
     </span>
     <span class='ocr_line' id='line_1_81' title="bbox 30 2990 2212 3034; baseline -0 -13"><span class='ocrx_word' id='word_1_1696' title='bbox 30 3000 41 3021; x_wconf 71' lang='lat' dir='ltr'><strong>&#39;r</strong></span> <span class='ocrx_word' id='word_1_1697' title='bbox 75 3003 118 3031; x_wconf 53' lang='lat'><strong>311·</strong></span> <span class='ocrx_word' id='word_1_1698' title='bbox 133 3002 184 3029; x_wconf 76' lang='lat' dir='ltr'><strong>Iul,</strong></span> <span class='ocrx_word' id='word_1_1699' title='bbox 197 3009 223 3034; x_wconf 76' lang='lat'><strong>9,</strong></span> <span class='ocrx_word' id='word_1_1700' title='bbox 399 2994 420 3034; x_wconf 56' lang='lat' dir='ltr'>fl</span> <span class='ocrx_word' id='word_1_1701' title='bbox 447 3004 460 3023; x_wconf 87' lang='lat'><strong>2</strong></span> <span class='ocrx_word' id='word_1_1702' title='bbox 494 2995 591 3029; x_wconf 88' lang='lat' dir='ltr'><strong>Spanus</strong></span> <span class='ocrx_word' id='word_1_1703' title='bbox 600 3000 649 3030; x_wconf 85' lang='lat' dir='ltr'><strong>pro</strong></span> <span class='ocrx_word' id='word_1_1704' title='bbox 663 2994 792 3028; x_wconf 87' lang='lat' dir='ltr'><strong>Hispanus</strong></span> <span class='ocrx_word' id='word_1_1705' title='bbox 809 2996 859 3019; x_wconf 87' lang='lat' dir='ltr'><strong>iam</strong></span> <span class='ocrx_word' id='word_1_1706' title='bbox 871 2990 905 3025; x_wconf 69' lang='lat' dir='ltr'><strong>est</strong></span> <span class='ocrx_word' id='word_1_1707' title='bbox 917 2991 985 3028; x_wconf 83' lang='lat' dir='ltr'><strong>apud</strong></span> <span class='ocrx_word' id='word_1_1708' title='bbox 998 2999 1104 3019; x_wconf 78' lang='lat' dir='ltr'><strong>veterem</strong></span> <span class='ocrx_word' id='word_1_1709' title='bbox 1166 2993 1281 3019; x_wconf 87' lang='lat' dir='ltr'><strong>Oratore</strong></span> <span class='ocrx_word' id='word_1_1710' title='bbox 1294 2992 1403 3027; x_wconf 89' lang='lat' dir='ltr'><strong>quidem</strong></span> <span class='ocrx_word' id='word_1_1711' title='bbox 1416 2991 1528 3024; x_wconf 81' lang='lat' dir='ltr'><strong>ineliuS,</strong></span> <span class='ocrx_word' id='word_1_1712' title='bbox 1545 2990 1563 3017; x_wconf 84' lang='lat' dir='ltr'><strong>fi</strong></span> <span class='ocrx_word' id='word_1_1713' title='bbox 1578 2990 1659 3017; x_wconf 86' lang='lat' dir='ltr'><strong>modo</strong></span> <span class='ocrx_word' id='word_1_1714' title='bbox 1675 2990 1711 3017; x_wconf 88' lang='lat' dir='ltr'><strong>est</strong></span> <span class='ocrx_word' id='word_1_1715' title='bbox 1725 2991 1838 3023; x_wconf 89' lang='lat' dir='ltr'><strong>Orator,</strong></span> <span class='ocrx_word' id='word_1_1716' title='bbox 1864 3001 1942 3026; x_wconf 87' lang='lat' dir='ltr'><strong>quam</strong></span> <span class='ocrx_word' id='word_1_1717' title='bbox 1957 2993 1990 3019; x_wconf 80' lang='lat' dir='ltr'><strong>ab</strong></span> <span class='ocrx_word' id='word_1_1718' title='bbox 2006 2993 2061 3019; x_wconf 88' lang='lat' dir='ltr'><strong>vllo</strong></span> <span class='ocrx_word' id='word_1_1719' title='bbox 2073 2993 2212 3021; x_wconf 87' lang='lat' dir='ltr'><strong>histrione.</strong></span> 
     </span>
     <span class='ocr_line' id='line_1_82' title="bbox 34 3026 2212 3065; baseline -0.005 0"><span class='ocrx_word' id='word_1_1720' title='bbox 34 3033 42 3047; x_wconf 50' lang='lat'><strong>&#39;¹</strong></span> <span class='ocrx_word' id='word_1_1721' title='bbox 87 3037 217 3065; x_wconf 86' lang='lat' dir='ltr'><strong>holiasten</strong></span> <span class='ocrx_word' id='word_1_1722' title='bbox 246 3035 340 3062; x_wconf 91' lang='lat' dir='ltr'><strong>quen.</strong></span> <span class='ocrx_word' id='word_1_1723' title='bbox 354 3033 405 3060; x_wconf 89' lang='lat' dir='ltr'><strong>Sat.</strong></span> <span class='ocrx_word' id='word_1_1724' title='bbox 421 3040 455 3058; x_wconf 86' lang='lat'><strong>12.</strong></span> <span class='ocrx_word' id='word_1_1725' title='bbox 497 3030 555 3058; x_wconf 84' lang='lat' dir='ltr'><strong>Vid.</strong></span> <span class='ocrx_word' id='word_1_1726' title='bbox 569 3032 619 3057; x_wconf 85' lang='lat' dir='ltr'><strong>Rut</strong></span> <span class='ocrx_word' id='word_1_1727' title='bbox 638 3029 684 3065; x_wconf 80' lang='lat' dir='ltr'><strong>ers.</strong></span> <span class='ocrx_word' id='word_1_1728' title='bbox 705 3030 766 3056; x_wconf 83' lang='lat' dir='ltr'><strong>Var.</strong></span> <span class='ocrx_word' id='word_1_1729' title='bbox 782 3027 850 3055; x_wconf 62' lang='lat' dir='ltr'><strong>Leti.</strong></span> <span class='ocrx_word' id='word_1_1730' title='bbox 860 3038 885 3063; x_wconf 83' lang='lat'><strong>4,</strong></span> <span class='ocrx_word' id='word_1_1731' title='bbox 899 3038 925 3063; x_wconf 91' lang='lat'><strong>4.</strong></span> <span class='ocrx_word' id='word_1_1732' title='bbox 1167 3028 1246 3054; x_wconf 75' lang='lat' dir='ltr'><strong>Affio</strong></span> <span class='ocrx_word' id='word_1_1733' title='bbox 1262 3028 1404 3060; x_wconf 87' lang='lat' dir='ltr'><strong>histrioni,</strong></span> <span class='ocrx_word' id='word_1_1734' title='bbox 1424 3027 1543 3053; x_wconf 87' lang='lat' dir='ltr'><strong>saltatori</strong></span> <span class='ocrx_word' id='word_1_1735' title='bbox 1557 3032 1644 3053; x_wconf 86' lang='lat' dir='ltr'><strong>motus</strong></span> <span class='ocrx_word' id='word_1_1736' title='bbox 1658 3035 1712 3053; x_wconf 88' lang='lat' dir='ltr'><strong>non</strong></span> <span class='ocrx_word' id='word_1_1737' title='bbox 1725 3026 1829 3060; x_wconf 83' lang='lat' dir='ltr'><strong>quiuis,</strong></span> <span class='ocrx_word' id='word_1_1738' title='bbox 1858 3027 1901 3053; x_wconf 90' lang='lat' dir='ltr'><strong>sed</strong></span> <span class='ocrx_word' id='word_1_1739' title='bbox 1916 3035 2000 3055; x_wconf 85' lang='lat' dir='ltr'><strong>certus</strong></span> <span class='ocrx_word' id='word_1_1740' title='bbox 2015 3028 2122 3062; x_wconf 88' lang='lat' dir='ltr'><strong>quidam</strong></span> <span class='ocrx_word' id='word_1_1741' title='bbox 2138 3029 2212 3056; x_wconf 81' lang='lat' dir='ltr'><strong>datus</strong></span> 
     </span>
     <span class='ocr_line' id='line_1_83' title="bbox 24 3039 2211 3102; baseline -0.005 0"><span class='ocrx_word' id='word_1_1742' title='bbox 24 3096 26 3100; x_wconf 66' lang='grc'>,</span> <span class='ocrx_word' id='word_1_1743' title='bbox 92 3080 154 3100; x_wconf 75' lang='lat' dir='ltr'><strong>Hls</strong></span> <span class='ocrx_word' id='word_1_1744' title='bbox 164 3079 181 3099; x_wconf 87' lang='lat'><strong>1²</strong></span> <span class='ocrx_word' id='word_1_1745' title='bbox 190 3078 243 3099; x_wconf 76' lang='grc' dir='ltr'><strong>ΑΝ</strong></span> <span class='ocrx_word' id='word_1_1746' title='bbox 253 3077 280 3097; x_wconf 78' lang='grc' dir='ltr'><strong>Ε.</strong></span> <span class='ocrx_word' id='word_1_1747' title='bbox 315 3068 386 3096; x_wconf 87' lang='lat' dir='ltr'><strong>Adu.</strong></span> <span class='ocrx_word' id='word_1_1748' title='bbox 421 3067 520 3093; x_wconf 86' lang='lat' dir='ltr'><strong>Ennius</strong></span> <span class='ocrx_word' id='word_1_1749' title='bbox 533 3065 601 3102; x_wconf 81' lang='lat' dir='ltr'><strong>apud</strong></span> <span class='ocrx_word' id='word_1_1750' title='bbox 611 3039 760 3093; x_wconf 58' lang='lat' dir='ltr'><strong>guarinum</strong></span> <span class='ocrx_word' id='word_1_1751' title='bbox 773 3073 790 3091; x_wconf 86' lang='lat'><strong>2</strong></span> <span class='ocrx_word' id='word_1_1752' title='bbox 803 3074 828 3100; x_wconf 92' lang='lat' dir='ltr'><strong>p.</strong></span> <span class='ocrx_word' id='word_1_1753' title='bbox 838 3069 882 3095; x_wconf 88' lang='lat'><strong>180</strong></span> <span class='ocrx_word' id='word_1_1754' title='bbox 908 3064 1034 3099; x_wconf 87' lang='lat' dir='ltr'><strong>Hispane,</strong></span> <span class='ocrx_word' id='word_1_1755' title='bbox 1047 3072 1103 3090; x_wconf 91' lang='lat' dir='ltr'><strong>non</strong></span> <span class='ocrx_word' id='word_1_1756' title='bbox 1119 3068 1152 3096; x_wconf 85' lang='lat'><strong>80</strong></span> <span class='ocrx_word' id='word_1_1757' title='bbox 1167 3064 1203 3090; x_wconf 81' lang='lat' dir='ltr'><strong>est</strong></span> <span class='ocrx_word' id='word_1_1758' title='bbox 1225 3063 1298 3090; x_wconf 88' lang='lat' dir='ltr'><strong>Idem</strong></span> <span class='ocrx_word' id='word_1_1759' title='bbox 1311 3063 1343 3090; x_wconf 87' lang='lat' dir='ltr'><strong>de</strong></span> <span class='ocrx_word' id='word_1_1760' title='bbox 1356 3064 1413 3090; x_wconf 79' lang='lat' dir='ltr'><strong>Fin.</strong></span> <span class='ocrx_word' id='word_1_1761' title='bbox 1427 3072 1471 3096; x_wconf 80' lang='lat'><strong>24.</strong></span> <span class='ocrx_word' id='word_1_1762' title='bbox 1564 3061 1722 3088; x_wconf 88' lang='lat' dir='ltr'><strong>Exfibilatur</strong></span> <span class='ocrx_word' id='word_1_1763' title='bbox 1735 3068 1761 3088; x_wconf 88' lang='lat' dir='ltr'><strong>et</strong></span> <span class='ocrx_word' id='word_1_1764' title='bbox 1772 3062 1924 3102; x_wconf 81' lang='lat' dir='ltr'><strong>exploditur</strong></span> <span class='ocrx_word' id='word_1_1765' title='bbox 1943 3063 2047 3095; x_wconf 89' lang='lat' dir='ltr'><strong>histrio,</strong></span> <span class='ocrx_word' id='word_1_1766' title='bbox 2061 3063 2078 3089; x_wconf 81' lang='lat' dir='ltr'><strong>si</strong></span> <span class='ocrx_word' id='word_1_1767' title='bbox 2092 3064 2211 3097; x_wconf 86' lang='lat' dir='ltr'><strong>paullum</strong></span> 
     </span>
     <span class='ocr_line' id='line_1_84' title="bbox 24 3098 2211 3139; baseline -0.004 -3"><span class='ocrx_word' id='word_1_1768' title='bbox 24 3105 25 3109; x_wconf 36' lang='lat'>¹</span> <span class='ocrx_word' id='word_1_1769' title='bbox 81 3117 175 3136; x_wconf 87' lang='lat' dir='ltr'><strong>omane</strong></span> <span class='ocrx_word' id='word_1_1770' title='bbox 207 3105 362 3133; x_wconf 86' lang='lat' dir='ltr'><strong>memoretis</strong></span> <span class='ocrx_word' id='word_1_1771' title='bbox 375 3103 453 3139; x_wconf 90' lang='lat' dir='ltr'><strong>loqui</strong></span> <span class='ocrx_word' id='word_1_1772' title='bbox 466 3112 518 3129; x_wconf 91' lang='lat' dir='ltr'><strong>me.</strong></span> <span class='ocrx_word' id='word_1_1773' title='bbox 1166 3100 1191 3126; x_wconf 91' lang='lat' dir='ltr'><strong>se</strong></span> <span class='ocrx_word' id='word_1_1774' title='bbox 1205 3100 1292 3126; x_wconf 87' lang='lat' dir='ltr'><strong>mouit</strong></span> <span class='ocrx_word' id='word_1_1775' title='bbox 1305 3106 1380 3126; x_wconf 85' lang='lat' dir='ltr'><strong>extra</strong></span> <span class='ocrx_word' id='word_1_1776' title='bbox 1392 3107 1548 3130; x_wconf 87' lang='lat' dir='ltr'><strong>numerum,</strong></span> <span class='ocrx_word' id='word_1_1777' title='bbox 1574 3104 1620 3125; x_wconf 93' lang='lat' dir='ltr'><strong>aut</strong></span> <span class='ocrx_word' id='word_1_1778' title='bbox 1640 3098 1657 3124; x_wconf 84' lang='lat' dir='ltr'>fi</span> <span class='ocrx_word' id='word_1_1779' title='bbox 1676 3099 1765 3124; x_wconf 83' lang='lat' dir='ltr'><strong>versus</strong></span> <span class='ocrx_word' id='word_1_1780' title='bbox 1784 3104 1967 3131; x_wconf 79' lang='lat' dir='ltr'><strong>pronuntiatus</strong></span> <span class='ocrx_word' id='word_1_1781' title='bbox 1985 3099 2022 3124; x_wconf 86' lang='lat' dir='ltr'><strong>est</strong></span> <span class='ocrx_word' id='word_1_1782' title='bbox 2042 3099 2139 3131; x_wconf 89' lang='lat' dir='ltr'><strong>syllaba</strong></span> <span class='ocrx_word' id='word_1_1783' title='bbox 2159 3109 2211 3127; x_wconf 82' lang='lat' dir='ltr'><strong>vna</strong></span> 
     </span>
     <span class='ocr_line' id='line_1_85' title="bbox 95 3128 2209 3174; baseline -0.004 -4"><span class='ocrx_word' id='word_1_1784' title='bbox 95 3149 118 3169; x_wconf 85' lang='lat' dir='ltr'><strong>H</strong></span> <span class='ocrx_word' id='word_1_1785' title='bbox 127 3128 244 3170; x_wconf 75' lang='lat' dir='ltr'><strong>tsr’AN</strong></span> <span class='ocrx_word' id='word_1_1786' title='bbox 253 3148 354 3174; x_wconf 89' lang='lat' dir='ltr'><strong>1cvs,</strong></span> <span class='ocrx_word' id='word_1_1787' title='bbox 372 3149 404 3173; x_wconf 89' lang='lat' dir='ltr'><strong>a,</strong></span> <span class='ocrx_word' id='word_1_1788' title='bbox 423 3148 477 3168; x_wconf 90' lang='lat' dir='ltr'><strong>um.</strong></span> <span class='ocrx_word' id='word_1_1789' title='bbox 525 3136 587 3165; x_wconf 85' lang='lat' dir='ltr'><strong>Adi.</strong></span> <span class='ocrx_word' id='word_1_1790' title='bbox 643 3136 714 3164; x_wconf 86' lang='lat' dir='ltr'><strong>Suet.</strong></span> <span class='ocrx_word' id='word_1_1791' title='bbox 732 3137 799 3171; x_wconf 83' lang='lat' dir='ltr'><strong>Aug.</strong></span> <span class='ocrx_word' id='word_1_1792' title='bbox 820 3145 841 3163; x_wconf 87' lang='lat' dir='ltr'><strong>c.</strong></span> <span class='ocrx_word' id='word_1_1793' title='bbox 858 3140 887 3167; x_wconf 81' lang='lat'><strong>82</strong></span> <span class='ocrx_word' id='word_1_1794' title='bbox 928 3134 1102 3171; x_wconf 58' lang='lat' dir='ltr'><strong>Hispanicum</strong></span> <span class='ocrx_word' id='word_1_1795' title='bbox 1165 3135 1278 3162; x_wconf 84' lang='lat' dir='ltr'><strong>breuior</strong></span> <span class='ocrx_word' id='word_1_1796' title='bbox 1290 3143 1335 3162; x_wconf 90' lang='lat' dir='ltr'><strong>aut</strong></span> <span class='ocrx_word' id='word_1_1797' title='bbox 1348 3135 1456 3170; x_wconf 85' lang='lat' dir='ltr'><strong>longior</strong></span> <span class='ocrx_word' id='word_1_1798' title='bbox 1481 3134 1520 3160; x_wconf 89' lang='lat' dir='ltr'><strong>Id.</strong></span> <span class='ocrx_word' id='word_1_1799' title='bbox 1529 3136 1557 3160; x_wconf 90' lang='lat' dir='ltr'><strong>in</strong></span> <span class='ocrx_word' id='word_1_1800' title='bbox 1565 3134 1655 3161; x_wconf 84' lang='lat' dir='ltr'><strong>Parad.</strong></span> <span class='ocrx_word' id='word_1_1801' title='bbox 1668 3142 1689 3165; x_wconf 80' lang='lat'><strong>3-</strong></span> <span class='ocrx_word' id='word_1_1802' title='bbox 1761 3133 1859 3159; x_wconf 90' lang='lat' dir='ltr'><strong>Curare</strong></span> <span class='ocrx_word' id='word_1_1803' title='bbox 1872 3132 2029 3165; x_wconf 84' lang='lat' dir='ltr'><strong>histriones,</strong></span> <span class='ocrx_word' id='word_1_1804' title='bbox 2047 3134 2100 3160; x_wconf 84' lang='lat' dir='ltr'><strong>vid.</strong></span> <span class='ocrx_word' id='word_1_1805' title='bbox 2114 3141 2209 3162; x_wconf 79' lang='lat' dir='ltr'><strong>cvno.</strong></span> 
     </span>
     <span class='ocr_line' id='line_1_86' title="bbox 55 3168 2212 3207; baseline -0.004 -3"><span class='ocrx_word' id='word_1_1806' title='bbox 55 3178 180 3207; x_wconf 84' lang='lat' dir='ltr'><strong>verbum.</strong></span> <span class='ocrx_word' id='word_1_1807' title='bbox 1164 3172 1244 3199; x_wconf 88' lang='lat' dir='ltr'><strong>Leuis</strong></span> <span class='ocrx_word' id='word_1_1808' title='bbox 1257 3180 1298 3198; x_wconf 90' lang='lat' dir='ltr'><strong>ars</strong></span> <span class='ocrx_word' id='word_1_1809' title='bbox 1311 3178 1336 3198; x_wconf 89' lang='lat' dir='ltr'><strong>et</strong></span> <span class='ocrx_word' id='word_1_1810' title='bbox 1350 3172 1423 3198; x_wconf 88' lang='lat' dir='ltr'><strong>scena</strong></span> <span class='ocrx_word' id='word_1_1811' title='bbox 1438 3170 1598 3196; x_wconf 88' lang='lat' dir='ltr'><strong>histrionum</strong></span> <span class='ocrx_word' id='word_1_1812' title='bbox 1634 3169 1689 3196; x_wconf 90' lang='lat' dir='ltr'><strong>Cic.</strong></span> <span class='ocrx_word' id='word_1_1813' title='bbox 1702 3168 1733 3194; x_wconf 87' lang='lat' dir='ltr'><strong>de</strong></span> <span class='ocrx_word' id='word_1_1814' title='bbox 1746 3169 1820 3195; x_wconf 85' lang='lat' dir='ltr'><strong>Orat.</strong></span> <span class='ocrx_word' id='word_1_1815' title='bbox 1834 3176 1855 3200; x_wconf 91' lang='lat'><strong>1,</strong></span> <span class='ocrx_word' id='word_1_1816' title='bbox 1868 3173 1902 3198; x_wconf 87' lang='lat'><strong>18-</strong></span> <span class='ocrx_word' id='word_1_1817' title='bbox 1970 3170 2079 3196; x_wconf 87' lang='lat' dir='ltr'><strong>Roscius</strong></span> <span class='ocrx_word' id='word_1_1818' title='bbox 2092 3175 2118 3196; x_wconf 87' lang='lat' dir='ltr'><strong>et</strong></span> <span class='ocrx_word' id='word_1_1819' title='bbox 2132 3170 2212 3197; x_wconf 89' lang='lat' dir='ltr'><strong>Aeso-</strong></span> 
     </span>
     <span class='ocr_line' id='line_1_87' title="bbox 97 3203 2211 3244; baseline -0.005 -6"><span class='ocrx_word' id='word_1_1820' title='bbox 97 3219 119 3238; x_wconf 90' lang='grc' dir='ltr'><strong><em>Η</em></strong></span> <span class='ocrx_word' id='word_1_1821' title='bbox 129 3218 396 3244; x_wconf 78' lang='lat' dir='ltr'><strong>lsPANIENSIS,</strong></span> <span class='ocrx_word' id='word_1_1822' title='bbox 412 3220 436 3238; x_wconf 87' lang='lat' dir='ltr'><strong>e.</strong></span> <span class='ocrx_word' id='word_1_1823' title='bbox 472 3208 534 3237; x_wconf 82' lang='lat' dir='ltr'><strong>Adi.</strong></span> <span class='ocrx_word' id='word_1_1824' title='bbox 586 3206 738 3244; x_wconf 73' lang='lat' dir='ltr'><strong>[¹1s3npmo&#39;t‚</strong></span> <span class='ocrx_word' id='word_1_1825' title='bbox 754 3206 915 3242; x_wconf 68' lang='grc' dir='ltr'>Ἱσκοινῆσως]</span> <span class='ocrx_word' id='word_1_1826' title='bbox 972 3207 1024 3242; x_wconf 71' lang='lat' dir='ltr'><strong>Qci</strong></span> <span class='ocrx_word' id='word_1_1827' title='bbox 1040 3205 1104 3233; x_wconf 87' lang='lat' dir='ltr'><strong>alibi</strong></span> <span class='ocrx_word' id='word_1_1828' title='bbox 1165 3216 1212 3242; x_wconf 86' lang='lat' dir='ltr'><strong>pus</strong></span> <span class='ocrx_word' id='word_1_1829' title='bbox 1227 3207 1367 3234; x_wconf 86' lang='lat' dir='ltr'><strong>histriones</strong></span> <span class='ocrx_word' id='word_1_1830' title='bbox 1382 3206 1448 3233; x_wconf 88' lang='lat' dir='ltr'><strong>clari</strong></span> <span class='ocrx_word' id='word_1_1831' title='bbox 1470 3205 1508 3232; x_wconf 89' lang='lat' dir='ltr'><strong>Id.</strong></span> <span class='ocrx_word' id='word_1_1832' title='bbox 1522 3205 1588 3232; x_wconf 90' lang='lat' dir='ltr'><strong>ibid.</strong></span> <span class='ocrx_word' id='word_1_1833' title='bbox 1599 3215 1623 3236; x_wconf 87' lang='lat'><strong>1,</strong></span> <span class='ocrx_word' id='word_1_1834' title='bbox 1637 3210 1681 3237; x_wconf 76' lang='lat'><strong>258</strong></span> <span class='ocrx_word' id='word_1_1835' title='bbox 1696 3213 1717 3230; x_wconf 85' lang='lat' dir='ltr'><strong>e.</strong></span> <span class='ocrx_word' id='word_1_1836' title='bbox 1730 3206 1767 3229; x_wconf 86' lang='lat'><strong>61.</strong></span> <span class='ocrx_word' id='word_1_1837' title='bbox 1837 3203 1904 3230; x_wconf 89' lang='lat' dir='ltr'><strong>Plin.</strong></span> <span class='ocrx_word' id='word_1_1838' title='bbox 1920 3211 1952 3239; x_wconf 84' lang='lat'><strong>7,</strong></span> <span class='ocrx_word' id='word_1_1839' title='bbox 1965 3213 1991 3237; x_wconf 73' lang='lat'><strong>53</strong></span> <span class='ocrx_word' id='word_1_1840' title='bbox 2028 3205 2211 3239; x_wconf 66' lang='lat' dir='ltr'><strong>Operofiffima</strong></span> 
     </span>
     <span class='ocr_line' id='line_1_88' title="bbox 59 3239 2210 3280; baseline -0.003 -5"><span class='ocrx_word' id='word_1_1841' title='bbox 59 3254 147 3279; x_wconf 80' lang='lat' dir='ltr'><strong>ortus,</strong></span> <span class='ocrx_word' id='word_1_1842' title='bbox 166 3248 194 3272; x_wconf 80' lang='lat' dir='ltr'><strong>in</strong></span> <span class='ocrx_word' id='word_1_1843' title='bbox 208 3246 331 3280; x_wconf 86' lang='lat' dir='ltr'><strong>Hispania</strong></span> <span class='ocrx_word' id='word_1_1844' title='bbox 340 3254 383 3274; x_wconf 86' lang='lat' dir='ltr'><strong>aut</strong></span> <span class='ocrx_word' id='word_1_1845' title='bbox 395 3246 509 3277; x_wconf 81' lang='lat' dir='ltr'><strong>habitat,</strong></span> <span class='ocrx_word' id='word_1_1846' title='bbox 528 3251 570 3271; x_wconf 72' lang='lat' dir='ltr'><strong>aul</strong></span> <span class='ocrx_word' id='word_1_1847' title='bbox 580 3245 702 3280; x_wconf 78' lang='lat' dir='ltr'><strong>versatur.</strong></span> <span class='ocrx_word' id='word_1_1848' title='bbox 796 3242 875 3277; x_wconf 82' lang='lat' dir='ltr'>SOfiP·</span> <span class='ocrx_word' id='word_1_1849' title='bbox 891 3241 993 3269; x_wconf 69' lang='lat' dir='ltr'><strong>Charis·</strong></span> <span class='ocrx_word' id='word_1_1850' title='bbox 1004 3250 1014 3268; x_wconf 89' lang='lat'><strong>1</strong></span> <span class='ocrx_word' id='word_1_1851' title='bbox 1032 3251 1057 3276; x_wconf 82' lang='lat' dir='ltr'><strong>P·</strong></span> <span class='ocrx_word' id='word_1_1852' title='bbox 1072 3248 1102 3271; x_wconf 80' lang='lat'><strong>82</strong></span> <span class='ocrx_word' id='word_1_1853' title='bbox 1119 3245 1149 3275; x_wconf 76' lang='lat'><strong>85</strong></span> <span class='ocrx_word' id='word_1_1854' title='bbox 1165 3248 1252 3270; x_wconf 83' lang='lat' dir='ltr'><strong>tamen</strong></span> <span class='ocrx_word' id='word_1_1855' title='bbox 1265 3244 1389 3270; x_wconf 83' lang='lat' dir='ltr'><strong>securitas</strong></span> <span class='ocrx_word' id='word_1_1856' title='bbox 1401 3241 1495 3269; x_wconf 85' lang='lat' dir='ltr'><strong>mortis</strong></span> <span class='ocrx_word' id='word_1_1857' title='bbox 1507 3242 1536 3268; x_wconf 87' lang='lat' dir='ltr'><strong>in</strong></span> <span class='ocrx_word' id='word_1_1858' title='bbox 1548 3242 1587 3268; x_wconf 86' lang='lat' dir='ltr'><strong>M.</strong></span> <span class='ocrx_word' id='word_1_1859' title='bbox 1602 3239 1687 3267; x_wconf 87' lang='lat' dir='ltr'><strong>Ofilio</strong></span> <span class='ocrx_word' id='word_1_1860' title='bbox 1711 3239 1809 3265; x_wconf 79' lang='lat' dir='ltr'><strong>Hilaro</strong></span> <span class='ocrx_word' id='word_1_1861' title='bbox 1827 3239 1860 3265; x_wconf 92' lang='lat' dir='ltr'><strong>ab</strong></span> <span class='ocrx_word' id='word_1_1862' title='bbox 1878 3241 1995 3275; x_wconf 86' lang='lat' dir='ltr'><strong>antiquis</strong></span> <span class='ocrx_word' id='word_1_1863' title='bbox 2013 3240 2142 3273; x_wconf 85' lang='lat' dir='ltr'><strong>traditur,</strong></span> <span class='ocrx_word' id='word_1_1864' title='bbox 2167 3250 2210 3268; x_wconf 86' lang='lat' dir='ltr'><strong>co-</strong></span> 
     </span>
    </p>
   </div>
   <div class='ocr_carea' id='block_1_15' title="bbox 0 3274 2210 3458">
    <p class='ocr_par' dir='ltr' id='par_1_29' title="bbox 0 3274 2210 3458">
     <span class='ocr_line' id='line_1_89' title="bbox 54 3274 2210 3322; baseline -0.003 -13"><span class='ocrx_word' id='word_1_1865' title='bbox 54 3290 107 3322; x_wconf 57' lang='lat' dir='ltr'><strong>pr..</strong></span> <span class='ocrx_word' id='word_1_1866' title='bbox 138 3282 206 3308; x_wconf 88' lang='lat' dir='ltr'><strong>Cum</strong></span> <span class='ocrx_word' id='word_1_1867' title='bbox 219 3280 331 3307; x_wconf 82' lang='lat' dir='ltr'><strong>dicimus</strong></span> <span class='ocrx_word' id='word_1_1868' title='bbox 342 3282 486 3317; x_wconf 87' lang='lat' dir='ltr'><strong>Hispanus,</strong></span> <span class='ocrx_word' id='word_1_1869' title='bbox 504 3289 602 3308; x_wconf 87' lang='lat' dir='ltr'><strong>nomen</strong></span> <span class='ocrx_word' id='word_1_1870' title='bbox 615 3279 730 3306; x_wconf 82' lang='lat' dir='ltr'><strong>nationis</strong></span> <span class='ocrx_word' id='word_1_1871' title='bbox 742 3279 919 3310; x_wconf 84' lang='lat' dir='ltr'><strong>ostendimus,</strong></span> <span class='ocrx_word' id='word_1_1872' title='bbox 939 3286 999 3304; x_wconf 83' lang='lat' dir='ltr'><strong>cuni</strong></span> <span class='ocrx_word' id='word_1_1873' title='bbox 1013 3283 1101 3304; x_wconf 88' lang='lat' dir='ltr'><strong>autem</strong></span> <span class='ocrx_word' id='word_1_1874' title='bbox 1163 3278 1332 3305; x_wconf 89' lang='lat' dir='ltr'><strong>moediarum</strong></span> <span class='ocrx_word' id='word_1_1875' title='bbox 1354 3278 1491 3305; x_wconf 90' lang='lat' dir='ltr'><strong>histrione.</strong></span> <span class='ocrx_word' id='word_1_1876' title='bbox 1549 3274 1792 3315; x_wconf 40' lang='lat' dir='ltr'><strong>Dal-listrionibns</strong></span> <span class='ocrx_word' id='word_1_1877' title='bbox 1814 3274 1948 3311; x_wconf 78' lang='lat' dir='ltr'><strong>diligenter</strong></span> <span class='ocrx_word' id='word_1_1878' title='bbox 1977 3282 2000 3302; x_wconf 78' lang='lat' dir='ltr'><strong>ct</strong></span> <span class='ocrx_word' id='word_1_1879' title='bbox 2023 3283 2137 3303; x_wconf 82' lang='lat' dir='ltr'><strong>accurate</strong></span> <span class='ocrx_word' id='word_1_1880' title='bbox 2158 3280 2210 3314; x_wconf 78' lang='lat' dir='ltr'><strong>egit</strong></span> 
     </span>
     <span class='ocr_line' id='line_1_90' title="bbox 60 3309 2209 3352; baseline -0.003 -7"><span class='ocrx_word' id='word_1_1881' title='bbox 60 3315 238 3352; x_wconf 84' lang='lat' dir='ltr'><strong>Hispaniensss</strong></span> <span class='ocrx_word' id='word_1_1882' title='bbox 250 3324 395 3349; x_wconf 79' lang='lat' dir='ltr'><strong>cognomen</strong></span> <span class='ocrx_word' id='word_1_1883' title='bbox 405 3326 515 3351; x_wconf 87' lang='lat' dir='ltr'><strong>eorum,</strong></span> <span class='ocrx_word' id='word_1_1884' title='bbox 535 3317 582 3351; x_wconf 90' lang='lat' dir='ltr'><strong>qui</strong></span> <span class='ocrx_word' id='word_1_1885' title='bbox 595 3316 762 3350; x_wconf 86' lang='lat' dir='ltr'><strong>prouinciam</strong></span> <span class='ocrx_word' id='word_1_1886' title='bbox 775 3315 930 3349; x_wconf 85' lang='lat' dir='ltr'><strong>Hispaniam</strong></span> <span class='ocrx_word' id='word_1_1887' title='bbox 944 3313 1043 3344; x_wconf 85' lang='lat' dir='ltr'><strong>colunt,</strong></span> <span class='ocrx_word' id='word_1_1888' title='bbox 1054 3312 1100 3339; x_wconf 81' lang='lat' dir='ltr'><strong>etsi</strong></span> <span class='ocrx_word' id='word_1_1889' title='bbox 1163 3315 1294 3350; x_wconf 87' lang='lat' dir='ltr'><strong>Carpzou.</strong></span> <span class='ocrx_word' id='word_1_1890' title='bbox 1308 3316 1340 3341; x_wconf 88' lang='lat' dir='ltr'><strong>de</strong></span> <span class='ocrx_word' id='word_1_1891' title='bbox 1354 3313 1482 3341; x_wconf 87' lang='lat' dir='ltr'><strong>Aristonis</strong></span> <span class='ocrx_word' id='word_1_1892' title='bbox 1496 3311 1562 3339; x_wconf 87' lang='lat' dir='ltr'><strong>Chii</strong></span> <span class='ocrx_word' id='word_1_1893' title='bbox 1575 3310 1648 3337; x_wconf 63' lang='lat' dir='ltr'><strong>dicio</strong></span> <span class='ocrx_word' id='word_1_1894' title='bbox 1669 3309 1734 3336; x_wconf 59' lang='lat' dir='ltr'><strong>Se&amp;</strong></span> <span class='ocrx_word' id='word_1_1895' title='bbox 1750 3319 1768 3336; x_wconf 93' lang='lat'><strong>1.</strong></span> <span class='ocrx_word' id='word_1_1896' title='bbox 1793 3309 1915 3346; x_wconf 78' lang='lat' dir='ltr'><strong>docetque,</strong></span> <span class='ocrx_word' id='word_1_1897' title='bbox 1933 3311 2056 3339; x_wconf 83' lang='lat' dir='ltr'><strong>interdum</strong></span> <span class='ocrx_word' id='word_1_1898' title='bbox 2069 3314 2209 3348; x_wconf 77' lang='lat' dir='ltr'><strong>generalius</strong></span> 
     </span>
     <span class='ocr_line' id='line_1_91' title="bbox 59 3344 2209 3387; baseline -0.003 -7"><span class='ocrx_word' id='word_1_1899' title='bbox 59 3362 116 3380; x_wconf 88' lang='lat' dir='ltr'><strong>non</strong></span> <span class='ocrx_word' id='word_1_1900' title='bbox 129 3351 249 3387; x_wconf 86' lang='lat' dir='ltr'><strong>Hispani·</strong></span> <span class='ocrx_word' id='word_1_1901' title='bbox 285 3351 357 3386; x_wconf 83' lang='lat' dir='ltr'><strong>Conf-</strong></span> <span class='ocrx_word' id='word_1_1902' title='bbox 371 3359 387 3379; x_wconf 89' lang='lat' dir='ltr'><strong>c</strong></span> <span class='ocrx_word' id='word_1_1903' title='bbox 395 3360 414 3380; x_wconf 92' lang='lat' dir='ltr'><strong>o</strong></span> <span class='ocrx_word' id='word_1_1904' title='bbox 422 3360 459 3380; x_wconf 75' lang='lat' dir='ltr'><strong>R]</strong></span> <span class='ocrx_word' id='word_1_1905' title='bbox 468 3360 490 3379; x_wconf 84' lang='lat' dir='ltr'>N</span> <span class='ocrx_word' id='word_1_1906' title='bbox 499 3361 520 3380; x_wconf 83' lang='lat' dir='ltr'>T</span> <span class='ocrx_word' id='word_1_1907' title='bbox 531 3359 552 3378; x_wconf 88' lang='grc' dir='ltr'><strong><em>Η</em></strong></span> <span class='ocrx_word' id='word_1_1908' title='bbox 564 3360 574 3379; x_wconf 82' lang='grc'>1</span> <span class='ocrx_word' id='word_1_1909' title='bbox 584 3358 600 3378; x_wconf 76' lang='grc' dir='ltr'><strong><em>ε</em></strong></span> <span class='ocrx_word' id='word_1_1910' title='bbox 609 3359 629 3378; x_wconf 91' lang='grc' dir='ltr'>Ν</span> <span class='ocrx_word' id='word_1_1911' title='bbox 640 3359 652 3378; x_wconf 83' lang='lat' dir='ltr'><strong>s</strong></span> <span class='ocrx_word' id='word_1_1912' title='bbox 662 3359 671 3377; x_wconf 92' lang='lat'>1</span> <span class='ocrx_word' id='word_1_1913' title='bbox 681 3358 704 3378; x_wconf 88' lang='lat' dir='ltr'><strong>s.</strong></span> <span class='ocrx_word' id='word_1_1914' title='bbox 811 3350 902 3377; x_wconf 87' lang='lat' dir='ltr'><strong>Aestus</strong></span> <span class='ocrx_word' id='word_1_1915' title='bbox 922 3348 1100 3383; x_wconf 71' lang='lat' dir='ltr'><strong>Hispaniensis</strong></span> <span class='ocrx_word' id='word_1_1916' title='bbox 1162 3350 1192 3377; x_wconf 80' lang='lat' dir='ltr'><strong>id</strong></span> <span class='ocrx_word' id='word_1_1917' title='bbox 1205 3360 1289 3376; x_wconf 78' lang='lat' dir='ltr'><strong>nomen</strong></span> <span class='ocrx_word' id='word_1_1918' title='bbox 1301 3349 1358 3384; x_wconf 76' lang='lat' dir='ltr'><strong>effi,</strong></span> <span class='ocrx_word' id='word_1_1919' title='bbox 1387 3356 1416 3376; x_wconf 81' lang='lat' dir='ltr'><strong>vt</strong></span> <span class='ocrx_word' id='word_1_1920' title='bbox 1429 3357 1509 3375; x_wconf 85' lang='lat' dir='ltr'><strong>omnes</strong></span> <span class='ocrx_word' id='word_1_1921' title='bbox 1521 3345 1722 3382; x_wconf 76' lang='lat' dir='ltr'><strong>comprehendat,</strong></span> <span class='ocrx_word' id='word_1_1922' title='bbox 1745 3348 1788 3381; x_wconf 85' lang='lat' dir='ltr'><strong>qui</strong></span> <span class='ocrx_word' id='word_1_1923' title='bbox 1808 3349 1835 3372; x_wconf 80' lang='lat' dir='ltr'><strong>in</strong></span> <span class='ocrx_word' id='word_1_1924' title='bbox 1842 3347 1986 3383; x_wconf 78' lang='lat' dir='ltr'><strong>sccnafimt</strong></span> <span class='ocrx_word' id='word_1_1925' title='bbox 1992 3344 2135 3382; x_wconf 64' lang='lat' dir='ltr'><strong>speffaculo</strong></span> <span class='ocrx_word' id='word_1_1926' title='bbox 2143 3368 2152 3380; x_wconf 95' lang='lat'><strong>,</strong></span> <span class='ocrx_word' id='word_1_1927' title='bbox 2170 3351 2209 3374; x_wconf 87' lang='lat' dir='ltr'><strong>in-</strong></span> 
     </span>
     <span class='ocr_line' id='line_1_92' title="bbox 60 3379 2208 3420; baseline -0.003 -5"><span class='ocrx_word' id='word_1_1928' title='bbox 60 3388 227 3420; x_wconf 81' lang='lat' dir='ltr'><strong>maritimus,</strong></span> <span class='ocrx_word' id='word_1_1929' title='bbox 255 3385 297 3412; x_wconf 88' lang='lat' dir='ltr'><strong>vel</strong></span> <span class='ocrx_word' id='word_1_1930' title='bbox 317 3386 480 3415; x_wconf 85' lang='lat' dir='ltr'><strong>Britannicus</strong></span> <span class='ocrx_word' id='word_1_1931' title='bbox 517 3388 573 3415; x_wconf 92' lang='lat' dir='ltr'><strong>Cic.</strong></span> <span class='ocrx_word' id='word_1_1932' title='bbox 589 3388 620 3414; x_wconf 86' lang='lat' dir='ltr'><strong>de</strong></span> <span class='ocrx_word' id='word_1_1933' title='bbox 634 3388 671 3414; x_wconf 90' lang='lat' dir='ltr'><strong>N.</strong></span> <span class='ocrx_word' id='word_1_1934' title='bbox 684 3387 716 3413; x_wconf 93' lang='lat' dir='ltr'><strong>D.</strong></span> <span class='ocrx_word' id='word_1_1935' title='bbox 730 3394 760 3419; x_wconf 83' lang='lat'><strong>3,</strong></span> <span class='ocrx_word' id='word_1_1936' title='bbox 779 3395 835 3420; x_wconf 88' lang='lat'><strong>124.</strong></span> <span class='ocrx_word' id='word_1_1937' title='bbox 942 3384 1060 3415; x_wconf 78' lang='lat' dir='ltr'><strong>Bellum,</strong></span> <span class='ocrx_word' id='word_1_1938' title='bbox 1084 3393 1100 3411; x_wconf 82' lang='lat' dir='ltr'><strong>a</strong></span> <span class='ocrx_word' id='word_1_1939' title='bbox 1161 3386 1257 3413; x_wconf 75' lang='lat' dir='ltr'><strong>terdum</strong></span> <span class='ocrx_word' id='word_1_1940' title='bbox 1270 3393 1351 3413; x_wconf 79' lang='lat' dir='ltr'><strong>autem</strong></span> <span class='ocrx_word' id='word_1_1941' title='bbox 1364 3385 1420 3412; x_wconf 85' lang='lat' dir='ltr'><strong>illos</strong></span> <span class='ocrx_word' id='word_1_1942' title='bbox 1428 3387 1545 3419; x_wconf 77' lang='lat' dir='ltr'><strong>proprie,</strong></span> <span class='ocrx_word' id='word_1_1943' title='bbox 1570 3385 1614 3418; x_wconf 82' lang='lat' dir='ltr'><strong>qui</strong></span> <span class='ocrx_word' id='word_1_1944' title='bbox 1629 3379 1697 3418; x_wconf 76' lang='lat' dir='ltr'><strong>gestu</strong></span> <span class='ocrx_word' id='word_1_1945' title='bbox 1716 3388 1739 3407; x_wconf 78' lang='lat' dir='ltr'><strong>et</strong></span> <span class='ocrx_word' id='word_1_1946' title='bbox 1752 3387 1817 3407; x_wconf 84' lang='lat' dir='ltr'><strong>motu</strong></span> <span class='ocrx_word' id='word_1_1947' title='bbox 1830 3385 1956 3417; x_wconf 82' lang='lat' dir='ltr'><strong>corporis,</strong></span> <span class='ocrx_word' id='word_1_1948' title='bbox 1978 3391 2040 3418; x_wconf 79' lang='lat' dir='ltr'><strong>quae</strong></span> <span class='ocrx_word' id='word_1_1949' title='bbox 2057 3392 2114 3410; x_wconf 76' lang='lat' dir='ltr'><strong>voce</strong></span> <span class='ocrx_word' id='word_1_1950' title='bbox 2133 3382 2208 3411; x_wconf 67' lang='grc' dir='ltr'>ᾱᾶοι·</span> 
     </span>
     <span class='ocr_line' id='line_1_93' title="bbox 0 3419 1847 3458; baseline -0.003 -11"><span class='ocrx_word' id='word_1_1951' title='bbox 0 3424 15 3447; x_wconf 72' lang='grc' dir='ltr'><strong>Ι-</strong></span> <span class='ocrx_word' id='word_1_1952' title='bbox 48 3424 188 3458; x_wconf 76' lang='lat' dir='ltr'><strong>&#39;Pompeio</strong></span> <span class='ocrx_word' id='word_1_1953' title='bbox 201 3421 353 3449; x_wconf 60' lang='lat' dir='ltr'><strong>constemus</strong></span> <span class='ocrx_word' id='word_1_1954' title='bbox 378 3422 417 3449; x_wconf 89' lang='lat' dir='ltr'><strong>Id.</strong></span> <span class='ocrx_word' id='word_1_1955' title='bbox 429 3432 477 3457; x_wconf 88' lang='lat' dir='ltr'><strong>pro</strong></span> <span class='ocrx_word' id='word_1_1956' title='bbox 489 3425 519 3451; x_wconf 91' lang='lat' dir='ltr'><strong>L.</strong></span> <span class='ocrx_word' id='word_1_1957' title='bbox 530 3423 625 3451; x_wconf 89' lang='lat' dir='ltr'><strong>Manil.</strong></span> <span class='ocrx_word' id='word_1_1958' title='bbox 639 3428 678 3452; x_wconf 86' lang='lat'><strong>28.</strong></span> <span class='ocrx_word' id='word_1_1959' title='bbox 785 3421 935 3453; x_wconf 86' lang='lat' dir='ltr'><strong>Exercitus,</strong></span> <span class='ocrx_word' id='word_1_1960' title='bbox 967 3420 992 3447; x_wconf 89' lang='lat' dir='ltr'><strong>h.</strong></span> <span class='ocrx_word' id='word_1_1961' title='bbox 1011 3429 1031 3447; x_wconf 79' lang='lat' dir='ltr'><strong>e.</strong></span> <span class='ocrx_word' id='word_1_1962' title='bbox 1050 3421 1099 3448; x_wconf 81' lang='lat' dir='ltr'><strong>Ro·</strong></span> <span class='ocrx_word' id='word_1_1963' title='bbox 1112 3429 1149 3453; x_wconf 91' lang='lat'><strong>90</strong></span> <span class='ocrx_word' id='word_1_1964' title='bbox 1162 3429 1206 3449; x_wconf 80' lang='lat' dir='ltr'><strong>aut</strong></span> <span class='ocrx_word' id='word_1_1965' title='bbox 1220 3428 1312 3448; x_wconf 87' lang='lat' dir='ltr'><strong>cantor</strong></span> <span class='ocrx_word' id='word_1_1966' title='bbox 1320 3420 1479 3457; x_wconf 58' lang='lat' dir='ltr'><strong>protuliffiw,</strong></span> <span class='ocrx_word' id='word_1_1967' title='bbox 1501 3422 1643 3445; x_wconf 83' lang='lat' dir='ltr'><strong>imitaretur</strong></span> <span class='ocrx_word' id='word_1_1968' title='bbox 1655 3423 1678 3443; x_wconf 75' lang='lat' dir='ltr'><strong>et</strong></span> <span class='ocrx_word' id='word_1_1969' title='bbox 1691 3419 1847 3452; x_wconf 77' lang='lat' dir='ltr'><strong>exprimeret.</strong></span> 
     </span>
    </p>
   </div>
   <div class='ocr_carea' id='block_1_16' title="bbox 0 3452 2208 3673">
    <p class='ocr_par' dir='ltr' id='par_1_30' title="bbox 0 3452 2208 3496">
     <span class='ocr_line' id='line_1_94' title="bbox 0 3452 2208 3496; baseline -0.003 -10"><span class='ocrx_word' id='word_1_1970' title='bbox 0 3452 13 3496; x_wconf 53' lang='lat' dir='ltr'><strong>i</strong></span> <span class='ocrx_word' id='word_1_1971' title='bbox 57 3469 195 3492; x_wconf 82' lang='lat' dir='ltr'><strong>manorum,</strong></span> <span class='ocrx_word' id='word_1_1972' title='bbox 209 3461 251 3494; x_wconf 85' lang='lat' dir='ltr'><strong>qui</strong></span> <span class='ocrx_word' id='word_1_1973' title='bbox 270 3463 342 3484; x_wconf 79' lang='lat' dir='ltr'><strong>erant</strong></span> <span class='ocrx_word' id='word_1_1974' title='bbox 359 3460 387 3482; x_wconf 85' lang='lat' dir='ltr'><strong>in</strong></span> <span class='ocrx_word' id='word_1_1975' title='bbox 410 3456 532 3496; x_wconf 81' lang='lat' dir='ltr'><strong>Hispania</strong></span> <span class='ocrx_word' id='word_1_1976' title='bbox 551 3469 605 3486; x_wconf 86' lang='lat' dir='ltr'><strong>cum</strong></span> <span class='ocrx_word' id='word_1_1977' title='bbox 629 3457 790 3486; x_wconf 82' lang='lat' dir='ltr'><strong>Praetoribus</strong></span> <span class='ocrx_word' id='word_1_1978' title='bbox 818 3458 910 3484; x_wconf 85' lang='lat' dir='ltr'><strong>Tacit.</strong></span> <span class='ocrx_word' id='word_1_1979' title='bbox 930 3457 999 3482; x_wconf 88' lang='lat' dir='ltr'><strong>Ann.</strong></span> <span class='ocrx_word' id='word_1_1980' title='bbox 1020 3464 1051 3488; x_wconf 89' lang='lat'><strong>1,</strong></span> <span class='ocrx_word' id='word_1_1981' title='bbox 1076 3464 1098 3488; x_wconf 81' lang='lat'><strong>3.</strong></span> <span class='ocrx_word' id='word_1_1982' title='bbox 1200 3463 1263 3484; x_wconf 77' lang='lat' dir='ltr'><strong>His</strong></span> <span class='ocrx_word' id='word_1_1983' title='bbox 1275 3464 1297 3484; x_wconf 91' lang='grc' dir='ltr'>Τ</span> <span class='ocrx_word' id='word_1_1984' title='bbox 1309 3463 1479 3489; x_wconf 81' lang='lat' dir='ltr'><strong>R10N1A,</strong></span> <span class='ocrx_word' id='word_1_1985' title='bbox 1505 3455 1708 3493; x_wconf 33' lang='lat' dir='ltr'><strong>vel—H1s‘rn1</strong></span> <span class='ocrx_word' id='word_1_1986' title='bbox 1721 3458 1863 3492; x_wconf 56' lang='lat' dir='ltr'><strong>omen,</strong></span> <span class='ocrx_word' id='word_1_1987' title='bbox 1882 3461 1921 3479; x_wconf 85' lang='lat' dir='ltr'><strong>ae.</strong></span> <span class='ocrx_word' id='word_1_1988' title='bbox 1959 3453 1980 3479; x_wconf 83' lang='lat' dir='ltr'><strong>f.</strong></span> <span class='ocrx_word' id='word_1_1989' title='bbox 2031 3452 2208 3489; x_wconf 71' lang='grc' dir='ltr'><strong>[ὖποκριτικὴ]</strong></span> 
     </span>
    </p>

    <p class='ocr_par' dir='ltr' id='par_1_31' title="bbox 0 3487 2208 3673">
     <span class='ocr_line' id='line_1_95' title="bbox 0 3487 2207 3530; baseline -0.002 -9"><span class='ocrx_word' id='word_1_1990' title='bbox 0 3489 2 3495; x_wconf 44' lang='grc'><strong>“</strong></span> <span class='ocrx_word' id='word_1_1991' title='bbox 25 3513 27 3515; x_wconf 88' lang='grc'>-</span> <span class='ocrx_word' id='word_1_1992' title='bbox 57 3495 134 3530; x_wconf 73' lang='lat' dir='ltr'><strong>Qud</strong></span> <span class='ocrx_word' id='word_1_1993' title='bbox 148 3494 219 3521; x_wconf 86' lang='lat' dir='ltr'><strong>enim</strong></span> <span class='ocrx_word' id='word_1_1994' title='bbox 238 3499 264 3520; x_wconf 88' lang='lat' dir='ltr'><strong>te</strong></span> <span class='ocrx_word' id='word_1_1995' title='bbox 283 3492 315 3518; x_wconf 89' lang='lat' dir='ltr'><strong>de</strong></span> <span class='ocrx_word' id='word_1_1996' title='bbox 334 3492 543 3527; x_wconf 80' lang='lat' dir='ltr'><strong>Hispaniensibus</strong></span> <span class='ocrx_word' id='word_1_1997' title='bbox 561 3495 670 3530; x_wconf 84' lang='lat' dir='ltr'><strong>flagitiis</strong></span> <span class='ocrx_word' id='word_1_1998' title='bbox 687 3494 754 3526; x_wconf 79' lang='lat' dir='ltr'><strong>tuis,</strong></span> <span class='ocrx_word' id='word_1_1999' title='bbox 775 3492 1006 3527; x_wconf 86' lang='lat' dir='ltr'><strong>sordidiffimisque</strong></span> <span class='ocrx_word' id='word_1_2000' title='bbox 1019 3491 1100 3518; x_wconf 87' lang='lat' dir='ltr'><strong>furtis</strong></span> <span class='ocrx_word' id='word_1_2001' title='bbox 1160 3493 1214 3520; x_wconf 90' lang='lat' dir='ltr'><strong>Ars</strong></span> <span class='ocrx_word' id='word_1_2002' title='bbox 1228 3491 1377 3526; x_wconf 83' lang='lat' dir='ltr'><strong>Histrionis.</strong></span> <span class='ocrx_word' id='word_1_2003' title='bbox 1431 3490 1621 3517; x_wconf 84' lang='lat' dir='ltr'><strong>Histriomcam</strong></span> <span class='ocrx_word' id='word_1_2004' title='bbox 1629 3488 1715 3515; x_wconf 87' lang='lat' dir='ltr'><strong>facere</strong></span> <span class='ocrx_word' id='word_1_2005' title='bbox 1729 3487 1973 3522; x_wconf 68' lang='lat' dir='ltr'><strong>LampridAElagab.</strong></span> <span class='ocrx_word' id='word_1_2006' title='bbox 1986 3497 2050 3515; x_wconf 84' lang='lat' dir='ltr'><strong>c.12.</strong></span> <span class='ocrx_word' id='word_1_2007' title='bbox 2124 3490 2207 3516; x_wconf 89' lang='lat' dir='ltr'><strong>Plaut.</strong></span> 
     </span>
     <span class='ocr_line' id='line_1_96' title="bbox 42 3523 2208 3565; baseline -0.003 -6"><span class='ocrx_word' id='word_1_2008' title='bbox 42 3528 238 3565; x_wconf 73' lang='lat' dir='ltr'><strong>linterrogetu?</strong></span> <span class='ocrx_word' id='word_1_2009' title='bbox 274 3529 328 3555; x_wconf 89' lang='lat' dir='ltr'><strong>Cic.</strong></span> <span class='ocrx_word' id='word_1_2010' title='bbox 343 3528 372 3553; x_wconf 91' lang='lat' dir='ltr'><strong>in</strong></span> <span class='ocrx_word' id='word_1_2011' title='bbox 386 3529 472 3556; x_wconf 88' lang='lat' dir='ltr'><strong>Vatin.</strong></span> <span class='ocrx_word' id='word_1_2012' title='bbox 488 3539 552 3562; x_wconf 84' lang='lat' dir='ltr'><strong>c.13.</strong></span> <span class='ocrx_word' id='word_1_2013' title='bbox 655 3532 710 3557; x_wconf 88' lang='lat' dir='ltr'><strong>Iter</strong></span> <span class='ocrx_word' id='word_1_2014' title='bbox 738 3529 776 3556; x_wconf 89' lang='lat' dir='ltr'><strong>Id.</strong></span> <span class='ocrx_word' id='word_1_2015' title='bbox 790 3529 857 3555; x_wconf 92' lang='lat' dir='ltr'><strong>ibid.</strong></span> <span class='ocrx_word' id='word_1_2016' title='bbox 871 3537 905 3555; x_wconf 88' lang='lat'><strong>12.</strong></span> <span class='ocrx_word' id='word_1_2017' title='bbox 976 3527 1100 3561; x_wconf 79' lang='lat' dir='ltr'><strong>Legatus,</strong></span> <span class='ocrx_word' id='word_1_2018' title='bbox 1161 3528 1257 3563; x_wconf 84' lang='lat' dir='ltr'><strong>Amph.</strong></span> <span class='ocrx_word' id='word_1_2019' title='bbox 1272 3528 1339 3563; x_wconf 90' lang='lat' dir='ltr'><strong>prol.</strong></span> <span class='ocrx_word' id='word_1_2020' title='bbox 1353 3537 1388 3561; x_wconf 89' lang='lat'><strong>90</strong></span> <span class='ocrx_word' id='word_1_2021' title='bbox 1414 3525 1493 3561; x_wconf 73' lang='lat' dir='ltr'><strong>Quasi</strong></span> <span class='ocrx_word' id='word_1_2022' title='bbox 1507 3533 1572 3552; x_wconf 90' lang='lat' dir='ltr'><strong>vero</strong></span> <span class='ocrx_word' id='word_1_2023' title='bbox 1585 3533 1686 3550; x_wconf 90' lang='lat' dir='ltr'><strong>nouum</strong></span> <span class='ocrx_word' id='word_1_2024' title='bbox 1700 3533 1768 3549; x_wconf 90' lang='lat' dir='ltr'><strong>nunc</strong></span> <span class='ocrx_word' id='word_1_2025' title='bbox 1782 3523 1940 3557; x_wconf 86' lang='lat' dir='ltr'><strong>proferatur,</strong></span> <span class='ocrx_word' id='word_1_2026' title='bbox 1960 3525 2052 3550; x_wconf 89' lang='lat' dir='ltr'><strong>Iouem</strong></span> <span class='ocrx_word' id='word_1_2027' title='bbox 2067 3524 2154 3551; x_wconf 87' lang='lat' dir='ltr'><strong>facere</strong></span> <span class='ocrx_word' id='word_1_2028' title='bbox 2168 3524 2208 3552; x_wconf 89' lang='lat' dir='ltr'><strong>hi-</strong></span> 
     </span>
     <span class='ocr_line' id='line_1_97' title="bbox 58 3559 2207 3598; baseline -0.003 -4"><span class='ocrx_word' id='word_1_2029' title='bbox 58 3575 75 3593; x_wconf 80' lang='lat' dir='ltr'><strong>e</strong></span> <span class='ocrx_word' id='word_1_2030' title='bbox 87 3567 172 3594; x_wconf 87' lang='lat' dir='ltr'><strong>Roma</strong></span> <span class='ocrx_word' id='word_1_2031' title='bbox 185 3567 213 3592; x_wconf 88' lang='lat' dir='ltr'><strong>in</strong></span> <span class='ocrx_word' id='word_1_2032' title='bbox 227 3563 383 3598; x_wconf 85' lang='lat' dir='ltr'><strong>Hispaniam</strong></span> <span class='ocrx_word' id='word_1_2033' title='bbox 395 3564 480 3591; x_wconf 74' lang='lat' dir='ltr'><strong>murus</strong></span> <span class='ocrx_word' id='word_1_2034' title='bbox 512 3566 550 3592; x_wconf 87' lang='lat' dir='ltr'><strong>Id.</strong></span> <span class='ocrx_word' id='word_1_2035' title='bbox 564 3565 630 3593; x_wconf 88' lang='lat' dir='ltr'><strong>ibid.</strong></span> <span class='ocrx_word' id='word_1_2036' title='bbox 644 3574 681 3598; x_wconf 59' lang='grc' dir='ltr'><strong>ὃς.</strong></span> <span class='ocrx_word' id='word_1_2037' title='bbox 785 3565 901 3591; x_wconf 87' lang='lat' dir='ltr'><strong>Martial.</strong></span> <span class='ocrx_word' id='word_1_2038' title='bbox 920 3563 947 3589; x_wconf 86' lang='lat' dir='ltr'><strong>in</strong></span> <span class='ocrx_word' id='word_1_2039' title='bbox 966 3562 1047 3597; x_wconf 88' lang='lat' dir='ltr'><strong>praef.</strong></span> <span class='ocrx_word' id='word_1_2040' title='bbox 1070 3571 1098 3589; x_wconf 89' lang='lat'><strong>12</strong></span> <span class='ocrx_word' id='word_1_2041' title='bbox 1161 3564 1310 3591; x_wconf 84' lang='lat' dir='ltr'><strong>strioniam.</strong></span> <span class='ocrx_word' id='word_1_2042' title='bbox 1406 3563 1510 3588; x_wconf 87' lang='lat' dir='ltr'><strong>Petron.</strong></span> <span class='ocrx_word' id='word_1_2043' title='bbox 1525 3561 1627 3595; x_wconf 85' lang='lat' dir='ltr'><strong>Fragm.</strong></span> <span class='ocrx_word' id='word_1_2044' title='bbox 1641 3569 1666 3594; x_wconf 90' lang='lat' dir='ltr'><strong>p.</strong></span> <span class='ocrx_word' id='word_1_2045' title='bbox 1676 3561 1723 3598; x_wconf 63' lang='lat'><strong>673</strong></span> <span class='ocrx_word' id='word_1_2046' title='bbox 1754 3559 1844 3585; x_wconf 85' lang='lat' dir='ltr'><strong>Totus</strong></span> <span class='ocrx_word' id='word_1_2047' title='bbox 1858 3559 1970 3585; x_wconf 88' lang='lat' dir='ltr'><strong>mundus</strong></span> <span class='ocrx_word' id='word_1_2048' title='bbox 1985 3567 2088 3586; x_wconf 79' lang='lat' dir='ltr'><strong>exercet</strong></span> <span class='ocrx_word' id='word_1_2049' title='bbox 2101 3559 2207 3588; x_wconf 85' lang='lat' dir='ltr'><strong>histrio·</strong></span> 
     </span>
     <span class='ocr_line' id='line_1_98' title="bbox 46 3594 2137 3638; baseline -0.003 -9"><span class='ocrx_word' id='word_1_2050' title='bbox 46 3602 125 3633; x_wconf 82' lang='lat' dir='ltr'><strong>·Non</strong></span> <span class='ocrx_word' id='word_1_2051' title='bbox 143 3600 343 3636; x_wconf 80' lang='lat' dir='ltr'><strong>Hispaniensem</strong></span> <span class='ocrx_word' id='word_1_2052' title='bbox 363 3598 461 3625; x_wconf 90' lang='lat' dir='ltr'><strong>librum</strong></span> <span class='ocrx_word' id='word_1_2053' title='bbox 479 3600 624 3633; x_wconf 89' lang='lat' dir='ltr'><strong>mittamus,</strong></span> <span class='ocrx_word' id='word_1_2054' title='bbox 644 3601 687 3628; x_wconf 87' lang='lat' dir='ltr'><strong>sed</strong></span> <span class='ocrx_word' id='word_1_2055' title='bbox 708 3601 865 3635; x_wconf 87' lang='lat' dir='ltr'><strong>Hispanum.</strong></span> <span class='ocrx_word' id='word_1_2056' title='bbox 921 3597 1098 3633; x_wconf 80' lang='lat' dir='ltr'><strong>Hispaniensis</strong></span> <span class='ocrx_word' id='word_1_2057' title='bbox 1114 3599 1146 3626; x_wconf 76' lang='lat'><strong>95</strong></span> <span class='ocrx_word' id='word_1_2058' title='bbox 1162 3600 1243 3626; x_wconf 86' lang='lat' dir='ltr'><strong>niam.</strong></span> <span class='ocrx_word' id='word_1_2059' title='bbox 1315 3598 1388 3625; x_wconf 90' lang='lat' dir='ltr'><strong>Idem</strong></span> <span class='ocrx_word' id='word_1_2060' title='bbox 1400 3605 1446 3630; x_wconf 65' lang='grc' dir='ltr'><strong>ας</strong></span> <span class='ocrx_word' id='word_1_2061' title='bbox 1472 3596 1637 3624; x_wconf 84' lang='lat' dir='ltr'><strong>Histrioniae</strong></span> <span class='ocrx_word' id='word_1_2062' title='bbox 1650 3594 1778 3634; x_wconf 56' lang='lat' dir='ltr'><strong>addictus.</strong></span> <span class='ocrx_word' id='word_1_2063' title='bbox 1793 3627 1801 3638; x_wconf 72' lang='lat'><strong><em>&lt;</em></strong></span> <span class='ocrx_word' id='word_1_2064' title='bbox 1833 3594 1901 3621; x_wconf 74' lang='lat' dir='ltr'><strong>Add.</strong></span> <span class='ocrx_word' id='word_1_2065' title='bbox 1915 3595 1972 3621; x_wconf 87' lang='lat' dir='ltr'><strong>Sen.</strong></span> <span class='ocrx_word' id='word_1_2066' title='bbox 1986 3596 2059 3622; x_wconf 89' lang='lat' dir='ltr'><strong>Decl.</strong></span> <span class='ocrx_word' id='word_1_2067' title='bbox 2073 3604 2100 3628; x_wconf 88' lang='lat'><strong>9,</strong></span> <span class='ocrx_word' id='word_1_2068' title='bbox 2115 3605 2137 3622; x_wconf 84' lang='lat'><strong>2.</strong></span> 
     </span>
     <span class='ocr_line' id='line_1_99' title="bbox 57 3629 2206 3673; baseline -0.004 -9"><span class='ocrx_word' id='word_1_2069' title='bbox 57 3637 191 3671; x_wconf 81' lang='lat' dir='ltr'><strong>liberest,</strong></span> <span class='ocrx_word' id='word_1_2070' title='bbox 221 3638 273 3672; x_wconf 61' lang='lat' dir='ltr'><strong>Qu*</strong></span> <span class='ocrx_word' id='word_1_2071' title='bbox 292 3637 403 3662; x_wconf 81' lang='lat' dir='ltr'><strong>Romana</strong></span> <span class='ocrx_word' id='word_1_2072' title='bbox 424 3636 509 3670; x_wconf 78' lang='lat' dir='ltr'><strong>lingua</strong></span> <span class='ocrx_word' id='word_1_2073' title='bbox 525 3639 552 3662; x_wconf 80' lang='lat' dir='ltr'><strong>in</strong></span> <span class='ocrx_word' id='word_1_2074' title='bbox 571 3638 696 3673; x_wconf 72' lang='lat' dir='ltr'><strong>Hispania</strong></span> <span class='ocrx_word' id='word_1_2075' title='bbox 708 3636 741 3671; x_wconf 79' lang='lat' dir='ltr'><strong>est</strong></span> <span class='ocrx_word' id='word_1_2076' title='bbox 753 3636 896 3672; x_wconf 80' lang='lat' dir='ltr'><strong>composttus</strong></span> <span class='ocrx_word' id='word_1_2077' title='bbox 908 3646 916 3660; x_wconf 90' lang='lat'><em>:</em></span> <span class='ocrx_word' id='word_1_2078' title='bbox 951 3634 1098 3668; x_wconf 86' lang='lat' dir='ltr'><strong>Hispanus,</strong></span> <span class='ocrx_word' id='word_1_2079' title='bbox 1201 3635 1509 3665; x_wconf 78' lang='lat' dir='ltr'><strong>H1STR10N&#39;1&#39;cvs‚</strong></span> <span class='ocrx_word' id='word_1_2080' title='bbox 1529 3641 1560 3664; x_wconf 92' lang='lat' dir='ltr'><strong>a,</strong></span> <span class='ocrx_word' id='word_1_2081' title='bbox 1580 3641 1633 3657; x_wconf 88' lang='lat' dir='ltr'><strong>um.</strong></span> <span class='ocrx_word' id='word_1_2082' title='bbox 1670 3630 1730 3656; x_wconf 83' lang='lat' dir='ltr'><strong>Adi.</strong></span> <span class='ocrx_word' id='word_1_2083' title='bbox 1766 3629 1953 3666; x_wconf 68' lang='grc' dir='ltr'><strong>[υποκριτικός]</strong></span> <span class='ocrx_word' id='word_1_2084' title='bbox 1994 3632 2043 3663; x_wconf 85' lang='lat' dir='ltr'><strong>Vt,</strong></span> <span class='ocrx_word' id='word_1_2085' title='bbox 2063 3631 2206 3658; x_wconf 86' lang='lat' dir='ltr'><strong>Histrioni-</strong></span> 
     </span>
    </p>
   </div>
   <div class='ocr_carea' id='block_1_17' title="bbox 57 3665 2204 3745">
    <p class='ocr_par' dir='ltr' id='par_1_32' title="bbox 57 3665 2204 3745">
     <span class='ocr_line' id='line_1_100' title="bbox 57 3665 2204 3709; baseline -0.002 -12"><span class='ocrx_word' id='word_1_2086' title='bbox 57 3675 110 3709; x_wconf 72' lang='lat' dir='ltr'><strong>Qi</strong></span> <span class='ocrx_word' id='word_1_2087' title='bbox 122 3677 148 3699; x_wconf 78' lang='lat' dir='ltr'><strong>in</strong></span> <span class='ocrx_word' id='word_1_2088' title='bbox 163 3673 289 3709; x_wconf 69' lang='lat' dir='ltr'><strong>Hispania</strong></span> <span class='ocrx_word' id='word_1_2089' title='bbox 302 3673 388 3706; x_wconf 82' lang='lat' dir='ltr'><strong>lingua</strong></span> <span class='ocrx_word' id='word_1_2090' title='bbox 409 3669 520 3705; x_wconf 84' lang='lat' dir='ltr'><strong>Hispana</strong></span> <span class='ocrx_word' id='word_1_2091' title='bbox 537 3669 571 3703; x_wconf 66' lang='lat' dir='ltr'><strong>¹}st</strong></span> <span class='ocrx_word' id='word_1_2092' title='bbox 592 3672 743 3708; x_wconf 74' lang='lat' dir='ltr'><strong>compositus.</strong></span> <span class='ocrx_word' id='word_1_2093' title='bbox 807 3673 954 3707; x_wconf 88' lang='lat' dir='ltr'><strong>Hispanum</strong></span> <span class='ocrx_word' id='word_1_2094' title='bbox 972 3679 1043 3706; x_wconf 82' lang='lat' dir='ltr'><strong>ergo,</strong></span> <span class='ocrx_word' id='word_1_2095' title='bbox 1079 3679 1098 3695; x_wconf 77' lang='grc' dir='ltr'><strong>ι.</strong></span> <span class='ocrx_word' id='word_1_2096' title='bbox 1161 3679 1206 3696; x_wconf 89' lang='lat' dir='ltr'><strong>cus</strong></span> <span class='ocrx_word' id='word_1_2097' title='bbox 1219 3671 1317 3704; x_wconf 84' lang='lat' dir='ltr'><strong>gestus,</strong></span> <span class='ocrx_word' id='word_1_2098' title='bbox 1339 3669 1517 3696; x_wconf 84' lang='lat' dir='ltr'><strong>Histrionicae</strong></span> <span class='ocrx_word' id='word_1_2099' title='bbox 1529 3667 1628 3698; x_wconf 83' lang='lat' dir='ltr'><strong>vestes,</strong></span> <span class='ocrx_word' id='word_1_2100' title='bbox 1654 3665 1817 3691; x_wconf 81' lang='lat' dir='ltr'><strong>Histrionica</strong></span> <span class='ocrx_word' id='word_1_2101' title='bbox 1827 3665 1917 3693; x_wconf 83' lang='lat' dir='ltr'><strong>verba.</strong></span> <span class='ocrx_word' id='word_1_2102' title='bbox 2010 3666 2114 3693; x_wconf 85' lang='lat' dir='ltr'><strong>Bellum</strong></span> <span class='ocrx_word' id='word_1_2103' title='bbox 2129 3666 2204 3700; x_wconf 81' lang='lat' dir='ltr'><strong>Capi-</strong></span> 
     </span>
     <span class='ocr_line' id='line_1_101' title="bbox 57 3705 1454 3745; baseline -0.004 -9"><span class='ocrx_word' id='word_1_2104' title='bbox 57 3709 177 3737; x_wconf 83' lang='lat' dir='ltr'><strong>Ruditate</strong></span> <span class='ocrx_word' id='word_1_2105' title='bbox 190 3715 214 3735; x_wconf 76' lang='lat' dir='ltr'><strong>et</strong></span> <span class='ocrx_word' id='word_1_2106' title='bbox 226 3709 313 3744; x_wconf 75' lang='lat' dir='ltr'><strong>lingua</strong></span> <span class='ocrx_word' id='word_1_2107' title='bbox 331 3706 459 3742; x_wconf 72' lang='lat' dir='ltr'><strong>Hispana,</strong></span> <span class='ocrx_word' id='word_1_2108' title='bbox 476 3714 525 3731; x_wconf 74' lang='lat' dir='ltr'><strong>non</strong></span> <span class='ocrx_word' id='word_1_2109' title='bbox 538 3707 647 3734; x_wconf 83' lang='lat' dir='ltr'><strong>Romana</strong></span> <span class='ocrx_word' id='word_1_2110' title='bbox 658 3710 781 3745; x_wconf 81' lang='lat' dir='ltr'><strong>elegantia</strong></span> <span class='ocrx_word' id='word_1_2111' title='bbox 794 3707 955 3743; x_wconf 77' lang='lat' dir='ltr'><strong>compositum.</strong></span> <span class='ocrx_word' id='word_1_2112' title='bbox 1009 3705 1100 3732; x_wconf 88' lang='lat' dir='ltr'><strong>Molae</strong></span> <span class='ocrx_word' id='word_1_2113' title='bbox 1161 3706 1209 3732; x_wconf 86' lang='lat' dir='ltr'><strong>tol.</strong></span> <span class='ocrx_word' id='word_1_2114' title='bbox 1225 3706 1254 3732; x_wconf 91' lang='lat' dir='ltr'><strong>in</strong></span> <span class='ocrx_word' id='word_1_2115' title='bbox 1267 3707 1339 3732; x_wconf 89' lang='lat' dir='ltr'><strong>Vero</strong></span> <span class='ocrx_word' id='word_1_2116' title='bbox 1354 3710 1367 3735; x_wconf 85' lang='lat'>8</span> <span class='ocrx_word' id='word_1_2117' title='bbox 1389 3712 1454 3731; x_wconf 78' lang='lat' dir='ltr'><strong>extr.</strong></span> 
     </span>
    </p>
   </div>
   <div class='ocr_carea' id='block_1_18' title="bbox 4 3734 2204 3990">
    <p class='ocr_par' dir='ltr' id='par_1_33' title="bbox 58 3734 2204 3780">
     <span class='ocr_line' id='line_1_102' title="bbox 58 3734 2204 3780; baseline -0.006 -8"><span class='ocrx_word' id='word_1_2118' title='bbox 58 3745 261 3780; x_wconf 73' lang='lat' dir='ltr'><strong>HispanienseS‚</strong></span> <span class='ocrx_word' id='word_1_2119' title='bbox 279 3744 361 3778; x_wconf 85' lang='lat' dir='ltr'><strong>quales</strong></span> <span class='ocrx_word' id='word_1_2120' title='bbox 375 3745 412 3768; x_wconf 87' lang='lat' dir='ltr'><strong>ita</strong></span> <span class='ocrx_word' id='word_1_2121' title='bbox 426 3740 515 3767; x_wconf 74' lang='lat' dir='ltr'><strong>habent</strong></span> <span class='ocrx_word' id='word_1_2122' title='bbox 529 3741 594 3768; x_wconf 85' lang='lat' dir='ltr'><strong>Cato</strong></span> <span class='ocrx_word' id='word_1_2123' title='bbox 607 3751 644 3774; x_wconf 87' lang='lat'><strong>10,</strong></span> <span class='ocrx_word' id='word_1_2124' title='bbox 657 3752 685 3776; x_wconf 90' lang='lat'><strong>4.</strong></span> <span class='ocrx_word' id='word_1_2125' title='bbox 778 3744 900 3771; x_wconf 88' lang='lat' dir='ltr'><strong>Oceanus</strong></span> <span class='ocrx_word' id='word_1_2126' title='bbox 925 3741 991 3768; x_wconf 88' lang='lat' dir='ltr'><strong>Plin.</strong></span> <span class='ocrx_word' id='word_1_2127' title='bbox 1005 3748 1047 3776; x_wconf 80' lang='lat'><strong>37,</strong></span> <span class='ocrx_word' id='word_1_2128' title='bbox 1062 3749 1099 3767; x_wconf 89' lang='lat'><strong>10.</strong></span> <span class='ocrx_word' id='word_1_2129' title='bbox 1200 3747 1221 3766; x_wconf 88' lang='lat' dir='ltr'><strong>H</strong></span> <span class='ocrx_word' id='word_1_2130' title='bbox 1230 3749 1239 3767; x_wconf 93' lang='lat'><strong>1</strong></span> <span class='ocrx_word' id='word_1_2131' title='bbox 1253 3747 1266 3767; x_wconf 83' lang='lat' dir='ltr'><strong>s</strong></span> <span class='ocrx_word' id='word_1_2132' title='bbox 1278 3746 1374 3767; x_wconf 80' lang='lat' dir='ltr'><strong>TR10</strong></span> <span class='ocrx_word' id='word_1_2133' title='bbox 1386 3748 1407 3767; x_wconf 84' lang='lat' dir='ltr'>N</span> <span class='ocrx_word' id='word_1_2134' title='bbox 1418 3741 1440 3767; x_wconf 77' lang='grc' dir='ltr'><strong>Ᾰ</strong></span> <span class='ocrx_word' id='word_1_2135' title='bbox 1449 3747 1465 3766; x_wconf 88' lang='lat'><strong>1.</strong></span> <span class='ocrx_word' id='word_1_2136' title='bbox 1475 3745 1519 3768; x_wconf 76' lang='lat'><strong>18,</strong></span> <span class='ocrx_word' id='word_1_2137' title='bbox 1544 3744 1568 3776; x_wconf 72' lang='lat' dir='ltr'><strong>e.</strong></span> <span class='ocrx_word' id='word_1_2138' title='bbox 1621 3734 1682 3761; x_wconf 86' lang='lat' dir='ltr'><strong>Adi.</strong></span> <span class='ocrx_word' id='word_1_2139' title='bbox 1736 3735 1777 3762; x_wconf 85' lang='lat' dir='ltr'><strong>Ab</strong></span> <span class='ocrx_word' id='word_1_2140' title='bbox 1789 3735 1907 3763; x_wconf 60' lang='lat' dir='ltr'><strong>Auctore</strong></span> <span class='ocrx_word' id='word_1_2141' title='bbox 1923 3736 1991 3777; x_wconf 79' lang='lat' dir='ltr'><strong>Dial.</strong></span> <span class='ocrx_word' id='word_1_2142' title='bbox 2005 3736 2037 3762; x_wconf 84' lang='lat' dir='ltr'><strong>de</strong></span> <span class='ocrx_word' id='word_1_2143' title='bbox 2050 3737 2122 3776; x_wconf 83' lang='lat' dir='ltr'><strong>Orat.</strong></span> <span class='ocrx_word' id='word_1_2144' title='bbox 2136 3743 2156 3760; x_wconf 88' lang='lat' dir='ltr'><strong>c.</strong></span> <span class='ocrx_word' id='word_1_2145' title='bbox 2170 3743 2204 3767; x_wconf 83' lang='lat'><strong>²9</strong></span> 
     </span>
    </p>

    <p class='ocr_par' dir='ltr' id='par_1_34' title="bbox 56 3771 2204 3816">
     <span class='ocr_line' id='line_1_103' title="bbox 56 3771 2204 3816; baseline -0.006 -8"><span class='ocrx_word' id='word_1_2146' title='bbox 56 3780 152 3816; x_wconf 89' lang='lat' dir='ltr'><strong>Spuma</strong></span> <span class='ocrx_word' id='word_1_2147' title='bbox 187 3780 260 3807; x_wconf 87' lang='lat' dir='ltr'><strong>Idem</strong></span> <span class='ocrx_word' id='word_1_2148' title='bbox 274 3787 318 3811; x_wconf 76' lang='lat'><strong>33,</strong></span> <span class='ocrx_word' id='word_1_2149' title='bbox 339 3780 364 3804; x_wconf 94' lang='lat'><strong>6.</strong></span> <span class='ocrx_word' id='word_1_2150' title='bbox 1106 3776 1337 3802; x_wconf 76' lang='lat' dir='ltr'><strong>iooHistrionalis</strong></span> <span class='ocrx_word' id='word_1_2151' title='bbox 1351 3776 1429 3802; x_wconf 90' lang='lat' dir='ltr'><strong>fauor</strong></span> <span class='ocrx_word' id='word_1_2152' title='bbox 1449 3781 1474 3801; x_wconf 86' lang='lat' dir='ltr'><strong>et</strong></span> <span class='ocrx_word' id='word_1_2153' title='bbox 1491 3771 1683 3806; x_wconf 77' lang='lat' dir='ltr'><strong>gladiatorum,</strong></span> <span class='ocrx_word' id='word_1_2154' title='bbox 1704 3780 1835 3806; x_wconf 90' lang='lat' dir='ltr'><strong>equorum</strong></span> <span class='ocrx_word' id='word_1_2155' title='bbox 1856 3781 1889 3799; x_wconf 87' lang='lat' dir='ltr'><strong>ue</strong></span> <span class='ocrx_word' id='word_1_2156' title='bbox 1904 3772 1987 3799; x_wconf 80' lang='lat' dir='ltr'><strong>studia</strong></span> <span class='ocrx_word' id='word_1_2157' title='bbox 2000 3775 2204 3804; x_wconf 78' lang='lat' dir='ltr'><strong>coniunguntur.</strong></span> 
     </span>
    </p>

    <p class='ocr_par' dir='ltr' id='par_1_35' title="bbox 97 3781 2204 3848">
     <span class='ocr_line' id='line_1_104' title="bbox 97 3781 2204 3848; baseline -0.006 -5"><span class='ocrx_word' id='word_1_2158' title='bbox 97 3822 118 3842; x_wconf 82' lang='lat' dir='ltr'><strong>H</strong></span> <span class='ocrx_word' id='word_1_2159' title='bbox 129 3824 139 3843; x_wconf 94' lang='lat'><strong>1</strong></span> <span class='ocrx_word' id='word_1_2160' title='bbox 148 3816 203 3843; x_wconf 82' lang='lat' dir='ltr'><strong>SP‘i</strong></span> <span class='ocrx_word' id='word_1_2161' title='bbox 213 3821 260 3842; x_wconf 84' lang='lat' dir='ltr'><strong>Dv</strong></span> <span class='ocrx_word' id='word_1_2162' title='bbox 269 3822 296 3845; x_wconf 88' lang='lat' dir='ltr'><strong>s,</strong></span> <span class='ocrx_word' id='word_1_2163' title='bbox 315 3822 344 3844; x_wconf 89' lang='lat' dir='ltr'><strong>a,</strong></span> <span class='ocrx_word' id='word_1_2164' title='bbox 362 3822 417 3839; x_wconf 90' lang='lat' dir='ltr'><strong>um.</strong></span> <span class='ocrx_word' id='word_1_2165' title='bbox 452 3811 513 3838; x_wconf 79' lang='lat' dir='ltr'><strong>Adi.</strong></span> <span class='ocrx_word' id='word_1_2166' title='bbox 548 3810 681 3845; x_wconf 73' lang='grc' dir='ltr'><strong>[τριὶχῦς]</strong></span> <span class='ocrx_word' id='word_1_2167' title='bbox 725 3814 843 3847; x_wconf 85' lang='lat' dir='ltr'><strong>Setosus,</strong></span> <span class='ocrx_word' id='word_1_2168' title='bbox 860 3813 1001 3845; x_wconf 86' lang='lat' dir='ltr'><strong>horridus,</strong></span> <span class='ocrx_word' id='word_1_2169' title='bbox 1019 3818 1050 3838; x_wconf 81' lang='lat' dir='ltr'><strong>vt</strong></span> <span class='ocrx_word' id='word_1_2170' title='bbox 1061 3813 1099 3837; x_wconf 77' lang='lat' dir='ltr'><strong>ait</strong></span> <span class='ocrx_word' id='word_1_2171' title='bbox 1162 3811 1284 3838; x_wconf 81' lang='lat' dir='ltr'><strong>Studium</strong></span> <span class='ocrx_word' id='word_1_2172' title='bbox 1297 3811 1453 3838; x_wconf 83' lang='lat' dir='ltr'><strong>histrionale</strong></span> <span class='ocrx_word' id='word_1_2173' title='bbox 1479 3808 1570 3847; x_wconf 77' lang='lat' dir='ltr'><strong>Tacit.</strong></span> <span class='ocrx_word' id='word_1_2174' title='bbox 1578 3807 1644 3832; x_wconf 87' lang='lat' dir='ltr'><strong>Ann.</strong></span> <span class='ocrx_word' id='word_1_2175' title='bbox 1654 3816 1673 3839; x_wconf 91' lang='lat'><strong>1,</strong></span> <span class='ocrx_word' id='word_1_2176' title='bbox 1688 3808 1724 3833; x_wconf 92' lang='lat'><strong>16.</strong></span> <span class='ocrx_word' id='word_1_2177' title='bbox 1735 3843 1739 3847; x_wconf 43' lang='grc' dir='ltr'>Ι</span> <span class='ocrx_word' id='word_1_2178' title='bbox 1819 3781 1894 3835; x_wconf 66' lang='lat' dir='ltr'><strong>Idlem</strong></span> <span class='ocrx_word' id='word_1_2179' title='bbox 1908 3808 1974 3848; x_wconf 82' lang='lat' dir='ltr'><strong>Dial.</strong></span> <span class='ocrx_word' id='word_1_2180' title='bbox 1989 3806 2020 3832; x_wconf 91' lang='lat' dir='ltr'><strong>de</strong></span> <span class='ocrx_word' id='word_1_2181' title='bbox 2033 3807 2146 3844; x_wconf 79' lang='lat' dir='ltr'><strong>Orat.26</strong></span> <span class='ocrx_word' id='word_1_2182' title='bbox 2168 3805 2204 3844; x_wconf 54' lang='grc' dir='ltr'><strong>γε</strong></span> 
     </span>
    </p>

    <p class='ocr_par' dir='ltr' id='par_1_36' title="bbox 55 3839 2203 3921">
     <span class='ocr_line' id='line_1_105' title="bbox 56 3839 2203 3885; baseline -0.006 -7"><span class='ocrx_word' id='word_1_2183' title='bbox 56 3850 164 3879; x_wconf 80' lang='lat' dir='ltr'><strong>Seruius</strong></span> <span class='ocrx_word' id='word_1_2184' title='bbox 177 3851 211 3878; x_wconf 84' lang='lat' dir='ltr'><strong>ad</strong></span> <span class='ocrx_word' id='word_1_2185' title='bbox 222 3850 297 3885; x_wconf 85' lang='lat' dir='ltr'><strong>Virg.</strong></span> <span class='ocrx_word' id='word_1_2186' title='bbox 312 3851 377 3876; x_wconf 84' lang='lat' dir='ltr'><strong>Aen.</strong></span> <span class='ocrx_word' id='word_1_2187' title='bbox 393 3858 432 3881; x_wconf 82' lang='grc' dir='ltr'>ιο,</span> <span class='ocrx_word' id='word_1_2188' title='bbox 444 3855 490 3874; x_wconf 80' lang='lat'><strong>210</strong></span> <span class='ocrx_word' id='word_1_2189' title='bbox 516 3846 571 3879; x_wconf 88' lang='lat' dir='ltr'><strong>Cui</strong></span> <span class='ocrx_word' id='word_1_2190' title='bbox 582 3846 694 3873; x_wconf 87' lang='lat' dir='ltr'><strong>laterum</strong></span> <span class='ocrx_word' id='word_1_2191' title='bbox 706 3853 781 3875; x_wconf 89' lang='lat' dir='ltr'><strong>tenus</strong></span> <span class='ocrx_word' id='word_1_2192' title='bbox 793 3850 897 3885; x_wconf 86' lang='lat' dir='ltr'><strong>hispida</strong></span> <span class='ocrx_word' id='word_1_2193' title='bbox 911 3849 996 3881; x_wconf 88' lang='lat' dir='ltr'><strong>nanti,</strong></span> <span class='ocrx_word' id='word_1_2194' title='bbox 1017 3848 1099 3874; x_wconf 75' lang='lat' dir='ltr'><strong>Frons</strong></span> <span class='ocrx_word' id='word_1_2195' title='bbox 1161 3846 1269 3873; x_wconf 88' lang='lat' dir='ltr'><strong>lasciuia</strong></span> <span class='ocrx_word' id='word_1_2196' title='bbox 1290 3846 1435 3873; x_wconf 82' lang='lat' dir='ltr'><strong>verborum</strong></span> <span class='ocrx_word' id='word_1_2197' title='bbox 1445 3866 1452 3878; x_wconf 94' lang='lat'><strong>,</strong></span> <span class='ocrx_word' id='word_1_2198' title='bbox 1482 3847 1611 3878; x_wconf 79' lang='lat' dir='ltr'><strong>grauitate</strong></span> <span class='ocrx_word' id='word_1_2199' title='bbox 1630 3843 1836 3877; x_wconf 78' lang='lat' dir='ltr'><strong>sententiarum,</strong></span> <span class='ocrx_word' id='word_1_2200' title='bbox 1863 3843 1969 3870; x_wconf 83' lang='lat' dir='ltr'><strong>licentia</strong></span> <span class='ocrx_word' id='word_1_2201' title='bbox 1990 3839 2203 3875; x_wconf 73' lang='lat' dir='ltr'><strong>compositionis,</strong></span> 
     </span>
     <span class='ocr_line' id='line_1_106' title="bbox 55 3879 2127 3921; baseline -0.005 -8"><span class='ocrx_word' id='word_1_2202' title='bbox 55 3885 194 3913; x_wconf 80' lang='lat' dir='ltr'><strong>hominem</strong></span> <span class='ocrx_word' id='word_1_2203' title='bbox 218 3886 343 3921; x_wconf 86' lang='lat' dir='ltr'><strong>praefert.</strong></span> <span class='ocrx_word' id='word_1_2204' title='bbox 460 3883 527 3909; x_wconf 89' lang='lat' dir='ltr'><strong>Plin.</strong></span> <span class='ocrx_word' id='word_1_2205' title='bbox 552 3883 580 3908; x_wconf 90' lang='lat'><strong>16</strong></span> <span class='ocrx_word' id='word_1_2206' title='bbox 593 3901 602 3914; x_wconf 94' lang='lat'><strong>‚</strong></span> <span class='ocrx_word' id='word_1_2207' title='bbox 620 3883 637 3907; x_wconf 93' lang='lat'><strong>6</strong></span> <span class='ocrx_word' id='word_1_2208' title='bbox 681 3883 856 3912; x_wconf 87' lang='lat' dir='ltr'><strong>Continentur</strong></span> <span class='ocrx_word' id='word_1_2209' title='bbox 877 3884 984 3920; x_wconf 86' lang='lat' dir='ltr'><strong>hispido</strong></span> <span class='ocrx_word' id='word_1_2210' title='bbox 1005 3883 1100 3916; x_wconf 86' lang='lat' dir='ltr'><strong>calyce.</strong></span> <span class='ocrx_word' id='word_1_2211' title='bbox 1163 3881 1329 3909; x_wconf 79' lang='lat' dir='ltr'><strong>histrionales</strong></span> <span class='ocrx_word' id='word_1_2212' title='bbox 1341 3883 1435 3909; x_wconf 85' lang='lat' dir='ltr'><strong>modos</strong></span> <span class='ocrx_word' id='word_1_2213' title='bbox 1454 3879 1610 3913; x_wconf 84' lang='lat' dir='ltr'><strong>exprimant.</strong></span> <span class='ocrx_word' id='word_1_2214' title='bbox 1638 3913 1643 3918; x_wconf 93' lang='lat'><strong>.</strong></span> <span class='ocrx_word' id='word_1_2215' title='bbox 1999 3913 2003 3917; x_wconf 40' lang='grc' dir='ltr'>Ι</span> <span class='ocrx_word' id='word_1_2216' title='bbox 2123 3912 2127 3916; x_wconf 41' lang='grc'><strong>’</strong></span> 
     </span>
    </p>

    <p class='ocr_par' dir='ltr' id='par_1_37' title="bbox 4 3907 2203 3958">
     <span class='ocr_line' id='line_1_107' title="bbox 4 3907 2203 3958; baseline -0.007 -9"><span class='ocrx_word' id='word_1_2217' title='bbox 4 3934 7 3940; x_wconf 64' lang='lat'><em>⁷</em></span> <span class='ocrx_word' id='word_1_2218' title='bbox 56 3921 187 3958; x_wconf 68' lang='lat' dir='ltr'><strong>Adspeetu</strong></span> <span class='ocrx_word' id='word_1_2219' title='bbox 199 3921 317 3956; x_wconf 87' lang='lat' dir='ltr'><strong>hispidus</strong></span> <span class='ocrx_word' id='word_1_2220' title='bbox 343 3919 417 3948; x_wconf 78' lang='lat' dir='ltr'><strong>Idem</strong></span> <span class='ocrx_word' id='word_1_2221' title='bbox 429 3927 466 3951; x_wconf 86' lang='lat'><strong>22,</strong></span> <span class='ocrx_word' id='word_1_2222' title='bbox 479 3920 504 3946; x_wconf 87' lang='lat'><strong>6.</strong></span> <span class='ocrx_word' id='word_1_2223' title='bbox 600 3916 666 3951; x_wconf 82' lang='lat' dir='ltr'><strong>Agri</strong></span> <span class='ocrx_word' id='word_1_2224' title='bbox 701 3917 767 3944; x_wconf 85' lang='lat' dir='ltr'><strong>Hor.</strong></span> <span class='ocrx_word' id='word_1_2225' title='bbox 781 3920 868 3947; x_wconf 86' lang='lat' dir='ltr'><strong>Carm.</strong></span> <span class='ocrx_word' id='word_1_2226' title='bbox 882 3930 906 3954; x_wconf 87' lang='lat'><strong>2,</strong></span> <span class='ocrx_word' id='word_1_2227' title='bbox 918 3929 944 3955; x_wconf 86' lang='lat'><strong>9,</strong></span> <span class='ocrx_word' id='word_1_2228' title='bbox 962 3928 982 3947; x_wconf 85' lang='grc' dir='ltr'><strong>ι.</strong></span> <span class='ocrx_word' id='word_1_2229' title='bbox 1054 3919 1100 3946; x_wconf 77' lang='lat' dir='ltr'><strong>Fa·</strong></span> <span class='ocrx_word' id='word_1_2230' title='bbox 1199 3924 1219 3943; x_wconf 84' lang='lat' dir='ltr'><strong>H</strong></span> <span class='ocrx_word' id='word_1_2231' title='bbox 1230 3925 1239 3943; x_wconf 87' lang='lat'>1</span> <span class='ocrx_word' id='word_1_2232' title='bbox 1248 3924 1261 3944; x_wconf 89' lang='lat' dir='ltr'>S</span> <span class='ocrx_word' id='word_1_2233' title='bbox 1270 3917 1336 3944; x_wconf 81' lang='lat' dir='ltr'><strong>TR&#39;i</strong></span> <span class='ocrx_word' id='word_1_2234' title='bbox 1344 3923 1360 3943; x_wconf 90' lang='lat' dir='ltr'>c</span> <span class='ocrx_word' id='word_1_2235' title='bbox 1371 3924 1390 3944; x_wconf 91' lang='lat' dir='ltr'>v</span> <span class='ocrx_word' id='word_1_2236' title='bbox 1403 3925 1433 3949; x_wconf 91' lang='lat' dir='ltr'><strong>s,</strong></span> <span class='ocrx_word' id='word_1_2237' title='bbox 1451 3925 1465 3942; x_wconf 91' lang='lat' dir='ltr'><strong>a</strong></span> <span class='ocrx_word' id='word_1_2238' title='bbox 1475 3935 1483 3947; x_wconf 95' lang='lat'><em>‚</em></span> <span class='ocrx_word' id='word_1_2239' title='bbox 1503 3923 1556 3940; x_wconf 88' lang='lat' dir='ltr'><strong>um.</strong></span> <span class='ocrx_word' id='word_1_2240' title='bbox 1593 3913 1654 3940; x_wconf 87' lang='lat' dir='ltr'><strong>Ad1.</strong></span> <span class='ocrx_word' id='word_1_2241' title='bbox 1690 3913 1815 3950; x_wconf 71' lang='grc' dir='ltr'><strong><em>[ἱςρικδς]</em></strong></span> <span class='ocrx_word' id='word_1_2242' title='bbox 1853 3911 1926 3948; x_wconf 59' lang='lat' dir='ltr'><strong>,Quod</strong></span> <span class='ocrx_word' id='word_1_2243' title='bbox 1933 3916 2045 3953; x_wconf 63' lang='lat' dir='ltr'><strong>pertinet</strong></span> <span class='ocrx_word' id='word_1_2244' title='bbox 2055 3909 2088 3951; x_wconf 72' lang='lat' dir='ltr'><strong>ad</strong></span> <span class='ocrx_word' id='word_1_2245' title='bbox 2099 3907 2203 3942; x_wconf 72' lang='lat' dir='ltr'><strong>histrum</strong></span> 
     </span>
    </p>

    <p class='ocr_par' dir='ltr' id='par_1_38' title="bbox 15 3944 2204 3990">
     <span class='ocr_line' id='line_1_108' title="bbox 15 3944 2204 3990; baseline -0.006 -6"><span class='ocrx_word' id='word_1_2246' title='bbox 15 3950 17 3978; x_wconf 67' lang='lat' dir='ltr'><strong>l</strong></span> <span class='ocrx_word' id='word_1_2247' title='bbox 56 3957 111 3985; x_wconf 79' lang='lat' dir='ltr'><strong>ties</strong></span> <span class='ocrx_word' id='word_1_2248' title='bbox 145 3958 214 3986; x_wconf 86' lang='lat' dir='ltr'><strong>Hor.</strong></span> <span class='ocrx_word' id='word_1_2249' title='bbox 228 3959 316 3984; x_wconf 87' lang='lat' dir='ltr'><strong>Carm.</strong></span> <span class='ocrx_word' id='word_1_2250' title='bbox 330 3967 358 3990; x_wconf 83' lang='lat'><strong>4,</strong></span> <span class='ocrx_word' id='word_1_2251' title='bbox 371 3965 409 3990; x_wconf 91' lang='lat'><strong>10,</strong></span> <span class='ocrx_word' id='word_1_2252' title='bbox 422 3962 446 3989; x_wconf 84' lang='lat'><strong>5.</strong></span> <span class='ocrx_word' id='word_1_2253' title='bbox 513 3953 597 3981; x_wconf 78' lang='lat' dir='ltr'><strong>Frons</strong></span> <span class='ocrx_word' id='word_1_2254' title='bbox 630 3951 708 3986; x_wconf 86' lang='lat' dir='ltr'><strong>Virg.</strong></span> <span class='ocrx_word' id='word_1_2255' title='bbox 720 3953 784 3980; x_wconf 83' lang='lat' dir='ltr'><strong>Aen.</strong></span> <span class='ocrx_word' id='word_1_2256' title='bbox 799 3963 836 3986; x_wconf 88' lang='lat'><strong>10,</strong></span> <span class='ocrx_word' id='word_1_2257' title='bbox 847 3964 904 3983; x_wconf 84' lang='lat'><strong>210.</strong></span> <span class='ocrx_word' id='word_1_2258' title='bbox 1108 3951 1372 3987; x_wconf 68' lang='lat' dir='ltr'><strong>¹0⁵ve1h1strionem:</strong></span> <span class='ocrx_word' id='word_1_2259' title='bbox 1406 3959 1435 3979; x_wconf 78' lang='lat' dir='ltr'><strong>vt</strong></span> <span class='ocrx_word' id='word_1_2260' title='bbox 1445 3971 1454 3984; x_wconf 87' lang='lat'>‚</span> <span class='ocrx_word' id='word_1_2261' title='bbox 1471 3952 1618 3986; x_wconf 77' lang='lat' dir='ltr'><strong>imperator</strong></span> <span class='ocrx_word' id='word_1_2262' title='bbox 1630 3949 1769 3982; x_wconf 83' lang='lat' dir='ltr'><strong>histricus,</strong></span> <span class='ocrx_word' id='word_1_2263' title='bbox 1789 3951 1842 3984; x_wconf 71' lang='lat' dir='ltr'><strong>Qi</strong></span> <span class='ocrx_word' id='word_1_2264' title='bbox 1847 3952 1951 3983; x_wconf 74' lang='lat' dir='ltr'><strong>imperat</strong></span> <span class='ocrx_word' id='word_1_2265' title='bbox 1957 3944 2127 3979; x_wconf 71' lang='lat' dir='ltr'><strong>histrionibus,</strong></span> <span class='ocrx_word' id='word_1_2266' title='bbox 2130 3951 2204 3979; x_wconf 79' lang='lat' dir='ltr'><strong>prae-</strong></span> 
     </span>
    </p>
   </div>
   <div class='ocr_carea' id='block_1_19' title="bbox 212 3977 2201 4022">
    <p class='ocr_par' dir='ltr' id='par_1_39' title="bbox 212 3977 2201 4022">
     <span class='ocr_line' id='line_1_109' title="bbox 212 3977 2201 4022; baseline -0.008 -1"><span class='ocrx_word' id='word_1_2267' title='bbox 212 4000 303 4022; x_wconf 87' lang='lat' dir='ltr'><strong>vo1..</strong></span> <span class='ocrx_word' id='word_1_2268' title='bbox 337 3993 379 4020; x_wconf 78' lang='lat'><strong>11.</strong></span> <span class='ocrx_word' id='word_1_2269' title='bbox 1319 3995 1333 4020; x_wconf 80' lang='grc' dir='ltr'>ς</span> <span class='ocrx_word' id='word_1_2270' title='bbox 1352 3986 1375 4013; x_wconf 85' lang='lat' dir='ltr'>Y</span> <span class='ocrx_word' id='word_1_2271' title='bbox 2113 3977 2201 4015; x_wconf 64' lang='lat' dir='ltr'><strong>fectu,</strong></span> 
     </span>
    </p>
   </div>
  </div>
 </body>
</html>
