2479 4225
384 128 398 137 η

0 225 100 270 „617
399 216 432 255 F
519 216 557 256 A
652 216 692 255 v
1514 210 1546 250 F
1634 209 1671 248 A
1760 208 1797 245 v
2057 214 2167 259 [618

72 310 248 337 FATVOR,
269 304 314 330 ari.
351 303 531 338 [ἒυηθὲζομαι]
570 305 643 330 Fatue
659 304 739 340 loqui,
760 303 800 330 vel
810 311 889 338 agere.
925 300 1011 327 senec.
1033 299 1065 326 de
1129 300 1270 335 log Andr.
1280 309 1314 333 24
1334 300 1445 330 Faucte3
1466 299 1551 326 adeste
1564 305 1648 336 aequo
1662 297 1765 323 animo:
1786 301 1811 322 et
1825 305 1879 322 rein
1895 300 2050 332 cognoscite.
2090 301 2167 326 Νργη-

3 355 15 374 0:
39 344 124 372 Morte
142 340 230 369 Claud.
264 339 333 366 Audi
354 349 395 365 nic
414 347 439 366 ct
458 340 541 366 detine
553 340 658 366 fatuari.
696 340 767 374 Qoil
778 338 806 364 de
818 337 869 374 ipso
883 336 982 362 Claudio
998 337 1065 361 Νι-νο
1079 360 1081 362 .
1124 343 1157 370 pc
1171 337 1210 362 hic
1222 338 1292 362 fauct
1302 357 1309 367 ,
1328 340 1370 372 qui
1383 343 1462 362 tucn.-
1485 338 1556 364 alius,
1571 338 1612 370 qui
1624 333 1737 369 plaudit,
1756 339 1801 358 etc.
1874 333 1929 358 Cic.
1944 334 1974 360 dc
1989 336 2081 361 Diuin.
2094 344 2118 367 2,
2134 344 2167 370 57

38 378 102 416 apud
112 379 178 405 Suet.
195 377 222 402 in
231 375 322 401 Claud.
338 384 358 400 c.
373 383 399 408 33
422 375 534 410 cxprtffit
547 376 619 402 verbo
634 375 745 404 Morari,
759 377 843 408 prirna
857 374 938 407 longa.
975 371 1065 397 lustin.
1130 374 1191 397 c.26
1213 373 1282 398 Galli
1295 371 1396 398 silentio
1409 371 1503 404 noctis,
1519 378 1545 396 ot
1560 378 1597 396 ait
1604 369 1712 401 Ennius,
1726 368 1815 394 fauent
1830 367 1966 398 faucibiis3
1987 372 2076 396 rursus
2089 378 2166 398 cantu

40 423 81 448 43,
95 422 114 447 ¹,
127 418 141 443 8
164 413 252 439 Fauno
271 411 323 437 fuit
337 419 404 436 vxor
422 412 530 437 nomine
543 412 638 443 Fatua,
659 419 726 445 quac
746 408 838 435 assidue
859 407 954 432 diuino
974 407 1066 440 spiritu
1130 407 1272 441 plausuque
1287 413 1407 441 premunt
1421 407 1481 432 alas.
1516 405 1676 441 Sciiflufflin
1691 402 1771 431 chi'o.
1928 401 1947 439 ff
1968 412 1979 435 3
2002 406 2167 441 Fauei·e‚pra

41 450 91 477 fnit
106 447 223 482 impleta,
243 446 314 473 velut
333 455 377 480 per
391 446 507 472 furorem
522 447 612 473 futura
626 444 819 480 praemonebat,
839 442 907 469 vnde
921 441 1003 468 adhuc
1020 441 1067 476 qui
1090 447 1104 474 5
1132 441 1240 476 Proilist&
1252 443 1333 478 positi!
1348 443 1453 469 Solinus
1472 451 1492 466 c.
1509 449 1521 473 5
1540 449 1603 467 ectr.
1626 442 1676 466 Dat
1690 439 1764 466 India
1782 437 2018 470 (curaliachatem)
2037 449 2113 474 quem
2127 442 2167 468 vi-

42 484 158 520 inspirari
171 482 261 512 solent,
275 481 370 508 fatuari
382 481 514 508 dicuntur.
551 481 657 516 Qiidam
671 481 726 507 MS.
740 477 866 512 Fatuarii.
903 477 950 506 Sed
962 477 1068 504 Fatuari
1131 477 1191 503 dissc
1214 478 1297 504 oculis
1324 478 1404 505 fauet.
1469 478 1559 511 Nempe
1580 477 1666 510 qm'hus
1683 476 1819 511 fouemus,
1846 473 1898 500 illis
1915 473 2026 508 prodest}-
2048 483 2165 510 cupimus.

0 519 1 523 ’
41 523 112 549 etiam
126 518 153 545 de
169 517 249 544 eodem
269 527 295 544 re
315 526 390 553 agens
409 518 483 545 Seru.
500 517 534 544 ad
547 518 611 543 Aen.
627 525 654 549 3,
671 523 732 549 443.
1130 512 1151 549 Ἲ
1169 522 1187 546 4
1215 515 1345 547 Faustur,
1369 511 1593 548 [συμπράττεται]
1632 511 1732 546 ImprrJL
1757 513 1796 536 cui
1814 512 1966 535 contrarium
1982 508 2015 542 1st
2030 511 2167 538 innuatur.

1130 549 1187 575 Cic.
1202 548 1232 574 de
1246 550 1318 576 Orat.
1333 558 1361 579 2,
1381 557 1429 582 207
1458 546 1595 573 Inuidetur
1613 546 1684 571 enim
1706 543 1852 571 commodis
1872 544 2010 571 hominum
2029 545 2146 578 ipsorum
2161 557 2168 576 ;

435 591 457 622 F
554 591 580 621 Α
676 587 705 617 V
1131 583 1223 610 studiis
1239 591 1325 610 autem
1340 593 1433 611 eorum
1446 582 1552 608 caeteris
1568 580 1751 607 commodandi
1767 581 1880 607 sanetur.
1945 579 2018 607 Idem
2030 580 2081 607 Off.
2095 588 2120 612 2,
2136 589 2169 614 45

73 637 76 641 ·
251 652 255 657 ,
1088 627 1116 645 ιο
1132 620 1196 646 Non
1210 620 1291 646 modo
1303 629 1356 646 non
1369 617 1504 645 inuidetur
1520 617 1559 643 illi
1573 617 1665 647 aetati,
1686 625 1777 643 verum
1790 617 1869 641 etiam
1885 615 1997 642 fauetur.

76 666 174 687 FAVC
185 664 202 686 Ε
212 665 240 691 S,
259 658 323 685 ium.
344 659 362 685 f.
389 660 427 686 Pl.
461 658 577 693 [λα’ριγξ,
592 656 751 691 οἷσφσίροιγος]
789 654 903 690 Superior
914 660 977 689 pars
991 655 1071 692 gulae,
1168 661 1214 681 ΡΑ
1225 663 1243 681 v
1253 662 1297 681 EN
1307 662 1335 688 s,
1356 656 1432 681 entis.
1466 650 1559 680 Partic.
1590 651 1784 687 [συμπράττων]
1821 651 1902 677 Ouid.
1918 650 1994 685 Epist.
2008 660 2030 683 2,
2044 659 2072 683 19
2088 651 2170 677 Venti

35 701 119 725 {mento
135 698 247 730 proxima
261 706 268 720 :
298 695 345 731 fid
364 698 483 727 interior,
501 694 543 723 vbi
563 702 589 719 os
604 690 766 731 angustatur:
791 700 861 726 qnam
875 697 968 726 partem
983 693 1073 716 (it-urci
1133 690 1204 716 caelo
1224 691 1369 725 pelagoque
1388 690 1513 716 fauentes.
1584 687 1735 721 Auspicium
1755 687 1846 713 fauens
1866 686 1949 713 Ouid.
1966 695 1996 712 ex
2010 687 2092 713 Ponto
2107 695 2130 718 3,
2151 695 2172 719 1,

41 730 155 765 ’λαίρυγγοι
173 738 262 756 vocant
275 741 282 755 :
320 730 383 757 vnde
402 732 488 756 Latine
511 732 583 754 ctiam
602 729 723 762 loquentes
746 735 836 762 quoque
855 727 993 761 Laryngrm
1006 745 1013 756 ‚
1034 726 1074 751 vel
1136 728 1190 752 160.
1262 725 1420 752 Fauentibus
1435 724 1551 755 cunftis,
1569 729 1597 749 vt
1612 732 1672 749 vera
1688 724 1777 752 essent,
1793 731 1859 756 quae
1876 722 2003 748 facillima
2016 728 2089 749 erant
2103 722 2172 748 Plin.

40 766 194 802 thiryngrm
211 765 305 792 dicunt.
359 768 396 792 De
414 773 489 799 etymo
509 764 562 789 vid.
581 763 672 791 Ifidor.
687 771 717 792 ιι,
732 771 749 788 1.
806 762 871 787 Plin.
892 770 928 790 ιι,
948 769 977 794 37
1001 762 1073 786 Suni-
1135 764 1174 793 36,
1190 769 1200 793 3
1229 761 1245 786 s.
1261 770 1286 795 7.
1359 762 1482 787 Fauentes
1496 759 1573 785 rebus
1587 757 1839 792 Carthaginienssum
1856 757 1916 783 Liu.
1932 765 1972 790 25,
1985 767 2029 790 40.
2074 758 2173 784 Ennius

43 810 114 828 muni
129 800 217 835 gulae,
234 801 319 827 fauces
332 807 460 828 vocantur
475 809 479 825 :
514 805 674 828 extremuni,
694 797 848 824 stomachus.
919 796 973 822 Cic.
987 795 1071 821 Tusc.
1091 807 1114 832 ις
1133 796 1198 832 apud
1215 796 1286 822 Seru.
1301 797 1334 823 ad
1347 798 1443 830 Georg.
1459 804 1478 826 1,
1494 800 1517 824 18
1539 795 1673 820 Matronae
1687 803 1792 820 moeros
1805 794 1936 827 complent
1957 793 2071 827 spectare
2083 793 2174 819 fauen-

42 845 64 869 1,
78 844 109 871 37
131 837 184 863 Has
204 842 291 863 tamen
306 837 429 871 imagines
444 833 518 869 loqui
530 834 623 860 volunt
639 844 644 859 ;
673 833 746 868 quod
766 833 824 859 fieri
842 841 888 858 nec
908 831 960 857 fine
974 831 1072 871 lingua,
1133 830 1229 864 tes,'i.
1243 835 1374 867 cupientes.
1462 831 1517 857 Cic.
1532 830 1602 856 Fam.
1621 839 1657 861 iz,
1674 838 1687 861 3
1711 836 1774 855 extr.
1802 829 1847 855 Me
1867 829 1972 854 fauente
1992 829 2073 863 magis
2093 837 2174 863 quam

42 880 90 899 nec
103 871 154 898 sine
168 872 266 907 palato,
280 880 327 898 uec
341 871 391 898 line
401 870 519 896 faucium
534 870 679 896 laterumue
698 876 723 895 et
742 869 896 903 pulmonum
908 867 974 893 vict
990 870 1074 901 ligura
1134 868 1258 901 sperante.
1349 868 1429 893 Manu
1453 866 1558 892 fauente
1586 865 1709 899 plaudere
1735 864 1814 890 alicui
1840 864 1921 890 Ouid.
1943 863 1974 890 de
1997 865 2060 890 Arte
2083 864 2142 890 Am.
2156 873 2175 895 1,

40 907 130 942 potest.
184 909 316 943 Reperitur
332 905 453 933 interdum
474 912 497 931 ee
512 914 625 932 numerus
637 904 784 941 singularis.
821 902 900 929 Ouid.
917 903 943 928 in
958 902 1017 928 Ibin
1032 911 1070 935 551
1136 908 1189 936 148.
1256 903 1352 933 ,Ventis
1374 901 1523 928 fauentibus
1545 901 1669 935 nauigare
1695 899 1770 926 Idem
1788 900 1852 926 Met.
1876 907 1918 932 15,
1940 908 1986 932 49.
2041 899 2115 935 Conf.
2134 899 2174 926 Id.

0 955 2 958 ·
41 943 110 969 Vtue
130 943 262 975 Syracusio
283 940 430 977 praestricta
448 940 523 966 fauce
544 942 652 971 Poetae,
686 941 726 966 Sic
746 940 848 966 animae
867 938 962 972 laqueo
981 938 1009 964 sit
1030 940 1073 964 via
1135 937 1246 964 Heroid.
1268 946 1300 970 2,
1322 947 1358 972 ¹9·

0 994 2 1004 ›
41 977 125 1005 clausa
139 985 206 1005 tuac.
275 979 368 1005 Fauces
381 976 484 1002 diutina
504 976 574 1002 fame
594 976 693 1002 sauciae
714 982 738 1001 et
756 980 905 1001 araneantes
919 973 995 1008 Apul.
1009 975 1072 999 Met.
1087 983 1121 1002 20
1173 980 1188 1000 F
1200 981 1219 999 Α
1230 981 1276 1000 VE
1288 980 1310 1000 N
1322 980 1343 1000 T
1354 981 1362 999 1
1373 980 1412 1003 A,
1442 981 1481 999 ae.
1516 971 1536 997 f.
1578 971 1613 997 Vt
1631 973 1716 1005 inquit
1735 969 1836 999 Festus,
1862 969 1962 995 Bonam
1981 969 2176 996 ominationem

42 1022 62 1047 4
82 1023 105 1046 p.
122 1023 172 1048 152,
185 1023 226 1047 34.
313 1013 414 1045 Raucae
430 1012 516 1038 fauces
537 1013 641 1038 Luci-et.
655 1013 682 1043 6,
697 1017 762 1045 1187.
845 1010 931 1036 Siccae
950 1010 1074 1043 sauguine
1137 1009 1268 1043 fignificat.
1322 1009 1394 1035 Nam
1413 1016 1551 1042 praecones
1573 1007 1711 1033 clamantes
1731 1005 1859 1039 populum
1877 1004 2010 1031 sacrificiis
2030 1006 2120 1031 fauere
2134 1006 2176 1032 iu-

43 1049 141 1084 virgil.
155 1051 219 1076 Aen.
232 1057 257 1081 9,
271 1050 314 1080 64.
384 1047 479 1073 Fauces
492 1047 641 1079 conuulsae,
662 1047 789 1081 integrae,
809 1045 890 1076 lcue5‚
908 1045 1009 1076 molles,
1028 1044 1075 1071 ob·
1136 1044 1241 1071 bebant.
1278 1044 1460 1076 Fauerspnim
1475 1043 1510 1069 est
1526 1044 1597 1069 Bona
1610 1042 1670 1068 fari.
1711 1041 1744 1066 At
1763 1046 1863 1067 veteres
1878 1040 1970 1065 Poetae
1989 1049 2038 1073 pro
2050 1040 2125 1067 lilcrc
2138 1040 2176 1067 vsi

42 1085 130 1117 tusae,
149 1090 291 1115 tumentes,
305 1082 366 1118 sunt
386 1082 515 1115 Quinctil.
539 1091 584 1115 ιι,
604 1092 631 1115 3,
653 1091 696 1108 20.
768 1081 848 1107 Rasae
870 1079 939 1106 Ibid.
961 1089 972 1112 3
990 1088 1012 1106 ct
1033 1089 1074 1106 20.
1137 1081 1195 1106 sunt
1212 1080 1310 1106 fauere.
1346 1078 1479 1106 Adhibere
1492 1078 1638 1105 fauentiam
1652 1075 1745 1102 Accius
1759 1082 1799 1110 ap.
1813 1074 1935 1106 Nonium
1949 1082 1971 1106 3,
1983 1083 2023 1107 93.

42 1120 125 1148 Arent
137 1120 236 1149 fauces,
254 1119 352 1152 vixque
367 1117 402 1143 est
415 1119 458 1144 via
472 1118 544 1144 vocis
560 1119 588 1144 in
600 1118 654 1144 illis
666 1116 747 1144 Ouid.
763 1118 828 1142 Met.
842 1118 867 1148 6,
882 1124 932 1148 355.
1001 1116 1075 1148 Sil.3,
1153 1123 1156 1126 ⁴
1174 1122 1218 1142 ΡΑ
1228 1122 1248 1141 ν
1258 1115 1336 1142 TxVR
1346 1122 1366 1141 v
1377 1123 1389 1142 s
1399 1135 1406 1147 ,
1425 1124 1450 1147 a,
1470 1123 1523 1140 tim.
1560 1113 1652 1139 Partic.
1690 1109 1866 1145 [συμπροέξων,
1878 1107 2021 1144 eri-iiddom]
2058 1110 2114 1137 Cic.
2127 1119 2177 1145 pro

43 1163 92 1188 194
116 1154 227 1182 Immani
244 1153 329 1179 fauces
343 1153 451 1180 Diducit
467 1153 550 1179 hiatu.
643 1153 747 1178 Elidere
760 1152 847 1178 fauces
861 1150 941 1178 Ouid.
957 1152 1019 1177 Met.
1037 1160 1076 1185 14,
1092 1159 1123 1185 25
1137 1151 1185 1177 Cn.
1202 1150 1287 1176 Plane.
1306 1158 1316 1176 1
1345 1151 1436 1184 Qmm
1456 1156 1544 1176 autem
1564 1148 1684 1175 audirem
1708 1155 1781 1173 meos
1799 1146 1895 1180 partim
1919 1145 2060 1177 inimicos,
2080 1148 2177 1179 partim

44 1195 99 1226 738.
168 1189 235 1216 Ter.
252 1190 345 1215 Heaut.
360 1198 388 1223 4,
400 1198 424 1219 2,
443 1191 459 1215 6
489 1189 603 1215 Crucior
624 1188 716 1214 bolum
737 1193 837 1215 tantum
862 1186 931 1212 mihi
952 1188 1075 1221 Ereptum
1137 1185 1261 1218 inuidos,
1281 1185 1344 1212 huic
1357 1186 1517 1212 accusationi
1531 1185 1579 1211 ess'e
1592 1184 1725 1213 fantur-0⁵,
1745 1189 1790 1207 etc.
1847 1180 1894 1207 scd
1905 1180 1986 1207 editur
1998 1190 2065 1207 nunc
2082 1190 2111 1207 ex
2131 1183 2180 1208 Vr-

43 1231 96 1254 tam
109 1225 196 1252 subito
208 1233 222 1250 e
235 1224 363 1251 faucibus.
419 1224 549 1251 Exuberat
568 1224 652 1258 aegris
668 1223 786 1250 faucibus
800 1223 887 1258 grauis
902 1222 995 1248 halitus
1008 1223 1075 1248 Pers.
1130 1221 1184 1256 fini
1195 1221 1258 1247 libro
1272 1221 1397 1248 fautores.
1453 1221 1501 1249 Sed
1510 1220 1566 1254 fine
1583 1216 1746 1251 controuersia
1766 1216 1822 1243 Cic.
1836 1217 1889 1243 Att.
1904 1224 1947 1248 12,
1967 1224 2003 1250 49
2027 1217 2072 1243 Me
2090 1223 2180 1243 tamen

43 1269 69 1295 3,
80 1265 118 1294 89.
187 1261 318 1294 Frangere
331 1259 417 1286 fauces
432 1260 527 1294 laqueo
540 1260 636 1286 Lucan.
652 1268 675 1291 2,
688 1266 739 1292 154.
810 1258 957 1285 Infirmatac
971 1259 1075 1284 Sueton.
1138 1257 1164 1283 ei
1179 1257 1324 1283 fauturum.

0 1301 4 1305 '
48 1297 110 1331 Aug.
128 1305 149 1322 c.
163 1300 205 1329 84.
275 1295 416 1321 Infundere
435 1295 571 1327 faucibus,
595 1295 648 1321 vid.
670 1303 678 1321 1
690 1302 764 1321 NFv
774 1300 821 1320 ΝΒ
831 1302 849 1320 o
859 1314 865 1320 .
943 1293 1076 1319 innectere
1176 1299 1192 1319 F
1202 1291 1252 1319 KV
1264 1299 1283 1319 O
1294 1300 1312 1319 R
1322 1312 1330 1325 ,
1350 1292 1414 1318 oris.
1451 1301 1487 1318 ni.
1524 1287 1638 1324 [σπκδῆ]
1675 1288 1847 1315 Beneuolentia
1860 1285 2128 1323 quibuscunquefignt's
2141 1287 2180 1314 de-

0 1329 2 1358 ζ
16 1348 19 1357 i
47 1331 131 1366 fauces
144 1331 239 1366 laqueo
251 1330 332 1357 Ouid.
347 1332 409 1357 Met.
424 1340 461 1363 ιο,
475 1336 530 1365 278.
600 1331 717 1356 Intortac
737 1330 839 1362 fauces,
866 1328 919 1355 vid.
936 1335 1004 1355 1N'1'
1017 1335 1036 1354 ο
1047 1336 1078 1354 R·
1095 1339 1126 1363 30
1140 1329 1246 1354 clarata.
1288 1328 1370 1355 Ouid.
1389 1328 1416 1353 iu
1435 1327 1496 1353 Ibin
1516 1335 1554 1352 121
1580 1326 1617 1352 Sit
1635 1332 1741 1359 quoque
1761 1322 1849 1357 (quod
1862 1331 1951 1349 rarum
1966 1322 2019 1353 est)
2040 1323 2120 1349 solito
2137 1324 2181 1349 dem

51 1372 158 1404 QVI-20.
224 1367 291 1394 Tac.
305 1367 371 1392 Ann.
385 1375 406 1399 5,
422 1375 438 1399 9
463 1367 529 1393 Exin
542 1365 639 1393 Oblifis
660 1366 796 1397 faucibus,
816 1364 843 1391 id
863 1364 954 1391 aetatis
968 1373 1079 1398 corpora
1139 1363 1208 1390 secia
1227 1363 1320 1390 fauore
1357 1364 1488 1390 Fortunae
1507 1361 1586 1388 facies
1608 1359 1739 1387 inuidiosa
1758 1364 1826 1384 tuae.
1906 1357 2037 1390 Qiinciil.
2053 1363 2082 1391 8,
2101 1366 2125 1390 3,
2146 1367 2180 1393 34

6 1404 13 1430 ζ
37 1408 38 1413 ’
51 1401 81 1430 in
93 1401 228 1429 Gemonias
245 1401 356 1428 abiefia.
427 1402 546 1429 Obsessae
559 1402 655 1432 fauces,
675 1401 694 1428 i.
703 1410 725 1427 e.
740 1401 848 1427 Clausae
862 1400 1041 1434 Virg.Georg.
1057 1408 1079 1431 3,
1142 1400 1271 1425 Fauorem
1285 1405 1310 1426 et
1324 1399 1459 1426 Vrbanum
1471 1398 1567 1424 Cicero
1580 1405 1650 1422 noua
1667 1395 1759 1421 eredit.
1811 1394 1881 1420 Nam
1900 1394 1928 1419 in
1941 1392 2049 1428 epistola
2068 1393 2099 1420 ad
2115 1394 2181 1420 Bru-

51 1443 111 1471 508:
132 1437 240 1464 Seruius.
311 1437 464 1464 Praestrieta
476 1438 550 1464 fauce
566 1437 663 1472 laqueo
677 1437 758 1464 Ouid.
773 1437 800 1462 in
812 1438 872 1462 Ibin
888 1444 937 1468 551.
993 1435 1080 1461 Preini
1141 1441 1214 1465 tum,
1238 1435 1319 1467 Eum,
1338 1437 1436 1470 inquit,
1454 1441 1589 1465 amorem,
1609 1438 1633 1458 et
1652 1439 1713 1457 eum
1732 1433 1777 1462 (vt
1792 1429 1842 1456 hoc
1861 1428 1943 1455 verbo
1962 1432 2037 1460 vtar)
2057 1429 2181 1456 fauorem

8 1471 18 1493 ¹³
37 1471 164 1499 'faucibus
177 1473 231 1499 Cic.
246 1480 294 1506 pro
307 1473 412 1499 Cluent.
427 1478 467 1506 84.
570 1473 650 1499 Ouid.
672 1474 736 1499 Met.
757 1480 783 1502 2,
803 1477 851 1501 282
883 1472 935 1497 Vix
956 1472 1080 1505 equidem
1143 1471 1171 1496 in
1186 1469 1325 1496 confilium
1342 1469 1494 1501 aduocabo,
1514 1475 1559 1494 etc.
1618 1467 1746 1495 formula,
1766 1471 1794 1491 vt
1813 1464 1863 1491 hoc
1884 1464 2061 1503 verbo-Vtar,
2080 1465 2182 1491 induxit

8 1540 10 1542 Ι
44 1507 132 1541 fauces
152 1507 213 1534 haec
230 1509 283 1542 ipsa
304 1509 332 1535 iu
351 1508 433 1534 verba
448 1507 570 1534 Resoluo.
656 1507 821 1541 strangulare
832 1507 920 1533 fauces
932 1507 1032 1539 Celsa,
1044 1515 1080 1532 10.
1098 1513 1125 1539 35
1145 1506 1259 1536 Fabium,
1277 1513 1307 1532 vt
1323 1505 1449 1537 crederet,
1468 1514 1553 1530 nouum
1568 1503 1706 1529 vocabulum
1721 1502 1833 1527 Ciceroni
1848 1501 1926 1536 visiun
1939 1499 1981 1533 eſje
1994 1500 2088 1527 Fauor.
2125 1501 2181 1527 Cic.

35 1541 125 1581 fflaut.
140 1536 194 1570 Cas.
208 1550 230 1576 5,
244 1552 266 1576 3,
283 1553 302 1576 4
329 1545 415 1577 Quam
435 1544 519 1577 palam
545 1543 593 1569 sint
611 1543 723 1577 probra,
741 1543 865 1568 omnibus
889 1542 973 1568 modis
994 1541 1081 1568 occidi
1144 1550 1191 1576 pro
1205 1541 1279 1567 Rosc.
1293 1542 1369 1568 Com.
1385 1549 1415 1573 29
1441 1550 1462 1566 c.
1477 1549 1504 1566 10
1531 1540 1618 1572 Qiam
1631 1536 1861 1571 exspectationem,
1880 1536 1951 1570 quod
1963 1535 2089 1568 studium,
2102 1545 2182 1570 quem

35 1578 124 1605 {miser
139 1589 144 1604 :
173 1579 209 1605 ita
226 1579 365 1605 manifesto
383 1578 503 1604 faucibus
517 1578 637 1605 Teneor.
692 1580 761 1612 Qae
772 1578 811 1611 Jic
831 1584 903 1612 capta
913 1577 990 1613 sunt,
1007 1587 1036 1603 ac
1048 1584 1083 1603 tc-
1144 1577 1264 1603 fauorem
1276 1578 1361 1603 secum
1380 1576 1407 1602 in
1422 1576 1522 1602 scenam
1538 1574 1626 1601 attulit
1640 1573 1788 1606 Panurgus?
1858 1572 1950 1597 Tutus
1962 1571 2056 1597 fauore
2069 1571 2183 1597 alicuius

42 1620 134 1641 vientur
151 1615 284 1644 animalia,
306 1617 352 1639 vix
372 1613 506 1649 effigium.
559 1615 632 1640 Hanc
652 1616 869 1639 conuenientiorcm
883 1619 945 1647 puto
963 1613 1085 1647 metapho-
1146 1611 1227 1639 Ouid.
1243 1613 1307 1638 Met.
1321 1621 1347 1645 9,
1362 1613 1423 1644 246.
1495 1611 1602 1637 Diuisus
1618 1608 1710 1635 Claud.
1724 1608 1751 1633 in
1764 1608 1830 1633 Sext.
1846 1607 1923 1632 Cons.
1938 1606 1993 1632 Stil.
2006 1614 2050 1639 45.
2122 1607 2183 1632 Fra-

42 1649 99 1676 ran'i
111 1657 173 1684 prae
193 1659 232 1677 ea.
253 1658 311 1684 quac
330 1658 425 1674 manum
444 1650 576 1675 militarem
595 1652 623 1675 in
632 1649 752 1685 faucibus
771 1650 895 1674 montanis
914 1648 1083 1683 &prebui-iiim
1143 1648 1204 1682 gilis
1225 1648 1282 1674 Sen.
1296 1647 1405 1682 Hippol.
1425 1647 1443 1672 s.
1459 1655 1485 1679 4.
1557 1644 1690 1671 Manifesti
1703 1643 1771 1676 signa
1785 1641 1866 1668 Ouid.
1875 1639 1961 1666 Trist.
1974 1649 1996 1672 3,
2009 1647 2030 1672 5,
2046 1648 2084 1672 19.
2130 1641 2184 1666 Mi-

38 1687 124 1720 ponit.
193 1685 303 1710 Tumor
316 1684 431 1710 faucium
445 1684 526 1710 Scrib.
541 1686 585 1717 64.
655 1683 803 1711 Tullientes
816 1684 882 1709 cels.
897 1692 919 1715 5,
931 1686 973 1709 26.
1020 1684 1081 1709 Vrit
1095 1691 1132 1716 40
1146 1692 1190 1709 rus
1209 1683 1278 1717 apud
1297 1683 1423 1717 populum
1441 1681 1531 1708 Tacit.
1545 1682 1612 1706 Ann.
1630 1688 1654 1709 ι,
1674 1686 1699 1713 7.
1803 1675 1939 1702 Naturalis
1951 1675 2088 1714 Ι(ᾎιίηέὶὶί.
2109 1685 2142 1709 4,
2164 1684 2184 1702 1.

38 1719 99 1748 ‚fitis
119 1719 205 1745 fauces
223 1719 289 1745 Hor.
304 1719 384 1745 Serm.
400 1728 420 1751 1,
433 1727 458 1751 2,
473 1728 525 1752 114.
720 1717 740 1756 ff
757 1728 773 1746 2
809 1720 921 1751 Fauces,
934 1726 981 1753 per
998 1725 1083 1745 trans·
1146 1718 1305 1744 Plenissimus
1324 1719 1400 1744 fauor
1418 1716 1537 1742 Scribon.
1551 1716 1594 1748 Ep.
1606 1714 1658 1748 fin.
1738 1712 1881 1745 Propensus
1902 1710 1983 1749 Ouid.
1999 1710 2181 1745 Mct.14,706.

9 1787 12 1790 Ι
40 1756 162 1783 dationem
181 1754 298 1780 dicuntur
314 1753 413 1790 angusti
425 1762 474 1789 per
492 1761 585 1785 montet
604 1764 634 1780 ac
648 1754 730 1790 saltus
749 1753 877 1786 tranjitus.
934 1755 1007 1780 Curt.
1024 1763 1051 1785 3,
1066 1762 1085 1785 4
1146 1753 1267 1781 Publicus
1285 1752 1358 1778 Idem
1374 1760 1405 1777 ex
1420 1753 1493 1776 Pom.
1508 1759 1534 1782 4,
1551 1758 1590 1782 14,
1604 1751 1642 1780 56.
1714 1745 1844 1775 Secundus
1861 1754 2001 1771 numinum
2019 1746 2107 1771 Senec.
2120 1747 2186 1781 Hip-

10 1799 16 1802 *
41 1789 197 1816 ,Alexander
215 1790 303 1815 fauces
323 1790 396 1823 iugi,
423 1799 490 1823 quae
509 1790 583 1823 pylae
601 1789 780 1822 appellantur,
800 1788 918 1813 intrauit.
1026 1788 1083 1813 Cic.
1146 1787 1200 1819 pol.
1219 1788 1237 1812 s.
1252 1795 1276 1812 2.
1367 1787 1486 1819 Spei-atus
1500 1785 1577 1810 fauor
1589 1791 1643 1808 non
1657 1780 1796 1815 respondet
1810 1781 1912 1807 meritis
1925 1782 1992 1807 Hor.
2001 1781 2080 1815 Epist.
2090 1790 2115 1812 z,
2127 1791 2146 1814 1,
2159 1790 2184 1815 9.

41 1830 137 1850 contra
151 1824 222 1850 Rull.
236 1833 257 1855 2,
271 1826 303 1853 86
320 1833 341 1849 c.
354 1833 384 1855 32
412 1825 556 1849 Corinthus
580 1829 636 1848 erat
649 1823 703 1848 *fita
723 1823 751 1847 in
771 1822 895 1854 angustiis
914 1826 940 1846 et
963 1821 1084 1846 faucibus
1146 1821 1291 1854 Nunquam
1305 1820 1404 1846 stabilis
1417 1821 1474 1845 Seu.
1488 1818 1600 1851 Thyest.
1613 1827 1632 1850 4
1657 1827 1683 1843 v.
1704 1825 1754 1849 331.
1948 1814 1968 1852 fl
1995 1824 2012 1842 2
2054 1818 2187 1844 Verborum

0 1874 2 1876 v
43 1860 180 1885 Graeciae.
233 1860 272 1884 De
284 1865 362 1892 portu
382 1858 452 1883 Caes.
466 1859 493 1884 B.
506 1859 536 1883 C.
553 1866 571 1886 1,
586 1865 625 1888 25.
694 1857 726 1882 In
743 1855 848 1881 macelli
861 1855 980 1880 faucibus
993 1855 1083 1880 sedens
1097 1860 1131 1886 45
1139 1855 1286 1890 formulae:
1323 1854 1454 1888 Qiinehl.
1474 1857 1501 1886 6,
1522 1863 1548 1886 ι,
1568 1862 1598 1886 25
1623 1854 1691 1886 Ergo
1712 1858 1738 1878 et
1757 1850 1803 1877 ille
1823 1851 1926 1884 (Milo)
1945 1852 2068 1885 Captauit
2089 1861 2120 1879 ex
2139 1853 2185 1878 illa

44 1894 102 1920 Cic.
116 1895 192 1919 Verr.
205 1901 228 1924 3,
241 1899 294 1924 145.
364 1892 475 1924 Fauces,
492 1892 545 1918 Ora
556 1890 610 1924 stne
623 1889 684 1923 ostia
695 1891 847 1926 fluuiorum,
866 1889 951 1925 quihus
971 1893 998 1915 in
1016 1899 1083 1916 mare
1144 1890 1300 1925 praestantia
1318 1891 1402 1917 animi
1421 1891 1551 1916 fauorem.
1622 1888 1814 1922 Conspirauere
1834 1886 1861 1911 in
1873 1886 1945 1912 ducis
1963 1887 2092 1913 eximium
2110 1888 2185 1914 fauo-

39 1946 40 1959 i
60 1939 71 1956 e
91 1931 242 1956 exonerant:
279 1927 344 1953 Plin.
362 1926 391 1952 de
405 1928 466 1953 Nilo
485 1927 559 1953 verba
567 1926 686 1962 faciens,
704 1934 727 1959 5,
740 1934 756 1959 9
777 1925 870 1952 Multis
890 1925 1010 1960 quamuis
1028 1926 1083 1951 fau-
1144 1935 1201 1952 rem
1220 1926 1359 1952 Claudian.
1371 1927 1401 1952 in
1415 1925 1482 1951 Ruff.
1496 1933 1520 1955 2,
1541 1933 1590 1957 1¹9·
1660 1922 1781 1955 Contigit
1794 1921 1861 1946 mihi
1874 1921 1965 1948 fauore
1980 1922 2124 1956 pleniffimo
2139 1929 2185 1950 tuo

45 1965 119 1993 cibus
137 1965 164 1990 in
177 1972 250 1990 mare
269 1963 295 1989 se
314 1968 428 1988 euoniat.
514 1963 576 1989 Alia
594 1962 736 1996 metaphora
756 1962 812 1988 Cic.
831 1970 880 1995 pro
894 1961 971 1987 Arch.
985 1969 1010 1986 21
1031 1970 1052 1987 c.
1065 1970 1082 1993 9
1146 1961 1265 1987 Scribon.
1281 1962 1327 1995 Ep.
1399 1961 1488 1987 Tacit.
1503 1961 1568 1985 Ann.
1582 1966 1616 1992 ις,
1629 1965 1656 1990 53
1682 1958 1833 1984 Coinitante
1846 1957 1960 1990 Antonia
1975 1957 2081 1985 Claudii
2095 1960 2186 1985 Cacsa-

46 2001 145 2028 Vrbem
159 2006 190 2026 ex
202 1998 276 2024 omni
290 1999 390 2032 impetu
403 1997 534 2029 hostium,
553 2006 581 2023 ac
599 1997 680 2023 totius
695 1996 761 2023 belli
778 2005 825 2023 ore
842 2005 871 2022 ac
888 1996 1007 2022 faucibus
1028 2005 1082 2022 ere·
1144 1998 1181 2022 ris
1196 1996 1250 2022 filia
1263 1997 1295 2022 ad
1310 1995 1474 2022 Eliciendum
1491 1995 1563 2029 vulgi
1576 1995 1706 2020 fauorem.
1788 1992 1905 2018 Emereri
1919 1993 2041 2025 fauorem
2054 1994 2185 2027 Quinctil.

34 2028 118 2072 lptam
130 2035 176 2061 esse
187 2040 266 2074 atque
279 2035 414 2060 seruatam.
482 2032 554 2058 Idem
573 2032 601 2058 in
615 2032 693 2058 Catil.
707 2040 730 2064 3,
743 2037 774 2062 28
792 2031 950 2062 Laboribus,
962 2031 1084 2062 consiliis,
1098 2036 1130 2062 50
1145 2041 1172 2064 4,
1188 2040 1207 2057 1.
1279 2032 1385 2057 Faciunt
1399 2031 1519 2057 fauorem
1533 2037 1557 2056 et
1571 2029 1617 2057 illa
1631 2037 1712 2063 paene
1725 2028 1875 2054 communia
1894 2028 1965 2054 Idem
1979 2037 2008 2061 4,
2024 2037 2043 2055 1.
2116 2030 2186 2057 Tac.

34 2071 169 2111 'periculis
188 2079 253 2096 meis
265 2078 296 2095 cx
314 2069 417 2095 flamina
431 2073 509 2103 atque
527 2068 615 2100 ferro,
634 2077 662 2094 ac
675 2076 757 2102 paene
775 2076 806 2093 ex
824 2067 944 2093 faucibus
962 2067 1010 2092 fati
1029 2076 1084 2093 ere·
1147 2068 1214 2093 Ann.
1227 2075 1253 2099 2,
1266 2076 1304 2100 44
1326 2067 1477 2093 Arminium
1491 2075 1539 2100 pro
1554 2065 1676 2091 libertate
1694 2069 1851 2098 pugnantem
1869 2063 1947 2089 fauor
1960 2063 2090 2091 Habebat.
2145 2066 2184 2092 Id.

34 2113 135 2142 wlstani,
148 2111 173 2133 et
188 2105 264 2132 vobis
278 2105 454 2131 conseruatain
468 2112 497 2129 ac
509 2104 655 2130 restitutam
670 2103 774 2129 videtis.
868 2103 905 2129 Ex
919 2102 1013 2129 mediis
1026 2103 1083 2129 orci
1146 2102 1214 2128 Hist.
1229 2111 1252 2131 2,
1270 2107 1297 2135 85
1323 2102 1423 2128 Ociaua
1443 2102 1562 2137 (Legio)
1583 2105 1653 2132 erat,
1673 2108 1702 2125 ac
1719 2099 1829 2133 septima
1845 2098 1990 2125 Claudiana
2008 2100 2128 2127 Imbutae
2148 2101 2188 2128 fa-

52 2141 166 2170 faueibus
179 2140 291 2167 adhunc
304 2140 372 2166 enati
384 2139 495 2165 modum
514 2139 592 2174 Apul.
606 2139 670 2165 Met.
685 2146 702 2173 7
725 2148 749 2173 p.
764 2147 816 2171 191.
1145 2146 1211 2163 vore
1230 2137 1355 2163 Othonis.
1463 2138 1524 2170 Qio
1544 2137 1569 2162 se
1589 2136 1712 2166 fortuna,
1732 2134 1824 2160 eodem
1845 2135 1925 2160 etiam
1946 2135 2024 2161 fauor
2044 2135 2187 2162 hominum

60 2189 61 2192 ¹
89 2183 252 2207 FAVCIA‚
268 2185 305 2202 ae.
326 2176 344 2201 f.
381 2176 468 2202 Curiae
487 2176 609 2202 Romanae
628 2183 728 2204 nomen,
748 2173 776 2200 de
796 2181 842 2209 quo
861 2173 920 2199 Liu.
935 2181 961 2205 9,
974 2177 1001 2204 38
1020 2179 1084 2198 extr.
1146 2173 1259 2199 Inclinat
1280 2173 1370 2198 lustin.
1386 2180 1408 2205 5,
1425 2181 1443 2202 1,
1458 2181 1489 2198 ιι.
1561 2171 1667 2198 Merere
1689 2171 1809 2196 fauorem
1827 2169 1940 2197 candore
1958 2171 2039 2197 Ouid.
2054 2171 2140 2198 Trist.
2159 2180 2188 2204 3,

11 2241 16 2247 ,
55 2212 195 2248 de'Papirio
209 2211 356 2243 Dictatore,
384 2211 415 2237 Ei
438 2210 522 2245 legem
547 2210 673 2236 curiatam
697 2209 728 2236 de
753 2208 869 2243 imperio
890 2209 988 2234 ferenti
1010 2208 1084 2235 triste
1101 2213 1129 2240 55
1147 2216 1169 2241 5,
1188 2215 1223 2241 53.
1296 2209 1400 2234 Pascere
1417 2216 1445 2233 ac
1463 2208 1564 2233 nutrire
1584 2207 1703 2232 fauorem
1723 2206 1769 2232 Sil.
1782 2213 1808 2240 7,
1824 2214 1887 2239 497.
1948 2207 2099 2233 Permutare
2112 2208 2188 2237 fauo,-

55 2257 132 2275 omen
144 2247 209 2274 diem
225 2246 336 2280 diffidit,
356 2245 427 2281 quod
441 2246 535 2273 Faucia
548 2245 621 2272 curia
641 2246 692 2271 fuit
712 2245 887 2280 principium,
907 2243 1007 2270 duabus
1027 2243 1086 2270 insi·
1146 2252 1203 2270 rem
1221 2243 1290 2270 odiis
1310 2243 1402 2270 Claud.
1417 2243 1495 2277 Epist.
1515 2242 1548 2269 ad
1564 2242 1692 2269 Hadrian.
1706 2250 1730 2267 2.
1820 2241 1928 2267 Poscere
1950 2241 2073 2268 fauorem
2095 2242 2188 2277 populi

53 2281 111 2318 gitis
122 2281 249 2315 cladibus,
270 2289 358 2317 captae
372 2281 458 2314 vrbis,
478 2288 503 2321 et
523 2281 657 2308 Caudinae
671 2281 740 2316 pacis
754 2291 759 2306 ε
791 2280 862 2314 quod
883 2285 997 2314 vti-oque
1015 2288 1085 2305 anno
1148 2278 1229 2306 Ouid.
1243 2279 1307 2305 Fast.
1320 2289 1348 2312 4,
1361 2282 1416 2309 868.
1612 2275 1632 2314 fl
1654 2286 1665 2309 3
1698 2276 1843 2312 obseruari.
1873 2277 1986 2303 Fauores
2003 2277 2111 2304 Cassiod.
2125 2280 2187 2305 Var.

22 2327 23 2345 l
50 2318 268 2347 eiusde‘incuriae
278 2318 363 2344 fuerat
375 2318 544 2352 principium.
584 2318 674 2343 Macer
688 2316 806 2342 Licinius
820 2316 898 2342 tertia
910 2316 990 2341 ctiam
1003 2314 1085 2347 clade,
1147 2318 1163 2340 6
1184 2315 1264 2341 form.
1284 2324 1302 2347 4
1322 2316 1384 2351 Jimt
1406 2314 1592 2340 acclamationes
1606 2312 1786 2348 plaudentium.
1843 2311 1916 2347 Conf.
1939 2313 2126 2341 Drakcnborch.
2155 2313 2191 2340 ad

22 2368 23 2377 1
46 2363 117 2389 quae
131 2353 200 2388 apud
213 2354 364 2380 Cremeram
378 2360 510 2387 acceptum
526 2352 577 2385 est,
594 2351 800 2379 abominandam
819 2360 876 2377 eam
895 2351 996 2376 curiam
1015 2350 1086 2376 facit.
1147 2350 1192 2376 Sil.
1212 2352 1254 2380 16,
1274 2358 1323 2383 315.
1394 2351 1472 2376 Mart.
1492 2348 1590 2382 Capell.
1616 2357 1625 2374 1
1660 2358 1683 2382 p.
1705 2350 1733 2373 16
1757 2350 1784 2373 in
1793 2349 1879 2382 prima
1893 2349 1955 2374 caeli
1971 2351 2069 2384 rcgione
2087 2349 2190 2376 collocat

5 2405 14 2419 ..
48 2389 207 2424 Principium
220 2388 251 2422 est
265 2393 317 2415 eius
329 2393 421 2421 curiae,
441 2398 500 2424 quae
507 2389 577 2424 sorte
589 2386 664 2414 dueta
671 2391 758 2423 prima
771 2386 895 2422 adsigffra
906 2389 964 2424 rium
976 2393 1088 2412 vocatur.
1100 2388 1135 2412 60
1142 2385 1198 2421 post
1211 2387 1291 2412 ionem
1300 2387 1414 2420 Deosque
1427 2383 1550 2420 consentes
1565 2386 1637 2409 ctiam
1652 2384 1772 2409 Fauores.
1811 2390 1834 2408 et
1849 2390 1905 2417 pp
1934 2384 1988 2409 Vos
2001 2392 2107 2418 quoque
2115 2385 2189 2411 Iouis

21 2449 23 2454 ,
85 2431 129 2452 FO
141 2431 158 2452 C
169 2432 190 2451 A
200 2432 215 2451 L
224 2432 256 2456 E,
275 2431 298 2450 et
320 2431 335 2451 F
347 2431 365 2450 o
378 2430 395 2450 c
406 2431 428 2450 Α
437 2430 483 2449 ΝΕ
492 2431 512 2449 v
522 2430 535 2449 s
545 2445 553 2457 ,
576 2432 635 2457 quae
648 2423 694 2448 buc
703 2426 846 2457 pertinent,
865 2426 901 2449 vn
913 2423 951 2457 .J.
963 2422 980 2447 I.
1147 2422 1211 2448 Filii
1224 2422 1296 2447 Pales
1310 2426 1336 2447 et
1350 2421 1436 2447 Fauor
1454 2429 1513 2445 cum
1526 2419 1660 2445 celeritate
1677 2427 1708 2444 ex
1729 2419 1798 2444 sexta
1816 2419 1945 2453 (regione)
1965 2420 2112 2452 poscimini.
2154 2422 2187 2447 In

0 2467 1 2471 ¹
20 2465 23 2477 ¹
85 2467 246 2487 FAVENT
256 2467 315 2492 ιΑ,
331 2468 369 2485 ae.
391 2460 410 2484 f.
447 2457 606 2491 [Φοιὲῗεντία]
639 2458 785 2491 >Hispaniae
799 2457 944 2491 oppidum,
960 2463 989 2482 vt
1000 2455 1088 2482 auehi·
1149 2458 1224 2484 MSS.
1239 2456 1427 2493 confunduntur
1442 2456 1528 2481 Fauor
1541 2462 1564 2481 ct
1576 2456 1676 2481 Furor:
1701 2454 1885 2480 Drakenborch.
1899 2454 1933 2480 ad
1946 2454 1990 2479 Sil.
2003 2462 2028 2488 7,
2042 2462 2106 2488 497.

20 2493 23 2500 ’
45 2494 80 2528 est
93 2495 158 2522 Plin.
172 2504 193 2527 3,
208 2504 227 2520 i.
423 2491 443 2528 ff
465 2501 482 2518 z
517 2494 606 2518 Italiae
626 2496 699 2519 etiam
715 2496 822 2524 ciuitas,
841 2492 886 2518 Sil.
901 2498 929 2524 ε,
942 2499 990 2526 597
1010 2492 1086 2518 Tum
1184 2499 1259 2519 rav
1270 2498 1290 2519 o
1302 2491 1396 2519 RABi
1407 2498 1464 2517 Lls
1476 2511 1483 2521 ‚
1508 2499 1530 2516 e.
1568 2490 1628 2516 Adi.
1664 2487 1878 2522 [σπεδαζόμενος]
1915 2489 1960 2514 Cui
1976 2491 2048 2515 multi
2067 2499 2090 2515 et
2101 2489 2188 2524 facile

47 2532 158 2559 Verona
171 2528 258 2556 Athesi
280 2528 446 2559 circumflua,
465 2534 490 2554 et
505 2528 623 2563 Vndique
642 2528 722 2555 solers
758 2529 829 2555 Arna
849 2535 1019 2554 coronantem
1040 2536 1088 2553 nu-
1142 2528 1260 2564 faueant.
1297 2528 1405 2554 Sueton.
1420 2527 1504 2560 Calig.
1524 2535 1545 2551 c.
1564 2534 1583 2558 4
1609 2526 1651 2551 Sic
1671 2525 1751 2557 vulgo
1768 2523 1941 2554 fauorabilis,
1961 2530 1989 2550 vt
2008 2523 2118 2558 plurimi
2136 2531 2188 2552 tra-

46 2567 112 2594 trire
133 2564 257 2592 Fauentia
276 2564 375 2596 pinum.
1101 2563 1133 2596 65
1149 2564 1227 2595 dant,
1247 2564 1351 2598 quotics
1369 2563 1460 2596 aliquo
1479 2560 1632 2591 adueniret,
1659 2559 1701 2585 vel
1722 2557 1826 2584 ficunde
1845 2558 2003 2591 discederet,
2027 2568 2089 2594 prae
2108 2560 2188 2587 turba

86 2607 102 2627 F
112 2607 133 2626 A
142 2606 188 2625 VE
197 2606 218 2625 N
228 2606 249 2625 Τ
260 2599 271 2624 ἱ
282 2605 336 2629 Ni,
348 2608 435 2625 orum.
453 2609 489 2626 m.
513 2599 604 2625 Italiae
617 2599 708 2634 populi
722 2599 750 2626 in
761 2598 855 2626 efiiaua
868 2598 986 2634 regione,
995 2597 1089 2625 Fiden·
1149 2599 1346 2626 occurrentium
1369 2596 1618 2631 prosequentiumue
1648 2602 1838 2627 nonnunquam
1861 2602 1922 2619 eum
1951 2594 2091 2622 discrimen
2116 2597 2188 2623 vitae

49 2636 114 2663 tinis
128 2635 227 2667 vicini,
246 2633 311 2660 Plin.
328 2643 367 2667 14,
382 2643 416 2667 ις.
471 2636 502 2662 Et
516 2635 630 2662 Martial.
645 2644 668 2666 2,
682 2644 727 2678 74.
1149 2633 1247 2660 adiisse.
1315 2632 1402 2658 Valer.
1418 2631 1528 2657 Maxim.
1542 2638 1569 2662 9,
1585 2637 1618 2661 15,
1631 2638 1649 2661 4
1667 2630 1697 2655 In
1710 2629 1901 2655 centumuirale
1919 2629 2050 2656 iudicium
2069 2630 2136 2658 adeo
2151 2632 2189 2658 fa-

86 2678 161 2698 FAv
172 2677 187 2697 Ε
198 2676 232 2702 o,
251 2669 322 2701 faui,
345 2669 461 2702 fautum,
486 2674 539 2696 ere.
575 2672 758 2705 [eulampii-rm,
776 2669 935 2704 προςίθεμικι,
954 2665 1088 2701 σπκδοὶξω]
1149 2667 1279 2694 vorabilis
1293 2666 1438 2698 descendit,
1457 2671 1485 2691 vt
1498 2666 1542 2690 vix
1559 2665 1632 2691 iustis
1646 2670 1671 2690 et
1687 2665 1777 2699 aequis
1792 2665 1925 2690 sententiis
1941 2665 2116 2693 consternatio
2130 2667 2189 2701 (at-

52 2708 111 2734 Non
130 2707 231 2733 multum
249 2705 279 2730 ab
293 2706 378 2731 Auere
396 2704 489 2737 distat,
510 2706 600 2739 Cupere
613 2708 675 2730 enim
695 2704 743 2736 est,
764 2711 787 2730 ct
801 2713 828 2729 ea
846 2703 920 2735 velle,
940 2711 998 2737 quac
1009 2702 1090 2736 fiunt.
1148 2701 1354 2737 tonitui-fauor)
1373 2701 1464 2736 populi
1484 2701 1569 2726 vlliuu
1583 2700 1745 2734 relinqueret
1765 2700 1861 2726 locum.
1953 2701 2081 2728 Getauiiis
2094 2703 2189 2730 Caesar

48 2744 136 2778 Itaque
144 2743 285 2777 plerumque
298 2739 332 2765 od
343 2741 529 2766 beniuolentiam
544 2743 655 2774 pertinet
668 2750 678 2768 ,·
698 2739 745 2774 fid
757 2746 837 2764 tamen
857 2741 930 2764 etiam
949 2740 975 2762 in
993 2744 1090 2762 contra·
1099 2746 1134 2774 70
1149 2744 1232 2764 aetate
1245 2744 1270 2763 et
1285 2738 1386 2763 iniuria
1402 2736 1557 2763 fauorabilis
1573 2735 1643 2762 Flor.
1657 2745 1685 2768 4,
1698 2744 1726 2767 4,
1742 2743 1769 2767 4.
1839 2735 1955 2769 Eloquio
1969 2736 2126 2764 fauorabilis
2142 2738 2189 2764 ha-

43 2781 112 2805 .riam
124 2784 222 2812 partem
237 2777 313 2807 valer,
333 2782 361 2801 vt
374 2777 479 2810 exempla
493 2775 617 2801 docebunt.
683 2775 753 2800 Ter.
762 2775 826 2800 Eun.
839 2781 860 2806 5,
875 2782 895 2805 3,
909 2781 924 2807 7
946 2773 1014 2799 Bene
1031 2772 1089 2798 ede·
1149 2773 1219 2800 bitus
1239 2774 1327 2799 Senec.
1342 2772 1373 2799 de
1390 2774 1431 2799 Ira
1451 2781 1474 2804 3,
1494 2780 1517 2798 2.
1550 2772 1583 2797 al.
1597 2770 1785 2797 fauorabilior.
1857 2770 1923 2796 Plin.
1942 2780 1989 2803 20,
2009 2777 2021 2802 8
2050 2773 2190 2800 Adjicjunt

31 2813 95 2848 ..pol
110 2821 199 2839 narras
214 2821 219 2836 :
253 2820 314 2837 nam
334 2811 375 2837 illi
393 2811 471 2837 faueo
488 2810 598 2844 virgini.
669 2811 767 2836 Fauere
785 2816 808 2836 ct
826 2808 928 2840 Odisse,
948 2808 1088 2838 Contraria,
1149 2809 1235 2843 magi,
1255 2809 1331 2834 succo
1344 2808 1425 2834 totius
1445 2817 1504 2833 cum
1523 2807 1584 2832 oleo
1600 2806 1740 2840 peruncios
1760 2805 1964 2833 fauorabiliores
1983 2807 2057 2840 fleri,
2076 2815 2102 2835 et
2120 2818 2190 2844 quae

0 2850 1 2853 ’
51 2849 107 2876 Cic.
126 2849 157 2874 de
170 2847 239 2874 Clar.
260 2848 333 2873 Orat.
348 2854 395 2878 331·
465 2846 561 2872 Dolori
580 2847 626 2872 suo
644 2845 732 2872 fauere
753 2845 833 2871 Ouid.
847 2845 938 2870 Amor.
958 2852 990 2876 2,
1008 2852 1036 2876 5,
1056 2851 1088 2869 ιι.
1148 2844 1232 2870 velint
1244 2844 1350 2871 facilius
1363 2844 1514 2878 impetrare.
1567 2841 1717 2869 Inuidiosus
1732 2848 1755 2868 et
1768 2841 1943 2872 Fauorabilis,
1962 2847 2090 2870 contraria
2104 2845 2190 2878 Qiin-

50 2888 71 2911 i.-
83 2884 150 2910 illum
157 2884 205 2919 fica
219 2883 289 2922 culpa
297 2882 445 2917 protrahere
461 2883 501 2908 vel
512 2891 608 2917 augere.
663 2881 771 2907 Honori
785 2880 893 2907 alicuius
908 2879 962 2906 Cic.
970 2881 1023 2905 Att.
1033 2883 1055 2910 8,
1068 2887 1089 2910 3,
1151 2880 1205 2907 (Stil.
1221 2889 1253 2912 ιι,
1268 2888 1289 2912 ι,
1303 2888 1347 2913 42.
1417 2879 1502 2905 Causa
1518 2877 1590 2904 Idem
1611 2886 1646 2909 12,
1660 2879 1685 2909 6,
1700 2879 1725 2903 6.
1797 2878 1956 2912 Eloquentia
1975 2879 2013 2905 Id.
2030 2888 2067 2912 iz,
2090 2889 2126 2910 10,
2147 2889 2191 2915 74.

51 2919 195 2946 Industriae
208 2917 362 2952 gloriaeque
375 2917 486 2943 alicuius
506 2916 578 2943 Idem
593 2926 641 2951 pro
655 2917 742 2951 Ligar.
756 2921 768 2946 8
795 2926 816 2942 c.
828 2924 850 2947 3.
921 2914 1089 2941 Innocentiae
1105 2922 1137 2950 75
1150 2915 1247 2943 Modus
1259 2915 1400 2950 frequens,
1419 2920 1445 2941 et
1463 2913 1620 2940 fauorabilis
1638 2912 1769 2946 Qiine'fil.
1783 2923 1808 2947 4,
1826 2922 1846 2946 1,
1862 2922 1899 2939 21.
1985 2915 2081 2941 Oratio
2099 2916 2189 2943 Tacit.

15 2955 17 2957 ’
51 2954 227 2981 Pseudo-Cic.
246 2959 331 2987 anteq.
345 2953 396 2978 iret
409 2953 437 2978 in
449 2952 510 2978 exil.
525 2961 569 2986 24.
675 2953 730 2978 Cic.
746 2953 817 2978 Fam.
840 2960 864 2982 1,
887 2958 904 2985 7
942 2950 998 2984 Qui
1020 2949 1088 2976 mihi
1149 2953 1217 2978 Anu.
1231 2960 1268 2983 12,
1282 2959 1322 2985 37.
1394 2951 1505 2976 Persona
1526 2948 1657 2981 Qiinetil.
1672 2956 1698 2983 7,
1712 2957 1731 2980 1,
1743 2957 1784 2981 43.
1855 2949 1981 2982 Qiaestio
1999 2949 2072 2976 Idem
2087 2962 2114 2985 4,
2130 2961 2151 2983 3,
2164 2960 2190 2984 9.

0 2991 1 3007 ³
35 3022 37 3024 q
56 2997 138 3023 quum
157 2990 256 3023 semper
275 2995 334 3015 tuae
347 2988 432 3014 Laudi
453 2988 541 3014 fauere
561 2987 632 3014 visus
648 2987 700 3020 est,
724 2993 780 3013 tuni
798 2995 879 3018 vero,
899 2992 945 3012 etc.
1016 2986 1087 3012 Male
1149 2987 1324 3019 Fauorabile,
1344 2984 1421 3019 Subst.
1443 2984 1552 3018 Qiinet.
1568 2993 1629 3016 4,1,
1644 2993 1668 3017 23
1687 2991 1709 3010 ct
1723 2986 1765 3010 26.
1836 2984 2004 3011 Fauorabilia
2017 2988 2190 3013 materiarum

0 3028 7 3057 ’Ἴ
55 3024 146 3050 fauere
165 3024 242 3053 alicui
263 3024 343 3051 Ouid.
360 3023 437 3058 Epist.
458 3033 488 3056 2,
510 3033 566 3057 ¹04·
600 3027 619 3049 i.
645 3033 694 3049 non
715 3023 821 3059 fauere,
851 3020 970 3054 tristitiae
992 3021 1089 3057 causam
1150 3022 1223 3049 Idem
1239 3031 1276 3053 10,
1294 3029 1317 3054 5,
1338 3029 1375 3047 21.
1446 3020 1628 3052 fauorabilis,
1654 3023 1696 3055 qui
1708 3020 1784 3082 ῖςαηει
1804 3020 1864 3046 Liu.
1881 3028 1925 3052 22,
1939 3023 1969 3046 26
1996 3021 2074 3047 Haud
2096 3031 2190 3056 parum

6 3064 7 3079 ³
50 3059 175 3094 praebere.
259 3060 376 3087 Partibus
391 3060 517 3086 Cinnanis
537 3060 628 3086 fauere
656 3060 746 3093 Nepos
773 3066 823 3091 25,
847 3066 863 3084 2
876 3077 885 3089 ‚
910 3066 931 3083 ε.
1021 3057 1087 3083 Plin.
1149 3058 1243 3084 callide
1260 3066 1350 3083 auram
1368 3056 1528 3083 fauorabilis
1547 3055 1640 3090 populi
1660 3064 1691 3082 ex
1735 3055 1858 3082 ictatoria
1880 3056 1984 3082 inuidia
2002 3057 2088 3090 petiit.
2143 3056 2191 3085 Sed

58 3095 88 3120 in
108 3094 242 3127 prooemio
258 3104 285 3127 19
315 3099 343 3121 in
364 3095 527 3131 exsecratione
551 3097 614 3127 lini,
643 3095 795 3126 Praeterea,
824 3100 852 3120 vt
870 3093 979 3119 sciamus
999 3092 1088 3119 fauisse
1102 3095 1134 3122 80
1141 3091 1255 3130 ἱβιιὲἳιιαι
1273 3091 1355 3119 leHio.

58 3130 172 3158 Poenas,
191 3128 256 3155 nihil
271 3131 387 3165 gignitur
407 3130 526 3163 facilius,
549 3132 633 3156 Furiis
645 3130 751 3166 qffigm!
769 3132 891 3155 inuentum
911 3135 960 3154 tam
979 3131 1089 3160 noxium,
1188 3136 1203 3156 F
1213 3136 1233 3155 Α
1242 3135 1263 3153 V
1274 3134 1294 3155 0
1305 3135 1323 3154 R
1333 3134 1354 3153 Α
1364 3133 1397 3154 Β]
1408 3133 1424 3151 1.
1435 3124 1500 3153 ‘l’TE
1510 3133 1529 3152 R
1539 3146 1545 3152 .
1582 3126 1651 3153 Adu.
1687 3123 1903 3160 [σπκδαζομὲνως]
1938 3125 2068 3160 Qiinefil.
2082 3135 2114 3159 4,
2133 3134 2159 3158 3,
2176 3134 2188 3152 ι

59 3173 119 3200 quae
131 3162 192 3189 illud
202 3165 318 3192 voluerint
325 3167 407 3201 facile
421 3165 471 3199 effe.
544 3166 690 3192 Sententiae
704 3165 746 3192 issi
759 3165 837 3191 fanco
855 3164 911 3190 Cic.
923 3164 1005 3190 Tusc.
1019 3173 1038 3195 1,
1053 3166 1089 3196 64
1151 3166 1238 3198 Qiam
1251 3164 1366 3189 maxime
1376 3162 1466 3196 poffint
1479 3162 1667 3189 fauorabilitcr
1678 3170 1825 3193 excurrere,
1840 3161 1857 3187 i.
1866 3171 1889 3188 e.
1903 3161 1934 3187 ad
1948 3161 2099 3195 captandam
2113 3161 2191 3188 bene-

61 3209 82 3226 C·
97 3208 126 3231 23
145 3205 224 3238 ἕλῃς
275 3201 330 3228 Sibi
343 3202 433 3228 fauere
448 3202 520 3229 Idem
536 3203 607 3228 Fam.
621 3210 644 3233 3,
659 3204 683 3227 6.
737 3200 817 3227 Ouid.
830 3201 894 3226 Her.
908 3201 934 3231 6,
947 3208 981 3231 99
1007 3199 1090 3231 Adde,
1149 3200 1295 3227 volentiam
1310 3206 1335 3225 et
1349 3198 1476 3232 plausum.
1531 3199 1573 3225 Sic
1585 3198 1702 3225 Troiam
1721 3196 1905 3224 fauorabiliter
1924 3197 1984 3223 lusit
2004 3199 2108 3224 Sueton.
2123 3198 2190 3224 Ner.

59 3233 131 3270 quod
145 3232 257 3260 adscrlbi
268 3235 340 3263 factis
355 3238 545 3272 'procerumque
558 3238 664 3271 tuisque
690 3237 721 3263 Se
734 3237 814 3268 fauet,
841 3239 859 3261 i.
874 3238 942 3270 cupit
955 3241 978 3260 rt
990 3234 1089 3271 gaudet.
1151 3246 1172 3263 c,
1188 3243 1214 3270 7.
1293 3234 1438 3260 Recitando
1457 3233 1641 3260 fauorabiliter
1659 3240 1780 3267 exceptus
1801 3232 1836 3258 est
1856 3233 1974 3260 Macrob.
1996 3233 2095 3260 Saturn.
2115 3240 2147 3267 7,
2170 3241 2190 3259 1.

57 3269 111 3296 vid·
131 3275 265 3295 FAVENS.
329 3273 469 3306 Vapulanti
482 3273 604 3300 fauebam
618 3274 721 3299 Petron.
742 3281 762 3297 c.
775 3274 817 3305 96.
850 3274 862 3297 ⁴.
876 3269 1008 3307 gaudi-bom
1022 3270 1089 3296 illum
1106 3272 1134 3301 83
1152 3272 1191 3298 De
1207 3271 1247 3297 his
1267 3271 1342 3304 nugis
1356 3269 1540 3296 fauorabiliter
1556 3269 1649 3296 sentias
1664 3268 1757 3295 Pallad.
1772 3268 1853 3302 praef.
1872 3268 1889 3295 l.
1904 3277 1941 3302 14.
2012 3269 2124 3303 Compar.
2144 3269 2191 3295 Fa-

57 3305 184 3340 vffpulssrt’-
372 3307 392 3345 ff
414 3317 426 3334 2
462 3310 593 3344 Proprium
601 3308 731 3343 fizcrorum
749 3307 847 3334 verbum
866 3313 937 3338 ertit,
959 3314 1018 3341 quae
1035 3314 1089 3331 cum
1151 3306 1298 3334 vorabilius
1312 3306 1372 3340 Dig.
1386 3314 1422 3339 40
1448 3311 1466 3332 t.
1479 3314 1498 3338 4
1525 3305 1541 3331 l.
1559 3313 1587 3331 10
1605 3312 1628 3331 et
1644 3310 1668 3334 18
1693 3310 1712 3331 t.
1727 3312 1743 3339 7
1769 3304 1784 3329 l.
1798 3312 1823 3336 9.

52 3345 248 3377 peragerentur,
262 3344 348 3373 praeco
366 3343 460 3370 iubebat
473 3345 572 3371 Fauere
586 3344 692 3378 linguis.
747 3343 802 3370 Cic.
823 3342 854 3368 de
869 3342 960 3368 Diuin.
981 3350 990 3367 1
1018 3350 1039 3366 c.
1055 3349 1088 3373 45
1188 3349 1264 3369 FAV
1275 3349 1370 3373 TOR,
1393 3341 1458 3367 oris.
1495 3350 1529 3367 in.
1567 3338 1725 3374 [σπεδοιςὴς]
1763 3341 1814 3374 Qi
1828 3338 1905 3374 fauet
1923 3340 2011 3370 alicui,
2029 3340 2070 3365 vel
2086 3340 2192 3366 alicuius

0 3383 4 3402 ἰ
47 3376 147 3417 Δξζῦὶὶυς
161 3373 276 3413 diui—¹¹55,
294 3375 358 3407 quae
369 3378 471 3411 publice
484 3380 591 3412 fierent,
609 3386 637 3406 vt
650 3378 879 3412 faucrentjinguis
895 3376 1090 3410 imperatricum
1145 3378 1293 3414 sententiae.
1329 3377 1390 3404 Liu.
1407 3385 1426 3408 1,
1439 3381 1471 3411 48
1492 3376 1600 3403 Clamor
1619 3375 1652 3402 ab
1667 3377 1804 3410 Vtriusque
1820 3375 1967 3401 fautoribus
1982 3375 2085 3406 oritur,
2105 3374 2133 3401 de
2145 3375 2192 3410 fa-

58 3420 140 3446 lnque
158 3410 233 3449 feriis
252 3412 422 3444 imperandis,
437 3421 466 3442 vt
485 3415 577 3443 litibus
597 3421 623 3441 et
642 3415 736 3449 iurgiis
754 3415 779 3440 se
797 3413 964 3440 abstinerent.
1018 3413 1090 3438 Mala
1151 3411 1232 3439 &ione
1251 3416 1434 3449 competitorum
1452 3414 1532 3447 regni.
1603 3413 1680 3438 Varr.
1695 3411 1726 3437 de
1740 3411 1771 3437 R.
1785 3411 1814 3437 R.
1830 3419 1859 3442 3,
1879 3419 1891 3442 5
1908 3417 1969 3436 extr.
1994 3409 2022 3435 de
2040 3413 2149 3436 comitiis
2169 3417 2193 3436 et

53 3451 140 3487 ‘omina
152 3446 186 3477 lic
202 3444 314 3484 colebant
328 3450 416 3484 caueri·
483 3451 570 3477 Senec.
585 3450 616 3477 de
632 3451 687 3477 Vit.
702 3451 772 3477 Beat.
792 3458 813 3475 e.
829 3451 861 3475 26
888 3448 1000 3481 Qioties
1018 3456 1090 3473 inen-
1101 3453 1137 3479 90
1150 3456 1243 3484 campo.
1325 3449 1424 3475 Fautor
1440 3454 1554 3481 vti-oque
1573 3451 1649 3473 tuum
1671 3446 1788 3473 laudabit
1807 3445 1902 3479 pollice
1920 3444 2009 3470 ludum
2027 3446 2094 3471 Hor.
2113 3446 2192 3480 Epist.

27 3496 41 3500 s
52 3487 98 3518 *tio
113 3483 180 3521 sacra
193 3480 328 3519 literarum
342 3486 525 3519 mteruenerit,
546 3488 640 3513 Fauete
656 3486 761 3520 linguis.
817 3486 875 3510 Hoc
895 3484 1006 3510 verbum
1026 3491 1089 3515 non,
1151 3494 1171 3516 1,
1187 3490 1221 3516 18,
1236 3485 1278 3510 66.
1333 3483 1378 3510 Ad
1390 3483 1444 3510 ludi
1457 3483 1573 3509 fautores
1588 3486 1661 3509 etiam
1680 3481 1834 3517 rifcrcndum
1849 3479 1881 3512 est
1899 3479 1962 3505 illud
1978 3480 2062 3506 Plauti
2075 3481 2153 3509 Cure.
2167 3490 2194 3514 2,

59 3524 87 3544 vt
100 3518 221 3557 plerique
234 3514 399 3555 e-xislimant,
420 3526 435 3543 a
448 3520 545 3548 Fauore
566 3522 680 3548 trahitur
694 3532 699 3547 t
731 3520 772 3547 sed
790 3520 933 3554 imperatur
947 3519 1090 3551 silentium,
1150 3528 1173 3551 3,
1189 3524 1213 3549 18
1234 3520 1264 3545 Et
1280 3518 1382 3545 datores
1396 3516 1421 3545 ct
1436 3519 1552 3545 fautores
1566 3527 1658 3544 omnes
1672 3517 1779 3544 subdam
1794 3515 1840 3541 sub
1854 3514 1947 3541 solinu.
2004 3516 2051 3542 sid
2061 3517 2094 3542 αΙ.
2109 3516 2193 3543 saeto-

59 3559 88 3579 vt
100 3558 150 3579 rite
168 3559 257 3585 peragi
272 3550 343 3585 poffit
355 3551 472 3592 sacrum,
489 3557 560 3584 nulla
581 3566 647 3584 voce
665 3556 734 3583 mala
754 3555 928 3589 obstrepente.
984 3556 1038 3580 Hoc
1056 3554 1089 3585 est
1150 3563 1207 3586 reS,
1226 3564 1252 3580 υ.
1266 3564 1292 3581 υ.
1348 3555 1446 3581 Fautor
1459 3560 1484 3580 ct
1498 3554 1606 3580 adiutor
1622 3554 1733 3580 alicuius
1748 3551 1780 3577 ab
1793 3550 1965 3577 adolescentia
1978 3551 2033 3577 Cic.
2043 3552 2114 3578 Fam.
2131 3561 2150 3584 1,
2164 3561 2190 3585 9.

61 3587 149 3614 Mente
163 3588 252 3629 fauere
269 3585 336 3621 apud
349 3585 393 3612 bil.
408 3588 445 3628 1⁸6,
458 3596 509 3621 295.
546 3594 593 3619 'Et
606 3594 660 3619 Ore
673 3593 762 3618 fauere
776 3591 873 3624 Virgil.
887 3591 950 3616 Aen.
965 3597 1023 3623 5,71
1042 3597 1089 3622 pro
1152 3590 1259 3616 Honori
1277 3590 1368 3616 fautor
1391 3590 1502 3615 alicuius
1522 3589 1595 3616 Ideni
1615 3598 1663 3624 pro
1683 3586 1765 3614 Plane.
1783 3595 1801 3612 i.
1873 3586 2082 3613 Immortalitatis
2103 3588 2193 3615 fautor

0 3634 17 3658 ι,
62 3624 145 3650 Silere.
188 3622 244 3662 isid.
257 3629 357 3656 vterque
372 3622 456 3663 ῌεινζζῖ
475 3624 508 3649 ad
520 3625 563 3652 Sil.
576 3635 602 3655 ,et
619 3628 652 3655 ad
664 3628 809 3661 Virgilium
822 3626 936 3652 Seruius.
979 3624 1026 3652 Seii
1039 3625 1090 3649 Do·
1105 3628 1136 3654 93
1151 3625 1251 3651 virtute
1271 3632 1360 3659 partae
1383 3626 1443 3651 Liu.
1465 3634 1491 3657 1,
1511 3633 1528 3659 7
1548 3633 1612 3651 extr.
1683 3622 1779 3648 Laudis
1801 3621 1919 3647 fautores
1939 3622 2049 3648 alicuius
2070 3623 2125 3650 Cic.
2142 3633 2191 3658 pro

16 3668 17 3671 ¹
62 3664 136 3699 natus
151 3658 264 3698 adVirg.
284 3659 314 3683 In
328 3658 419 3688 sacris,
437 3661 526 3692 lnquit,
545 3669 590 3688 ore
603 3664 703 3695 fauere,
717 3663 753 3688 est
768 3662 899 3688 silentium
912 3659 1089 3687 commodare.
1152 3660 1235 3686 Plane.
1249 3668 1276 3692 55
1296 3670 1317 3686 c.
1331 3669 1369 3692 23.
1440 3660 1512 3686 Idem
1527 3661 1554 3686 in
1567 3662 1639 3687 Orat.
1653 3667 1705 3691 240
1725 3657 1788 3682 Non
1804 3656 1909 3683 inuidos
1923 3658 2024 3690 solum,
2049 3658 2091 3684 sed
2106 3660 2193 3686 fauto-

62 3693 192 3735 Significat
211 3693 254 3733 hic
274 3693 293 3726 (
298 3692 339 3718 vbi
351 3692 379 3718 de
392 3691 456 3718 ludis
463 3693 610 3728 fimebribus
617 3699 697 3733 sermo
709 3696 763 3731 cst)
783 3706 830 3723 ore
843 3697 947 3728 fauete,
966 3694 1092 3721 exclama·
1152 3704 1195 3721 res
1214 3696 1294 3721 etiam
1313 3695 1433 3722 Laudum
1453 3705 1580 3722 mearum.
1652 3693 1816 3726 Optiniatuni
1835 3692 1951 3720 fautores
1972 3693 2062 3728 Nepos
2083 3702 2109 3729 7,
2128 3702 2150 3727 5,
2170 3703 2190 3725 3.

61 3729 178 3756 tlombus
191 3729 264 3755 laetls
277 3728 397 3755 fauorem
410 3727 582 3756 commodate-
625 3735 665 3760 Sic
678 3733 764 3760 Festus
773 3753 779 3760 .
796 3735 866 3759 cuius
879 3732 954 3758 verba
966 3730 1052 3756 damus
1064 3734 1091 3755 in
1152 3730 1290 3757 Victoriae
1301 3730 1407 3757 studiosi
1422 3740 1449 3757 ac
1464 3732 1580 3758 fautores
1597 3728 1651 3754 Cic.
1669 3729 1721 3753 Att.
1736 3736 1756 3759 i,
1772 3730 1806 3754 16.

64 3768 82 3792 F
91 3771 110 3790 Α
119 3772 138 3790 V
150 3771 167 3791 Ε
177 3772 198 3791 N
207 3771 247 3791 Τι
257 3770 286 3790 Α.
345 3766 436 3798 Nempe
449 3764 547 3803 Fauere
565 3768 636 3792 etiam
654 3767 686 3801 est
705 3768 815 3802 ἐπιξσξὶν,
836 3768 976 3794 acclamare
985 3786 992 3798 ,
1010 3772 1039 3791 vt
1053 3765 1092 3791 ob·
1190 3773 1206 3792 1³
1215 3772 1266 3791 AV
1276 3764 1286 3792 ἶ
1296 3773 1316 3792 Τ
1326 3773 1345 3793 Ο
1355 3774 1373 3793 R
1383 3786 1389 3797 ,
1410 3767 1473 3793 oris.
1507 3775 1542 3792 in.
1580 3763 1646 3790 Idem
1661 3762 1726 3798 quod
1742 3764 1840 3789 Fautor.
1887 3763 1972 3790 Lucil.
1985 3772 2024 3800 ap.
2033 3765 2104 3791 Non.
2114 3765 2192 3795 2,326

57 3799 142 3835 struat
153 3803 225 3826 etiam
240 3798 562 3839 Casa1ib0n3adLaniprid.
577 3799 652 3827 Com.
669 3811 692 3834 15
711 3805 801 3837 Quini
815 3803 856 3829 illi
869 3804 941 3836 saepe
956 3801 1146 3836 pugnanti,100
1154 3802 1306 3827 Fauitorem
1320 3811 1362 3828 me
1375 3801 1437 3834 tibi,
1450 3801 1573 3831 amicum,
1587 3804 1732 3825 amatorem
1746 3805 1826 3833 puteS.
1884 3801 1915 3825 Et
1927 3800 2008 3829 Plaut.
2022 3800 2087 3834 prol.
2097 3798 2191 3832 Amph.

65 3840 93 3861 vt
106 3835 176 3868 Deo,
199 3835 311 3869 populus
323 3835 439 3875 fauilfet,
460 3835 566 3861 irrisum
584 3835 610 3860 se
630 3837 748 3871 credens,
768 3846 813 3865 etc.
853 3838 921 3865 Adii.
935 3838 1001 3872 LipJZ
1016 3834 1092 3863 5105.
1154 3846 1180 3863 ν.
1195 3844 1230 3870 79
1249 3837 1291 3863 Sat
1304 3836 1384 3864 habet
1398 3837 1560 3865 fauitorum,
1581 3835 1681 3868 semper
1693 3834 1740 3869 qui
1753 3833 1824 3861 reite
1835 3833 1907 3861 facit.
1956 3837 2020 3871 Ergo
2034 3837 2114 3859 minus
2125 3832 2192 3860 refie

65 3877 87 3901 2,
98 3879 137 3910 ιο.
173 3869 305 3910 Broiiclzh.
318 3869 351 3910 ad
366 3870 435 3910 Tib.
451 3879 474 3903 2,
490 3878 511 3903 5,
526 3879 575 3896 ιω.
645 3871 724 3897 Ouid.
737 3873 801 3900 Fast.
815 3883 836 3906 1,
848 3881 876 3908 71
904 3874 1027 3907 Prospera
1046 3872 1091 3898 lux
1153 3871 1276 3907 improbat
1288 3871 1332 3898 hoc
1346 3873 1445 3899 verbum
1459 3870 1591 3897 Charisius
1604 3879 1628 3904 p.
1643 3871 1685 3896 66.

64 3906 279 3947 orttur‚·linguis
299 3906 447 3945 animisque
469 3906 556 3932 fauete
592 3904 671 3931 Nunc
697 3905 804 3934 dicenda
825 3908 915 3941 bono,
940 3909 998 3934 sunt
1022 3907 1092 3934 bona
1191 3913 1406 3939 FAvissoR‚
1426 3907 1488 3933 bris.
1525 3915 1561 3931 ni.
1599 3905 1673 3932 Idem.
1708 3905 1786 3939 Apul.
1801 3904 1878 3939 Apol.
1894 3913 1906 3930 2
1930 3912 2007 3939 p.2i9
2028 3904 2082 3935 Ego
2096 3902 2193 3936 quietis

62 3936 141 3967 verba
155 3941 206 3968 die.
261 3940 333 3981 Addq
345 3940 452 3981 Tibull.
467 3951 498 3973 2,
518 3950 530 3967 2
544 3948 587 3976 pr.
624 3947 647 3980 qt
664 3941 778 3974 Propert.
792 3951 820 3974 4,
832 3946 849 3969 6
861 3951 905 3979 pr.
962 3945 993 3969 Et
1010 3950 1091 3969 tamen
1155 3948 1180 3969 et
1196 3942 1360 3975 concordiae,
1375 3949 1400 3969 et
1414 3941 1518 3976 pietatis
1532 3940 1634 3973 ᾶιιέὶοτ,
1652 3941 1818 3973 conciliator,
1833 3941 1949 3967 sauissbr.
1990 3938 2088 3972 Lipstus
2101 3938 2194 3963 mauult

60 3973 126 4003 recle
139 3977 235 4004 Fauere
249 3975 402 4038 simplifflter
415 3985 463 4011 pro
477 3977 558 4004 Silere
572 3984 635 4011 poni
656 3975 720 4002 dicit
732 3976 850 4004 Donatus
864 3980 893 4006 in
906 3979 1019 4007 Terent.
1033 3987 1092 4014 pro·
1105 3978 1280 4015 105Fauitor,
1297 3978 1361 4014 quod
1374 3980 1466 4011 recepit
1480 3976 1599 4004 Elmenh.
1616 3986 1641 4013 p.
1656 3985 1705 4011 333,
1717 3986 1744 4009 4.
1785 3976 1834 4004 Sed
1846 3975 1961 4003 Fauissor
1974 3974 2091 3999 Pricaeus
2105 3976 2195 3999 retinet

210 4018 300 4039 vot..
370 4032 375 4038 .
1422 4014 1435 4040 1
1455 4012 1465 4039 i
1485 4012 1525 4039 ii
2098 4016 2194 4042 P=103-

1 3821 22 3850 'vl'
