2479 4225
272 199 342 250 655
681 191 711 230 F
798 188 813 226 1
901 183 950 221 D'
1785 175 1817 214 F
1905 175 1957 214 1.
2010 176 2048 215 D
2337 156 2433 232 6565

275 295 304 319 32
315 285 367 321 seq.
402 283 458 310 Cic.
472 281 550 309 Catil.
562 289 574 313 3
587 290 609 307 c.
624 290 642 313 3.
718 279 783 304 Pura
800 271 880 299 Ouid.
892 271 984 296 Amor.
999 277 1018 301 1,
1031 277 1055 301 3,
1069 271 1094 299 6·
1128 270 1146 293 i·
1165 265 1272 300 Simplex
1285 270 1309 290 et
1371 267 1399 293 in
1417 267 1434 292 l.
1450 275 1504 292 non
1518 264 1677 298 intelligitur
1701 262 1724 299 §-
1738 262 1755 289 fi
1770 263 1830 297 quis
1844 263 1928 297 palam
1952 265 1986 290 D.
2003 265 2035 291 de
2050 266 2109 293 iure
2122 265 2192 298 fisci,
2211 265 2308 293 Tacita
2321 272 2409 296 autem
2454 249 2462 297 ,Α

280 327 283 329 -
316 330 372 346 0-ru
391 326 427 345 ta.
498 319 565 344 Rara
600 316 660 343 albo
673 313 755 340 velata
768 316 851 343 panno
883 307 950 331 Hor.
965 306 1053 331 Carm.
1069 313 1087 334 i,
1102 310 1138 335 35,
1153 309 1187 341 zi.
1222 300 1308 334 Proso-
1371 301 1567 328 fideicommissa
1582 301 1733 339 frequenter
1754 298 1786 324 fic
1802 298 1972 339 deteguntur,
1993 300 2011 326 fi
2026 302 2176 335 proferatur
2194 301 2411 337 chirographum,

273 326 389 382 ”gcolcmf
451 353 543 380 ganea,
569 337 625 378 {em
642 349 732 376 0320,
747 354 773 378 7,
861 342 966 367 Sincera
978 340 1069 367 Claud.
1084 340 1112 365 in
1126 336 1239 377 Epithal.
1254 335 1309 375 Pal-
1373 346 1427 372 quo
1440 338 1465 363 se
1480 337 1582 363 cauiss'et
1598 345 1634 366 is,
1655 343 1728 360 cuius
1743 334 1805 360 fides
1819 335 1948 368 Eligitur,
1967 336 2041 369 quod
2061 336 2092 363 ad
2112 346 2172 364 eum
2193 337 2270 364 bonis
2291 336 2410 373 desunffl

268 364 317 418 {²25
338 399 371 423 92
451 388 532 415 Ouid,
546 391 635 414 Amor,
648 393 678 415 2,
696 384 721 413 6,
737 389 767 412 ¹4
801 377 877 403 Plena
897 377 950 402 fuit
971 376 1049 403 vobis
1070 381 1145 401 omni
1166 371 1309 398 concordia
1373 373 1541 407 peruenerit,
1557 371 1747 397 restitut1u·u¹n.
1842 370 1916 396 Emta
1929 370 2066 397 Claudian.
2081 372 2112 398 de
2128 374 2207 399 Cons.
2223 374 2294 399 Hou.
2306 381 2335 406 4,
2349 372 2408 406 506q
2449 394 2452 397 .

273 412 329 454 vin-'³
345 437 350 442 .
374 410 417 451 Ἐς
429 424 497 451 stetit
509 424 540 450 ad
553 423 631 448 finem
650 419 727 450 longa
748 414 898 447 Tenaxque
920 411 992 438 fides.
1064 410 1117 436 Stat
1138 407 1218 440 fides,
1228 411 1309 446 'quarn
1331 415 1346 440 5
1375 408 1482 442 Eripere
1496 408 1574 434 fidem
1589 406 1669 433 alicui
1683 404 1764 432 Ouid.
1780 405 1845 431 Met.
1861 414 1895 438 15,
1907 411 1962 438 283.
2032 407 2189 442 Excessitque
2203 408 2282 435 fidem
2300 402 2409 435 merim*-
2446 430 2451 441 ,

345 446 350 452 ”
715 455 817 480 contra,
836 449 932 474 molam
946 448 1031 474 iacere
1045 446 1148 472 dicitur.
1217 443 1310 468 Timr·
1374 452 1434 470 rum
1454 445 1553 471 summa
1571 449 1676 468 tuorum
1700 440 1771 467 Idem
1792 441 1856 466 Met.
1875 449 1907 476 7,
1926 447 1981 473 283.
2053 443 2150 469 Patere.
2165 453 2190 476 2,
2204 447 2235 477 56
2248 451 2292 479 pr.
2315 444 2410 474 Caesar,

273 468 409 525 ggtt'ggigf
421 460 734 526 ffigl'gngl'ffflmtq-um
747 492 874 518 nusquam
906 483 979 518 Virg·
993 485 1056 508 Aen,
1069 490 1098 514 4⁷
1112 487 1163 514 373.
1235 479 1310 503 Vana
1373 479 1493 505 omnium
1508 479 1611 510 vietor,
1633 477 1756 511 regressus
1775 476 1803 502 in
1818 476 1911 502 vrbem
1931 476 2021 511 (quod
2034 477 2175 505 humanam
2193 480 2299 506 excedat
2312 475 2423 515 fidem}

715 518 735 557 q
757 529 767 551 3
808 519 940 546 Verborum
945 519 1072 555 formulae
1085 527 1092 542 :
1106 517 1162 542 Cic.
1175 522 1224 549 pro
1239 513 1310 539 Flac.
1373 515 1510 545 omnibus,
1526 515 1572 550 qui
1592 519 1683 539 contra
1700 513 1724 538 se
1744 520 1816 538 arma
1834 512 1964 545 tulerant,
1984 514 2099 547 ignouit.
2170 514 2313 541 Exsuluere
2331 513 2410 545 fidem
2425 540 2439 545 ..

235 555 245 561 ⁵
275 535 350 568 Vffg'
364 533 429 558 Aen'
446 542 472 564 4²
487 538 587 589 mices,
605 557 652 582 etse
667 562 781 586 caetera,
801 555 843 581 vel
858 555 931 589 quod
945 555 982 580 ait
995 553 1106 580 Luceius
1116 572 1124 583 ,
1144 551 1173 577 L.
1188 549 1308 576 Flaccum
1372 550 1438 576 Plin.
1452 551 1530 585 Epist.
1545 559 1568 582 2,
1583 558 1618 576 12.
1689 548 1810 582 Experiri
1829 547 1907 573 fidem
1918 554 1944 573 et
1963 548 2174 576 beneuolentiam
2188 551 2297 577 alicuius
2310 558 2372 584 erga
2383 546 2410 577 se

275 575 302 600 83
319 570 357 595 Ita
371 568 460 594 scitote
476 562 519 589 iud

276 605 325 632 fibi
340 604 401 630 dare
413 599 519 633 “Upim-³
539 600 566 620 vt
581 602 595 619 ὃ
608 591 659 618 fide
672 592 696 617 se
710 591 874 622 Abduceret,
891 589 1038 616 septenis-,m
1058 588 1149 614 vicies.
1185 584 1231 611 vid
1257 591 1309 610 ΑΒ·
1328 594 1357 612 ιο
1373 586 1429 612 Cic.
1442 584 1513 613 Fam.
1528 595 1553 616 1‚=
1564 594 1584 618 ς.
1655 583 1793 618 Explorata
1808 582 1872 609 fides
1886 589 1912 609 et
1925 590 1988 610 nota
2008 593 2054 618 per
2068 592 2107 612 tot
2121 586 2179 612 vsus
2194 586 2255 614 Stat.
2270 586 2334 612 Silu.
2346 594 2370 618 3,
2387 593 2410 619 ς,
2438 593 2451 602 -‘

276 646 366 668 DVCO
444 632 516 660 Abiit
530 628 608 660 fides,
644 627 779 653 Abhorret
799 635 813 652 a
827 625 895 658 fide,
933 626 1069 659 Abrogare
1089 622 1183 651 fidem,
1203 619 1249 647 vid
1267 620 1309 646 hh.
1372 630 1419 655 44.
1488 621 1573 648 Die‘tis
1593 621 1757 654 captiuorum
1776 618 1839 645 fides
1859 619 1962 645 Exstitit
1983 620 2042 646 Liu.
2062 629 2106 653 10,
2125 629 2158 654 34
2182 629 2246 648 extr.
2318 621 2411 649 Tacit-¹

274 685 309 702 vv
371 660 475 697 'Tacin
488 665 556 692 Hist.
569 674 595 697 4,
608 666 642 689 60
661 665 797 697 Querente
812 663 870 688 sane
884 661 963 688 ciuile
972 681 979 694 ,
999 668 1024 686 et
1039 661 1189 692 increpante
1202 657 1310 682 Germa·
1375 657 1443 683 Ann.
1458 665 1495 690 12,
1508 666 1538 691 ¹4
1558 658 1591 683 At
1606 656 1650 682 ille
1666 655 1828 681 moriturum
1841 654 1938 689 potius,
1957 664 2036 689 quam
2047 655 2125 683 fidem
2134 657 2254 687 Exueret‚
2267 656 2411 686 clamitans.

275 696 322 738 nos
356 712 475 738 tanquam
499 701 578 727 tidem
599 708 645 734 per
668 699 691 724 se
714 698 916 732 Abrumperent.
989 696 1079 723 Tacit.
1094 693 1160 720 Hist.
1181 701 1208 724 2,
1222 694 1256 718 60
1267 691 1309 732 ⁴Et
1371 692 1465 719 Facere
1477 692 1558 719 alicui
1571 692 1671 730 tidemi
1682 691 1730 724 vep-
1741 698 1778 724 17,
1789 695 1811 723 8,
1825 699 1847 722 3-
1868 693 1887 716 i.
1901 691 2056 726 persuadere.
2129 693 2224 719 Facere
2238 692 2317 719 fidem
2331 692 2439 726 causitus

275 729 394 773 Virgilius
407 737 519 765 credidit
539 736 570 762 de
589 734 714 769 perfidia,
730 740 755 760 ct
774 733 853 760 fidem
866 732 991 758 Absoluit
1006 742 1011 757 Ξ
1044 729 1157 757 emh-dit
1180 727 1311 763 perfidiam
1372 737 1404 754 ex
1419 729 1462 755 sua
1476 728 1596 755 bonitate
1609 726 1738 759 Qunchl.
1752 728 1810 757 6,2.
1882 726 1954 752 Facit
1967 727 2084 761 aspec‘ius
2098 726 2177 754 fidem
2190 728 2285 754 iudicii
2299 728 2340 754 sui
2352 727 2422 759 Cic..
2437 732 2440 735 ⁴

268 777 360 817 smffiv,
379 774 443 810 quod
463 773 530 808 cafiai
552 769 708 798 tribuendum
730 776 799 801 crat,
819 775 841 794 et
864 767 942 793 fidem
967 767 1062 794 Othoni
1070 762 1233 801 praestitam,
1252 771 1312 797 quae
1329 773 1355 800 ¹3
1372 764 1450 790 Acad.
1464 773 1491 797 4,
1507 773 1543 796 19.
1614 763 1677 789 Non
1695 762 1758 788 facit
1774 760 1853 787 fidem
1867 768 1944 788 nutus
1958 768 2016 788 tuus
2029 763 2101 789 Idem
2116 764 2169 790 Att.
2184 772 2211 798 7,
2224 770 2245 795 8.
2312 764 2363 795 Fac
2380 762 2411 790 fle
2422 763 2429 771 ”

271 808 378 847 ali‘o'quin
392 813 483 835 crimen
495 814 549 834 erat
562 806 628 841 apud
646 805 785 836 Vitellium,
802 803 944 838 imprudens
957 802 1080 829 absoluit.
1151 800 1210 826 Liu.
1232 803 1274 829 38,
1288 806 1311 828 31
1373 798 1432 826 dem
1455 806 1481 826 te
1499 798 1568 826 nihil
1585 798 1632 824 nili
1654 798 1745 832 populi
1766 797 1906 823 vtilitatem
1926 806 2053 832 quaerere
2073 799 2128 825 Cic.
2149 799 2181 825 de
2199 800 2227 825 L.
2241 800 2304 833 Agr.
2319 808 2347 830 2,
2367 806 2412 829 2241
2421 803 2428 834 ’ί

272 855 335 876 extr.
354 846 518 878 Orarentque
532 848 638 874 eum,vt
651 841 754 866 veniret
766 839 794 865 in
808 839 1025 873 Peloponnesiun,
1042 837 1074 864 ad
1086 833 1312 863 vrbeniLacedae-
1372 835 1445 863 Idem
1456 835 1570 869 Philipp.
1584 843 1622 865 13,
1641 843 1675 867 42
1695 843 1724 859 Ν
1742 831 1842 868 3P¹st⁰la
1857 836 1979 864 Antonii,
2003 833 2074 860 Mihi
2095 835 2202 868 quidem
2222 835 2338 867 constat,
2363 831 2439 868 neq·

271 890 374 910 monem
387 882 414 906 jn
430 880 507 906 fidem
521 877 704 911 ditionemque
717 875 813 909 Populi
827 874 941 901 Romani
953 872 1148 907 Accipiendam.
1231 871 1310 895 Acce·
1372 880 1458 897 meam
1477 870 1681 901 contumeliam,
1700 877 1746 895 nec
1767 877 1888 894 meorum
1908 869 1999 895 ferre:
2025 879 2072 896 nec
2091 869 2210 897 deserere
2230 877 2329 905 partes,
2348 874 2413 904 quat}

270 926 313 953 pta
325 917 390 947 fide,
408 915 460 942 vid.
483 914 546 941 Fide
561 912 673 948 publica.
745 910 870 945 Accipere
885 910 1001 944 aliquem
1014 910 1043 935 iu
1057 908 1135 934 fidem
1149 907 1230 938 suam,
1245 908 1262 931 i.
1274 911 1311 931 tn—
1373 907 1512 941 Pompeius
1527 906 1627 936 odiuit,
1647 914 1693 931 nec
1711 910 1849 931 veteranos
1868 903 1974 931 sedibus
1987 906 2039 931 suis
2053 907 2157 932 moueri
2174 907 2244 941 pati,
2264 916 2311 932 nec
2327 905 2442 965 ΙῐηΕυ-ιζὶ

270 956 341 980 telam
361 952 416 978 Cic.
431 960 480 992 pro
494 949 572 976 Arch.
587 957 619 980 31.
723 947 819 980 Accipe
835 946 919 981 daque
937 945 1017 971 fidem
1053 945 1128 978 Virg.
1143 944 1206 969 Aen.
1221 947 1243 974 8,
1259 949 1311 980 159·
1329 943 1410 970 zolos
1435 942 1467 969 ad
1487 943 1632 969 cruciatum
1651 940 1738 972 trahi,
1764 949 1811 965 nec
1831 940 1932 967 Fallere
1951 940 2046 974 fidem,
2070 950 2149 976 quam
2169 942 2230 968 dedi
2249 941 2421 973 Dolabellae-12

270 988 413 1023 Acquirere
427 987 507 1013 fidem
528 985 583 1012 Cic.
595 985 624 1011 in
636 982 714 1009 Catil.
729 991 755 1014 2,
770 988 803 1012 18.
909 980 1047 1007 Addic'tam
1068 980 1156 1014 pretio
1170 977 1266 1004 habere
1282 979 1311 1002 h·
1373 978 1473 1005 Fallere
1487 978 1566 1004 fidem
1580 977 1648 1003 hosti
1663 976 1747 1002 datam
1770 976 1824 1002 Cic.
1838 975 1890 1002 Off.
1905 984 1930 1008 1,
1945 985 1985 1009 39.
2076 977 2167 1004 Tacit.
2190 977 2222 1004 de
2244 978 2369 1004 German.
2380 985 2394 1009 3
2411 979 2413 983 ⁴

270 1025 346 1056 dem,
363 1023 415 1049 vid.
437 1028 566 1049 ADDICO.
635 1018 726 1045 Tacit.
742 1017 773 1044 de
787 1018 911 1044 German.
926 1026 936 1048 3
965 1017 1001 1042 Ex
1016 1015 1125 1050 iugenio
1138 1015 1184 1040 suo
1199 1012 1311 1048 quisque
1373 1013 1448 1040 Fides
1467 1013 1632 1048 antiquitatis
1647 1012 1777 1046 religione
1793 1011 1934 1038 Firmatur.
2028 1013 2158 1047 Frangere
2173 1013 2267 1044 fidem,
2287 1011 2409 1047 perfidius
2440 1035 2444 1046 ,

270 1060 356 1086 demat
371 1058 412 1085 vel
425 1057 501 1084 addat
515 1056 603 1082 fidem.
707 1053 811 1080 Addere
824 1053 901 1079 fidem
916 1051 993 1078 dietis
1018 1051 1099 1078 Ouid.
1114 1050 1193 1085 Epist.
1207 1057 1246 1080 21,
1261 1050 1310 1079 136.
1374 1050 1431 1076 sum
1450 1055 1476 1077 et
1493 1050 1626 1076 nefarium
1645 1048 1680 1074 est
1700 1048 1756 1074 Cic.
1771 1056 1819 1082 pro
1833 1048 1907 1073 Rosc.
1921 1048 1997 1073 Com.
2014 1051 2042 1074 16
2063 1058 2084 1074 c.
2099 1051 2124 1074 6.
2218 1049 2287 1075 Ter.
2302 1048 2368 1075 Eun.

270 1094 426 1122 Adhibenda
439 1093 502 1119 fides
516 1090 706 1118 somniantium
718 1089 778 1115 vifis
791 1098 845 1115 non
858 1088 893 1115 est
915 1089 969 1115 Cic.
984 1088 1016 1114 de
1029 1087 1120 1113 Diuin.
1136 1094 1167 1118 2,
1183 1093 1226 1111 122
1239 1093 1259 1109 c.
1274 1091 1311 1116 59-
1374 1093 1405 1117 2¹,
1424 1093 1454 1118 59
1480 1086 1540 1117 Ait,
1559 1084 1577 1111 fi
1597 1083 1675 1110 fidem
1693 1084 1810 1115 Habeat,
1828 1084 1853 1109 se
1868 1083 1904 1109 iri
1922 1083 2096 1117 praepositum
2115 1083 2168 1110 tibi
2185 1083 2254 1119 apud
2272 1093 2323 1111 me.
2365 1083 2389 1109 V
2411 1081 2413 1083 ’
2444 1085 2448 1097 ¹

268 1131 315 1158 Sed
347 1130 429 1156 editur
458 1128 528 1155 hodie
555 1125 685 1153 habenda.
726 1125 785 1152 Viti.
806 1130 960 1151 ADHIBEO.
1032 1124 1073 1150 Ita
1086 1124 1240 1148 Recentiorer
1252 1128 1276 1145 v.
1291 1128 1313 1145 c.
1329 1128 1360 1154 23
1374 1122 1507 1147 Donatus:
1530 1121 1557 1147 Si
1576 1119 1655 1146 fidem
1669 1119 1778 1151 habeat,
1795 1119 1822 1145 Si
1840 1118 1948 1145 credere
1967 1126 2092 1154 cogatur,
2117 1123 2136 1146 i.
2149 1120 2176 1146 Si
2189 1120 2286 1146 eredat.
2334 1118 2416 1157 Vndq

268 1166 339 1200 Sulp.
352 1166 438 1192 Seuer.
453 1164 485 1190 de
499 1163 560 1190 Vita
573 1163 650 1190 Mart.
663 1170 685 1187 c.
701 1169 710 1187 1
726 1167 750 1187 ct
765 1169 787 1186 11
800 1167 823 1186 et
836 1169 870 1191 23.
906 1159 953 1186 Sed
964 1159 1056 1185 Plauto
1070 1157 1138 1185 Rud.
1158 1166 1191 1190 4,
1205 1164 1218 1181 2
1246 1154 1310 1180 idem
1374 1156 1520 1183 Fideiulsor
1533 1156 1648 1188 dicitur,
1667 1156 1691 1182 h.
1705 1165 1723 1181 e.
1739 1155 1840 1181 Auctor
1853 1153 1985 1181 credendi.
2037 1155 2125 1188 FideS,
2144 1156 2184 1182 hic
2199 1154 2421 1192 &argumentum—
2435 1151 2450 1197 [ἶ

267 1200 380 1237 est,quod
393 1201 436 1226 Vti
451 1199 512 1232 fide,
526 1197 632 1224 fidelem
644 1197 702 1222 else.
779 1195 838 1222 Vici.
851 1193 931 1227 Vorst.
942 1194 973 1221 de
986 1195 1042 1221 Lat.
1055 1203 1120 1220 mer.
1135 1193 1200 1226 susp.
1217 1201 1242 1225 p.
1256 1192 1311 1223 146.
1372 1199 1396 1219 et
1409 1192 1483 1228 causa
1495 1191 1617 1218 credendi.
1653 1191 1721 1218 Add.
1736 1191 1805 1224 Nep.
1821 1199 1847 1222 2,
1860 1198 1886 1225 7,
1900 1199 1924 1216 2.
1995 1190 2086 1217 Tacit.
2099 1192 2167 1217 Ann.
2183 1192 2256 1223 13,’1ς
2276 1192 2309 1218 Vt
2323 1190 2416 1227 proxi&

267 1238 390 1264 Adimcre
403 1235 497 1269 fidem,
515 1234 569 1260 vid.
584 1239 707 1259 ADIMO.
779 1231 931 1265 Adiungere
944 1230 1022 1257 fidem
1035 1237 1060 1256 et
1074 1228 1258 1255 auctoritatem
1271 1234 1311 1251 re·
1373 1237 1431 1254 nius
1450 1227 1560 1262 quisque
1574 1227 1728 1253 Britannico
1737 1246 1745 1258 ,
1762 1235 1847 1260 neque
1860 1226 1913 1256 faS,
1933 1234 2018 1260 neque
2032 1226 2111 1252 fidem
2119 1227 2194 1261 *penfi
2208 1227 2335 1259 Haberet,
2353 1234 2418 1262 pro-1>
2435 1241 2449 1258 Α

266 1273 314 1299 bus
328 1271 520 1299 commenticiis
532 1268 630 1296 ”Ullam
644 1267 768 1294 debemus
789 1267 844 1293 Cic·
857 1266 889 1292 de
901 1266 992 1292 Diuiss·
1007 1275 1031 1296 2,
1045 1274 1088 1296 113·
1125 1263 1177 1290 vid·
1193 1268 1310 1289 ADIVN-
1372 1263 1458 1290 visum
1472 1269 1537 1290 erat.
1592 1263 1662 1289 Ter.
1676 1262 1757 1288 Andr.
1766 1270 1790 1294 3,
1803 1270 1832 1294 4,
1842 1269 1859 1295 7
1877 1262 2071 1295 Propemodum
2086 1263 2180 1289 Habeo
2194 1264 2247 1289 iam
2259 1262 2312 1289 tibi
2324 1261 2449 1297 fidem'ss's‘:

268 1315 323 1335 Gu-
394 1307 542 1334 Admittere
563 1304 659 1335 fidem,
678 1306 697 1329 i.
721 1302 819 1329 credere
850 1302 943 1329 Claud.
964 1302 991 1327 in
1004 1302 1112 1335 Eutrop.
1127 1309 1150 1331 2,
1164 1307 1208 1333 70.
1249 1297 1308 1324 Vni.
1321 1309 1355 1334 30
1371 1300 1428 1326 Cic.
1436 1300 1512 1325 Verr.
1528 1305 1551 1332 ς,
1565 1307 1616 1331 ¹52-
1685 1298 1820 1325 Habemus
1839 1296 1879 1323 his
1895 1297 1983 1330 fidem,
2001 1307 2067 1332 quos
2082 1298 2139 1333 plus
2162 1298 2313 1332 intelligere
2332 1306 2395 1333 qua,
2423 1289 2449 1331 ⁴2¹*

268 1350 435 1371 ADMtTTO.
508 1341 609 1367 Afferre
624 1339 704 1365 fidem
718 1338 799 1364 alicui
818 1338 875 1371 rei,
893 1345 941 1373 pro
963 1337 1045 1363 Fidem
1059 1337 1163 1372 fluere,
1179 1340 1202 1360 et
1210 1332 1310 1368 facere,
1370 1344 1418 1361 nos
1437 1334 1598 1362 arbitramur
1618 1334 1674 1360 Cic.
1689 1333 1741 1361 Off.
1757 1342 1778 1364 2,
1792 1341 1829 1365 33.
1885 1333 2013 1360 Habenda
2028 1335 2109 1360 etiam
2123 1335 2210 1368 paruis
2224 1333 2288 1360 fides
2303 1334 2376 1367 Qin
2440 1336 2447 1343 ”

266 1387 294 1406 vt
309 1381 400 1419 anquis
412 1377 497 1405 credat
510 1384 533 1403 et
547 1374 677 1408 exishmct.
712 1374 780 1400 Plin.
793 1382 820 1406 9,
833 1379 857 1403 18
876 1372 1008 1400 Omnibus
1022 1372 1062 1398 his
1077 1371 1172 1402 fidem,
1194 1369 1254 1396 Nili
1269 1368 1308 1408 in·
1370 1379 1397 1403 2,
1409 1380 1436 1405 4.
1507 1370 1590 1396 Plaut.
1605 1370 1671 1395 Pers.
1686 1377 1706 1402 ς,
1720 1378 1745 1401 2,
1765 1374 1779 1399 8
1810 1369 1849 1394 Ita
1869 1369 1994 1395 miserum
2007 1370 2126 1396 Toxilus
2144 1379 2187 1396 me
2206 1368 2249 1395 hic
2270 1369 2393 1396 constitui

266 1415 376 1441 undatio
395 1414 485 1444 affert,
511 1412 602 1439 omnia
624 1409 765 1437 excedente
783 1409 921 1436 miraculo.
1011 1407 1113 1433 Afferre
1127 1405 1206 1431 fidem
1220 1403 1310 1430 dubus
1370 1407 1418 1441 qui
1439 1405 1465 1432 ei
1482 1405 1561 1432 fidem
1580 1414 1634 1430 non
1647 1404 1738 1431 Habui
1756 1404 1872 1439 argenti,
1891 1413 1923 1430 eo
1942 1404 2011 1431 mihi
2030 1414 2072 1431 eas
2090 1405 2222 1432 machinas
2240 1405 2349 1432 molitus
2368 1413 2383 1431 e

265 1450 395 1484 Qiiue‘til.
410 1457 431 1482 ς,
446 1458 482 1475 10.
556 1447 656 1474 Afferre
669 1445 747 1471 fidem
759 1451 784 1471 et
796 1444 982 1471 auctoritatem
994 1443 1096 1470 oratori
1123 1442 1179 1469 Cic.
1194 1440 1222 1467 in
1234 1441 1309 1466 Orat.
1369 1442 1475 1469 Habere
1489 1441 1676 1467 auffioriiatem
1695 1446 1720 1466 et
1733 1439 1812 1465 fidem
1826 1448 1866 1466 reg
1880 1439 1978 1466 dicitur
1990 1441 2044 1468 Cic.
2057 1450 2106 1476 Pro
2121 1441 2202 1467 Flacc-
2217 1449 2254 1467 2¹·
2311 1439 2398 1467 Habu-
2429 1439 2440 1448 ι
2469 1440 2479 1450 ι,

265 1495 318 1513 120.
389 1485 488 1511 Affeeta
514 1483 605 1510 Tacit.
620 1481 687 1508 Hist.
703 1491 724 1513 3,
738 1484 777 1513 65.
793 1488 839 1515 pro
856 1480 936 1516 laesit,
956 1489 1004 1505 non
1022 1482 1137 1515 integra,
1160 1475 1310 1513 quemadmo-
1327 1483 1353 1510 35
1370 1487 1411 1505 res
1427 1476 1523 1509 fidem,
1543 1480 1561 1502 i.
1574 1475 1671 1502 credita
1683 1474 1717 1507 est
1729 1475 1884 1502 Ouid.Met,
1896 1484 1923 1507 9,
1938 1483 1996 1509 705.
2089 1477 2177 1503 Habet
2196 1476 2275 1502 fidem
2294 1476 2368 1502 Sel-ib

265 1522 320 1547 dum
329 1521 422 1548 Liuius
436 1520 503 1546 dixit
516 1529 557 1546 res
569 1518 672 1545 affeetas
687 1520 712 1549 6,
733 1536 739 1542 .
759 1536 766 1543 .
806 1515 863 1542 lsid.
873 1521 1050 1542 AFFECTVS.
1103 1512 1207 1540 Afflicu
1215 1512 1307 1538 Tacit.
1372 1522 1425 1540 122-
1445 1516 1468 1539 j.
1480 1518 1595 1543 meretur,
1608 1511 1636 1537 de
1649 1510 1832 1536 medicamento.
1901 1511 1956 1537 Cic.
1970 1510 2049 1537 Acad.
2063 1520 2097 1544 4,
2118 1519 2146 1544 53
2174 1511 2253 1544 Qiafi
2274 1521 2340 1539 vero
2360 1521 2378 1538 n

265 1557 333 1583 Hist.
350 1566 368 1585 1,
381 1562 408 1586 gg
425 1556 504 1582 eadem
520 1564 578 1590 quae
592 1553 699 1580 Affecffa.
737 1551 843 1585 leian.
858 1551 885 1577 in
901 1551 919 1577 l.
933 1550 1038 1585 quoties
1052 1555 1125 1577 tutor
1147 1547 1249 1586 §.ficut
1262 1556 1306 1573 au-
1370 1549 1456 1583 specie
1469 1548 1525 1574 visa
1544 1547 1711 1578 iudicentur,
1731 1545 1891 1580 quae-fidem
1904 1546 2004 1572 nullam
2020 1546 2179 1579 Habebunt,
2198 1546 2298 1584 sublata
2314 1549 2373 1574 veri
2387 1542 2439 1576 eriis.

266 1598 318 1618 tem
333 1593 365 1617 D.
379 1591 410 1617 de
421 1590 648 1616 administratione
663 1595 688 1614 et
704 1587 822 1622 periculo
836 1593 969 1616 tutorum,
982 1593 1027 1611 etc.
1086 1585 1143 1611 Nec
1163 1584 1233 1610 enim
1249 1591 1308 1617 pro·
1370 1584 1425 1611 falti
1442 1589 1513 1610 nota.
1618 1581 1750 1615 Qiinelil.
1764 1590 1791 1614 4,
1804 1589 1820 1607 2
1845 1581 1886 1608 Ab
1906 1581 2059 1608 aduersario
2080 1591 2203 1616 quoque,
2224 1582 2285 1617 quia
2305 1592 2359 1609 non
2376 1581 2413 1608 est

265 1627 391 1654 hibentur
403 1632 504 1652 tutores
519 1625 617 1651 bonam
631 1624 711 1650 fidem
725 1624 879 1657 Agnoscere.
950 1621 1067 1656 Alligare
1089 1620 1168 1647 fidem
1187 1620 1246 1645 iure
1267 1618 1308 1644 iu-
1370 1620 1399 1646 in
1418 1618 1537 1654 negando
1555 1617 1705 1644 Habiturus
1727 1616 1816 1643 fidem.
1891 1618 2062 1652 Haesuraque
2079 1617 2148 1644 mihi
2168 1625 2267 1652 tempus
2285 1617 2312 1644 in
2332 1626 2413 1644 omne

266 1662 348 1689 rando
369 1662 426 1687 Sen.
439 1661 541 1687 Troad.
556 1662 604 1686 611.
658 1659 794 1685 Alternaut
807 1659 914 1692 spesque
929 1658 1064 1691 timorque
1077 1656 1172 1688 tidem,
1185 1655 1237 1682 hx.
1258 1655 1307 1681 Va-
1314 1660 1352 1685 40
1372 1655 1423 1682 fide
1437 1653 1519 1682 Ouid.
1529 1653 1616 1680 Trist.
1630 1662 1653 1685 3,
1666 1662 1695 1685 4,
1708 1655 1747 1684 36.
1774 1655 1793 1679 i.
1813 1654 1883 1678 cuius
1894 1662 1942 1678 non
1956 1653 2097 1689 obliuiscar.
2151 1654 2311 1680 Imminuere
2323 1652 2415 1679 aueto-

265 1702 335 1724 riant
357 1697 525 1723 credulitatem
549 1703 572 1721 ct
594 1698 713 1727 incertam
720 1694 826 1729 faciunt
849 1693 930 1720 Ouid.
946 1693 1024 1726 Epist.
1038 1695 1064 1724 6,
1079 1698 1114 1724 38.
1187 1690 1309 1725 Appellet
1369 1692 1477 1719 ritatem
1491 1693 1516 1717 e‘t
1529 1689 1608 1716 fidem
1622 1689 1734 1715 alicuius
1748 1688 1803 1715 Cic.
1814 1687 1846 1714 de
1857 1688 1931 1714 Orat.
1939 1696 1965 1720 2,
1982 1691 2032 1721 156.
2102 1690 2212 1725 Impulit
2226 1697 2267 1715 me
2279 1688 2342 1714 fides
2356 1688 2424 1718 eius·

265 1733 328 1759 fides
342 1739 443 1759 tantum
457 1731 593 1762 auctores,
611 1730 635 1755 h.
650 1738 670 1754 e.
688 1728 801 1761 Fuiesjz‘t
809 1735 882 1763 penei
896 1727 1007 1753 austores
1027 1727 1094 1753 Plin.
1104 1732 1172 1758 28,1.
1208 1726 1308 1752 Astrin-
1371 1728 1400 1753 in
1414 1736 1472 1753 eam
1487 1733 1602 1752 mentem
1615 1726 1687 1751 Idem
1703 1725 1774 1750 Fam.
1789 1733 1810 1756 1,
1822 1732 1848 1756 9.
1917 1723 1983 1750 Plin.
1998 1733 2034 1755 10,
2048 1733 2084 1758 49
2103 1725 2159 1751 Nec
2174 1726 2275 1752 Sirenes
2289 1725 2420 1758 Impetra-.

263 1777 325 1802 gere
340 1767 417 1793 tidem
432 1768 516 1797 suam,
534 1765 692 1792 Promittere
708 1763 803 1794 fidem,
821 1766 903 1798 inquit
916 1764 1034 1788 Donatus
1048 1772 1053 1787 ε
1087 1762 1155 1787 Ter.
1168 1762 1234 1786 Eun.
1250 1769 1268 1792 1,
1282 1768 1308 1791 2,
1372 1763 1461 1788 verint
1478 1761 1573 1792 fidem,
1593 1761 1656 1786 licet
1668 1758 1781 1786 affirmet
1795 1759 1884 1791 Dino,
1905 1759 2036 1786 Clitarchi
2057 1760 2183 1788 celebrati
2202 1760 2318 1787 auctoris
2332 1765 2418 1793 pater,

264 1812 298 1829 22
318 1804 416 1829 Verum
430 1802 492 1827 heus
508 1809 552 1832 tu,
571 1801 628 1834 lege
642 1800 688 1825 hac
703 1798 753 1825 tibi
770 1807 853 1824 ineam
867 1797 989 1831 Astriugo
1008 1796 1096 1822 fidem.
1175 1794 1308 1827 Quin6lil-
1370 1796 1398 1821 in
1419 1795 1495 1822 India
1515 1796 1579 1825 esse,
1605 1795 1786 1828 mulcerique,
1812 1801 1858 1819 etc.
1889 1797 1906 1820 i.
1927 1804 1974 1820 non
1992 1795 2115 1828 credetur,
2131 1795 2173 1830 effi
2188 1798 2293 1822 Sirenes.
2364 1795 2418 1820 Im·-
2442 1791 2444 1795 ¹

266 1841 291 1869 6,
305 1840 321 1863 6
349 1837 445 1867 Matri,
472 1837 546 1861 cuius
560 1835 645 1861 filium
660 1833 794 1868 premebat
806 1833 963 1863 auetoritas,
982 1832 1061 1858 fidem
1076 1829 1199 1857 Abstulit.
1261 1829 1349 1862 Ca-45
1371 1831 1443 1865 plere
1457 1830 1535 1856 fidem
1549 1829 1668 1862 peractae
1681 1829 1775 1855 mortis
1789 1829 1972 1862 Plin.Epist.3,
1988 1838 2026 1863 14.
2093 1831 2211 1864 Impletse
2225 1830 2304 1856 fidem
2317 1830 2419 1856 ominis

283 1882 325 1899 ere
338 1873 365 1898 in
379 1871 458 1897 fidem
472 1870 587 1896 deuictas
599 1869 671 1895 bello
684 1870 803 1894 nationes
828 1869 884 1894 Cic.
899 1868 951 1894 Off.
967 1876 992 1899 1,
1009 1875 1034 1899 35
1046 1876 1067 1892 c.
1083 1875 1114 1897 13.
1151 1865 1198 1893 Sed
1217 1866 1309 1900 legitur
1370 1865 1530 1893 videbantur
1548 1864 1638 1890 Tacit.
1654 1864 1721 1890 Hist.
1735 1872 1758 1898 2,
1772 1869 1813 1898 78.
1907 1864 2055 1897 implorare
2065 1864 2144 1891 fidem
2164 1866 2291 1897 alicuius,
2309 1868 2328 1891 i.
2346 1868 2422 1891 auxi-⁸

284 1909 304 1934 is
317 1907 441 1941 recipere.
514 1906 629 1939 Capiunt
641 1904 686 1929 vix
701 1902 780 1927 fidem
796 1903 898 1928 maiora
911 1903 1025 1927 monstra
1038 1901 1125 1932 veris,
1145 1903 1163 1925 i.
1193 1901 1242 1925 Vix
1256 1908 1308 1925 cre-
1370 1903 1429 1927 lium
1437 1911 1445 1926 π
1468 1901 1538 1926 Ter.
1551 1899 1661 1932 Adelph.
1676 1908 1699 1930 3,
1713 1908 1742 1931 4,
1756 1907 1787 1931 43
1811 1898 1890 1924 Illaec
1903 1898 1983 1925 fidem
1995 1909 2064 1925 nunc
2079 1901 2189 1927 vestram
2204 1901 2348 1934 implorat,
2367 1902 2435 1929 Dea

265 1944 356 1970 duntur
376 1943 432 1969 Seu.
447 1941 551 1967 Troad.
568 1942 619 1968 168.
691 1938 788 1963 Carere
803 1936 868 1967 fide,
893 1936 945 1961 vid.
967 1940 1090 1961 CAREo.
1146 1935 1244 1958 Carent
1257 1933 1308 1958 fide
1370 1944 1436 1960 mea.
1493 1935 1565 1959 Hirt.
1579 1934 1645 1959 Bell.
1661 1934 1718 1958 Afr.
1734 1936 1773 1958 26.
1828 1934 1888 1958 Liu.
1900 1943 1935 1965 31,
1949 1941 1966 1967 7
1984 1942 2026 1968 pr.
2055 1936 2081 1960 Si
2094 1936 2242 1968 Saguntinis
2256 1936 2374 1968 obsessis‚
2385 1936 2422 1966 fl-⁴⁴
2434 1930 2439 1942 ι

263 1979 344 2006 verba
363 1977 443 2004 Ouid.
456 1976 534 2010 Epist.
550 1984 572 2007 2,
586 1976 625 2000 26.
697 1972 744 1998 Ille
764 1970 850 1998 Defim
868 1970 947 1996 fidem
968 1969 1101 1995 clamitans
1121 1968 1198 2001 Apul.
1214 1968 1279 1993 Met.
1294 1971 1307 1996 8
1370 1969 1484 2003 demque
1496 1967 1611 1994 nostram
1625 1966 1833 2000 implorantibus
1849 1968 1963 2001 impigre
1976 1968 2119 1995 tulissemus
2132 1978 2221 2004 opem.
2256 1971 2328 1998 Idem
2341 1980 2366 2002 2,
2379 1980 2416 2004 23,

265 2025 290 2050 p.
305 2023 362 2048 209,
376 2016 417 2040 26.
435 2016 452 2038 i.
466 2010 537 2044 testes
550 2011 605 2037 illos
617 2009 748 2036 αιίιιοεαης.
820 2008 922 2041 Cogere
937 2005 1016 2031 fidem
1036 2003 1134 2030 Sen.de
1143 2003 1266 2035 Benefiz,
1277 2009 1348 2036 1550
1370 2003 1439 2031 Add.
1461 2004 1523 2031 Stat.
1543 2002 1610 2037 apud
1630 2002 1685 2028 Cic.
1708 2001 1740 2028 de
1754 2002 1849 2028 Natur.
1865 2002 1944 2029 Deor.
1961 2011 1971 2028 1
1992 2012 2012 2029 c.
2028 2006 2044 2030 6
2058 2011 2103 2039 pr.
2176 2005 2320 2040 implorare
2334 2006 2422 2034 fidem?

264 2050 341 2077 Culta
361 2049 448 2075 valer.
464 2049 561 2081 Argon.
577 2055 595 2076 1,
609 2050 658 2076 838.
700 2043 758 2070 Vici.
780 2049 873 2069 COLO.
979 2039 1172 2067 Commendare
1191 2038 1309 2072 aliquem
1371 2040 1484 2066 alicuius
1502 2040 1530 2065 in
1549 2038 1641 2073 aliquo
1661 2038 1789 2072 negotio,
1818 2037 1872 2064 vid.
1894 2044 2086 2066 IMPLORO.
2171 2041 2316 2075 Implorare
2333 2038 2414 2069 fidei„

266 2086 327 2115 fidei
342 2085 458 2111 alterius.
502 2082 557 2109 Viti.
585 2085 779 2108 COMMENDO.
852 2077 908 2103 Cic.
922 2085 971 2111 pro
985 2076 1068 2102 Flacc.
1085 2078 1119 2101 62
1148 2075 1271 2108 Optimae
1284 2077 1311 2099 et
1371 2075 1524 2108 Qiiritium
1544 2074 1605 2100 Liu.
1623 2082 1649 2106 2,
1670 2082 1709 2106 23.
1805 2073 1862 2099 Cic.
1881 2074 1935 2100 Att.
1952 2082 1987 2106 ις,
2006 2078 2039 2101 26
2066 2075 2114 2102 Ille
2127 2081 2214 2104 tamen
2231 2077 2317 2110 dolet,
2335 2077 2414 2104 dubi-

264 2120 456 2156 spediatillimae
479 2118 541 2144 fidei
558 2116 668 2143 alicuius
691 2115 800 2141 salutem
824 2112 897 2139 vrbis
925 2118 950 2138 et
976 2111 1078 2137 ciuium
1102 2108 1307 2135 Commendare.
1370 2115 1427 2136 tans
1450 2117 1540 2137 vti-um
1561 2118 1663 2136 morem
1687 2114 1760 2143 gerat
1777 2108 1889 2142 Leptae,
1907 2118 1940 2136 an
1959 2109 2038 2136 fidem
2057 2111 2177 2138 Infirmet
2194 2112 2266 2140 Silio.
2336 2112 2416 2140 Infit-u

265 2156 439 2184 Conuuittere
452 2154 514 2180 fidei
532 2153 661 2185 alictiius,
681 2157 707 2177 et
725 2150 781 2176 eius
796 2147 917 2183 potestati
931 2146 1084 2181 permittere
1099 2145 1154 2170 Cic.
1169 2152 1218 2178 pro
1232 2144 1310 2169 Font.
1370 2153 1444 2171 mare
1458 2145 1537 2171 fidem
1553 2144 1624 2170 testis
1644 2144 1712 2179 apud
1729 2144 1858 2175 iudicem,
1884 2145 1937 2172 vid.
1955 2146 1980 2172 h.
1993 2147 2074 2183 v.sub
2094 2155 2104 2174 1
2114 2154 2176 2175 ΝΡ]
2186 2154 2305 2175 RMVS·
2363 2149 2415 2175 ,Ιη-
2452 2154 2454 2159 ,

265 2202 305 2226 3ο.
377 2191 516 2218 Commissa
530 2190 588 2216 sunt
608 2189 666 2214 iura
681 2186 743 2212 fidei
758 2184 955 2219 magistratuum
968 2181 1007 2209 Id.
1020 2180 1072 2207 Off.
1089 2188 1109 2211 1,
1125 2188 1181 2212 124.
1229 2178 1310 2204 Com·
1324 2184 1353 2210 55
1371 2179 1503 2214 spicienda
1517 2179 1581 2206 fides
1596 2179 1664 2205 duro
1677 2186 1799 2213 tempore
1812 2180 1893 2206 Ouid.
1909 2181 1995 2208 Trist.
2011 2191 2032 2213 1,
2044 2193 2072 2217 4,
2086 2192 2127 2216 25.
2198 2183 2272 2210 Idem
2283 2183 2361 2218 Epist.
2375 2188 2418 2220 177,
2452 2196 2455 2202 ¹
2467 2190 2479 2210 b

265 2229 371 2255 mittere
386 2228 409 2253 se
423 2228 451 2252 in
463 2226 556 2258 fidem,
576 2225 615 2251 vel
628 2222 691 2249 fidei
704 2221 834 2253 alicuius,
855 2219 909 2246 vid.
929 2222 1118 2245 COMMiTTO.
1141 2250 1147 2255 ·
1183 2213 1309 2253 Commu·
1373 2224 1417 2247 130
1443 2214 1537 2241 Tarda
1556 2214 1621 2240 solet
1642 2215 1742 2248 magnis
1759 2214 1838 2240 rebus
1852 2217 1932 2241 Inesse
1945 2216 2019 2243 fides.
2091 2220 2147 2246 Cic.
2167 2219 2200 2246 de
2211 2220 2413 2253 mareotae-3⁷9
2465 2239 2470 2244 ¹

266 2270 321 2291 tare
337 2262 415 2288 fidem
429 2262 549 2296 pecunia,
566 2259 619 2286 vid.
636 2262 812 2285 COMMVTO.
862 2253 1015 2282 Concedere
1027 2252 1078 2278 fide
1092 2256 1193 2285 optima
1205 2247 1309 2283 aliquid
1372 2252 1448 2284 Quae
1461 2250 1569 2285 quidem
1583 2250 1623 2276 vis
1638 2256 1693 2275 tum
1707 2250 1824 2276 maxime
1838 2251 1943 2283 cognita
1954 2251 2005 2283 est,
2026 2261 2085 2278 cum
2100 2254 2230 2280 Lusitanis
2243 2264 2257 2280 a
2270 2255 2322 2281 Ser.
2331 2254 2412 2283 Galla&

265 2300 376 2333 Cic.pro
388 2298 560 2324 Rosc.Amer.
571 2304 628 2328 144.
684 2293 722 2320 Id.
737 2301 786 2327 pro
795 2293 824 2317 L.
834 2291 904 2318 Man.
916 2299 945 2326 {9
965 2297 1011 2323 c.7
1028 2288 1106 2314 Tum
1119 2295 1200 2325 quum
1216 2286 1243 2311 in
1251 2283 1309 2324 Alia
1330 2312 1336 2316 λ
1372 2287 1455 2312 Praet,
1470 2292 1560 2312 contra
1576 2284 1773 2319 lutei-positam,
1793 2292 1823 2311 vt
1834 2285 2049 2319 existimabatur,
2065 2287 2160 2320 fidem,
2175 2290 2334 2317 interfeffls.
2355 2288 2413 2322 „534

266 2344 306 2362 res
325 2343 429 2368 magnas
448 2331 572 2368 permulti
591 2329 734 2357 amiserunt
748 2348 756 2360 ,
783 2327 877 2353 scimus
898 2327 998 2352 Romae
1023 2323 1158 2350 solutione
1182 2319 1309 2355 impedita
1372 2329 1441 2348 INT
1452 2328 1496 2348 ER
1508 2327 1523 2347 p
1533 2328 1552 2348 0
1562 2328 1582 2348 N
1592 2328 1620 2347 Ο,
1657 2320 1730 2357 (jons,
1744 2321 1800 2347 Cic,
1815 2329 1865 2354 pro
1878 2321 1952 2347 Rost-
1966 2322 2055 2348 Amen
2076 2323 2151 2355 039,
2218 2325 2318 2352 Sallust.
2332 2326 2360 2353 in
2367 2326 2410 2353 lu-

265 2370 345 2397 fidem
360 2369 523 2396 Concidiss'e:
550 2366 578 2392 de
592 2366 642 2397 his,
655 2367 696 2400 qui
714 2367 764 2389 iam
781 2362 906 2398 verfiaram
917 2361 1006 2397 facere
1020 2356 1185 2393 nonpoffimt.
1240 2357 1309 2382 Con·
1316 2358 1351 2383 60
1371 2356 1459 2391 gurth.
1481 2366 1502 2383 c.
1515 2365 1545 2389 32
1558 2364 1601 2391 pr.
1623 2356 1693 2382 Haec
1708 2362 1786 2390 atque
1799 2356 1851 2382 alia
1865 2355 2050 2383 huiuscemodi
2064 2359 2137 2391 saepe
2149 2358 2275 2392 dicendo,
2292 2363 2422 2388 GMema,

265 2407 335 2432 ferre
353 2406 378 2431 se
398 2405 427 2431 in
447 2403 526 2429 fidem
547 2402 675 2431 alicuius,
705 2398 757 2425 vid.
777 2404 820 2424 CO
831 2405 851 2424 N
862 2403 931 2424 FER
942 2403 960 2423 o
971 2416 977 2422 .
1085 2395 1142 2420 Cic.
1163 2401 1212 2427 pro
1231 2392 1307 2418 Rosc.
1371 2393 1440 2419 mius
1458 2393 1549 2427 Popul.
1564 2393 1674 2418 Roman.
1689 2391 1833 2426 persuadet,
1847 2392 1886 2418 vti
1904 2392 1934 2418 L.
1949 2392 2058 2423 callim,
2077 2393 2125 2427 qui
2145 2395 2326 2422 tumfraemr
2344 2401 2410 2428 erat,

267 2443 356 2469 Ainer.
375 2449 405 2474 93
438 2440 509 2467 Nam
529 2446 611 2472 quum
630 2435 727 2462 multos
747 2440 847 2460 veteres
873 2441 887 2459 a
905 2430 1053 2458 maioribus
1073 2429 1163 2456 Roscii
1184 2433 1309 2462 patronos
1371 2428 1404 2454 ad
1423 2428 1578 2463 Iugurtham
1601 2428 1767 2458 mitteretur,
1798 2435 1912 2461 eumque
1931 2427 2084 2462 lutei-polita
2104 2427 2156 2454 fide
2177 2429 2279 2463 publiea
2297 2431 2409 2458 Romam

266 2477 435 2510 hospitesque
449 2475 591 2505 haberent,
611 2479 702 2498 omnes
717 2478 762 2496 eos
777 2468 864 2495 colere
885 2474 964 2502 atque
984 2466 1124 2492 obseruare
1144 2464 1308 2494 destiterunt,
1372 2463 1486 2491 duceret.
1558 2465 1685 2490 Inuocans
1706 2461 1887 2497 nequidquam
1910 2462 2042 2497 pastorum
2062 2463 2157 2496 fidem,
2181 2467 2200 2490 i.
2214 2466 2330 2491 auxilium
2348 2466 2410 2492 Liu.

267 2523 295 2540 ac
312 2514 336 2538 se
354 2512 382 2539 in
396 2509 563 2544 Chrysogoni
583 2507 660 2534 fidem
683 2515 712 2532 ac
731 2504 879 2530 clientelam
894 2502 1089 2532 Contulerunt,
1118 2503 1136 2526 i.
1155 2503 1181 2525 in
1198 2501 1310 2534 petroci·
1373 2509 1392 2530 1,
1404 2507 1430 2534 7.
1501 2500 1630 2534 leianus
1646 2500 1674 2525 in
1689 2499 1705 2525 l.
1719 2498 1765 2525 vbi
1779 2505 1881 2531 autem,
1902 2499 1933 2525 D.
1953 2498 1985 2524 de
2005 2498 2150 2526 verborum
2164 2499 2321 2534 obligation.
2337 2501 2412 2527 Paul-

266 2552 344 2574 ozimn.
416 2546 563 2573 Confirmat
577 2551 683 2569 omnem
698 2540 747 2566 fibi
767 2539 846 2565 fidem
861 2538 974 2564 sentibus
995 2537 1082 2564 oratio
1103 2535 1207 2566 nostra,
1236 2536 1253 2573 ι’.
1273 2536 1310 2559 in-
1322 2530 1353 2563 65
1372 2535 1428 2567 lus,
1451 2535 1477 2562 Si
1495 2535 1680 2562 filiusfamilias
1699 2534 1736 2561 ita
1754 2534 1890 2568 stipulatus
1910 2534 2009 2566 fuerit,
2029 2536 2161 2568 Quantam
2180 2537 2316 2571 pecuniam
2329 2535 2426 2565 Titio.

265 2586 391 2618 corruPtis
405 2588 476 2617 atquc
487 2583 595 2616 integri,-
607 2576 707 2611 ustibus
721 2576 775 2602 Cic.
790 2575 822 2601 de
837 2575 895 2601 Fin.
909 2581 974 2608 ¹³7¹·
1046 2570 1177 2607 Oppoflta:
1199 2568 1311 2609 Qunft.
1372 2571 1525 2603 credidero,
1543 2571 1594 2597 fide
1614 2577 1659 2597 tua
1676 2571 1723 2596 effe
1738 2569 1814 2595 Iubes
1827 2570 1836 2595 3
1907 2569 1981 2596 Idem
1997 2570 2025 2595 in
2039 2571 2055 2596 1.
2070 2571 2168 2598 Graece
2183 2576 2195 2602 8
2220 2570 2244 2609 §.
2262 2571 2278 2597 fi
2294 2571 2353 2606 quis
2367 2571 2422 2600 Sti<

269 2627 282 2653 ς
307 2627 323 2654 7
351 2619 434 2646 Aliter
448 2617 519 2643 enim
537 2614 725 2644 oraculorum,
745 2611 822 2637 aliter
835 2611 994 2645 aruspicum,
1014 2616 1156 2641 augurum,
1176 2603 1310 2631 coniecto·
1373 2607 1452 2633 chum
1467 2612 1480 2636 8
1507 2607 1539 2633 D.
1554 2607 1585 2633 de
1599 2605 1807 2637 fideiussoribus,
1827 2605 1852 2631 Si
1866 2605 1925 2639 quis
1939 2604 2056 2631 Stichum
2069 2606 2221 2640 stipulatus,
2239 2602 2422 2636 fideiussorem*

270 2640 329 2681 riuu
339 2674 347 2686 ,
363 2651 610 2680 mathematicorum
624 2648 687 2674 fides
701 2646 862 2673 confirmari
881 2651 926 2672 aut
939 2643 1028 2671 refelli
1045 2641 1135 2678 potest.
1208 2640 1310 2667 Confu-
1373 2643 1410 2668 ita
1424 2643 1566 2676 acceperit:
1590 2641 1708 2668 Stichum
1725 2647 1769 2667 aut
1783 2640 1871 2666 decem
1889 2640 1940 2666 fide
1949 2646 1998 2672 ¹tua
2013 2641 2088 2667 iubes
2101 2643 2110 2668 3
2134 2642 2212 2668 intell.
2228 2642 2292 2675 esse,
2310 2649 2353 2669 aut
2366 2635 2440 2669 me‘s

271 2698 331 2724 gere
352 2689 384 2715 ad
403 2687 513 2714 alicuius
533 2684 629 2716 fidem,
658 2682 712 2708 vid.
733 2688 859 2709 CONFV
870 2688 891 2708 G
902 2688 910 2706 1
922 2687 953 2707 o.
1030 2678 1195 2706 conseruare
1215 2676 1310 2708 fidem,
1374 2677 1545 2704 Labefae‘tare
1560 2678 1638 2703 fidem
1656 2678 1725 2703 Suet.
1741 2677 1769 2702 in
1783 2676 1886 2710 Vespas.
1906 2685 1927 2702 c.
1936 2685 1963 2709 4.
2001 2675 2069 2702 Add.
2084 2677 2144 2705 Liu.
2158 2680 2182 2708 6,
2199 2686 2221 2704 11
2241 2685 2306 2704 extr.
2359 2679 2396 2712 Q

270 2725 324 2751 vid.
345 2728 563 2751 CONSERVO.
633 2718 756 2744 Constitit
772 2717 852 2748 fides,
873 2717 970 2742 Certum
990 2712 1022 2748 gs}
1043 2721 1065 2740 et
1080 2714 1211 2752 probatum
1232 2712 1354 2744 Colit-70
1374 2713 1454 2739 fidem
1469 2712 1579 2745 Ludit,
1610 2717 1742 2747 oppugnat
1765 2713 1887 2738 omnium
1909 2720 2050 2738 commune
2074 2713 2231 2747 praefidium
2251 2714 2306 2740 Cic.
2326 2722 2375 2747 Pro

271 2759 333 2786 mel.
348 2768 370 2790 3,
383 2761 398 2784 6
416 2757 463 2784 Sed
478 2755 525 2783 vbi
540 2755 656 2790 plurium
668 2753 740 2779 velut
754 2752 872 2779 emeritis
885 2760 1015 2777 annorum
1030 2748 1165 2784 stipendiis
1181 2748 1243 2773 fides
1257 2748 1312 2773 sur·
1375 2749 1450 2776 Rosc.
1473 2758 1493 2775 c.
1507 2754 1544 2781 33.
1616 2748 1716 2774 Leuant
1731 2747 1814 2774 multa
1829 2747 1908 2774 fidem
1923 2748 2059 2781 promifia‚
2078 2751 2096 2774 i.
2117 2750 2211 2775 eleuant
2224 2756 2248 2775 et
2260 2751 2405 2779 imminuent,

271 2795 331 2821 culo
345 2793 485 2823 Constitit,
503 2791 571 2817 nihil
585 2789 757 2816 dubitandum
773 2788 809 2814 est
821 2787 854 2814 de
868 2787 1038 2812 fecunditate.
1109 2783 1262 2816 Conllringi
1283 2782 1311 2808 fi-
1375 2785 1460 2811 Multa
1473 2784 1679 2819 promittentibus
1691 2792 1740 2810 non
1759 2783 1860 2809 habetur
1870 2782 1938 2818 fides
1958 2784 2051 2810 Horat.
2070 2784 2148 2818 Epist.
2163 2793 2194 2817 2,
2207 2793 2229 2816 2,
2247 2792 2284 2810 ιο.
2357 2786 2414 2812 Cic>

272 2830 331 2856 dem
345 2829 476 2862 religione
490 2827 584 2861 potius,
597 2834 676 2860 quam
691 2825 802 2850 veritate
814 2823 910 2849 Graeci
929 2821 1073 2848 noluerunt
1094 2820 1150 2846 Cic.
1167 2828 1214 2853 pro
1229 2820 1311 2844 Corn.
1374 2829 1423 2854 pro
1438 2820 1519 2846 Flacc.
1532 2822 1569 2852 46
1595 2828 1616 2845 c.
1630 2828 1661 2845 20
1687 2819 1742 2852 Ipse
1761 2824 1847 2845 tamen
1861 2818 1942 2845 Fufiis
1962 2819 2086 2847 satisfacit
2106 2818 2271 2851 absentibus,
2292 2824 2318 2846 et
2336 2819 2387 2847 fide
2411 2850 2413 2852 ,

271 2865 346 2893 Balb.
363 2873 395 2890 12.
465 2862 537 2889 Idem
553 2870 600 2896 pro
615 2860 686 2886 Cael.
701 2868 726 2885 21
752 2859 815 2886 Ideo
830 2858 907 2884 vobis
921 2866 1028 2891 quoque
1043 2864 1090 2881 vos
1106 2855 1206 2881 causam
1221 2860 1312 2893 pptare
1374 2857 1446 2882 suam
1460 2855 1576 2881 Liberat.
1618 2854 1675 2880 Vid.
1689 2854 1795 2888 leian.
1815 2854 1842 2880 in
1858 2854 1876 2880 l.
1896 2854 1914 2880 fi
1927 2863 1991 2881 vero
2018 2855 2049 2881 D.
2069 2855 2192 2882 mandati.
2266 2855 2367 2882 Locare
2389 2851 2397 2861 '⁴

271 2902 319 2927 ess'e
334 2900 426 2926 iustam
437 2919 445 2931 ,
465 2898 552 2924 alieno
566 2895 655 2922 dolori
675 2895 761 2929 potius
771 2915 779 2927 ,
797 2903 875 2929 quam
890 2893 990 2920 vestrae
1009 2891 1071 2917 fidei
1086 2889 1264 2921 Consulendi,
1293 2892 1312 2915 i.
1324 2893 1356 2921 75
1376 2891 1425 2917 fide
1439 2891 1551 2917 alicuius
1565 2890 1702 2922 ciuitatem
1716 2890 1770 2917 Cic.
1788 2890 1840 2916 Att.
1855 2892 1881 2922 6,
1897 2899 1915 2916 1.
1985 2890 2110 2917 Mandare
2130 2890 2267 2923 quippiam
2287 2890 2350 2917 fidei
2369 2890 2432 2924 ali-1³.

271 2935 443 2963 iusiurandum
459 2933 591 2964 iudiciale,
610 2938 633 2957 «Ι
654 2932 794 2966 rehgaeoncm
804 2930 925 2965 Jsssrzumdi
937 2940 943 2954 .·
973 2926 1253 2966 conscientiam‘vulgo
1273 2925 1314 2951 hic
1377 2927 1465 2957 cuius,
1484 2926 1537 2952 vid.
1557 2929 1584 2952 iri
1598 2932 1731 2952 MANDO.
1768 2926 1823 2952 Cic.
1832 2927 1908 2952 Vei-r.
1917 2933 1939 2958 ς,
1948 2930 1976 2955 82
1995 2926 2021 2952 Si
2034 2925 2099 2954 ciuis
2112 2925 2189 2951 Rom.
2201 2925 2295 2960 dignus
2308 2927 2359 2954 isto
2371 2936 2427 2955 ΜΦ.

271 2981 393 2999 vocamus.
467 2969 628 2995 Consumere
643 2966 721 2992 fidem
731 2985 739 2997 ,
760 2966 812 2991 vni.
836 2972 852 2991 C
863 2971 882 2991 o
895 2971 915 2989 N
926 2972 938 2990 s
947 2971 967 2990 v
978 2971 1001 2990 M
1012 2970 1040 2989 υ.
1097 2962 1153 2988 Cic.
1166 2969 1215 2995 pro
1229 2961 1312 2988 Flacc.
1374 2962 1450 2997 gotio
1463 2970 1542 2988 nemo
1556 2961 1616 2992 fuit,
1624 2961 1689 2996 quid
1704 2961 1833 2993 ciuitates,
1841 2970 1908 2996 quae
1922 2961 1951 2986 in
1963 2960 2080 2987 amicitia
2094 2959 2196 2994 fideque
2204 2962 2264 2995 Pop.
2273 2957 2431 2997 Rom-per}¹

271 3010 308 3041 46
329 3016 350 3032 c.
366 3015 395 3032 20
423 3005 560 3031 Pecuniam
583 3002 669 3028 sumfit
686 3008 805 3027 mutuam
819 3010 833 3026 a
848 3001 936 3025 Sextio
958 2999 1033 3030 Sola,
1057 2998 1105 3032 qui
1119 3004 1206 3024 tamen
1221 2995 1313 3023 Credi·
1374 3004 1454 3033 petuo
1468 2998 1634 3024 Manserant3
1654 2997 1706 3024 uid.
1723 3003 1845 3023 MANEO.
1890 2997 2000 3022 Manere
2011 2995 2039 3021 in
2052 2994 2119 3027 fide,
2134 3003 2156 3022 et
2172 2997 2300 3031 Frangere
2312 2998 2415 3030 foedus,

272 3044 311 3069 dit
333 3043 357 3068 P.
374 3041 465 3068 Fuluii
479 3039 581 3066 Vei-atii
604 3036 733 3064 lectissimi
751 3036 866 3062 hominis
887 3035 947 3061 fide.
1001 3036 1103 3060 Gruter.
1121 3033 1213 3065 Fidei,
1234 3032 1313 3058 eadem
1374 3037 1504 3060 contraria
1523 3034 1578 3059 Cic.
1599 3042 1647 3067 pro
1669 3034 1757 3060 Domo
1781 3035 1824 3058 66.
1927 3031 2042 3057 Mercari
2062 3031 2160 3058 Graeca
2183 3032 2250 3064 fide,
2278 3033 2331 3060 vid.
2351 3043 2377 3060 n.
2390 3042 2421 3064 2...
2445 3037 2447 3040 ’

264 3079 402 3113 sententia.
472 3076 571 3102 Curare
586 3073 665 3100 fidem
677 3074 762 3103 suam,
782 3071 834 3097 viil.
849 3077 942 3097 CVRO.
1013 3069 1096 3095 Debet
1111 3068 1190 3095 fidem
1204 3067 1314 3102 Qun&
1333 3071 1366 3097 80
1376 3069 1508 3103 Q1in6hl.
1531 3078 1561 3101 9,
1580 3077 1595 3094 2
1633 3068 1689 3094 Nec
1709 3069 1828 3094 Meretur
1849 3065 1943 3098 fidem,
1970 3066 2017 3100 qui
2039 3066 2210 3094 sententiolae
2232 3068 2315 3102 gratia
2335 3069 2416 3096 jurat„

270 3122 292 3147 ς,
310 3116 390 3140 10,.1*‚
407 3111 489 3146 fidelis
504 3110 547 3142 effl’
560 3110 635 3136 debet.
696 3107 757 3134 Liu.
773 3115 813 3139 34,
829 3115 850 3132 11
873 3105 982 3132 Potuisse
997 3106 1022 3130 se
1038 3111 1110 3131 extra
1125 3104 1152 3130 id
1166 3103 1313 3139 periculum
1376 3106 1476 3132 Mei-uit
1490 3104 1568 3131 fidem
1583 3103 1694 3129 vetustas
1712 3104 1809 3129 Lucan.
1823 3111 1845 3134 3,
1859 3104 1921 3135 406.
1977 3102 2101 3129 Minuere
2115 3103 2193 3129 fidem
2205 3104 2316 3131 alicuius
2329 3104 2429 3138 Qui-f

272 3150 337 3182 else,
357 3148 374 3174 fi
391 3140 596 3176 decederd'fide‚
617 3144 634 3171 fi
649 3145 789 3170 coniurare
803 3150 862 3168 cum
877 3140 984 3166 caeteris
998 3141 1147 3166 voluissent.
1181 3139 1235 3166 vid.
1257 3145 1313 3165 DE·
1377 3140 1433 3167 etii.
1447 3149 1470 3173 ς,
1485 3148 1510 3174 7.
1584 3138 1706 3165 Miranda
1725 3138 1788 3164 fides
1807 3139 1867 3164 Stat.
1881 3137 1944 3162 Silu.
1961 3144 1980 3168 1,
2002 3145 2025 3169 3,
2047 3146 2086 3164 20.
2112 3146 2140 3164 vt
2159 3139 2230 3166 Mira
2245 3138 2324 3172 fides,
2344 3150 2370 3167 n.
2389 3138 2421 3167 κζ

274 3191 386 3213 CEDO.
438 3183 531 3216 Decipi
547 3182 598 3207 fide
610 3180 719 3206 alicuius
740 3188 768 3204 ac
782 3177 870 3212 potius
883 3175 993 3210 perfidia
1007 3176 1062 3201 Cic.
1077 3185 1124 3209 pro
1138 3177 1213 3202 Rosc.
1225 3177 1313 3201 Amet.
1377 3177 1488 3203 Mouere
1503 3175 1581 3202 fidem
1593 3180 1723 3209 acceptam
1738 3182 1812 3208 parce
1826 3171 1908 3199 Ouid.
1923 3171 1988 3210 Fast.
2004 3182 2036 3205 4,
2051 3182 2111 3207 204.
2200 3175 2304 3201 Mutare
2324 3175 2414 3209 fidem,

274 3230 323 3247 110.
397 3218 514 3245 Deficere
528 3226 572 3243 eos
587 3216 650 3242 fides
664 3223 747 3249 nuper
759 3213 861 3248 coepit,
879 3219 920 3238 res
934 3210 1090 3244 iampridem
1107 3211 1177 3237 Idem
1193 3211 1221 3237 in
1235 3210 1313 3238 Catil.
1377 3211 1481 3238 Pactum
1498 3209 1649 3247 rescindere,
1675 3216 1698 3236 et
1716 3210 1810 3236 violare
1827 3205 1967 3243 promiſjum
1989 3208 2086 3235 Sallust.
2108 3210 2136 3236 in
2156 3210 2284 3245 Iugurtha
2318 3231 2325 3237 .
2363 3231 2370 3238 .
2405 3224 2418 3238 .-

274 3265 300 3287 2,
315 3265 352 3282 10.
383 3257 402 3281 i.
422 3263 489 3280 nemo
508 3256 557 3279 iani
575 3252 655 3278 credit
674 3250 725 3277 illis
734 3251 872 3285 pecuniam.
945 3246 1057 3272 Demere
1079 3246 1156 3272 fidem
1170 3246 1260 3272 Tacit.
1282 3245 1315 3272 de
1329 3247 1358 3276 85
1377 3247 1430 3274 vid.
1453 3252 1577 3274 ΜνΤο.
1649 3245 1754 3272 Mutare
1769 3244 1847 3271 fidem
1866 3251 1925 3269 cum
1943 3242 2026 3271 altero
2040 3245 2107 3271 Ter.
2120 3244 2227 3272 Phorm,
2244 3255 2267 3278 3,
2287 3255 2308 3277 2,
2329 3254 2369 3281 ²7-
2395 3249 2419 3274 1¹,-

275 3292 400 3318 Germau.
414 3298 435 3322 3,
508 3289 591 3314 Deme
605 3287 684 3312 fidem
705 3286 733 3312 in
752 3285 817 3312 falso
834 3282 947 3310 crimine
966 3280 1046 3307 Ouid.
1063 3282 1154 3308 Amor.
1173 3290 1205 3313 2,
1227 3290 1258 3313 2,
1280 3286 1315 3313 38.
1378 3293 1425 3309 non
1437 3281 1509 3316 stare
1526 3279 1665 3308 contractu.
1738 3280 1839 3314 Negata
1852 3278 1952 3311 maguis
1970 3279 2109 3307 sceleribus
2127 3281 2228 3316 semper
2245 3281 2307 3308 fides
2327 3283 2416 3310 Senec-

275 3327 409 3360 Derogare
425 3324 503 3351 fidem
517 3323 571 3350 Cic.
586 3331 634 3357 pro
647 3323 723 3348 Font.
739 3329 771 3353 13.
850 3318 885 3345 Id.
900 3316 1012 3350 Philipp.
1023 3325 1056 3348 13,
1070 3325 1110 3355 42ι
1120 3325 1140 3341 c·
1155 3325 1182 3348 19
1210 3317 1316 3343 Omitto
1379 3318 1489 3353 Hippol.
1505 3318 1548 3344 ΓΑ.
1566 3316 1702 3351 nonfaciIe
1715 3315 1818 3342 credita.
1874 3313 1994 3341 Nouauit
2007 3314 2087 3342 fidem
2099 3323 2198 3344 mutata
2214 3318 2322 3344 fortuna
2337 3318 2435 3352 V'irgae,

277 3362 345 3388 alia:
373 3361 450 3387 fidem
464 3359 617 3386 Dolabellae
633 3356 780 3383 sanctiffimi
792 3355 845 3381 viri
854 3355 977 3380 Deserere
991 3352 1072 3378 homo
1086 3360 1144 3385 pius
1156 3360 1210 3377 non
1224 3352 1316 3385 potest,
1379 3355 1444 3380 Aen.
1458 3362 1481 3386 ς,
1494 3356 1556 3386 604.
1628 3352 1687 3378 Liu.
1702 3359 1744 3383 22,
1758 3359 1791 3377 22
1816 3349 1879 3375 Vult
1898 3349 1945 3376 tibi
1964 3351 2076 3386 quisque
2091 3352 2179 3385 credi,
2198 3360 2223 3379 et
2242 3352 2333 3380 habita
2352 3353 2427 3380 fider
2442 3371 2443 3391 l

274 3401 292 3423 i.
312 3407 327 3423 a
336 3395 461 3431 promiffls
477 3395 597 3422 illidaris
610 3392 738 3428 discedere.
808 3389 939 3423 Quinctil.
952 3396 975 3421 ς,
989 3396 1006 3422 7
1038 3388 1085 3414 Per
1104 3394 1170 3426 quae
1191 3395 1243 3426 ”9¹¹
1262 3395 1276 3411 a
1292 3388 1316 3412 se
1379 3390 1461 3423 ipsam
1482 3389 1636 3424 plerumque
1649 3387 1758 3420 Obligat
1776 3384 1871 3417 fidem,
1897 3387 1914 3411 i.
1935 3389 1975 3412 cui
1989 3386 2066 3422 fimel
2083 3388 2247 3421 credidimus,
2266 3388 2305 3414 illi
2319 3388 2444 3428 credere«,

277 3438 378 3458 tautum
399 3426 477 3457 dietis
492 3429 618 3457 Detrahat
631 3428 725 3459 fidem,
746 3426 788 3453 sed
808 3425 917 3452 caeteris
939 3432 1062 3459 quoque,
1085 3432 1131 3457 qui
1154 3424 1316 3456 protucrant,
1330 3427 1512 3460 90pgrgjm145,
1545 3423 1598 3449 vjd,
1621 3427 1775 3449 OBLIGo.
1865 3420 2035 3456 Obstringere
2055 3422 2135 3450 fidem
2154 3424 2225 3451 suam
2244 3423 2309 3450 min,
2330 3431 2364 3459 7,
2382 3426 2422 3456 134
2442 3437 2444 3449 ἱ

279 3467 381 3492 auferat
399 3466 591 3492 nuum-itatem.
662 3462 768 3490 Diffidet
787 3462 870 3489 averi
890 3460 941 3486 fide
961 3459 1007 3485 illa
1024 3459 1094 3485 fama
1113 3456 1194 3483 Ouid.
1208 3456 1272 3497 Fast.
1294 3465 1318 3488 3,
1381 3460 1441 3485 Liu.
1480 3480 1486 3486 .
1524 3479 1531 3486 .
1569 3478 1575 3484 .
1611 3459 1683 3485 Haec
1701 3455 1775 3483 fimul
1795 3456 1913 3490 iuream,
1938 3467 2121 3493 querensque,
2147 3458 2242 3492 desim,
2263 3458 2416 3486 hominum-
2429 3464 2443 3493 4,

282 3503 339 3526 662.
397 3502 464 3527 Ter.
479 3502 541 3528 Eun,
557 3510 579 3534 5,
593 3509 619 3533 9,
634 3508 664 3532 3ο
684 3500 726 3526 Do
738 3497 818 3524 fidem
836 3497 873 3523 ita
888 3497 1024 3526 futurum,
1052 3497 1070 3520 i.
1091 3495 1163 3524 Iuro,
1178 3494 1318 3524 contu-mo,
1381 3502 1433 3528 que
1451 3494 1527 3520 fidem
1545 3494 1691 3520 Obtefians.
1775 3491 1849 3518 Pacta
1869 3492 1948 3519 Ouid.
1962 3493 2040 3525 Epist.
2054 3496 2085 3524 6,
2104 3502 2145 3527 41.
2234 3496 2308 3527 Qiae
2322 3495 2431 3522 scelere.

281 3535 414 3569 spondeo,
432 3540 512 3570 iuquit
526 3538 653 3563 Donatus.
687 3534 741 3561 vid.
760 3539 814 3559 Do.
887 3532 955 3557 Dare
971 3530 1048 3556 fidem
1062 3529 1143 3555 alicui
1155 3528 1211 3555 Cic.
1221 3528 1252 3554 de
1262 3528 1319 3555 Fin.
1382 3529 1456 3556 Paeia
1471 3530 1522 3561 est,
1540 3529 1635 3556 scelere
1652 3533 1790 3562 rumpetur
1809 3527 1870 3554 fides
1888 3528 1943 3556 Sen.
1958 3529 2029 3555 Med.
2050 3539 2075 3556 v.
2096 3538 2132 3562 55.
2204 3530 2333 3563 Qiinftil.
2353 3539 2378 3562 9,
2396 3539 2418 3564 4·
2435 3554 2439 3564 ,

282 3579 305 3601 2,
320 3573 360 3602 65.
430 3571 512 3597 Nulla
525 3571 603 3604 fides,
624 3579 690 3606 quae
705 3569 807 3596 infideli
821 3569 887 3594 Data
903 3566 932 3592 fit
951 3566 1023 3592 Idem
1036 3565 1089 3591 Off.
1106 3573 1128 3596 3,
1143 3573 1195 3590 ¹02.
1250 3563 1318 3590 Aild.
1381 3564 1531 3592 Pei-didisset
1555 3565 1665 3598 gratiam
1683 3563 1806 3597 fimplicis
1822 3569 1900 3598 atque
1919 3564 2063 3592 inaffectati
2087 3565 2197 3596 coloris,
2218 3565 2369 3592 Perdidifl'et
2387 3565 2423 3592 fl.-

282 3606 352 3639 Nep-
366 3615 388 3637 2,
402 3610 425 3636 8,
439 3614 465 3637 4.
502 3613 523 3631 ct
544 3615 582 3639 14,
597 3616 634 3639 ιο,
648 3615 666 3632 1.
754 3606 858 3638 Dasque
873 3610 1002 3637 negasque
1026 3600 1077 3626 fide
1094 3599 1218 3634 ambigua
1236 3599 1319 3626 Ouid.
1332 3600 1364 3627 93
1382 3601 1442 3627 deni
1455 3608 1569 3635 quoquc.
1639 3599 1719 3626 Plaut.
1734 3598 1821 3625 Pseud.
1837 3608 1855 3629 1,
1870 3609 1891 3631 3,
1907 3609 1953 3634 ¹42
1975 3601 2001 3626 Si
2015 3607 2043 3627 tu
2056 3606 2191 3636 argentum
2205 3601 2334 3632 attuleris,
2355 3609 2424 3627 cum

284 3642 375 3667 Amor.
390 3648 413 3669 2,
427 3648 452 3671 9,
467 3648 506 3671 50.
576 3642 643 3667 Dare
658 3642 734 3667 fidem
753 3647 777 3666 et
792 3639 911 3669 violare,
931 3643 956 3663 et
971 3637 998 3663 in
1012 3645 1041 3662 ea
1053 3645 1107 3662 non
1120 3635 1184 3662 stare
1199 3635 1256 3661 Cic.
1271 3644 1320 3669 pro
1381 3637 1431 3663 illo
1443 3635 1604 3663 Perdiderint
1617 3634 1712 3666 fidem,
1741 3637 1759 3660 i.
1780 3634 1899 3670 msc-edam
1919 3645 1934 3661 a
1953 3634 2092 3662 conti-aftu-
2163 3636 2232 3662 Perit
2251 3636 2330 3669 fides,
2364 3635 2421 3663 uid..

285 3675 376 3702 Rabir.
390 3674 503 3708 pei-duel.
519 3684 565 3701 reo
580 3681 615 3705 28.
685 3676 756 3702 Idem
765 3677 837 3702 Fam.
852 3683 895 3706 1,9
915 3672 1033 3707 Pompeii
1049 3671 1121 3703 fides,
1135 3680 1213 3705 quam
1229 3671 1260 3697 de
1276 3680 1318 3697 me
1382 3679 1397 3698 P
1411 3678 1428 3698 Ε
1438 3679 1482 3698 RE
1493 3677 1523 3697 O.
1596 3669 1740 3703 Perspicerc
1754 3669 1847 3701 fidem,
1867 3670 1918 3697 vid.
1939 3677 2006 3697 PER
2016 3679 2028 3698 s
2038 3676 2113 3698 9101
2124 3675 2155 3696 0.
2211 3672 2303 3705 Petere
2315 3678 2341 3698 et
2353 3672 2425 3698 dare·

284 3711 389 3738 Caesari
403 3709 528 3740 Dederat,
546 3712 789 3746 tanquamsponfhr,
809 3707 974 3745 ctfldeiuſjbr.
1046 3708 1102 3733 Cic.
1121 3707 1149 3732 in
1164 3706 1242 3733 Catil.
1258 3716 1284 3738 3,
1306 3712 1319 3736 8
1383 3707 1461 3734 fidem
1473 3707 1542 3741 pacis
1556 3705 1637 3732 Ouid.
1651 3705 1713 3731 Mct.
1728 3713 1748 3736 3,
1763 3711 1811 3736 128.
1882 3707 2022 3740 Porrigere
2031 3706 2123 3736 fidem,
2138 3712 2163 3732 et
2176 3708 2245 3740 spem
2260 3707 2347 3733 salutis
2360 3708 2430 3742 sup-5

285 3745 424 3773 introduxi
438 3745 604 3770 Vulturtiiun
625 3745 676 3771 fine
698 3747 779 3772 Gallis
793 3758 799 3772 :
833 3745 910 3772 fidem
929 3744 955 3770 ei
975 3742 1107 3778 publicam
1127 3742 1191 3768 iussu
1211 3743 1318 3768 Senatus
1382 3743 1445 3777 plici
1459 3740 1594 3768 ostendere
1610 3740 1664 3766 Cic.
1673 3742 1747 3767 Verr.
1763 3750 1784 3773 ς,
1796 3749 1849 3773 232.
1903 3742 2029 3768 Praebere
2043 3740 2119 3767 fidem
2134 3742 2213 3768 alieni
2230 3743 2416 3776 Nep.2,·,4,4.

285 3782 370 3809 Dedi:
398 3780 514 3806 hortatus
527 3780 597 3811 sum,
615 3786 642 3805 vt
656 3789 700 3811 ca,
714 3790 780 3815 quae
794 3782 885 3813 sciret,
903 3779 956 3806 fine
970 3779 1068 3805 timore
1082 3777 1209 3804 indicaret
1225 3788 1229 3803 :
1261 3783 1373 3813 pro-100
1382 3778 1512 3805 Praestare
1524 3775 1602 3802 fidem
1617 3776 1671 3801 Cic.
1688 3776 1719 3803 de
1734 3777 1824 3803 Diuin.
1838 3785 1863 3806 2,
1879 3782 1915 3808 58.
1987 3776 2088 3810 leian.
2103 3778 2130 3802 in
2145 3777 2161 3803 l.
2182 3778 2217 3804 ita
2228 3785 2314 3804 autem
2336 3776 2359 3814 §.
2373 3778 2416 3804 Iu.

285 3817 340 3851 misi
360 3819 538 3850 impunitatem.
593 3815 639 3840 Sed
657 3816 721 3841 Plin.
736 3817 795 3842 Pan.
809 3824 854 3849 74,
868 3825 879 3847 3
905 3814 988 3842 Dabat
1007 3814 1117 3840 vocibus
1131 3813 1226 3839 nostris
1243 3813 1321 3839 fidem
1383 3813 1468 3839 Iianus
1485 3813 1517 3838 D.
1533 3811 1564 3837 de
1578 3811 1803 3839 administratione
1821 3818 1847 3838 et
1862 3812 1980 3846 periculo
1992 3817 2109 3838 tutorum
2119 3832 2126 3842 ,
2144 3814 2175 3839 Et
2187 3814 2224 3839 ait
2238 3814 2363 3845 Iulianus,
2377 3818 2417 3839 tu.

287 3852 355 3887 apud
370 3851 502 3885 optimum
521 3849 683 3884 principem,
701 3850 771 3884 quod
791 3851 858 3883 apud
878 3851 959 3877 malos
979 3848 1140 3876 detrahebat.
1176 3848 1274 3880 Dabat,
1301 3851 1320 3874 ι’.
1383 3854 1453 3874 tores
1467 3847 1515 3873 nifi
1529 3845 1626 3872 bonam
1643 3847 1720 3874 fidem
1742 3848 1768 3874 in
1787 3847 2014 3874 administratione
2024 3847 2217 3881 Praestiterint,
2236 3848 2355 3875 dar-:nari
2374 3847 2417 3874 ded

279 3886 488 3924 faciclmtfidcm:
507 3892 535 3911 vt
542 3885 693 3917 Lucr.<,105
710 3885 793 3911 Dictis
801 3885 942 3920 Dabitipsa
950 3885 1029 3912 fidem
1041 3894 1090 3911 res·
1126 3885 1205 3911 Nunc
1213 3892 1320 3918 quoque
1383 3882 1455 3909 bere.
1525 3882 1653 3908 Praestare
1664 3883 1743 3910 fidem
1756 3883 1838 3910 alicui
1851 3883 1932 3909 Ouid.
1947 3882 2010 3909 Fast-
2026 3891 2045 3913 31
2059 3891 2118 3915 497.
2189 3884 2350 3910 Praestrucre
2368 3881 2421 3909 fibi'

287 3925 356 3950 Dant
370 3921 450 3948 verba
465 3921 579 3955 plurima
592 3920 660 3954 figna
674 3920 751 3946 fidem
758 3920 839 3946 Ouid.
848 3921 911 3946 Fast.
920 3930 943 3952 2,
953 3930 992 3948 20.
1028 3922 1128 3948 Ducere
1138 3919 1216 3946 fidem
1230 3927 1261 3945 ex
1275 3918 1321 3944 ali-
1384 3916 1463 3943 fidem
1484 3917 1543 3942 Liu.
1564 3924 1590 3946 28
1600 3939 1607 3950 ,
1622 3928 1663 3951 42.
1699 3920 1751 3946 vid.
1772 3926 1787 3945 P
1796 3925 1814 3944 R
1825 3926 1846 3944 Α
1855 3925 1870 3944 E
1880 3926 1892 3944 s
1902 3925 1923 3943 Τ
1932 3925 1950 3944 R
1961 3924 1982 3943 v
1993 3924 2022 3944 0.
2098 3918 2205 3945 Priuare
2229 3918 2280 3946 fide
2300 3919 2416 3952 aliquem

286 3968 350 3992 quo,
370 3957 434 3993 quod
449 3956 535 3982 dicunt
548 3957 634 3992 uulgo,
653 3956 849 3989 probabilitatem
861 3959 978 3996 accipere.
1004 3957 1080 3983 Lucr.
1088 3964 1113 3988 2,
1122 3961 1179 3990 478,
1218 3954 1366 3988 Eligereto5
1383 3953 1445 3980 Stat.
1460 3952 1552 3980 Theb.
1569 3962 1593 3986 2,
1606 3962 1660 3987 425.
1751 3953 1865 3982 Prodere
1883 3952 1961 3980 fidem
1981 3953 2098 3987 Propert.
2111 3962 2137 3987 4,
2151 3964 2180 3987 4,
2193 3959 2233 3989 87.
2304 3953 2417 3982 Prodere

286 3994 382 4025 fidem,
403 3991 435 4025 est
449 3994 573 4027 Dcponere
592 3991 657 4027 apud
675 3991 808 4022 hominem,
827 3999 894 4027 quem
903 3990 999 4025 fidelem
1018 3992 1130 4023 censeas:
1158 3989 1320 4017 Callistratus
2286 4009 2298 4022 u
2347 3995 2426 4020 eom-⁴
