2479 4225
299 191 373 230 475
667 173 946 216 EXC

301 271 353 292 tur.
422 265 554 292 Summam
574 265 699 299 pecuniae
718 263 829 298 cuipiam
849 259 998 300 leiamin
1018 258 1036 285 l.
1060 259 1086 285 Si
1105 257 1237 285 fideiussor
1258 254 1282 293 §.
1300 257 1328 284 Si

301 309 360 327 cum
373 299 476 326 debitor
495 301 526 326 D.
539 300 666 327 Mandati.
734 299 804 325 Tela
818 296 898 322 alicui
911 294 992 321 Ouid.
1008 296 1096 321 Amor.
1110 303 1135 325 2,
1149 302 1172 334 ᾗ,
1186 301 1225 332 523.
1278 294 1331 333 yess

300 335 394 362 nabula
412 335 498 361 rostro
518 336 622 363 excussit
643 337 682 361 sus
701 334 772 360 Idem
785 333 846 358 Met.
863 339 906 362 10,
920 338 973 364 713.
1043 329 1129 356 Verba
1150 332 1232 354 tortia
1250 327 1330 355 alicui

302 370 397 397 Tibul.
413 378 438 402 2,
453 373 478 402 6,
491 379 525 398 12.
595 371 729 397 Vomitum
743 366 822 393 alicui
837 365 923 404 plaut-⁵
933 366 1012 391 Merc.
1027 374 1049 398 3,
1070 374 1091 397 3,
1107 372 1138 397 ις.
1209 362 1329 390 Verbum

300 405 408 439 aliquod
421 412 544 432 excutere
564 412 589 432 et
601 405 729 438 explicare
747 402 801 427 Cic.
816 401 843 426 in
857 401 946 426 Partit.
961 409 1005 433 ¹²4
1026 409 1047 426 c.
1061 403 1100 440 56.
1156 437 1159 440 Ι
1274 396 1295 435 ff
1316 408 1329 425 2

301 442 418 476 Diligens
444 451 540 467 examen
571 448 594 466 et
626 437 802 473 inquifltioncm
834 438 860 461 in
887 436 1030 471 quibusdam
1051 435 1172 471 formulis
1191 432 1330 474 fignificat.

302 476 356 502 Cic.
370 475 422 502 Off.
440 485 461 508 3,
474 482 499 505 8¹
517 486 536 502 c.
552 484 584 501 20
608 473 712 506 Explica
728 476 805 505 atque
820 478 912 497 excute
926 471 1125 506 intelligentiam
1141 476 1227 501 tuam,
1248 476 1276 495 vt
1289 479 1329 496 vi.

302 511 360 537 deas
369 531 378 543 ‚
398 520 463 546 quae
477 511 506 537 tit
520 511 548 536 in
561 518 589 534 ea
603 508 684 542 specie
696 507 781 532 forma
790 526 798 538 ,
816 512 841 533 et
853 507 929 533 notio
948 506 1012 533 boni
1026 507 1087 533 viri.
1159 504 1287 538 Qiinetil.
1302 513 1329 540 7,

302 555 323 579 1,
335 555 367 580 34
391 548 466 580 Quae
484 554 522 571 res
537 543 683 569 faciliorem
698 541 823 568 diuisioni
841 542 913 568 viam
927 542 1052 576 praestat,
1072 541 1161 568 eadem
1180 541 1331 567 inuentioni

302 591 424 617 quoque,
442 585 557 607 excutere
570 577 700 612 quidquid
719 576 772 603 dici
791 578 888 611 potest,
908 584 934 604 et
953 578 1024 604 velut
1046 577 1189 604 reiee‘tione
1210 575 1278 602 faeta
1298 576 1330 602 ad

302 617 432 652 optimum
446 614 591 649 peruenire.
652 613 692 639 Sic
712 619 735 644 ς,
754 621 796 645 10,
817 620 844 646 35
875 614 972 640 Causae
1007 628 1052 632 —-
1087 612 1118 638 ad
1137 611 1331 638 defendendum

303 661 409 686 quoque
423 649 507 677 excuti
520 648 613 674 solent.
673 648 713 674 Sic
729 656 767 680 10,
783 656 807 679 1,
822 656 869 682 104
896 650 1022 675 Excutere
1037 647 1213 674 Bibliothecas
1229 657 1235 672 :
1271 651 1329 673 item

301 688 435 721 scriptores
449 693 467 714 1,
486 692 513 716 4,
532 692 553 714 3.
603 684 694 718 Nempe
709 687 813 718 proprie
825 684 994 711 excutiuntur
1008 683 1099 716 vestes,
1112 682 1228 719 fluusque
1243 686 1331 714 earum,

299 726 342 759 qui
355 721 427 756 furti
441 717 551 755 Jiispefli
561 718 631 753 sunt.
705 718 785 744 Plaut.
799 719 858 745 Aul.
872 729 900 752 4,
920 729 948 751 4,
966 728 993 751 19
1021 720 1112 746 Euclio
1127 718 1160 744 ad
1174 718 1329 750 Strobilum,

299 756 434 791 Agedum,
455 760 546 780 excute
566 753 628 779 dum
649 753 766 787 pallium.

298 793 331 824 (i.
345 790 440 823 aimon)
455 790 523 815 inter
536 789 635 815 tunicas
647 789 741 815 habeas
755 790 764 815 3
801 796 869 816 STR.
895 790 985 816 Tenta
998 799 1048 824 qua
1061 790 1143 816 lubet.
1178 804 1223 810 ·—
1258 796 1328 816 Evc-

296 828 350 853 Iam
366 825 473 850 scrutari
486 825 573 850 mitto.
677 825 733 851 Cic.
753 833 801 859 pro
815 825 890 851 Rose.
903 826 991 852 Amer.
1004 833 1039 860 97
1064 825 1143 852 Nihil
1161 825 1196 851 est
1209 825 1328 857 Glaucia,

296 857 367 895 quod
381 865 495 892 metuas,
513 869 567 885 non
582 860 690 886 excutio
707 866 732 886 te
745 871 750 885 :
777 860 793 885 si
808 860 872 895 quid
884 860 954 889 forte
967 861 1033 888 ferri
1049 861 1177 893 habuisti,
1195 869 1247 886 non
1260 862 1328 886 scru-

295 901 346 922 tor.
417 895 482 921 Plin.
496 903 521 929 7,
536 897 566 927 36
588 895 608 920 Α
623 894 737 922 ianitore
750 896 849 930 semper
868 897 981 927 exculta,
1001 905 1034 922 ne
1051 897 1115 931 quid
1134 897 1244 922 inferret
1264 896 1328 928 cibi,

1348 581 1377 599 10

295 929 453 965 deprehensa
466 930 502 957 est
515 930 641 956 vberibus
657 931 707 957 suis
721 931 791 957 alens
805 940 869 957 eam.
911 931 984 967 Conf.
999 931 1084 958 Valer.
1100 933 1210 971 Maxim.
1222 940 1244 964 ς,
1258 941 1284 971 4,
1303 939 1328 966 7.
1348 941 1383 960 20
1393 931 1466 958 frons
1481 933 1575 958 Horat.
1590 932 1670 958 Serm.
1686 940 1707 963 1,
1720 940 1744 964 ς,
1756 940 1795 964 59.

294 965 424 999 Qiinfftil.
438 975 464 1000 7,
480 974 500 998 1,
514 974 543 997 30
561 966 728 993 Excuss'erunt
741 966 782 992 illi
795 973 911 1001 patrem,
931 973 957 992 et
971 975 1063 993 aurum
1079 970 1106 994 in
1120 968 1174 994 {inu
1189 976 1244 993 eius
1256 975 1329 993 inue-

292 1008 397 1028 nerunt.
439 1001 497 1028 Vid.
512 1003 646 1028 Burmann.
662 1008 689 1037 p.
701 1008 757 1036 587.
828 1003 932 1036 leian.
953 1001 970 1028 l.
984 1011 993 1028 1
1016 1003 1048 1029 D.
1062 1003 1101 1029 De
1115 1003 1254 1037 magistrat.
1268 1012 1329 1029 con-

293 1037 448 1070 veniendis,
474 1037 547 1063 Prius
562 1037 633 1062 enim
652 1037 769 1064 arbitror
787 1037 998 1064 conueniendum
1016 1047 1091 1071 eum,
1111 1039 1157 1073 qui
1178 1039 1227 1064 hoc
1249 1039 1329 1064 susce-

294 1073 334 1107 pit
349 1083 355 1098 2
379 1071 473 1098 deinde
489 1072 592 1098 excussis
611 1072 667 1098 eius
681 1073 871 1106 Facultatibus,
889 1080 949 1100 tunc
963 1073 1122 1100 veniendum
1141 1073 1172 1100 ad
1191 1074 1327 1108 collegam.

293 1107 367 1135 Idem
383 1107 410 1133 in
424 1108 440 1134 l.
464 1107 480 1133 si
495 1106 653 1134 mandauero
673 1109 704 1134 D.
718 1109 851 1139 Mandati,
869 1109 895 1135 Si
912 1108 964 1134 tibi
983 1109 1161 1143 mandanae,
1181 1115 1209 1136 vt
1227 1116 1329 1136 excute-
1345 1117 1376 1144 23

291 1151 334 1170 res
349 1143 426 1169 Vires
441 1142 599 1169 hereditatis.
655 1144 685 1169 Et
721 1145 783 1170 aullo
797 1143 869 1179 post,
891 1144 916 1170 Si
931 1145 1053 1171 mandaui
1069 1146 1135 1177 tibi,
1151 1151 1180 1172 vt
1194 1146 1268 1171 Vires
1284 1155 1327 1171 ex-

294 1184 393 1205 cuteres
414 1179 482 1207 cius.
501 1178 544 1204 cui
564 1186 635 1204 eram
653 1187 696 1204 cre
715 1179 809 1205 iturus.
880 1180 936 1206 Cic.
955 1189 1004 1214 pro
1019 1180 1101 1207 Plane.
1118 1190 1150 1214 29
1176 1181 1270 1207 Facilis
1290 1181 1325 1207 est

291 1213 338 1240 illa
359 1214 504 1240 occursatio
526 1218 551 1239 et
574 1212 700 1239 blanditia
719 1215 874 1248 popularis:
908 1215 1032 1249 aspicitur
1046 1236 1053 1247 ,
1078 1225 1131 1243 non
1153 1217 1326 1243 attreflatur:

292 1249 383 1284 procul
396 1254 515 1283 apparet,
533 1257 586 1274 non
600 1250 741 1281 excutitur,
761 1259 814 1276 non
828 1251 856 1276 in
871 1259 961 1277 manus
974 1252 1093 1278 sumitur.
1164 1252 1235 1279 Idem
1244 1253 1326 1278 Tusc.

293 1292 314 1315 1,
330 1289 358 1314 88
381 1293 400 1309 c.
417 1286 446 1316 36
466 1283 533 1309 Illud
548 1284 733 1310 excutiendum
745 1285 797 1317 est,
818 1292 845 1312 vt
863 1286 972 1317 sciatur,
990 1287 1054 1321 quid
1068 1288 1097 1314 sit
1115 1296 1216 1319 carere,
1235 1296 1268 1313 ne
1286 1296 1326 1314 re·
1338 1298 1372 1322 30

291 1319 427 1353 linquatur
439 1319 542 1353 aliquid
555 1320 652 1346 erroris
665 1320 693 1346 in
706 1320 799 1347 verbo.
872 1322 959 1348 Verba
973 1323 1189 1349 senatusconsulti
1212 1323 1328 1349 excutia-

290 1363 349 1380 mus
362 1355 464 1389 leian.
479 1355 506 1380 in
519 1354 535 1380 l.
549 1363 565 1381 2
585 1355 617 1380 D.
631 1354 662 1381 ad
675 1355 803 1382 Senatusc.
818 1356 946 1383 Velleian.
1021 1360 1148 1384 Excutere
1161 1358 1326 1385 debitorem:

292 1390 394 1416 Paullus
413 1390 430 1415 l.
444 1392 479 1422 46
499 1387 523 1426 §.
539 1393 555 1416 6
580 1391 613 1416 D.
630 1390 662 1416 de
678 1391 823 1417 administr.
839 1398 886 1418 tut.
909 1393 971 1419 Non
987 1395 1059 1426 prius
1072 1394 1187 1428 pupillus
1203 1394 1234 1420 ad
1247 1395 1328 1428 magi-

289 1425 381 1452 stratus
400 1425 499 1451 reuerti
521 1426 621 1460 potest,
642 1435 719 1461 quam
734 1436 823 1452 omncs
839 1428 958 1454 Tutores
978 1429 1068 1455 excussi
1087 1430 1195 1456 fuerint.
1219 1433 1237 1455 i.
1256 1439 1329 1466 quam
1363 1436 1369 1439 *

289 1459 386 1486 aftione
399 1462 488 1486 tutelae
499 1463 671 1495 expertussit,
690 1471 722 1487 an
733 1462 763 1488 ab
775 1463 887 1497 eissiaeum
895 1463 997 1498 seruare
1009 1465 1092 1499 poffit.
1163 1465 1252 1492 Labeo
1267 1466 1327 1491 l.60
1344 1471 1370 1497 35

291 1494 314 1533 §.
327 1505 344 1528 4
372 1496 403 1522 D.
416 1496 507 1522 Locati
517 1516 524 1528 ‚
545 1496 671 1522 Mandaui
686 1496 753 1529 tibi,
774 1504 802 1523 vt
815 1504 963 1530 excuteres,
983 1501 1074 1533 quanti
1086 1500 1176 1526 villam
1188 1500 1327 1528 aedificare

289 1531 369 1558 velles
383 1532 392 1557 3
428 1531 596 1558 Renunciasti
607 1531 690 1563 mihi,
708 1532 881 1559 ducentorum
893 1533 1036 1567 impensam
1051 1542 1180 1561 excutere.
1222 1536 1329 1563 Videtur

289 1567 311 1592 Ie
329 1566 413 1592 endum
426 1575 573 1593 excurrere.
644 1568 685 1594 Sic
702 1567 736 1593 ad
747 1568 870 1594 Clodium:
896 1569 951 1595 Cic.
966 1569 998 1595 de
1012 1571 1105 1604 Arusp.
1120 1571 1194 1604 Resp.
1208 1578 1239 1605 37
1267 1580 1288 1597 c.
1301 1577 1327 1601 18

321 1601 350 1627 isi
364 1601 434 1627 forte
447 1601 497 1627 tibi
511 1602 558 1628 effe
571 1602 689 1635 ignotum
704 1609 776 1636 putas
786 1623 792 1634 ,
812 1603 885 1637 quod
903 1610 928 1630 te
943 1603 1043 1631 iudices
1063 1605 1220 1632 dimiserunt
1240 1607 1326 1632 excus-

291 1637 349 1663 sum
368 1642 393 1662 et
404 1636 571 1668 exhaustum,
591 1638 637 1662 suo
657 1637 757 1663 iudicio
777 1638 941 1672 absolutum,
960 1642 1080 1667 omnium
1100 1641 1303 1668 condemnatum
1319 1645 1370 1670 :40

290 1671 413 1698 iudicibus
429 1675 555 1706 corruptis
575 1681 603 1696 ex
616 1672 657 1697 illo
672 1672 763 1699 iudicio
777 1674 930 1700 indemnatus
943 1675 1082 1709 d1scejserat
1096 1687 1102 1701 .·
1133 1680 1174 1712 qui
1192 1684 1326 1709 cauerunt,

289 1716 319 1732 ze
333 1706 393 1742 quid
407 1707 445 1732 iHi
457 1708 630 1741 relinquerent.
701 1709 795 1743 Eligere
808 1719 815 1733 :
840 1710 894 1734 Cic.
908 1709 1019 1744 Philipp.
1036 1720 1062 1736 12
1083 1720 1104 1736 c.
1120 1720 1137 1745 7
1156 1713 1325 1738 quentutem

291 1751 399 1768 omnem
414 1751 444 1768 ex
457 1748 511 1768 tota
525 1742 601 1768 Italia
614 1741 772 1769 excuffimus.
827 1744 868 1770 Sic
881 1745 954 1770 MSS.
968 1752 991 1771 et
1003 1747 1097 1772 Mures.
1113 1748 1201 1772 Graeu.
1225 1748 1268 1772 Al.
1283 1755 1325 1772 ex-

290 1777 409 1802 ciuimus.
445 1777 492 1803 Sed
509 1777 659 1803 excussimus
674 1781 746 1803 etiam
760 1778 908 1813 sententiam
920 1784 1039 1806 acriorem
1047 1781 1137 1815 facit,
1148 1780 1201 1813 siue
1215 1781 1327 1806 latibulis

282 1811 341 1847 suis
360 1815 433 1836 etiam
453 1815 498 1846 qui
510 1812 657 1846 subtrahere
670 1813 699 1847 ft
717 1814 805 1839 vela-nt
820 1813 925 1847 excuſjbs
944 1816 1085 1851 intelligas,
1103 1822 1131 1841 vt
1143 1816 1221 1842 Feras
1234 1815 1369 1846 cubili-45

289 1847 337 1873 bus
352 1856 359 1875 ;
383 1845 437 1879 fiue
452 1855 479 1871 ca
485 1846 626 1880 sermnem,
644 1847 673 1872 de
685 1857 731 1882 qua
745 1849 785 1874 hic
798 1852 902 1884 agimus.

324 1888 340 1908 Ε
350 1888 367 1907 Χ
378 1886 394 1906 C
403 1888 423 1906 V
432 1887 452 1906 T
461 1887 470 1905 1
479 1887 495 1906 E
504 1887 526 1905 N
536 1886 556 1905 D
566 1887 587 1906 V
595 1888 607 1907 S
615 1899 624 1912 ,
647 1889 661 1905 ὃ
669 1900 677 1912 ,
698 1891 751 1908 um.
789 1884 882 1909 Partic.
918 1885 1104 1919 [ἕκτινοικτέος]
1147 1885 1235 1911 Puluis
1250 1893 1325 1911 excu-

289 1916 393 1943 tiendus
412 1915 501 1949 digitis
520 1914 600 1941 Ouid.
616 1914 648 1940 de
663 1916 726 1941 Arte
739 1917 797 1941 Am.
813 1925 832 1948 1,
849 1926 901 1948 130.
978 1919 1050 1943 Idem
1064 1920 1141 1952 Epist.
1157 1927 1195 1952 17,
1212 1922 1255 1948 186
1276 1921 1324 1944 He-

288 1952 347 1979 lena*
356 1951 459 1983 Paridi,
486 1949 565 1984 Qiod
583 1950 651 1975 male
671 1950 823 1984 persuades,
843 1951 943 1977 vtinam
966 1951 1032 1977 bene
1052 1961 1147 1986 cogere
1165 1953 1252 1986 ponis:
1289 1953 1325 1978 Vi

288 1997 346 2015 mea
359 1986 496 2013 Rusticitas
509 1984 663 2012 excutienda
677 1985 730 2011 fuit
744 1985 749 2011 l

325 2029 342 2048 E
351 2030 369 2049 x
378 2029 394 2049 C
403 2029 423 2048 v
434 2028 446 2047 S
456 2028 497 2047 SV
507 2029 520 2048 S
529 2042 537 2054 ,
564 2030 577 2047 a
586 2041 594 2054 ,
621 2030 674 2047 um.
712 2020 803 2047 Partic.
839 2021 1068 2055 [ἕκτετινκγμένος]
1110 2023 1166 2049 Cic.
1184 2031 1233 2057 pro
1254 2022 1325 2049 Sulla

287 2065 325 2093 47
343 2067 363 2084 c.
377 2059 405 2083 16
429 2057 497 2083 Noli
509 2057 612 2083 aculeos
626 2056 753 2083 orationis
768 2065 840 2082 meac
854 2057 900 2091 qui
914 2057 1045 2083 reconditi
1060 2058 1135 2091 sunt,
1156 2059 1271 2084 excussos
1285 2067 1325 2084 ar-

288 2093 392 2120 bitrari.
464 2093 581 2118 Excuffus
601 2101 615 2118 a
629 2091 709 2118 rheda
728 2092 769 2118 vel
783 2092 916 2119 curriculo
925 2092 1043 2119 Scribon.
1054 2102 1104 2120 101.
1198 2095 1270 2128 Agna
1285 2102 1327 2120 ex-

289 2130 356 2156 cussa
368 2128 488 2154 dentibus
504 2128 558 2162 lupi
573 2127 652 2163 Ouid.
662 2127 746 2154 Trist.
756 2137 776 2160 1,
791 2136 810 2160 1,
823 2133 864 2162 78.
936 2128 992 2154 Sen.
1005 2130 1084 2154 Herc.
1093 2129 1152 2156 Oet.
1163 2132 1216 2163 706
1239 2132 1326 2162 Vagus

288 2173 335 2200 per
349 2165 425 2191 Artus
446 2170 514 2191 errat
533 2164 646 2190 excussos
661 2169 770 2190 tremor.
878 2163 988 2189 Brachia
1007 2165 1105 2190 excussa
1125 2165 1222 2191 1361310
1242 2164 1324 2191 Ouid.
1341 2170 1369 2196 55

288 2201 352 2228 Μο1.
368 2208 390 2233 ς,
404 2201 462 2232 596.
553 2198 683 2233 Qiinetil.
696 2203 718 2231 8,
731 2208 754 2232 3,
767 2207 794 2225 22
814 2198 936 2234 Plerique
949 2200 1068 2226 minimis
1081 2200 1160 2226 etiam
1173 2202 1325 2227 inuention-

288 2235 355 2262 eulis
375 2235 499 2269 gaudent,
520 2243 587 2270 quae
608 2235 721 2261 excussae
739 2235 824 2261 visum
848 2234 959 2266 habent,
985 2236 1109 2262 inuentae
1133 2236 1201 2263 facie
1224 2236 1324 2270 ingenii

288 2271 468 2298 blandiuntur.
538 2271 649 2297 Lacerto
663 2271 764 2297 excuss‘o
778 2270 901 2302 vibrare,
921 2277 1023 2303 rotare,
1040 2277 1166 2306 torquere
1185 2272 1265 2298 Ouid.
1280 2272 1325 2306 Ep.

289 2315 318 2339 4,
332 2316 370 2339 43.
425 2307 485 2333 Stat.
502 2306 592 2332 Theb.
609 2315 645 2337 10,
658 2314 721 2341 740.
773 2306 860 2332 Senec.
874 2306 906 2332 de
919 2307 1006 2332 Renes.
1021 2316 1050 2337 2,
1069 2309 1093 2333 6.
1165 2308 1264 2334 Lancea
1284 2316 1326 2333 ex-

288 2343 355 2368 cussa
370 2342 470 2368 lacertis
485 2342 613 2374 Lucan.3,
629 2347 681 2374 382.
753 2342 870 2376 Propert.
883 2350 907 2372 2,
920 2350 954 2374 13,
965 2351 995 2376 27
1016 2342 1143 2369 Barbarus
1155 2343 1258 2369 excuffis
1273 2343 1326 2378 agi·
1333 2344 1368 2369 60

287 2383 325 2404 tat
338 2377 446 2412 vestigia
459 2377 583 2408 Lumbis,
620 2378 650 2404 Et
664 2376 751 2403 subito
765 2377 829 2403 felix
843 2386 911 2403 nunc
925 2386 981 2404 mea
999 2387 1078 2412 regua
1092 2384 1171 2405 tenet.
1226 2378 1326 2405 inuidet

286 2414 362 2440 Po'e'ta
376 2414 451 2439 alteri
462 2414 587 2439 volutanti
593 2412 622 2448 J}
635 2416 662 2438 in
675 2411 737 2438 1250
751 2416 843 2438 amicae
850 2413 910 2448 suae
925 2423 932 2437 α
956 2422 1012 2439 mea
1029 2414 1062 2439 ad
1076 2414 1184 2448 vestigia
1202 2421 1225 2440 et
1243 2414 1276 2442 ad
1289 2423 1328 2440 re-

286 2457 336 2483 gna
348 2452 465 2483 pei-tinet.
536 2447 662 2475 Nubibus
675 2447 777 2474 excuffis
791 2448 858 2482 ignis
873 2448 949 2474 elisus
964 2448 1044 2475 Ouid.
1054 2450 1115 2476 Met.
1130 2455 1151 2480 8,
1164 2458 1218 2482 339.
1272 2450 1326 2476 Na-

287 2485 328 2511 vis
342 2485 440 2510 excuss’a
452 2484 576 2517 magistro
588 2484 662 2518 Virg.
678 2484 742 2509 Aen.
757 2486 789 2516 6,
804 2492 853 2517 353.
879 2487 898 2510 i.
917 2484 945 2509 de
956 2494 1002 2518 qua
1015 2484 1130 2521 magister
1143 2484 1250 2518 excussus
1257 2485 1324 2521 suit.

288 2519 420 2550 Rudentcs
432 2520 545 2546 excussos
561 2519 647 2545 laxare
662 2519 806 2545 IdcmAen.
819 2521 907 2554 3‚267.
954 2520 1094 2554 Specillum
1110 2521 1239 2546 excussum
1259 2521 1325 2547 Scri-
1338 2521 1369 2553 65

288 2554 353 2580 bon.
369 2563 405 2580 10.
475 2555 548 2589 Cous.
568 2554 654 2581 Rhod.
677 2555 704 2580 in
726 2555 814 2582 chic.
835 2555 916 2581 Scrib.
984 2556 1093 2590 Togula
1114 2556 1265 2588 Martial.4‚
1281 2558 1324 2583 06.

289 2589 373 2615 Tusci
394 2588 519 2622 grandine
540 2590 630 2615 excussi
650 2590 715 2616 Plin.
731 2590 807 2624 Epist.
821 2600 848 2625 4,
862 2593 887 2622 6,
909 2599 927 2616 1.
994 2592 1081 2626 Vulgo
1100 2592 1202 2618 excusso
1220 2598 1328 2626 patuere

290 2623 381 2652 sedilia
402 2624 463 2649 Stat.
476 2623 567 2649 Theb.
581 2627 613 2653 6,
626 2633 688 2657 449.
755 2626 863 2653 Pectore
881 2626 970 2652 nostro
992 2628 1105 2653 excussus
1126 2627 1238 2659 dicitur,
1257 2630 1328 2653 cuius

291 2659 461 2719 oblitifffizmus
480 2657 574 2691 Virgil.
595 2659 658 2684 Aen.
679 2667 702 2691 ς,
723 2662 782 2693 679.
889 2663 1011 2696 Super-lat,
1049 2664 1085 2689 Os
1106 2662 1222 2690 hominis
1243 2663 1327 2697 palma

290 2703 356 2721 excu
376 2693 453 2719 usuna
472 2693 554 2726 pulsat
573 2693 675 2732 Petron.
694 2702 715 2718 c.
730 2702 769 2725 95.
806 2698 824 2720 i.
843 2696 1043 2732 vehenientisjime
1062 2697 1159 2725 iaHata
1177 2705 1201 2725 et
1219 2699 1328 2725 vibrata.
1336 2706 1372 2734 70

296 2729 355 2758 Vid.
376 2728 480 2755 Exi-uffa
494 2727 618 2758 Brachia,
636 2728 765 2754 Lacertus.

327 2771 371 2792 EX
383 2770 399 2790 C
412 2771 431 2789 V
441 2771 453 2789 S
462 2771 474 2789 s
483 2770 503 2789 V
513 2770 525 2789 S
534 2783 541 2795 ,
563 2762 602 2789 sis.
639 2772 674 2789 m.
710 2762 831 2788 Prudens*⁴
845 2763 985 2798 Peristeph.
999 2773 1021 2797 ς,
1038 2769 1096 2793 226.

328 2807 345 2826 E
354 2808 372 2827 Χ
383 2806 400 2826 C
411 2806 431 2824 V
440 2806 452 2825 S
462 2806 474 2825 S
485 2806 493 2824 1
504 2804 523 2824 Ο
533 2817 541 2830 ,
565 2798 634 2824 finis.
669 2797 689 2824 f.
726 2797 909 2832 [ἕκτιναγμός]
946 2799 1024 2826 Glofl‘.
1039 2803 1099 2827 Vct.
1127 2802 1197 2828 ICtis
1215 2800 1249 2835 gs?
1262 2804 1329 2829 Dili-

289 2845 348 2873 gens
368 2833 502 2870 inquisitio.

328 2877 395 2898 fixe
404 2877 423 2895 v
434 2877 446 2895 s
457 2877 469 2895 s
479 2875 514 2901 o,
535 2872 586 2895 are.
624 2868 762 2902 Frequent.
798 2868 942 2902 Virginum
958 2869 1006 2896 flos
1020 2870 1099 2896 etiam
1112 2870 1253 2898 humanam
1267 2872 1328 2899 libi·
1339 2881 1371 2908 7,-

292 2906 382 2934 dinem
395 2905 505 2931 excuss'at
520 2904 637 2930 Tertull.
655 2903 686 2930 de
699 2904 755 2929 Vel.
768 2904 841 2937 Virg.
862 2913 882 2930 c.
896 2912 921 2938 7.

329 2949 372 2968 Ex
383 2947 398 2967 C
410 2948 429 2966 v
442 2947 454 2966 s
468 2947 606 2969 SATVS,
630 2948 659 2971 a,
685 2949 738 2965 um.
775 2940 866 2965 Partic.
905 2939 983 2966 Paull.
1005 2940 1021 2966 1.
1035 2942 1072 2973 46
1096 2939 1120 2977 §.
1133 2943 1149 2966 6
1178 2941 1210 2967 D.
1232 2940 1264 2966 de
1283 2941 1327 2968 ad-

293 2976 390 3005 minist.
403 2981 451 3002 tut.
472 2975 536 3002 Non
548 2975 618 3009 prius
633 2974 665 3001 ad
679 2984 723 3000 eos
737 2975 835 3001 reuerti
848 2975 963 3009 pupillus
976 2977 1075 3010 potest,
1094 2985 1173 3011 quam
1186 2985 1275 3004 omnes
1290 2983 1328 3003 tu-

292 3019 362 3040 tores
376 3011 497 3038 excuffati
511 3011 620 3036 suerint.
656 3010 757 3045 Gothos.
773 3011 819 3045 leg.
833 3011 957 3037 excusati.

331 3055 348 3074 E
356 3055 374 3075 X
384 3055 400 3075 C
410 3054 429 3071 V
440 3053 452 3071 S
461 3054 474 3073 S
483 3053 499 3073 13
508 3066 513 3072 .
550 3046 618 3072 Adu.
674 3045 888 3080 ἓκτιτινσεγμὲγως]

293 3093 320 3115 2,
341 3091 368 3117 17
392 3083 419 3109 Si
438 3091 497 3108 cum
516 3081 604 3108 tirone
624 3087 649 3107 et
664 3080 773 3106 11111οὣ0
793 3081 844 3114 (ne
862 3084 936 3107 otium
949 3080 981 3113 es?
997 3085 1023 3106 in
1032 3083 1099 3116 pilae
1111 3083 1185 3117 lusti)
1206 3092 1259 3108 non
1277 3089 1331 3110 tam

293 3119 396 3153 rigide,
415 3127 462 3144 nec
481 3124 533 3144 tam
553 3117 667 3148 excusse,
687 3115 729 3142 sed
748 3116 837 3150 langui
858 3116 898 3142 ius
919 3122 944 3142 et
962 3116 991 3142 in
1008 3117 1089 3150 ipsam
1111 3119 1167 3144 eius
1187 3117 1331 3152 dirigentes

294 3163 401 3182 manum
410 3173 418 3186 ‚
438 3153 539 3179 remisse
553 3161 729 3179 occurremus.

333 3195 349 3215 E
359 3197 377 3216 x
388 3195 404 3215 c
416 3195 436 3213 v
446 3196 458 3215 s
467 3196 479 3215 s
488 3195 507 3214 o
516 3194 534 3213 a
546 3195 553 3213 1
566 3194 586 3213 v
597 3194 610 3213 s
622 3208 630 3220 ,
648 3196 671 3219 a,
692 3196 744 3213 um.
775 3185 835 3212 Adi.
868 3186 1067 3221 [tumaxmds]

295 3224 382 3256 credo,
402 3224 486 3259 paullo
502 3226 618 3249 rarioris.

295 3269 426 3294 equorum
442 3260 581 3285 inuenere:
607 3258 718 3293 Hispani
731 3267 745 3285 e
758 3258 814 3284 lino
828 3258 972 3284 excuisoria
986 3264 1010 3283 et
1025 3258 1178 3291 pollinaria:
1200 3261 1331 3294 Aegyptus

295 3304 310 3321 0
323 3304 421 3329 papyro
433 3301 512 3329 atque
525 3294 613 3320 iunco.

332 3336 539 3360 xxCVTia,
565 3338 603 3355 ae.
640 3328 660 3354 f.
699 3329 740 3354 vel
764 3334 977 3355 ExCVTIVM
992 3347 1001 3360 ‚
1031 3327 1049 3354 i.
1085 3337 1110 3354 n.
1153 3328 1231 3363 Apud
1249 3330 1331 3357 Plaut.

298 3367 374 3392 Cure.
390 3375 418 3398 4,
432 3374 460 3398 4,
474 3373 505 3391 22
529 3367 590 3401 legit
603 3363 751 3395 Lambinus,
772 3371 795 3389 et
815 3364 892 3389 intell.
906 3363 1101 3400 breuesscopa5‚
1113 3363 1226 3400 setasue,
1246 3366 1332 3399 quibus

292 3403 377 3436 puluis
395 3410 405 3426 e
425 3399 531 3434 vestibus
547 3402 678 3427 excutitur.
719 3399 808 3426 Editur
827 3399 928 3426 Axicia.

664 3473 689 3504 E

1334 1994 1367 2019 50

1103 3188 1187 3214 Cribri
1200 3189 1332 3223 epitheton,

915 3472 946 3503 D

863 3541 1003 3568 Decimum
1017 3549 1149 3576 quemque
1163 3540 1243 3575 eligo,
1257 3543 1335 3568 inter·

793 3472 819 3504 X

338 3547 554 3574 EXDFCIMO,
572 3546 623 3570 are.
658 3540 828 3577 [iudixoerbw]

296 3580 368 3610 prete
383 3576 470 3602 Festo:
498 3586 513 3602 a
527 3578 598 3604 verbo
617 3579 743 3610 Decimo,
764 3577 828 3613 quod
847 3576 878 3610 est
897 3579 1022 3603 Decimam
1036 3584 1134 3612 partem
1152 3576 1252 3603 detraho
1267 3588 1274 3602 ;
1300 3579 1331 3603 Et
1346 3580 1377 3606 95
1398 3575 1446 3602 bus
1468 3581 1545 3610 atque
1562 3576 1787 3602 exsecrationibus
1810 3577 1863 3603 duo
1886 3579 1998 3607 vulturii
2022 3579 2148 3614 paludati.

299 3614 328 3636 in
335 3610 473 3644 sequior-um
487 3617 616 3646 temporum
629 3612 769 3640 auetoribus
782 3616 883 3647 ponitur
892 3619 940 3648 pro
954 3614 1080 3648 Deligere,
1094 3619 1226 3648 excerpere.
1262 3613 1332 3645 Sym-

300 3644 384 3671 mach.
399 3646 476 3679 Epist.
494 3654 516 3678 ς,
529 3652 556 3677 83
570 3647 694 3680 scribitur
707 3656 729 3674 et
745 3648 884 3678 Edecimo,
902 3655 924 3674 et
938 3648 1079 3674 Edecumo.
1095 3657 1119 3673 υ.
1134 3657 1160 3674 υ.

339 3686 354 3705 E
364 3688 382 3707 x
392 3687 410 3707 D
419 3687 436 3705 0
446 3687 464 3706 R
474 3688 486 3707 s
495 3687 512 3705 v
525 3688 544 3707 o
553 3700 561 3713 ,
585 3685 635 3707 arc.
671 3685 810 3717 [ἔκνωτᾰω]
846 3684 951 3718 Dorsum
972 3683 1130 3718 confringi-re
1139 3702 1147 3715 ,
1176 3683 1233 3709 dum
1256 3690 1332 3718 appa-

300 3722 390 3742 rantur
405 3715 487 3750 pisces
503 3722 526 3740 et
546 3723 723 3744 exenterantur.
759 3719 840 3745 Plaut.
855 3719 942 3745 Aulul.
956 3727 980 3750 2,
994 3727 1019 3750 9,
1034 3727 1048 3744 2
1076 3716 1176 3744 Dromo
1194 3718 1332 3753 desquama

334 3792 379 3813 Ex
394 3803 400 3807 -
416 3791 530 3816 DvcE,
557 3789 600 3820 qui
617 3786 668 3811 dux
682 3788 750 3821 fuit.
786 3789 883 3815 Eodem
903 3795 1021 3823 tempore
1040 3789 1194 3815 Serenianus
1211 3789 1331 3816 ex-duce

297 3821 430 3848 Ammian.
447 3829 486 3853 14,
521 3840 528 3845 .
567 3839 573 3846 .
630 3821 675 3847 Sed
688 3823 829 3856 Capitolin.
845 3825 926 3851 Gord.
942 3833 974 3851 22
1000 3825 1021 3851 A
1037 3824 1174 3850 Gallicano
1189 3826 1224 3850 Ex
1238 3825 1329 3852 consu-

295 3856 365 3883 libus
383 3862 410 3883 et
426 3856 591 3886 Maecenate,
610 3856 646 3881 Ex
660 3856 769 3883 ducibus
789 3858 921 3886 interemti
941 3861 1006 3886 sunt.

332 3897 348 3917 E
364 3899 382 3918 x
396 3898 414 3918 1)
430 3898 450 3916 v
466 3896 487 3916 Τ
503 3896 524 3916 A
541 3897 556 3916 Ε
572 3910 580 3922 ,
610 3891 743 3922 Eximiae,
778 3893 873 3919 Festus.

289 3925 381 3961 dixiffi·
397 3929 471 3953 etiam
489 3925 619 3958 exduci-e,
640 3923 783 3952 ἰκδύσαᾶκι.

1049 3859 1105 3885 Γιίί.
1128 3867 1188 3891 ex,
1210 3869 1233 3886 n.
1250 3863 1274 3886 6.

922 3895 1044 3922 Videntur
1061 3904 1134 3931 ergo,
1158 3902 1187 3921 vt
1206 3895 1326 3928 induere,

1379 708 1381 711 .
1394 684 1482 710 sanare
1502 685 1558 711 Cic.
1572 686 1626 711 Att.
1640 694 1670 717 2,
1691 688 1728 712 16.

1327 3938 1370 3965 [ος
1390 3938 1451 3956 rum
1471 3927 1596 3956 inducere
1610 3931 1619 3956 Ζ
1660 3931 1718 3958 llid.
1733 3932 1841 3965 Qiinft.
1855 3940 1889 3965 11,
1902 3939 1913 3958 1
1937 3938 1967 3967 p·
1983 3936 2033 3964 980
2051 3933 2137 3959 Bur-m.

1787 171 1822 211 E
1901 173 1938 212 X
2017 171 2050 212 E
2321 165 2430 224 ‘476'

1432 266 1476 287 Ex
1487 257 1575 293 fico,
1594 261 1642 293 ui,
1662 260 1749 293 filum,
1776 262 1829 287 510.
1865 260 2028 296 [dn-nelma]
2062 262 2136 298 de
2151 259 2245 288 refflus
2260 263 2287 288 in
2305 260 2428 289 hodiernis
2471 251 2475 284 ⁴]

1395 294 1542 323 editionibus
1552 298 1692 332 plerumque
1706 297 1830 332 scriptum
1851 298 2002 329 inus-nimus,
2029 304 2093 324 Exs
2103 305 2144 324 EC
2154 304 2172 323 O
2182 316 2190 329 ,
2206 300 2233 322 in
2249 296 2429 332 antiquioribus

1394 331 1518 357 interdum
1539 339 1604 359 Exs
1614 340 1623 358 1
1634 338 1650 358 C
1662 338 1696 364 O,
1716 329 1749 364 st
1771 330 1893 357 excidere.
1949 332 2081 360 Columel.
2096 333 2128 358 de
2142 332 2267 362 Arborib.
2286 341 2307 358 c.
2322 334 2357 358 26
2381 333 2428 360 Ar.

1395 365 1487 392 horem
1507 376 1585 401 quam
1601 368 1714 393 inserere
1727 366 1814 396 voles,
1835 367 1904 392 serra
1922 366 2061 402 diligenter
2079 369 2197 395 exsecato
2212 376 2241 393 ea
2254 373 2343 402 parte,
2363 376 2428 401 quae

1394 401 1511 427 maxime
1524 402 1608 429 nitida
1621 410 1645 429 et
1659 403 1710 429 fine
1724 402 1843 428 cicatrice
1858 401 1902 427 est.

1394 471 1466 497 Idem
1481 473 1533 499 Att.
1548 482 1572 506 2,
1587 483 1595 500 1
1622 474 1685 500 Non
1701 475 1787 500 minus
1800 472 1935 507 probanda
1953 474 2098 506 medicina,
2119 482 2186 508 quae
2199 474 2304 500 Sanaret
2322 473 2433 500 vitiosae

1394 507 1490 541 parteis
1502 508 1623 542 Reipubl.
1644 519 1722 543 quam
1736 518 1802 544 quae
1816 509 1953 534 exsecaret.

1393 551 1437 568 nas
1451 542 1493 568 hic
1507 545 1587 578 capiti
1600 544 1732 570 mercedes
1745 545 1853 576 exsecat,
1871 546 1888 569 i.
1904 545 2067 579 quintuplices
2079 545 2167 580 usuras
2180 547 2266 580 exig-it.
2339 544 2429 570 Α11113-Δ

1393 578 1429 603 rii
1442 578 1553 604 fundum
1569 580 1683 606 exsecuit
1698 581 1753 607 Cic.
1768 589 1815 614 pro
1830 579 1933 605 Cluent.
1948 581 1993 613 176
2013 588 2035 605 c.
2051 582 2094 613 64.
2135 592 2147 609 ς
2165 581 2212 606 Per
2226 580 2428 606 translationem:

1393 613 1466 639 Idem
1480 622 1528 647 pro
1542 614 1571 640 L.
1582 615 1643 648 Agr.
1657 623 1672 640 2
1691 618 1747 647 (²3⁶3
1769 616 1868 642 Neruis
1881 614 1954 640 vrbis
1968 614 2092 641 omnibus
2104 615 2223 647 exsec‘tis,
2242 614 2336 641 vrbem
2348 614 2429 648 ipsam

1393 648 1504 674 solutam
1523 657 1552 675 ac
1573 649 1737 677 debilitatam
1757 651 1932 685 reliquerunt.
2003 651 2124 677 Exsecare
2140 651 2271 677 medicina
2291 649 2385 675 dicitur
2405 654 2431 677 et

1821 687 1944 712 Exsecare
1960 685 2056 720 pestem
2072 686 2192 720 Reipubl.
2212 686 2285 712 Idem
2300 690 2348 719 pro
2360 685 2429 712 Sext.

1395 727 1433 753 135
1451 729 1472 745 c.
1483 721 1522 752 63.
1718 718 1739 757 ff
1760 729 1774 747 2
1811 722 1889 747 Eseco
1904 722 1954 756 legi
1966 721 2034 755 apud
2045 721 2239 748 Sammonicuin
2252 721 2378 747 Serenum
2392 720 2442 748 ob-.

810 760 883 780 STR.
913 755 980 781 Tuo
1000 755 1137 781 arbitratu.
1176 760 1252 780 Evc.
1286 754 1328 780 Ne
1347 759 1372 786 ις
1385 754 1486 790 seruari
1498 754 1578 781 video.
1617 754 1694 781 Nihil
1703 764 1762 782 vero
1776 755 1963 792 deprehendam
1978 755 2128 783 editionibus
2138 758 2261 793 plerisque
2274 763 2347 783 certe.
2372 755 2441 782 Vid.

1389 795 1408 816 Ε
1418 797 1435 817 x
1446 796 1462 816 E
1471 796 1489 816 e
1499 797 1520 816 T
1529 798 1549 816 v
1559 797 1572 816 s
1582 809 1588 815 .

1427 831 1526 852 ExEc
1539 831 1630 857 TVS,
1655 825 1696 851 vel
1720 832 1935 860 Εκεεοτνε,
1959 836 1989 860 a,
2015 835 2068 854 um.
2106 826 2200 854 Partic.
2236 825 2430 861 [dnarunro's]

1393 861 1449 887 Cic.
1463 861 1495 887 de
1511 861 1573 888 Nat.
1589 861 1669 886 Deor.
1683 869 1707 891 2,
1723 863 1753 893 63
1780 862 1850 888 Nam
1869 870 1944 889 vetus
1960 863 2023 889 haec
2039 863 2132 897 opinio
2146 863 2281 889 Graeciam
2301 861 2432 896 oppleuit,

1393 896 1426 922 sc.
1443 896 1575 923 0111οἐ11111]
1589 896 1699 923 Caelum
1717 905 1731 922 a
1744 896 1801 923 filio
1814 898 1942 930 Saturno,
1967 902 1985 925 i.
1998 896 2140 931 castratum.
2220 899 2310 925 Cornu
2326 896 2441 923 exsecta

1865 933 1967 960 Paullus
1985 935 2012 960 in
2028 933 2044 959 l.
2060 933 2203 961 Anniculus
2223 933 2376 959 admittetur
2396 932 2432 959 D.

1392 966 1424 992 de
1437 967 1588 994 Verborum
1607 973 1633 993 et
1646 976 1736 993 rerum
1756 967 1960 1002 fignificatione,
1980 969 2083 995 Falsum
2101 969 2136 996 est
2157 978 2214 995 eam
2231 969 2369 1003 peperisse,
2387 965 2442 994 cui‘

1392 1009 1511 1029 mortuae
1532 1003 1614 1030 Filius
1631 1003 1749 1029 exsectus
1769 1003 1813 1030 est.
1868 1005 1993 1039 Quaedam
2016 1006 2163 1041 exemplaria
2185 1006 2267 1040 legunt
2287 1002 2434 1030 Extractus.

1394 1038 1491 1064 Virum
1507 1037 1609 1065 exsecta
1627 1039 1765 1067 iuuentus.
1790 1043 1808 1065 ι’.
1824 1040 1960 1074 spadones,
1969 1039 2055 1075 sexum
2074 1042 2172 1067 virilem
2192 1039 2299 1066 eerum
2318 1039 2433 1071 habentes

1392 1072 1490 1100 Lucan.
1507 1082 1545 1106 10,
1561 1082 1613 1107 134.

1392 1108 1442 1140 los,
1459 1115 1484 1135 et
1498 1110 1608 1136 vulnere
1621 1109 1692 1136 casti.

1392 1143 1449 1170 Stil.
1464 1152 1483 1177 1,
1500 1150 1551 1177 198.
1621 1145 1699 1178 splen
1712 1146 1818 1172 exeems
1833 1146 1965 1172 Sainmon.
1977 1154 2032 1179 433.

1392 1181 1462 1206 scera
1481 1180 1560 1206 vinae
1577 1180 1665 1214 strigis
1686 1181 1744 1207 Sen.
1757 1181 1828 1208 Med.
1845 1183 1862 1208 s.
1876 1190 1901 1213 9.

1390 1215 1458 1242 Plin.
1473 1215 1550 1249 Epist.
1571 1224 1593 1247 2,
1608 1225 1642 1248 12,
1655 1224 1677 1248 3.

1426 1257 1616 1283 EXECT10,
1643 1252 1711 1277 onis.
1747 1251 1767 1278 f.

1391 1287 1482 1319 Qum
1495 1286 1599 1312 exce‘tio
1617 1286 1664 1313 illa
1684 1285 1762 1313 fundi
1781 1287 1811 1313 in
1825 1296 1940 1313 armario
1961 1289 2234 1319 animaduerteretur,
2254 1295 2299 1314 etc.
2369 1286 2441 1316 Line.

1391 1330 1457 1356 guae
1470 1322 1586 1349 exsectio
1603 1321 1673 1348 Ibid.
1693 1332 1714 1348 c.
1730 1324 1772 1357 67.
1831 1323 1960 1349 Virilium
1974 1325 2135 1350 exseffiones
2157 1323 2258 1351 Arnob.
2273 1331 2286 1356 ς
2304 1332 2330 1357 p.
2344 1324 2396 1355 165.
2432 1347 2433 1350 ,

1390 1393 1419 1419 M
1429 1363 1446 1383 Ε
1458 1365 1476 1384 x
1485 1365 1498 1384 s
1507 1364 1523 1384 E
1532 1364 1548 1384 c
1557 1364 1578 1384 Τ
1587 1363 1607 1384 0
1616 1363 1634 1383 R
1642 1378 1652 1390 ,
1687 1358 1750 1385 oris.
1786 1367 1822 1384 m.
1871 1359 2039 1386 Detestabilis
2057 1359 2176 1387 exsedior
2197 1359 2337 1386 virilitatis
2355 1355 2436 1392 Apul.

1421 1398 1453 1418 et.
1468 1397 1480 1422 8
1508 1403 1532 1427 p.
1547 1398 1605 1423 208.

1426 1435 1470 1456 ax
1481 1425 1499 1455 ἐ
1510 1435 1527 1455 c
1539 1435 1557 1455 R
1568 1435 1604 1460 0,
1625 1428 1670 1463 seu
1684 1431 1771 1463 potius
1790 1427 1967 1457 exst-eno
1978 1450 1986 1462 ,
2008 1434 2061 1457 are.
2097 1430 2127 1457 ab
2147 1431 2183 1456 Ex
2201 1436 2225 1457 et
2238 1429 2322 1456 Sacer.
2359 1427 2437 1455 Afra·-

1389 1462 1449 1489 nius
1463 1464 1589 1490 Incendio
1598 1484 1605 1496 ,
1623 1464 1845 1497 Experiurabant,
1865 1465 2033 1492 exsecrabant
2046 1467 2071 1493 se
2083 1475 2112 1493 ac
2124 1467 2194 1492 suos.
2229 1464 2338 1492 Nonius
2350 1470 2378 1498 7,
2390 1469 2434 1498 45.

1390 1505 1414 1525 et
1431 1499 1506 1525 Prisc.
1522 1507 1584 1533 797.
1627 1499 1674 1526 Sed
1687 1499 1848 1534 frequentius
1865 1500 1898 1533 cst

1427 1540 1443 1560 E
1455 1541 1473 1561 X
1486 1542 1502 1560 Ε
1513 1540 1529 1560 C
1545 1541 1619 1560 ROR
1630 1554 1638 1566 ,
1665 1535 1713 1560 ari.
1751 1535 1924 1570 [ἔπαροίομοιι,
1942 1536 2118 1571 καταράσμαι]
2155 1534 2189 1568 est
2209 1534 2300 1560 Verbis
2318 1532 2389 1560 duris
2408 1537 2436 1571 a,

1389 1572 1542 1595 execratione
1553 1570 1636 1603 plenis
1650 1571 1791 1604 imprecari.
1828 1571 1943 1598 Cic.Off.
1957 1580 1980 1604 3,
1995 1580 2016 1597 11
2038 1573 2129 1605 Itaque
2140 1570 2289 1604 accepimus
2302 1568 2434 1595 Socratem

1390 1605 1519 1631 exsecrari
1533 1604 1638 1630 solitum
1652 1613 1696 1630 eos
1706 1625 1713 1637 ,
1731 1606 1778 1639 qui
1798 1606 1914 1639 primum
1927 1606 1989 1632 haec
2010 1612 2104 1633 natura
2118 1605 2286 1632 cohaerentia
2302 1603 2433 1631 distraxis-

1391 1640 1456 1667 sent.
1509 1639 1577 1666 Add.
1592 1639 1624 1666 de
1638 1640 1718 1674 Legg.
1732 1649 1756 1671 1,
1771 1649 1812 1674 34.
1899 1642 2033 1668 Exsecrari
2051 1649 2075 1668 et
2094 1641 2215 1668 detestari
2236 1641 2296 1667 Liu.
2314 1646 2342 1671 5,
2377 1658 2384 1664 .
2421 1656 2431 1664 .

1392 1675 1447 1701 Cic.
1462 1674 1491 1701 in
1504 1673 1625 1708 Pisonst33
1646 1685 1666 1701 c.
1683 1684 1712 1708 14
1730 1676 1801 1702 Tibi
1816 1676 1991 1710 proficiscenti
2004 1678 2109 1709 euenit,
2125 1683 2154 1703 vt
2166 1685 2258 1703 omnes
2271 1675 2434 1701 exsecraren-

1390 1716 1445 1741 tur,
1459 1710 1527 1735 male
1540 1717 1719 1744 precarentur,
1732 1720 1811 1737 vnam
1824 1711 1875 1738 tibi
1890 1712 1963 1739 illam
1975 1713 2047 1739 viam
2060 1718 2086 1739 et
2100 1718 2251 1747 perpetuam
2266 1710 2314 1737 effe
2325 1708 2435 1747 vellent.

1391 1745 1478 1770 Odiffe
1492 1745 1625 1779 aliquem,
1644 1747 1670 1771 ei
1691 1747 1787 1780 pestem
1805 1753 1946 1781 exoptare,
1965 1754 1991 1774 et
2008 1757 2069 1775 eum
2087 1748 2217 1775 exsecrari
2238 1746 2294 1774 Cic.
2308 1745 2336 1772 in
2347 1744 2435 1770 Pison-

1391 1781 1427 1810 96
1453 1788 1475 1804 c.
1489 1788 1534 1811 40.
1630 1781 1742 1806 Gentem
1762 1782 1843 1807 Ouid.
1860 1784 1924 1808 Met.
1940 1791 1980 1816 14,
2004 1792 2053 1816 191.
2124 1784 2242 1810 Terram
2260 1778 2355 1814 virgil·
2370 1779 2437 1805 Aen-

1390 1821 1413 1844 35
1433 1820 1489 1847 273.
1561 1814 1620 1839 Liu-
1637 1823 1657 1845 1,
1671 1823 1702 1846 39
1720 1821 1783 1842 extr.
1808 1817 1880 1841 Inter
1892 1816 1961 1842 hunc
1974 1817 2117 1843 tumultum
2131 1818 2227 1843 Tullia
2246 1817 2329 1842 domo
2341 1814 2437 1849 profu-

1763 1111 1865 1145 Lingua
1887 1111 1983 1137 Lucan.
1998 1119 2024 1142 2,
2036 1116 2081 1141 181.

2074 1168 2085 1175 ,
2103 1148 2177 1173 Iecur
2196 1145 2266 1172 Ibid.
2279 1151 2335 1179 834.
2383 1145 2444 1172 Vi«

1390 1848 1444 1888 git,
1460 1848 1653 1888 exsecrantibus
1668 1858 1824 1884 quacunque
1837 1850 1975 1877 incedebat
1989 1851 2230 1886 inuocantibusque
2242 1854 2380 1885 parentum
2392 1850 2446 1875 fxv-1

1389 1891 1441 1909 rias
1456 1884 1521 1909 Viris
1540 1883 1761 1918 mulieribusque.
1850 1885 1910 1911 Liu.
1924 1895 1964 1918 39,
1983 1896 2008 1919 51
2029 1888 2179 1913 Exsecratus
2198 1886 2292 1913 deinde
2310 1885 2341 1915 in
2357 1889 2436 1919 caput

1389 1925 1554 1950 regnumque
1566 1918 1682 1948 Prusiae,
1698 1926 1724 1944 et
1739 1919 1880 1952 hospitales
1900 1920 1963 1946 deos
1978 1922 2093 1948 violatae
2112 1922 2146 1948 ab
2159 1930 2192 1948 eo
2209 1921 2288 1951 fidei,
2305 1919 2381 1947 testes
2394 1920 2437 1948 in&

1388 1959 1501 1982 vocans,
1522 1951 1648 1984 poculum
1661 1951 1787 1978 exhausit.
1823 1953 1891 1979 Add.
1906 1955 1980 1980 Idem
1996 1964 2039 1987 30,
2052 1964 2092 1982 20.

1425 1991 1606 2011 EXECRAN
1618 1993 1647 2017 s,
1678 1987 1754 2012 antis.
1789 1987 1883 2013 Partic.
1924 1988 2114 2025 [ἐπαρώμενος]
2161 1989 2249 2017 Verba
2272 1990 2434 2022 exsecrantia,

1390 2018 1572 2082 ierdelrgifuid
1591 2021 1656 2047 Met.
1676 2028 1705 2054 ς,
1725 2028 1777 2055 105.
1849 2023 1918 2050 Vota
1937 2025 2098 2052 exten-antia
2117 2033 2215 2052 nomen
2230 2025 2348 2052 alicuius
2357 2025 2433 2054 Idem

1427 2064 1676 2130 ΕΧΕΕ-ἳῖᾼτνε,
1693 2101 1718 2126 a,
1737 2101 1792 2121 um.
1827 2093 1921 2121 Pax-tic.
1957 2094 2133 2132 [nuruis-am]

1390 2127 1465 2160 gui-ia
1484 2127 1551 2153 Plin.
1571 2132 1595 2158 8,
1614 2136 1635 2154 2.
1730 2129 1832 2155 Ciuitas
1847 2131 1978 2158 exsecrata
1997 2133 2090 2159 Horat.
2109 2132 2190 2167 Epod.
2211 2134 2256 2164 16,
2278 2137 2310 2162 18.

1388 2162 1478 2187 lumna
1497 2162 1552 2188 Cic.
1568 2162 1633 2189 Phil.
1650 2171 1659 2189 1
1684 2172 1706 2189 c.
1719 2172 1745 2191 2.

2169 2096 2369 2124 Exseeratiffima
2382 2104 2431 2123 au-

1973 404 2028 429 Cic.
2043 411 2091 438 pro
2099 403 2202 429 Cluent.
2215 408 2258 437 187
2276 405 2338 429 c.66
2359 402 2429 431 Nam
2452 405 2471 428 ἰ

1395 436 1542 463 Stratonem
1556 438 1662 472 quidem
1671 438 1781 471 Iudices,
1797 437 1825 463 in
1839 445 1941 463 crucem
1955 438 2040 464 36111111
2053 439 2101 464 01Γο
2114 438 2213 464 0111οἑ13
2228 439 2317 464 scitote
2331 437 2440 471 lingua..
2467 462 2469 466 ⁴

2054 510 2148 536 Horat.
2165 509 2216 535 Sat.
2230 518 2250 540 1,
2271 517 2293 540 2,
2306 517 2337 542 14
2363 508 2429 541 Qu-
2464 522 2466 526 ν

1685 1074 1821 1101 Claudian.
1838 1076 1866 1101 in
1882 1076 1989 1109 Eutrop.
2005 1084 2024 1108 1,
2039 1078 2090 1109 468
2109 1075 2211 1102 Exseffi
2221 1075 2331 1101 Veneris
2342 1074 2433 1100 stimu-
2452 1100 2454 1102 .

2152 1111 2239 1137 Siluae
2252 1109 2432 1137 Claud.c0nt⁸.
2443 1123 2448 1126 ·

1973 1181 2085 1208 Execffus
2109 1189 2135 1209 et
2153 1188 2271 1208 exemtus
2284 1179 2450 1210 honoribut.

1803 1250 1962 1292 [οἷπὸμηςιε]
1998 1253 2062 1292 ’(ἶίε.
2083 1261 2132 1287 pro
2152 1253 2257 1280 Cluent.
2274 1256 2318 1282 180
2354 1260 2376 1277 c.
2395 1251 2447 1285 64.

2377 2132 2432 2159 Co·

1816 2165 1983 2193 Exsecratum
1996 2167 2097 2195 malum
2109 2167 2194 2195 odore
2206 2173 2233 2194 et
2244 2166 2435 2200 amaritudine,
2462 2177 2464 2180 ’
2478 2178 2479 2187 ¹

1387 2197 1411 2224 h.
1427 2207 1446 2223 e.
1458 2200 1591 2237 'ingratum
1610 2199 1650 2224 vel
1661 2197 1732 2234 gustu
1749 2200 1791 2226 vel
1802 2200 1881 2227 odore.
1918 2202 1984 2228 Plin.
1999 2211 2034 2235 13,
2049 2206 2078 2230 16
2102 2204 2162 2231 Alia
2179 2203 2216 2230 est
2235 2202 2316 2230 arbor
2337 2202 2432 2230 eodem
2454 2217 2455 2224 .
2476 2212 2479 2217 ’

1390 2241 1498 2271 nomine
1513 2234 1608 2260 malum
1623 2234 1709 2260 ferens
1722 2237 1884 2263 exsecratum
1897 2236 2030 2272 aliquibus
2044 2238 2128 2265 odore
2142 2244 2168 2265 et
2177 2237 2371 2264 amaritudine..
2399 2237 2432 2264 Ee

1389 2271 1415 2294 in
1423 2268 1607 2304 significatione
1624 2269 1717 2296 amaa.
1753 2271 1905 2298 Exsecratus
1917 2273 2036 2299 aniculae
2050 2272 2155 2300 infidias
2168 2273 2274 2298 Petron.
2286 2281 2308 2298 c.
2316 2278 2342 2306 7.

1389 2304 1473 2338 ipsum
1488 2311 1512 2330 et
1529 2306 1588 2331 suos
1601 2306 1747 2332 exsecratus
1761 2306 1848 2332 Valer.
1861 2307 1971 2335 Maxim.
1985 2316 2011 2340 3,
2028 2316 2062 2340 z,
2081 2317 2120 2335 20.
2146 2311 2164 2334 i.
2176 2307 2305 2333 deuouens.
2357 2307 2403 2334 Ad
2427 2311 2429 2313 ’

1389 2340 1508 2366 Frontin.
1523 2340 1597 2367 Strat.
1611 2352 1639 2375 4,
1653 2349 1675 2374 ς,
1691 2343 1726 2367 16.

1387 2375 1457 2402 Add.
1470 2376 1586 2403 Latitant.
1601 2377 1633 2403 de
1646 2378 1727 2403 Mori.
1741 2377 1808 2403 Pers.
1829 2387 1850 2404 c.
1865 2386 1901 2404 22.

1427 2417 1547 2439 EXECR
1557 2419 1700 2445 ANDVS,
1720 2421 1743 2444 a,
1763 2421 1816 2439 um.
1854 2413 1946 2440 Partic.
1960 2414 2019 2448 pass‘.
2058 2413 2215 2449 [ἓκοίρατσς]
2250 2411 2423 2446 Cicwhilipp.

1390 2455 1413 2480 2,
1426 2449 1457 2479 63
1488 2457 1509 2473 c.
1522 2450 1556 2474 26
1581 2447 1684 2474 Deinde
1698 2457 1779 2482 quum
1794 2449 1913 2483 Pompeii
1928 2449 2028 2480 sector,
2046 2458 2101 2475 non
2120 2455 2146 2476 te
2166 2446 2349 2487 exsecrandum
2360 2447 2425 2482 Pop.

1389 2482 1500 2509 Roman.
1520 2492 1574 2509 non
1595 2483 1791 2515 detestabilem,
1810 2492 1864 2510 non
1883 2493 1975 2511 omnes
1993 2484 2045 2511 tibi
2065 2484 2141 2516 deos,
2160 2492 2252 2510 omnes
2266 2482 2386 2509 hominu
2400 2486 2428 2508 et

1389 2517 1522 2549 inimicos,
1541 2524 1567 2544 et
1580 2519 1684 2545 futuros
1701 2519 1781 2546 scias?
1852 2520 2012 2546 Exsecranda
2025 2529 2065 2546 res
2080 2526 2160 2554 atque
2174 2519 2277 2554 peffima
2288 2517 2430 2552 Plin.7,13.

1389 2553 1647 2580 Exsecrandissimum
1666 2554 1738 2580 nefas
1756 2553 1869 2580 Saluian.
1884 2555 1915 2580 de
1928 2555 2045 2581 Gubern.
2061 2562 2078 2589 7
2097 2564 2121 2589 p.
2136 2559 2195 2589 284.

1426 2596 1443 2616 E
1452 2597 1471 2617 x
1479 2596 1495 2616 E
1505 2595 1522 2616 c
1533 2596 1551 2616 R
1560 2596 1581 2616 A
1590 2587 1629 2615 131⁹
1637 2597 1652 2616 L
1664 2595 1693 2615 1s
1702 2609 1710 2621 ,
1730 2597 1752 2615 e.
1790 2589 1850 2616 Adi.
1886 2590 1899 2624 [
1905 2587 2040 2625 βδελυρᾰς]
2075 2588 2249 2622 Dete-timidum
2264 2595 2288 2615 et
2300 2587 2434 2615 abhorren-

1390 2624 1454 2650 dum.
1491 2625 1552 2651 Liu.
1571 2633 1612 2657 31,
1633 2632 1661 2660 17
1686 2625 1874 2651 Praeeuntibus
1893 2625 2053 2651 exsecrabile
2071 2633 2176 2652 carmen
2195 2623 2387 2656 sacerdotibm,
2412 2625 2434 2650 ι’.

1389 2659 1469 2695 quose
1480 2659 1604 2686 deuouent.
1676 2659 1839 2686 Exsecrabile
1857 2668 1885 2686 ac
1900 2660 1988 2687 dirum
2001 2660 2089 2687 Valer.
2103 2661 2174 2686 Max.
2188 2668 2209 2692 1,
2229 2668 2248 2691 1,
2264 2667 2299 2692 ις.
2368 2658 2434 2691 Liu.,

1392 2697 1433 2727 26,
1446 2703 1469 2726 13
1489 2696 1569 2721 Vetus
1583 2700 1661 2730 atque
1673 2695 1764 2721 vlitata
1776 2704 1817 2721 res
1830 2695 1865 2721 est
1874 2715 1882 2727 ,
1902 2695 1929 2721 in
1942 2694 2115 2730 oppugnanda
2128 2695 2243 2722 hostium
2256 2694 2340 2728 vrbe,
2358 2693 2435 2721 labo-¹

1392 2739 1433 2756 res
1446 2739 1474 2757 ac
1488 2730 1604 2764 pericula
1620 2730 1673 2765 pati
1688 2741 1693 2757 ι
1725 2730 1791 2757 illud
1811 2730 1866 2757 irae
1885 2736 1963 2765 atque
1981 2731 2038 2758 odii
2056 2730 2223 2758 exsecrabilis
2241 2730 2372 2757 indicium
2386 2729 2448 2769 estat

1813 2766 1879 2792 Plin.
1892 2775 1918 2800 9,
1932 2772 1966 2800 48
1987 2767 2034 2794 Sed
2047 2767 2151 2794 nullum
2165 2775 2274 2801 vequam
2287 2764 2445 2801 exsecrabit-,A

1954 2802 1959 2807 ‘
2178 2801 2334 2836 Trygonis,
2352 2806 2444 2835 quanm

2098 2837 2166 2866 Add.
2181 2835 2379 2864 Aurei—vicht
2399 2834 2455 2877 de?

1391 2767 1473 2792 Etiam
1484 2766 1525 2795 hic
1538 2765 1620 2792 afflue
1630 2769 1742 2801 ponitur.

1393 2800 1459 2832 lius,
1478 2810 1556 2835 quam
1577 2801 1664 2827 radius
1686 2802 1760 2835 super
1780 2801 1889 2828 caudam
1908 2810 2045 2835 eminens,
2062 2810 2109 2829 etc.

1390 2835 1474 2861 nostri
1494 2836 1651 2862 Pastinacam
1671 2836 1817 2871 appellant,
1841 2839 1860 2863 i.
1873 2837 2045 2873 perniciosius.

1389 2870 1461 2897 Caes.
1481 2879 1503 2895 e.
1523 2878 1561 2904 17.

1427 2904 1766 2934 EXECRABILYTER.
1803 2906 1871 2934 Adu.

1389 2940 1468 2966 Conf.
1489 2945 1517 2973 8,
1535 2949 1561 2976 7.

1426 2988 1772 3025 EXECRAntLi'TAS,
1791 2993 1848 3020 atis.
1885 2992 1906 3019 f.
1943 2992 2021 3027 Apul.
2036 2991 2127 3018 00611.
2142 2991 2235 3019 Plat.2
2261 3001 2334 3027 p.21.

1919 2907 1988 2936 Vnde
2005 2906 2198 2934 Exsecrabilius
2220 2905 2303 2933 odisse
2321 2905 2435 2941 Augu&

924 3048 1054 3072 Ascla-ate,
1091 3047 1178 3073 Senec.
1195 3046 1226 3073 de
1239 3047 1329 3073 genef,
1350 3050 1382 3076 80
1428 3047 1446 3068 E
1454 3047 1497 3069 XE
1507 3046 1523 3066 c
1532 3048 1551 3067 R
1560 3048 1581 3068 Α
1591 3047 1615 3066 Μ
1626 3047 1641 3066 Ε
1650 3049 1672 3067 Ν
1681 3049 1702 3068 T
1710 3049 1730 3069 V
1740 3049 1766 3068 M
1775 3063 1783 3075 ‚
1806 3043 1826 3069 i.
1860 3051 1886 3068 n.
1924 3041 1991 3069 Idem
2004 3052 2033 3069 ac
2041 3044 2179 3069 Execran'o.
2216 3036 2336 3070 Tertull.
2349 3043 2430 3080 Apol,

1393 3084 1413 3102 c.
1427 3084 1468 3102 22.
1504 3083 1528 3102 et
1545 3076 1603 3103 adu.
1619 3077 1674 3102 Iud.
1692 3086 1714 3104 c.
1727 3085 1748 3109 ς.
1783 3081 1813 3104 it.
1828 3078 1906 3111 Vulg.
1922 3077 2001 3104 Sirac.
2017 3085 2051 3110 ις,
2068 3086 2102 3109 13.

1430 3117 1745 3150 EXECRAT10‚Jiue
1767 3124 2032 3150 exsaanTio,
2054 3119 2120 3145 onis.
2155 3118 2176 3146 f.
2213 3119 2431 3156 [ifi‚mdeae]

1394 3151 1494 3178 Sallust.
1510 3153 1538 3178 in
1553 3152 1631 3178 Catil.
1652 3161 1673 3178 c.
1688 3161 1714 3178 22
1740 3153 1822 3179 Fuere
1843 3162 1872 3179 ea
1890 3153 2055 3187 tempestate,
2075 3155 2123 3188 qui
2142 3155 2286 3182 Catilinam
2306 3163 2448 3184 orationev

1394 3186 1485 3213 habita
1505 3187 1636 3220 dicerent,
1657 3197 1738 3221 quum
1755 3188 1937 3215 iusiurandum
1957 3189 2095 3223 populares
2113 3190 2215 3217 sceleris
2237 3192 2277 3218 sui
2294 3188 2442 3226 adigeret?

660 3222 725 3249 Plin.
747 3227 786 3253 ¹8,
808 3231 828 3248 11
856 3222 1014 3248 Cribrorum
1035 3231 1130 3255 genera
1147 3224 1216 3250 Galli
1238 3233 1252 3249 e
1271 3225 1331 3250 sctis
1346 3225 1374 3254 85
1394 3222 1503 3249 humani
1520 3223 1638 3258 corporis
1656 3224 1808 3257 sanguinem
1829 3225 1894 3250 vino
1908 3224 2060 3259 permistum
2078 3225 2105 3251 in
2118 3228 2214 3259 pateris
2228 3227 2430 3254 circumtuliffe=

1394 3257 1456 3284 inde
1477 3268 1559 3293 quum
1582 3258 1638 3298 post
1655 3259 1861 3286 exsecrationem
1884 3268 1974 3286 omnes
1999 3259 2197 3295 degustauiffent
2219 3262 2311 3295 (sicuti
2325 3263 2354 3289 in
2375 3262 2442 3289 sola

1395 3293 1528 3320 lemnibus
1550 3295 1624 3321 sacris
1644 3293 1703 3320 fieri
1722 3295 1877 3326 consueuit)
1894 3294 2018 3329 aperuiss'e
2037 3296 2173 3323 confilium
2193 3298 2283 3329 suum,
2301 3298 2431 3334 atquesseo

1395 3329 1491 3356 dictam
1510 3338 1565 3356 rem
1585 3329 1685 3361 feciss'e,
1705 3339 1759 3364 quo
1778 3330 1847 3357 inter
1865 3330 1889 3355 se
1909 3330 1991 3364 magis
2011 3330 2057 3358 fidi
2075 3332 2165 3359 forent
2184 3333 2251 3359 alius
2270 3333 2326 3360 alii.

1395 3470 1538 3502 Cautione‚
1555 3470 1673 3502 foedere,
1693 3471 1870 3498 exsecratione
1883 3471 2052 3505 deuinxerat,
2070 3473 2140 3500 nihil
2154 3474 2182 3500 in
2195 3474 2350 3501 Tribunatu
2364 3479 2429 3501 001ιέ

1395 3510 1435 3531 tra
1451 3513 1493 3531 me
1511 3507 1558 3532 else
1571 3505 1712 3532 sac'turum.
1808 3505 1848 3539 Est
1863 3510 1942 3543 igitur
1952 3509 2134 3544 firmamentum
2141 3509 2255 3544 foederis
2273 3510 2427 3536 exsecratio.

1397 3540 1452 3566 Cic·
1467 3542 1541 3567 Verr-
1554 3548 1576 3573 ς.
1590 3550 1637 3574 104
1661 3551 1682 3566 0.
1697 3551 1742 3574 40.
1812 3541 1885 3568 Idem
1901 3552 1948 3577 pro
1962 3544 2032 3571 Sext.
2045 3552 2073 3579 71
2100 3545 2224 3571 Exierunt
2236 3546 2315 3607 Itlsalis
2329 3543 2428 3607 or6nini'q

2276 3590 2311 3607 iu.
2332 3590 2344 3607 2
2398 3585 2427 3607 2¹¹

1395 3613 1541 3637 Acarnanes
1560 3620 1574 3637 a
1595 3619 1657 3638 xxv
1684 3611 1715 3637 ad
1741 3619 1778 3638 Lx
1797 3621 1877 3639 annos
1891 3616 2045 3648 coniurant,
2062 3615 2110 3641 nifi
2124 3613 2238 3642 vfflores
2253 3617 2278 3642 se
2291 3625 2345 3642 non
2356 3596 2427 3643 r’edss

1394 3652 1467 3673 turos
1482 3658 1487 3673 ε
1513 3646 1560 3682 qui
1577 3646 1663 3672 vietus
1682 3647 1737 3673 acie
1756 3648 1903 3681 excessiss'et,
1923 3659 1983 3677 eum
1998 3660 2030 3677 ne
2050 3651 2108 3685 quis
2121 3649 2186 3677 vrbe
2201 3661 2206 3676 :
2234 3651 2314 3684 te6’to‚
2328 3651 2427 3684 mensa,

1393 3682 1448 3709 lare
1463 3683 1598 3717 reciperet.
1635 3682 1725 3708 Diram
1740 3684 1942 3711 exsecrationem
1957 3686 1984 3712 in
1998 3686 2151 3720 populares,
2164 3685 2426 3721 obtestationemque,
2454 3696 2465 3718 ,ι

2366 3722 2426 3749 Cic.
2461 3729 2470 3736 '¹

299 3751 381 3786 pisces
397 3761 402 3776 :
428 3756 456 3776 tu
468 3750 620 3777 Machaerio
634 3760 756 3786 congrum
766 3773 774 3784 ,
793 3763 944 3780 muraenam
965 3753 1092 3780 exdorsua
1110 3759 1234 3787 quantum
1249 3759 1383 3788 potes.100
1394 3754 1446 3779 Att.
1462 3762 1484 3785 2,
1501 3758 1525 3783 18
1551 3752 1638 3779 Habet
1652 3754 1731 3779 etiam
1745 3755 1873 3788 Campana
1892 3756 1933 3782 lex
1947 3757 2149 3783 exsecrationem
2165 3756 2192 3782 in
2205 3758 2322 3784 coitione
2337 3757 2425 3792 candi-5
2466 3755 2468 3760 '

1393 3727 1471 3752 quam
1486 3717 1663 3744 sanfflffimam
1679 3724 1828 3751 potuerunt,
1842 3720 1964 3748 aduersus
1977 3720 2090 3756 hospites
2103 3722 2312 3754 composuerunt.

1393 3788 1528 3822 datorum,
1547 3788 1564 3814 si
1577 3789 1739 3814 mentionem
1755 3790 1880 3824 fecerint,
1899 3800 1953 3826 quo
1968 3792 2044 3818 aliter
2056 3799 2116 3824 ager
2127 3791 2288 3825 possideatur,
2303 3799 2381 3827 atque
2393 3796 2429 3819 vt¹

1392 3832 1423 3850 ex
1438 3823 1539 3857 legibus
1553 3823 1635 3850 Iuliis.
1705 3824 1774 3850 Idem
1790 3826 1841 3852 Off.
1855 3835 1878 3858 3,
1890 3835 1918 3859 ςς
1938 3836 1958 3853 0.
1974 3835 1997 3858 13
2023 3824 2095 3859 Qid
2108 3826 2178 3852 enim
2192 3827 2228 3853 est
2240 3827 2326 3858 aliud,
2345 3829 2432 3862 quani'

1391 3858 1462 3884 viam
1483 3859 1580 3884 erranti
1598 3868 1650 3885 non
1672 3860 1815 3887 monstrare
1836 3860 1925 3896 (quod
1944 3861 2051 3888 Athenis
2070 3861 2291 3889 exsecrationibus
2311 3861 2424 3897 publici!

1391 3894 1518 3920 sancitum
1530 3893 1584 3924 est)
1604 3894 1621 3920 1ἰ
1637 3895 1686 3921 hoc
1698 3904 1751 3922 non
1766 3896 1800 3922 est
1814 3903 1943 3923 emtorcm
1955 3896 2007 3930 pati
2022 3904 2114 3928 ruere,
2134 3903 2159 3923 et
2172 3906 2219 3933 per
2232 3907 2350 3926 errorem
2362 3897 2422 3925 alte·

2319 3953 2322 3956 Δ
2333 3973 2373 3996 tx
2377 3971 2420 3996 SE·

1798 2342 2015 2370 Exsecratiffimus
2027 2342 2231 2378 pharmacopola
2245 2341 2429 2376 Scribon.199.
2461 2330 2479 2387 ς’

1395 3363 1454 3397 des,
1477 3365 1637 3396 exsecratio,
1658 3364 1780 3397 dextrae,
1799 3371 1824 3391 et
1842 3365 2008 3399 complexus,
2025 3367 2111 3402 quibus
2128 3375 2210 3404 nempe
2225 3368 2296 3395 rebus
2309 3334 2438 3399 Cleomleiiiss.
2452 3355 2454 3374 ἰ

1345 3406 1381 3431 90
1394 3399 1525 3427 deuinftus
1539 3407 1591 3426 erat
1610 3401 1707 3426 Verres.
1779 3401 1833 3426 Cic.
1847 3409 1896 3434 pro
1909 3401 1976 3428 Sext.
1992 3410 2019 3436 17
2042 3403 2119 3430 Hunc
2137 3403 2245 3430 Clodium
2264 3403 2308 3430 vir
2325 3403 2438 3438 claris&A

1395 3443 1467 3467 mus,
1484 3435 1605 3469 mihique
1623 3435 1714 3462 multis
1731 3435 1934 3470 repugnantibus
1954 3437 2116 3465 amicissimus
2135 3439 2182 3465 Cn.
2196 3439 2333 3473 Pompeius
2352 3438 2430 3466 omni
2452 3450 2453 3453 ¹

2458 3797 2468 3813 t
