2479 4225
307 143 379 195 567
566 134 570 139 ’
698 127 971 172 FAB
1799 121 2063 164 FAC
2356 127 2428 174 568

310 227 383 262 QM
405 233 468 259 ergo
486 224 585 259 potrum
605 222 690 249 facere
705 221 757 247 tibi
776 218 860 246 lector
874 216 954 246 Cato,
973 213 999 240 Si
1012 222 1058 239 nee
1072 211 1183 253 fabellae
1195 216 1222 237 te
1236 210 1338 252 iuuant,
1401 214 1468 239 citur
1474 232 1485 253 ,
1515 215 1540 239 ui
1557 211 1642 239 blande
1655 212 1776 252 loquitur.
1801 246 1807 251 ὓ
1829 211 1987 253 Narratores
2007 213 2062 240 Cic.
2075 213 2107 240 de
2119 215 2192 240 Orat.
2206 222 2230 246 2,
2243 198 2300 254 219.
2352 213 2430 242 Po'e'ta

309 273 357 291 nec
371 261 491 288 fabulae}
528 258 573 286 Sed
583 258 627 286 hoc
639 268 669 284 ne
685 257 734 292 ipse
746 254 839 291 quidem
848 257 964 286 perpetuo
977 250 1105 279 seruauss,
1119 255 1148 273 vt
1158 246 1226 272 modo
1238 255 1265 271 1⁷1
1280 247 1338 271 ch·
1402 248 1479 274 faceti
1500 257 1565 274 imus
1580 255 1675 274 veteris
1688 245 1848 278 comoediae,
1864 248 2047 283 Aristophanes
2061 249 2133 276 Idem
2148 249 2178 275 de
2186 249 2277 283 Legib.
2292 257 2313 279 2,
2326 255 2356 282 37
2369 257 2390 274 c.
2400 257 2430 282 ις.

313 303 407 327 rABvi
419 303 441 322 Α
452 295 568 322 vidimus.
604 293 727 328 Apuleius
734 289 826 326 quidem
837 288 934 322 longam
941 284 1010 320 satis
1022 285 1050 310 de
1058 284 1162 319 Psyches
1176 288 1200 307 et
1207 280 1338 316 Cupidinis
1404 283 1471 309 Sales
1491 283 1636 310 facetislinii
1657 283 1721 309 Plin.
1736 290 1772 314 35,
1785 290 1821 310 10.
1891 284 2057 318 Super-latium
2073 287 2131 311 item
2149 287 2258 310 occurrit
2271 292 2310 319 ap.
2323 284 2387 310 Plin.
2401 284 2430 312 in
2450 287 2458 295 ”

311 332 435 361 amoribus
447 333 613 357 narrationem
625 332 661 355 ita
674 327 737 362 finit
750 325 812 351 Met.
826 324 843 347 6
863 330 888 355 P·
902 325 951 352 ¹83,
963 328 993 353 25
1018 319 1106 346 Astfffls
1118 326 1167 352 ego
1180 326 1235 343 ‘¹0¹²
1247 316 1339 351 procul
1403 319 1485 352 praef.
1504 320 1572 345 Suet.
1593 319 1667 353 Vesp.
1689 328 1711 344 c.
1726 326 1768 344 22.
1801 318 1864 345 Aur.
1884 319 1988 346 Victor.
2002 320 2070 354 Epit.
2089 329 2109 346 c.
2124 328 2148 351 9.
2219 320 2310 346 Sermo
2323 319 2429 352 facetus,

313 368 434 395 dolebam
470 364 542 401 quod
555 364 692 400 pugillares
706 366 730 386 et
743 358 830 385 stilum
843 365 897 382 non
909 355 1053 388 habebam,
1071 354 1117 390 qui
1128 360 1181 380 tam
1194 352 1290 380 bellam
1303 352 1340 378 fa·
1365 357 1379 384 5
1404 360 1430 380 et
1442 354 1514 381 milla
1531 356 1560 381 in
1578 363 1606 381 re
1625 354 1699 380 rudis
1718 353 1773 379 Cic.
1788 352 1820 379 de
1832 353 1905 380 Orat.
1921 363 1940 386 1,
1954 363 1991 387 32.
2063 353 2193 388 Qiinffll.
2208 357 2233 388 6,
2245 364 2272 388 4,
2287 363 2321 380 20
2356 355 2430 381 Face·
2450 368 2451 374 =

311 404 409 432 bellam
442 387 616 429 'mmmm-em.
1405 395 1463 416 tum
1484 398 1590 425 quoque
1612 399 1666 416 non
1689 396 1790 415 tantum
1812 388 1881 415 circa
1902 390 2012 416 ridicula
2036 391 2133 424 opinor
2157 390 2301 416 conflstere.
2337 389 2430 424 Neque
2453 397 2459 403 ¹

349 446 395 467 ΡΑ
405 412 446 465 ΒΞ
456 444 526 464 LLA
536 440 616 463 Tio,
634 430 700 457 ὅῐῐὶς-
724 428 744 454 f·
778 425 930 459 Μυθολογίοι
948 426 1026 452 6101ῑῖ
1042 426 1097 451 Lat.
1112 425 1159 451 Gr.
1405 425 1476 451 enim
1490 425 1588 452 diceret
1601 426 1727 451 Horatius
1741 425 1862 450 Facetum
1882 426 2003 451 carminis
2017 434 2097 461 genus
2115 431 2207 451 natura
2226 425 2371 451 concessum
2384 425 2430 452 effe
2451 425 2454 429 ’

350 475 627 502 FABELLATOR,
643 465 707 491 oris.
726 471 761 488 m.
798 462 911 496 Apuleio
924 461 1082 498 adsignatur:
1093 460 1164 496 falso
1178 458 1299 485 arbitror·
1405 460 1531 495 Virgilio.
1569 461 1677 487 Decoris
1696 460 1762 486 hanc
1780 460 1879 493 magiS,
1900 465 1924 486 et
1942 461 2058 487 excultae
2075 461 2210 487 cuiusdam
2228 460 2372 495 elegantiae
2390 469 2436 494 ap—=
2452 473 2455 496 ᾖ

351 516 470 537 PABEL
480 513 526 533 LA
536 508 643 530 Trux,
662 499 718 524 ἰώ·
743 497 764 524 f·
791 498 882 524 Afran-
919 517 926 524 ·
1006 517 1013 523 ·
1405 495 1575 529 pellationem
1588 503 1660 530 puto,
1695 496 1813 530 Ideoque
1828 495 1855 521 in
1869 495 1991 529 Epistolis
2003 497 2096 523 Cicero
2116 496 2177 522 haec
2192 497 2266 522 Bruti
2280 496 2364 522 refert
2376 503 2432 522 ver-

352 543 453 572 FABxJ
462 546 543 570 LOR,
555 537 601 563 ari.
615 535 680 568 Dep-
702 532 877 566 [fikvffohyt'w’
894 532 1054 566 μνθεῦᾱμαῑ]
1073 532 1166 565 Ῑ-θ11ῐ4ῐ,
1179 528 1340 567 [θᾶΡῘὲὛΜζῚ-
1358 536 1388 554 ¹0
1407 531 1452 557 ba:
1491 533 1543 558 Nae
1558 532 1596 558 illi
1608 531 1671 568 sunt
1684 531 1758 566 pedes
1770 530 1869 566 faceti,
1892 540 1922 557 ac
1940 531 2036 557 deliciis
2059 532 2210 568 ingrcdifflti
2228 532 2317 557 molles.
2353 530 2432 564 Qiod
2452 542 2455 554 z

334 590 361 607 ue
368 589 420 607 cum
432 579 513 611 aliqua
524 578 581 597 nota
594 571 713 596 leuitatis.
747 568 830 595 Plaut.
838 569 911 603 Capt.
920 577 944 601 3,
952 576 999 602 4‚3
1018 566 1090 600 Quid
1098 564 1253 592 fabulaborz
1277 562 1342 598 quid
1404 567 1529 593 conuenit
1549 576 1607 594 cum
1629 566 1678 592 5110
1696 567 1860 596 Horatiano,
1887 567 1962 593 ΜΘΗ,
1979 573 2051 602 atque
2063 568 2176 604 facetum
2211 568 2331 602 Virgilio·
2365 566 2433 593 Haec

316 589 416 648 rqiegabo
445 617 488 638 aut
506 606 571 642 quid
592 603 713 631 fatebor?
765 603 838 630 Idem
852 604 933 630 Merc.
947 612 968 635 2,
981 611 1004 635 3,
1019 611 1048 635 30
1082 600 1154 635 Qiid
1181 599 1248 626 illud
1271 598 1343 634 quod
1404 601 1535 636 Qiinc’ffl.
1570 601 1677 629 Horatii
1690 603 1756 627 Iocus
1769 600 1801 634 2st
1809 602 1888 628 Serm.
1905 609 1972 634 1,10,
1984 611 2024 635 44

317 645 385 678 solus
402 634 485 674 se⁷ciim
502 641 635 668 fabulatur
653 639 741 665 filius3
775 638 982 674 Add.1d.1-:pid.
1004 647 1022 669 1,
1041 647 1061 670 1,
1080 646 1121 670 42.
1156 635 1225 662 Rud.
1246 644 1272 667 2,
1283 643 1304 666 3,
1319 639 1342 664 8.
1628 652 1674 657 ..-
1709 636 1794 663 pollio
1813 646 1904 671 regum

317 686 388 714 Falsa
401 682 478 708 Plaut.
494 676 568 712 Epid.
582 685 604 707 2,
619 684 642 707 2,
653 682 689 707 53.
761 675 816 700 Ioco
833 677 957 709 excip-ere,
971 680 995 700 ct
1013 674 1098 700 hahere
1111 671 1226 711 ludibrio.
1263 670 1344 696 Plaut.
1532 672 1609 699 FatSta
1621 672 1690 698 canit
1703 672 1767 712 pede
1781 679 1820 699 ter
1832 672 1957 712 percusso.
1976 672 2047 699 forte
2060 679 2122 712 epos
2134 680 2194 699 acer

317 722 399 747 ΤΗΝ,
416 726 436 748 1,
452 724 477 747 2,
491 720 522 742 80
543 712 605 739 Non
619 710 714 736 isthaec
727 718 784 736 mea
799 709 947 744 benignitas
960 709 1051 735 docuit
1064 715 1090 735 te
1103 707 1226 734 fabulari.
1266 706 1343 731 Tum
1362 713 1388 740 ις
1531 710 1566 735 Vt
1579 716 1670 747 nemo,
1683 709 1777 733 Varius
1790 707 1870 734 ducit.
1889 707 1969 734 molle
1983 714 2060 742 atque
2074 712 2188 733 tacetum

315 752 474 783 Phauorinus
493 749 529 775 ita
547 746 677 773 fabulatus
690 744 726 771 est
746 745 813 771 Gell.
828 754 851 775 2,
865 754 906 772 22·
976 745 1037 770 Liu·
1051 752 1093 778 45,
1107 752 1137 775 39
1163 743 1193 769 Et
1206 749 1234 768 tu
1247 742 1344 768 Centu-
1533 744 1650 778 Virgilio
1661 749 1805 769 annuerant
1817 743 1956 778 gaudentes
1970 752 2032 770 rure
2047 751 2197 770 camoenae.

314 790 356 817 rio
389 786 477 817 miles,
497 783 560 818 quid
574 782 605 808 de
619 782 780 815 Imperatore
793 781 885 807 Paullo
898 781 1005 807 Senatus
1018 780 1139 811 decrerit,
1152 778 1252 813 potius,
1266 785 1344 811 quam
1406 778 1489 805 Molle
1510 785 1589 814 atque
1613 779 1726 805 facetum
1744 779 1870 813 Porphyr.
1894 782 2089 813 interpretatur,
2113 778 2196 804 Molle
2217 784 2295 813 atque
2319 776 2435 810 elegans:

313 808 377 859 quid
391 821 493 855 Sergius
507 818 591 845 Galba
603 816 753 848 fabuletur,
765 816 838 842 audi.
874 816 955 843 Habet
967 819 1040 842 etiam
1052 816 1094 842 hic
1105 816 1215 841 leuitatis
1227 819 1309 839 nomm
1324 819 1348 839 et
1407 816 1463 847 vel,
1476 817 1574 847 otalii,
1587 821 1706 841 tenerum
1728 819 1806 848 atque
1824 823 1975 840 amoenum.
2009 815 2075 850 Agit
2086 812 2115 839 de
2129 814 2251 840 Bucolicis·
2264 820 2287 840 ct
2300 814 2436 847 Georgicis.

309 863 451 887 contemtus.
1406 849 1561 877 Habitantes
1580 859 1641 877 rure
1660 858 1799 876 camoenae
1816 850 1905 876 habent
1925 853 1998 876 etiam
2016 849 2135 876 urbanum
2153 850 2254 884 leporem
2274 855 2298 874 ct
2315 847 2438 883 facetias,

348 900 392 920 ΡΑ
401 899 417 919 Β
426 890 447 917 ὕ
457 896 472 916 L
481 896 511 922 0,
524 891 575 914 fite.
597 886 736 921 [μυθέὗω]
761 886 843 912 Plau*-
857 885 916 912 Mil·
931 894 954 919 ²,
968 893 990 919 5,
1003 894 1029 918 33
1050 885 1120 912 Mala
1133 894 1168 911 es·
1190 891 1240 910 PH·
1261 884 1345 909 immo
1359 894 1393 913 20
1407 885 1524 917 Gratiar,
1541 887 1652 912 Veneres.
1692 886 1753 911 Tale
1766 883 1799 918 ist
1811 885 1873 912 illud
1885 885 1919 911 ad
1931 886 2028 911 Heren.
2041 894 2070 918 4,
2084 893 2111 916 19
2125 893 2146 910 c.
2162 893 2182 910 ιι
2203 885 2258 917 Qui
2271 892 2324 910 non
2337 881 2439 922 pofi'unt‘

313 928 411 955 ecastor
424 925 499 953 stulta
512 923 708 957 inultum,quae
716 921 854 949 vobiscum
868 920 992 948 fabulem.
1028 923 1102 954 Qiae
1116 930 1174 947 cum
1190 920 1239 946 hoc
1253 919 1345 945 insano
1406 920 1436 947 in
1448 920 1493 947 illa
1512 920 1660 948 facetissima
1678 920 1822 947 verborum
1841 920 2019 947 attenuatione
2037 919 2175 947 commode
2187 920 2302 952 versari,
2327 921 2439 957 veniunt

311 964 428 992 fabulein
442 961 479 988 Id.
494 960 530 986 ib.
546 968 569 989 2,
584 967 613 991 4,
627 963 658 988 18.
728 957 810 983 Plaut.
823 958 902 983 Poen.
916 957 982 992 prol.
997 965 1030 991 34
1049 958 1152 983 Canora
1166 956 1210 982 hic
1223 964 1288 981 voce
1300 955 1345 981 sua
1407 955 1439 982 ad
1455 957 1560 983 aridum
1577 964 1602 983 et
1616 957 1743 991 exsangue
1761 965 1841 991 genus
1858 956 1996 982 orationis.
2066 956 2177 990 Compar.
2202 956 2264 989 Qio
2275 954 2388 980 facetior
2398 960 2443 980 ν1-,

310 1000 410 1027 tinnire
424 1000 583 1031 temperent,
600 994 708 1019 domum
722 993 854 1019 sermones
872 992 1009 1019 fabulandi
1026 993 1172 1019 conferant.
1238 990 1346 1018 Fabula·
1407 992 1468 1019 dear
1481 999 1506 1018 et
1519 993 1584 1019 scire
1598 993 1654 1027 plus
1668 1001 1745 1027 quani
1756 992 1852 1018 caeteri
1864 992 1949 1018 Lucil.
1962 999 2002 1027 ap.
2015 991 2079 1018 Fest.
2096 991 2125 1017 in
2137 990 2312 1025 Redarguisse.

311 1035 381 1066 rier,
395 1032 502 1063 Palline,
515 1030 580 1065 apud
598 1028 679 1056 Plaut.
694 1028 789 1062 Amph.
803 1028 908 1062 Suppos.
928 1029 964 1055 DI
978 1028 1092 1054 vostram
1106 1027 1150 1054 fid.
1164 1037 1189 1054 v.
1198 1035 1220 1059 3.
1285 1027 1345 1052 Ari·
1443 1033 1459 1054 F
1468 1034 1490 1055 A
1501 1033 1518 1054 C
1530 1035 1546 1055 E
1557 1034 1578 1055 T
1589 1035 1628 1055 IA
1638 1035 1654 1055 E
1668 1048 1676 1060 ‚
1699 1037 1782 1054 arum.
1814 1028 1835 1053 f.
1871 1026 2036 1062 [εὐτραπελία
2042 1047 2051 1059 ,
2070 1027 2202 1060 ςωμυλιά]
2237 1027 2348 1052 Deliciae
2369 1031 2439 1059 quae·

311 1071 410 1106 stippus
424 1063 620 1100 interrogatus,
640 1064 704 1099 quid
724 1065 748 1090 ei
768 1062 937 1099 PhilOsOPhia
957 1064 1113 1096 contulerit,
1131 1063 1228 1089 dicitur
1242 1063 1347 1098 respon·
1361 1073 1390 1100 25
1407 1061 1607 1098 damsermonis,
1625 1070 1648 1090 et
1665 1063 1735 1089 di'c'l'a
1749 1063 1843 1090 urbana
1853 1063 1908 1097 Jine
1921 1063 2093 1099 scurrilitate:
2111 1071 2172 1097 quae
2185 1064 2257 1088 ctiam
2269 1056 2390 1096 infastis
2403 1061 2441 1084 in-v

312 1105 375 1133 difl'e
411 1110 438 1130 vt
452 1111 510 1129 cuin
521 1100 645 1128 omnibus
659 1099 789 1134 intrepide
802 1099 931 1126 fabularet
944 1099 1070 1126 Sarisber.
1087 1100 1131 1134 Ep.
1144 1107 1199 1131 190.
1408 1097 1488 1134 relligi
1496 1098 1603 1133 poffimt.
1638 1099 1773 1132 Facetiae,
1791 1098 1887 1132 χάριτες
1905 1099 1927 1124 ἓν
1942 1097 2057 1134 ἀνθρώπῳ
2075 1099 2135 1124 Vet.
2148 1097 2226 1123 Gloff.
2247 1096 2359 1123 Pulchre.
2378 1094 2440 1121 Gra-

350 1126 519 1168 FliBVLO,
544 1136 612 1162 onis.
642 1145 677 1163 rn.
716 1135 860 1161 fabularum
891 1133 971 1161 affor.
1008 1134 1126 1161 Macrob.
1157 1135 1258 1161 Sarum.
1284 1142 1316 1165 2,
1335 1141 1346 1159 1
1407 1135 1458 1159 tiae
1476 1137 1539 1160 enim
1551 1142 1574 1160 ct
1592 1134 1732 1167 Venustatis
1744 1134 1868 1161 cuiusdam
1882 1137 2003 1160 notionem
2036 1140 2113 1168 emper
2126 1130 2267 1159 adiunctam
2283 1131 2388 1162 habent,
2406 1134 2440 1156 et·

311 1176 428 1211 Planipes
447 1180 472 1200 et
486 1172 592 1203 fabulo,
610 1170 744 1206 impudica
757 1176 782 1196 et
802 1176 935 1206 praetexta
955 1169 1037 1196 verba
1051 1171 1157 1197 iaciens.
1213 1171 1254 1196 Ita
1265 1167 1347 1202 restit.
1409 1171 1458 1194 iam
1472 1179 1524 1195 cum
1537 1170 1639 1196 ridiculi
1656 1170 1728 1206 causa
1746 1170 1902 1196 adhibentur.
1938 1169 1993 1195 Cic.
2032 1178 2045 1194 e
2060 1170 2134 1195 Orat.
2149 1177 2172 1200 2,
2187 1173 2234 1201 248
2259 1166 2338 1201 Qiod
2358 1166 2440 1191 facete

311 1210 411 1246 Salina-sl
427 1209 514 1236 lfldor.
528 1207 607 1233 Glots.
621 1206 739 1239 Fabulo,
752 1206 904 1241 Congerro‚
918 1212 944 1233 et
962 1205 1063 1232 fabulas
1079 1214 1247 1241 componens.
1288 1204 1348 1231 Vid.
1412 1204 1521 1237 dicitur,
1530 1205 1556 1231 id
1574 1205 1637 1232 alias
1657 1206 1684 1231 in
1702 1214 1741 1237 re,
1761 1205 1824 1232 alias
1842 1205 1870 1231 in
1884 1204 1967 1231 verbo
1988 1204 2084 1231 habere
2107 1203 2221 1231 facetias.
2257 1204 2297 1230 Sic
2311 1202 2371 1228 Duo
2384 1201 2441 1228 sunt
2457 1233 2459 1238 Ι

315 1245 380 1280 Vqffi
393 1243 477 1278 lifiit.
491 1245 558 1269 Poct.
572 1252 595 1273 2,
613 1252 636 1269 2.
760 1273 764 1276 ,
1364 1253 1396 1277 30
1410 1248 1505 1274 genera
1524 1241 1694 1273 facetiarum,
1714 1241 1834 1268 Alterum
1856 1240 2032 1274 aequabiliter
2051 1241 2080 1267 in
2107 1240 2182 1266 omni
2200 1240 2320 1265 sermone
2336 1237 2440 1276 ,fumi-n,

348 1280 532 1309 ranvrztr
544 1284 606 1308 0R‚
627 1277 692 1304 oris.
711 1286 747 1304 m.
783 1277 953 1312 [μυθοποιδς]
989 1277 1117 1303 Facundus
1137 1283 1160 1302 ct
1173 1276 1276 1311 facetus
1293 1284 1347 1301 ccm-
1409 1275 1530 1303 Alterum
1548 1283 1700 1311 peracutum
1722 1283 1746 1303 et
1766 1277 1862 1303 breue:
1890 1276 1936 1302 illa
1959 1285 1973 1302 a
1992 1275 2126 1302 veteribus
2151 1275 2271 1309 superior
2289 1271 2442 1303 Cauillatm,

329 1326 391 1344 erro.
437 1315 506 1342 Suet.
522 1314 549 1340 in
566 1314 633 1347 Aug.
653 1322 676 1339 c.
690 1318 722 1347 78
759 1312 916 1339 Lectoribus
950 1318 979 1340 ut
997 1311 1189 1339 fabulatoribus
1209 1311 1347 1338 accerfiu's.
1409 1310 1473 1338 haec
1493 1311 1573 1338 altera
1588 1313 1717 1338 Dicacitas
1734 1313 1870 1339 nominata
1891 1312 1926 1338 est
1946 1312 2000 1338 Cic.
2014 1312 2046 1337 de
2059 1312 2132 1338 Orat.
2146 1319 2169 1343 2,
2183 1316 2223 1340 218
2242 1319 2262 1336 c.
2277 1317 2325 1348 54..
2368 1307 2450 1347 idem.
2469 1338 2479 1345 μ

326 1359 389 1384 tem,
408 1352 458 1386 ‚Qu'
472 1349 540 1384 ficia
565 1355 670 1379 narrat,
693 1355 722 1374 vt
736 1348 804 1374 Geli.
823 1356 844 1381 3,
868 1357 896 1374 10
953 1347 1077 1374 crodotus
1099 1347 1182 1374 hoino
1203 1347 1347 1374 fabulator.
1409 1347 1438 1373 in
1451 1347 1525 1374 Orat.
1539 1352 1571 1381 87
1586 1357 1608 1373 c.
1623 1350 1653 1374 :6
1671 1347 1734 1374 dicit
1753 1348 1859 1374 facetias
1879 1356 1959 1382 genus
1977 1348 2025 1373 ess'e
2045 1347 2149 1372 salium.
2185 1345 2259 1381 Conf.
2272 1342 2403 1379 Qunehl.
2417 1342 2442 1382 ᾗ,
2456 1350 2479 1365 *1

308 1389 364 1416 Siue
382 1390 409 1412 in
427 1387 512 1412 bonam
528 1391 626 1420 partem
635 1390 684 1419 pro
699 1385 747 1416 Eo,
760 1386 803 1418 qui
815 1385 939 1420 Apologos
947 1384 1054 1420 scribit,
1073 1390 1103 1409 vt
1114 1382 1181 1419 apud
1191 1382 1263 1410 eund.
1278 1391 1303 1416 2,
1314 1391 1348 1417 29
1410 1390 1433 1415 3,
1446 1391 1488 1423 4²!
1540 1383 1673 1418 Leporum
1690 1392 1718 1410 ac
1737 1383 1892 1410 facetiarum
1907 1383 2018 1409 disertus
2031 1391 2096 1417 puer
2112 1381 2209 1408 Catuli.
2225 1389 2259 1411 12,
2271 1389 2295 1413 9.
2366 1379 2442 1405 Facie
2476 1388 2479 1395 Δ

309 1424 426 1457 Aesopus
440 1421 485 1447 ille
500 1429 514 1446 e
527 1420 637 1454 Phrygia
650 1419 791 1445 fabulator.
1362 1426 1391 1453 35
1409 1426 1492 1453 magis
1507 1427 1585 1453 quam
1602 1419 1705 1445 facetiis
1718 1419 1800 1444 homo
1818 1419 1873 1445 Cic.
1887 1420 1940 1444 Att.
1956 1427 1974 1450 1,
1990 1427 2027 1444 10.
2098 1418 2261 1444 Facetiaruin
2273 1420 2299 1442 et
2312 1413 2443 1449 vrbanitas*
2470 1426 2479 1438 τι

348 1464 448 1484 ιτιιιῑν
458 1463 474 1482 L
485 1462 553 1482 A‘rl
563 1461 598 1488 ο,
615 1455 683 1480 onis.
702 1454 722 1480 f.
757 1455 834 1480 Mart.
848 1453 946 1490 Capell.
960 1456 977 1480 6
995 1462 1019 1489 p.
1036 1459 1088 1486 189.
1410 1454 1444 1480 tis
1457 1454 1590 1480 oratorius
1604 1462 1658 1479 non
1676 1453 1794 1480 scurrilis
1813 1454 1884 1487 lepos
1898 1453 1970 1479 Idem
1985 1453 2016 1479 de
2030 1453 2099 1480 Clar.
2113 1453 2188 1479 Orat.
2202 1461 2254 1486 143.
2325 1448 2411 1476 Acerb
2440 1465 2454 1490 '.

348 1497 678 1522 rAiivi.AT0R1vs‚
698 1498 728 1522 a,
747 1498 801 1515 uin.
832 1489 893 1516 Adi.
930 1489 1034 1516 Cathol.
1074 1508 1080 1515 .
1119 1510 1125 1516 .
1163 1509 1170 1516 .
1409 1489 1503 1515 Tacit.
1524 1490 1592 1515 Ann.
1615 1498 1638 1520 5,
1658 1496 1681 1514 2.
1751 1489 1862 1523 Asperae
1891 1489 1964 1515 Idem
1977 1490 2044 1514 Ann.
2059 1497 2093 1519 ις,
2106 1490 2146 1517 68.
2217 1485 2329 1513 Accedat
2348 1485 2415 1511 eode
2434 1495 2479 1521 ,aa

346 1529 530 1555 FABVLAER
541 1534 549 1552 1
560 1532 583 1558 ς,
601 1534 624 1551 e.
641 1525 701 1551 Adi.
728 1523 868 1559 [μυθικᾶς]
895 1525 964 1551 Suet.
980 1525 1007 1550 in
1020 1524 1118 1551 Tibe'r.
1132 1533 1154 1550 c.
1169 1532 1204 1559 70
1229 1524 1346 1551 Maxime
1407 1529 1513 1558 oportet
1532 1523 1604 1558 lepos
1623 1523 1748 1558 quidam,
1763 1524 1941 1558 facetiaeque,
1955 1530 1981 1550 et
1997 1523 2115 1550 eruditio
2133 1522 2220 1548 libero
2239 1522 2317 1556 digna
2342 1521 2400 1561 Cic.
2411 1519 2442 1553 dg

309 1570 398 1592 tamen
409 1563 511 1589 curauit
525 1561 650 1587 historiae
663 1560 789 1586 fabularis
802 1560 925 1586 notitiam
933 1561 1014 1594 vsque
1027 1560 1058 1586 ad
1073 1561 1184 1596 ineptias
1192 1566 1271 1595 atque
1279 1560 1348 1587 deri·
1408 1561 1483 1586 Orat.
1498 1567 1516 1589 1.
1531 1566 1568 1593 17.
1639 1559 1705 1593 Capi
1725 1558 1837 1585 mirifice
1856 1559 1959 1585 facetiis
1990 1559 2064 1585 Idem
2079 1559 2150 1584 Fam.
2169 1565 2195 1589 9,
2213 1564 2245 1590 ις.
2314 1555 2443 1596 Conditus

312 1600 377 1627 sum.
449 1596 588 1623 Fabulares
602 1597 739 1622 Po‘e'taruin
754 1595 878 1622 historiae
898 1596 1036 1622 Censorin.
1051 1606 1070 1622 c.
1083 1605 1111 1629 4.
1353 1602 1389 1628 40
1408 1595 1461 1621 sale
1479 1600 1504 1620 et
1518 1593 1621 1620 facetiis
1635 1595 1729 1620 Caesar
1748 1594 1786 1620 ld.
1800 1594 1851 1620 Off,
1866 1603 1883 1625 i,
1900 1604 1946 1627 133.
2018 1593 2112 1620 Dulces
2125 1593 2215 1619 Latini
2233 1593 2358 1619 sermonis
2376 1590 2445 1630 face-

348 1639 445 1661 FABV
455 1639 471 1657 L
481 1639 490 1658 1
499 1639 521 1657 N
533 1638 552 1656 ν
563 1638 592 1662 S,
611 1633 767 1662 Deur,cuius
780 1634 870 1657 notitia
883 1631 982 1657 debetur
997 1632 1090 1658 Nonio
1105 1640 1142 1664 12,
1156 1633 1187 1663 36
1205 1634 1248 1667 qui
1260 1631 1347 1658 laudat
1407 1630 1460 1657 tiae
1475 1638 1521 1664 per
1534 1629 1682 1656 Caecilium
1696 1629 1913 1664 Terentiuinque
1930 1636 1954 1656 et
1968 1629 2109 1655 Afranium
2124 1628 2171 1655 sub
2189 1629 2246 1663 pari
2266 1633 2347 1667 aetate
2358 1631 2443 1664 nitue-

310 1669 369 1697 baec
383 1667 511 1695 Varronis
523 1667 605 1697 Cam,
625 1667 643 1692 s.
664 1666 694 1691 de
714 1665 805 1692 liberis
819 1666 973 1698 educandis,
992 1667 1032 1693 Sic
1050 1676 1109 1692 cum
1128 1667 1216 1702 primo
1235 1667 1287 1694 fari
1308 1668 1347 1693 in·
1409 1671 1471 1692 runt
1486 1665 1552 1691 Vell.
1566 1673 1585 1697 1,
1600 1673 1639 1699 17,
1656 1673 1675 1691 1.
1746 1665 1852 1691 Oblitae
1872 1665 1967 1697 Latio,
1984 1664 2037 1691 vid.
2058 1671 2186 1691 OBLINO.
2255 1662 2378 1689 Pellicere
2397 1659 2444 1686 ali-

310 1703 457 1739 cipiebant‚
475 1700 655 1728 sacrificabant
670 1701 742 1727 Diuo
762 1701 899 1728 Fabulino.
932 1702 1000 1729 Add.
1015 1703 1109 1739 Metus.
1127 1701 1236 1729 AuHar.
1256 1704 1347 1729 Philol.
1409 1710 1490 1735 quein
1505 1700 1570 1732 sale,
1584 1701 1689 1734 lepore,
1701 1700 1859 1734 politissimis
1878 1701 1980 1727 facetiis
2006 1701 2062 1727 Cic.
2077 1701 2109 1726 de
2121 1700 2195 1726 Orat.
2213 1706 2232 1730 1,
2245 1706 2300 1730 243.
2370 1696 2443 1722 Prac-

309 1748 335 1774 p.
357 1747 411 1773 170.
1409 1737 1476 1762 stare
1496 1736 1650 1769 aequalibus
1672 1737 1724 1761 suis
1741 1736 1886 1762 festiuitate
1907 1742 1933 1762 et
1955 1736 2059 1762 facetiis
2084 1736 2156 1761 Idem
2171 1734 2203 1760 de
2215 1734 2285 1760 Clar.
2299 1732 2374 1759 Orat.
2390 1737 2444 1764 177.

347 1780 394 1800 ΡΑ
404 1773 591 1804 RVLdsvs,
610 1779 641 1803 a,
663 1779 716 1797 um.
741 1770 801 1797 Adi.
838 1769 988 1805 [μυθώδης]
1025 1772 1138 1803 Dicitur,
1158 1771 1188 1796 de
1204 1781 1250 1806 quo
1266 1780 1348 1798 omizes
1359 1779 1392 1804 45
1409 1770 1552 1804 Siiperabat
1565 1770 1616 1796 sale
1635 1771 1791 1805 facetiisque
1810 1780 1901 1796 onmes
1917 1771 2006 1805 Scipio
2036 1771 2075 1797 Id.
2092 1770 2124 1796 de
2137 1771 2207 1797 Clar.
2222 1770 2295 1795 Orat.
2310 1772 2350 1796 128
2370 1775 2391 1792 c.
2406 1773 2454 1798 34..

302 1807 415 1845 saritur‚
433 1808 474 1832 vel
485 1807 514 1831 de
527 1814 572 1841 quo
585 1808 661 1832 multa
674 1806 818 1842 finguntur,
832 1808 872 1832 vel
884 1806 999 1841 denique,
1015 1809 1057 1841 qui
1070 1807 1146 1831 multa
1158 1805 1248 1842 fingit.
1278 1807 1347 1833 Hor.
1409 1802 1429 1840 q
1450 1813 1464 1831 2
1503 1806 1556 1830 Nec
1574 1806 1715 1840 SinguIarIs
1734 1806 1862 1831 inauditus
1882 1804 1915 1837 est
1933 1815 2048 1832 numerus
2066 1806 2183 1831 Facetiae
2201 1804 2249 1830 fibi
2268 1802 2366 1829 habere
2374 1821 2387 1840 ,q
2405 1809 2420 1827 r

308 1844 396 1870 Carm.
416 1850 436 1872 1,
449 1849 491 1872 22,
505 1848 522 1874 7
558 1841 607 1865 Vel
631 1849 697 1873 quae
721 1841 778 1867 loca
799 1841 933 1867 fabulosus
968 1841 1074 1867 Lambit
1094 1841 1236 1875 Hydaspes.
1283 1843 1345 1868 Vet.
1410 1840 1514 1867 diuinas
1529 1839 1650 1866 deridere
1664 1839 1830 1874 Apul.Apol.
1844 1849 1868 1874 p.
1882 1849 1933 1871 310,
1945 1847 1989 1874 27.
2009 1843 2028 1866 i.
2051 1841 2136 1866 Faceti
2146 1839 2198 1873 fibi
2217 1838 2387 1871 videntumst
2406 1844 2434 1862 re

308 1878 394 1905 Schol.
411 1877 451 1902 De
462 1884 516 1910 quo
529 1873 665 1908 finguntur
678 1875 760 1900 inulta
772 1876 899 1901 miranda.
971 1877 1076 1902 Colitur
1088 1876 1143 1901 illic
1156 1876 1274 1904 fabulosa
1283 1878 1348 1903 Der·
1409 1876 1509 1901 diuinas
1521 1875 1658 1901 derideant.
2183 1888 2188 1892 -

308 1919 367 1940 ceto
381 1912 446 1938 Pliii.
462 1919 482 1943 5,
497 1918 529 1942 13.
602 1909 729 1935 Fabulosa
742 1910 905 1936 Graecorum
918 1911 1033 1936 carmina
1047 1911 1122 1935 Curt.
1136 1919 1158 1942 3,
1173 1919 1192 1941 1,
1209 1920 1231 1936 2.
1273 1911 1278 1916 “
1301 1913 1347 1937 Fa·
1444 1915 1516 1936 FAC
1528 1911 1608 1936 ἑΤΕ.
1640 1908 1708 1935 Adu.
1745 1910 1893 1945 [λαμυρῶς,
1913 1909 2066 1944 swainus]
2091 1910 2204 1939 Vrbane,
2224 1915 2246 1934 et
2261 1906 2357 1946 festiue
2376 1912 2455 1942 atque.

308 1949 401 1976 bulosa
419 1946 577 1980 antiquitas,
594 1945 647 1970 vid.
667 1944 731 1970 Plin.
747 1952 781 1976 12,
798 1952 834 1976 19.
941 1945 1052 1978 Cor-:para
1072 1945 1145 1969 Idem
1164 1953 1200 1976 33,
1222 1954 1231 1971 1
1259 1946 1347 1971 Midae
1363 1954 1395 1979 50
1409 1945 1541 1979 eleganter.
1577 1944 1657 1970 Plaut.
1673 1943 1741 1969 Asin.
1762 1952 1784 1975 3,
1797 1952 1822 1974 2,
1835 1952 1862 1976 33
1887 1946 1922 1970 Vt
1934 1944 2092 1970 affiniulabat
2104 1944 2222 1970 Sauriam
2235 1951 2278 1968 me
2290 1943 2352 1972 esse,
2367 1949 2446 1977 quam

308 1983 419 2019 quidem
432 1982 553 2012 anulum,
573 1988 628 2014 quo
648 1979 808 2006 circumacto
821 1978 962 2005 habentem
980 1988 1059 2005 nemo
1074 1986 1206 2010 cerneret,
1221 1980 1280 2014 quis
1294 1989 1348 2006 non
1409 1977 1509 2004 facete!
1565 1979 1633 2004 Ter.
1647 1979 1711 2004 Eun.
1725 1987 1746 2008 2,
1760 1987 1783 2010 2,
1797 1986 1824 2010 55
1859 1978 1916 2004 Eho
1929 1987 2055 2004 numnam
2074 1984 2103 2005 tii
2114 1979 2157 2005 hic
2178 1978 2285 2005 relictus
2301 1978 2395 2010 custos,
2412 1985 2445 2003 ne

308 2021 389 2046 etiam
402 2016 588 2044 fabulosiorem
602 2015 730 2041 fateatur?
784 2014 862 2049 Apul.
877 2015 941 2040 Met.
958 2023 967 2040 1
989 2023 1013 2050 p.
1029 2023 1065 2041 111
1097 2014 1175 2041 Nihil
1193 2014 1238 2041 hac
1257 2015 1349 2042 fabula
1410 2013 1470 2047 quis
1487 2013 1557 2039 forte
1577 2013 1754 2040 internuntius
1773 2013 1839 2039 clam
1859 2022 1873 2039 a
1888 2014 1974 2039 inilite
1992 2013 2023 2040 ad
2037 2013 2111 2040 istam
2125 2013 2246 2040 cursitet?
2266 2020 2290 2040 P.
2308 2014 2391 2040 facete
2408 2012 2447 2039 di-

307 2053 460 2081 fabulofius.
530 2051 624 2085 Supcrl.
650 2050 716 2076 Plin.
730 2057 751 2082 ς,
766 2057 775 2076 r
801 2049 1009 2076 Fabulosissiinus
1021 2049 1102 2076 Atlas.
1157 2051 1293 2081 Garrulus,
1306 2054 1350 2087 qui
1410 2049 1492 2075 6111111.
1528 2048 1597 2075 Add.
1612 2049 1686 2084 Capt.
1701 2057 1721 2080 1,
1736 2056 1759 2080 2,
1772 2055 1811 2083 73.
1849 2049 1904 2075 Cic.
1921 2050 1998 2075 Verr.
2012 2058 2040 2082 4,
2054 2058 2084 2082 95
2111 2050 2256 2084 Nunquam
2270 2054 2369 2075 tantum
2381 2047 2445 2074 mali
2460 2062 2464 2073 ι

302 2090 404 2125 fabulis
418 2085 568 2117 delet-‘latum
581 2087 663 2121 quales
677 2086 740 2120 fiant
755 2086 886 2111 Aniculae.
922 2083 1071 2117 Ἄδολισχὴς
1090 2086 1151 2111 Vet.
1166 2086 1245 2113 Gloff.
1266 2089 1350 2121 Atque
1410 2084 1447 2110 est
1459 2084 1569 2116 Siculis,
1587 2085 1653 2118 quin
1671 2083 1773 2118 aliquid
1791 2084 1874 2110 facete
1886 2090 1912 2110 et
1932 2084 2072 2111 commode
2086 2085 2182 2111 dicant.
2225 2084 2297 2111 Idem
2309 2084 2340 2111 de
2354 2084 2411 2110 Fin.
2424 2091 2444 2115 r,
2470 2090 2479 2109 -Δ

309 2129 348 2151 ita
365 2128 561 2158 interpretantur
575 2120 636 2147 illud
654 2121 832 2147 Horatianiim
853 2120 942 2146 Carm.
955 2128 978 2152 3,
991 2130 1019 2154 4,
1032 2128 1050 2152 9
1076 2119 1104 2146 de
1118 2121 1224 2148 Nutrict
1237 2122 1348 2157 linguae,
1363 2122 1392 2149 55
1411 2128 1441 2151 39
1466 2120 1501 2145 Vt
1515 2128 1529 2144 e
1543 2125 1616 2152 patre
1629 2118 1782 2151 audiebam,
1795 2119 1878 2145 facete
1892 2126 1917 2146 et
1931 2121 2030 2147 vrbane
2045 2121 2146 2147 Stoicos
2159 2120 2295 2147 irridente.
2365 2118 2444 2152 ch

307 2167 338 2187 vt
349 2160 447 2197 solent,
460 2160 609 2192 impotenti,
1409 2154 1493 2180 facete
1504 2153 1617 2185 dicitur,
1636 2155 1662 2180 id
1678 2154 1740 2179 alias
1760 2154 1787 2179 in
1807 2163 1837 2181 re
1851 2153 1965 2187 habere,
1984 2156 2048 2181 alias
2067 2156 2095 2182 in
2114 2156 2199 2183 verbo
2213 2156 2320 2182 facetias
2344 2155 2399 2180 Cic.
2413 2153 2443 2180 de

504 2193 549 2218 Me
569 2190 705 2217 fabulosae
723 2189 835 2217 Vulture
856 2190 884 2216 11·ι
904 2189 1010 2224 Appulo
1411 2189 1486 2215 Orat.
1500 2197 1526 2220 2,
1539 2195 1594 2221 248.
1664 2189 1798 2222 Colligere
1815 2189 1897 2216 multa
1913 2199 1966 2215 non
1981 2191 2062 2217 modo
2078 2198 2168 2223 acute,
2180 2191 2222 2217 sed
2235 2192 2316 2217 etiam
2333 2189 2441 2216 ridicule

505 2227 613 2253 Altricis
632 2233 705 2252 extra
725 2226 806 2252 limen
828 2225 940 2260 Apuliae
1411 2232 1440 2250 ac
1453 2224 1536 2249 facete
1553 2224 1625 2249 Idem
1640 2223 1672 2249 de
1685 2225 1760 2249 Orat.
1781 2231 1798 2253 1,
1812 2231 1865 2255 143.
1936 2226 2048 2259 Compar.
2069 2227 2124 2252 Cic.
2141 2226 2172 2252 de
2184 2227 2258 2252 Orat.
2270 2234 2295 2257 2,
2311 2233 2359 2259 217
2379 2229 2438 2260 054

504 2261 580 2288 Ludo
600 2262 791 2295 fatigatumque
810 2262 903 2288 somno
1412 2260 1467 2293 Ego
1491 2267 1556 2285 vero
1570 2259 1644 2284 omni
1665 2258 1696 2284 de
1717 2267 1746 2284 re
1765 2258 1875 2284 facetius
1889 2264 1954 2293 puto
1971 2260 2040 2293 posse
2057 2260 2091 2286 ab
2114 2260 2223 2286 homine
2243 2269 2297 2286 non
2314 2260 2434 2287 inurbani»

504 2296 609 2323 Fronde
629 2306 699 2323 noua
719 2305 827 2330 puerum
848 2295 982 2330 palumbes
1017 2295 1137 2322 Texere.
1361 2294 1396 2319 60
1411 2302 1490 2329 quam
1503 2293 1535 2319 de
1549 2293 1609 2328 ipsis
1622 2293 1723 2320 facetiis
1742 2293 1876 2327 disputari.
1948 2295 2031 2320 Iulius
2046 2296 2188 2322 Graecinus
2201 2295 2255 2320 duo
2268 2293 2438 2323 voluinina'fl·
2477 2318 2479 2322 ⁴

313 2333 373 2362 Vid.
390 2334 507 2360 Torrent.
521 2332 555 2358 ad
565 2334 611 2359 loc.
648 2332 695 2360 Sed
711 2334 771 2358 aliis
785 2333 869 2367 placet
888 2331 1019 2357 fabulosas
1035 2331 1171 2365 palumbes
1185 2330 1283 2364 dici‚de
1295 2334 1348 2367 qui-
1410 2330 1517 2369 milium
1531 2335 1729 2364 praeceptorum
1748 2329 1780 2355 de
1800 2329 1886 2355 vineis
1904 2329 2060 2364 compofita,
2073 2331 2185 2356 facetius
2204 2334 2230 2353 et
2249 2329 2380 2357 eruditius
2396 2336 2440 2365 po-
2458 2346 2460 2366 g

306 2370 352 2397 bus
364 2376 387 2395 et
400 2370 463 2394 aliae
470 2368 583 2403 fabulae.
1410 2365 1521 2392 steritati
1540 2365 1667 2392 narranda
1687 2364 1790 2390 curauit
1808 2364 1956 2390 Columella
1971 2374 1989 2395 1,
2006 2374 2026 2391 1.
2095 2365 2189 2399 Siapcrl.
2209 2363 2263 2390 Cic.
2283 2364 2315 2390 de
2329 2366 2402 2391 Orat.
2415 2372 2442 2396 2,
2458 2384 2460 2390 ,

346 2411 391 2431 ΡΑ
403 2410 446 2430 BV
457 2404 556 2429 rose.
575 2402 642 2428 Adii.
678 2401 827 2435 [μυθικῶς]
862 2401 886 2427 h.
900 2410 920 2427 e.
941 2401 1066 2437 Mcndose.
1103 2401 1168 2428 Plin.
1187 2408 1215 2436 7,
1237 2406 1271 2434 48
1300 2403 1346 2428 Fa·
1410 2409 1454 2433 ²23
1474 2410 1494 2427 c.
1510 2408 1537 2433 55
1559 2400 1656 2427 Noster
1670 2399 1713 2426 hic
1726 2398 1875 2426 facetissime
1886 2406 1936 2425 tres
1949 2401 2029 2434 patris
2044 2400 2118 2426 Bruti
2131 2399 2162 2425 de
2177 2399 2235 2425 iure
2247 2399 2321 2426 ciuili
2336 2399 2440 2426 libellos
2459 2407 2463 2423 r

309 2440 402 2466 bulose
421 2437 504 2464 11111113
516 2437 548 2463 de
566 2437 706 2463 hominum
719 2445 785 2463 aeuo
803 2437 929 2463 referens.
964 2437 1032 2463 Aad.
1047 2436 1085 2462 Id.
1099 2445 1137 2468 32,
1151 2445 1182 2463 11.
1218 2437 1346 2472 Reliquae
1409 2436 1495 2463 trihus
1510 2435 1634 2471 legendos
1647 2435 1727 2462 dedit.
1782 2434 1940 2460 Facetiffiine
1954 2435 2023 2461 dixit
2036 2435 2102 2461 Plin.
2117 2436 2162 2469 Ep.
2176 2444 2196 2467 1,
2209 2442 2235 2467 9.

309 2472 453 2501 fabulosius
472 2473 500 2499 in
521 2472 652 2499 Phoenice
671 2473 737 2498 Plin.
757 2480 795 2503 32,
811 2480 842 2498 11.
931 2472 1042 2507 Compar.
1063 2473 1194 2498 Aimnian.
1208 2481 1247 2505 23,
1261 2482 1291 2505 25
1311 2475 1347 2499 Vt
1363 2475 1395 2507 63
1446 2478 1517 2498 FAC
1529 2477 1545 2497 E
1557 2478 1578 2498 Τ
1589 2479 1598 2497 1
1608 2477 1627 2498 o
1638 2478 1656 2497 R
1666 2490 1673 2502 ‚
1689 2471 1738 2497 ari.
1764 2470 1828 2504 Dep.
1865 2471 1976 2497 Facetum
1984 2472 2013 2506 fi
2030 2469 2160 2504 ostendere.
2196 2469 2252 2503 Qii
2271 2468 2343 2503 quod
2353 2467 2442 2495 verbis

309 2511 445 2537 Homerus
458 2507 600 2535 fabulosius
619 2507 697 2533 canit.
732 2506 805 2542 Conf-
820 2507 858 2532 ld.
873 2515 910 2539 19,
928 2512 961 2536 18.
1032 2508 1126 2541 Supcrl.
1152 2507 1217 2533 Plin.
1231 2516 1254 2541 5,
1269 2517 1279 2534 1
1301 2509 1347 2535 Fa·
1410 2507 1597 2534 inuerecundis
1611 2507 1716 2533 aurium
1729 2505 1894 2540 publicarum
1908 2507 2085 2533 reuerentiam
2097 2505 2237 2536 incestant,
2252 2503 2385 2540 granditer
2396 2502 2444 2530 fibi

308 2544 465 2573 bulosiffime
478 2543 511 2570 ab
532 2543 646 2577 antiquis
660 2550 772 2569 narrata.
807 2541 875 2568 Add.
889 2541 1025 2575 Augustin.
1038 2542 1110 2568 Retr.
1124 2551 1144 2573 i,
1159 2550 1193 2574 ις.
1411 2542 1537 2569 videntur
1550 2542 1671 2568 facetiari
1685 2541 1773 2567 Sidon.
1788 2541 1864 2575 Epist.
1879 2550 1901 2572 3,
1917 2550 1940 2572 13
1951 2549 1993 2576 pr.

348 2587 364 2607 F
373 2587 395 2607 Α
404 2587 419 2606 Β
428 2587 447 2605 V
459 2586 474 2605 L
488 2584 508 2605 O
519 2586 531 2605 S
543 2577 555 2604 ἶ
565 2586 586 2605 T
596 2586 616 2604 A
625 2585 649 2611 S,
663 2579 717 2604 fitis.
737 2577 757 2602 f.
778 2577 891 2603 Denom.
911 2576 1091 2609 [μυθολογίαι]
1129 2577 1241 2608 Plin.36‚
1254 2586 1278 2609 13
1298 2577 1348 2605 Sed
1447 2585 1463 2604 F
1473 2585 1493 2604 A
1502 2584 1520 2605 C
1530 2585 1547 2603 E
1556 2585 1577 2604 T
1587 2578 1628 2604 OS
1639 2584 1659 2602 V
1668 2583 1697 2608 S,
1717 2586 1747 2608 a,
1765 2585 1819 2602 um.
1841 2576 1900 2602 Adi.
1935 2574 2153 2612 [εὐτραπελῶὃης]
2188 2575 2325 2611 Adfertur.
2345 2574 2401 2601 Cic·
2413 2572 2444 2601 de

311 2625 394 2652 quum
408 2613 514 2641 excedat
528 2614 617 2640 omnia
632 2612 793 2639 fabulofitas.
829 2612 912 2639 Idem.
927 2620 954 2647 7,
969 2620 1008 2645 52.
1045 2611 1150 2638 Poetica
1167 2612 1207 2638 Id.
1222 2619 1249 2647 7,
1263 2617 1302 2643 28.
1411 2613 1470 2638 Fin.
1484 2621 1509 2644 2,
1523 2621 1565 2644 103
1584 2621 1605 2638 c.
1619 2621 1644 2644 31
1673 2613 1704 2638 In
1718 2618 1841 2646 quantam
1862 2611 2002 2637 hominum
2016 2611 2155 2638 facetosain
2172 2611 2348 2638 vrbanitateui
2361 2610 2446 2647 incur?

348 2657 365 2679 F
374 2658 396 2679 A
406 2656 423 2677 B
431 2656 451 2675 v
460 2655 477 2674 L
487 2655 507 2675 v
516 2655 552 2675 Μ.
586 2647 641 2675 vid.
679 2655 695 2675 1³
704 2655 725 2675 A
736 2654 752 2674 Β
763 2654 793 2674 Α.
1363 2658 1400 2686 70
1412 2647 1475 2674 ratis
1489 2655 1543 2673 non
1555 2647 1624 2673 dico.
1660 2647 1705 2673 Sed
1722 2648 1779 2672 boni
1792 2655 1872 2672 omncs
1884 2646 1945 2672 libri
1957 2647 2123 2673 Facetorum.
2442 2650 2447 2656 ’

1452 2688 1468 2708 F
1477 2681 1499 2709 A'
1508 2689 1524 2709 C
1535 2688 1566 2708 113
1576 2688 1605 2714 S,
1627 2681 1660 2707 ei.
1680 2681 1701 2707 f.
1736 2681 1887 2716 [κρέα-ωπον,
1907 2677 1982 2715 εἶδος]
2017 2681 2092 2717 Qtast
2105 2689 2133 2708 tu
2147 2681 2275 2708 fafluram
2289 2681 2368 2708 dicas.
2401 2680 2422 2707 F

703 2718 728 2750 F
824 2719 853 2749 A
949 2720 976 2750 C
1011 2733 1014 2734 ν
1413 2718 1482 2753 cim,
1495 2720 1578 2752 inquit
1591 2717 1658 2743 Gell.
1674 2725 1707 2749 13,
1721 2722 1749 2746 28
1766 2716 1807 2743 Est
1820 2717 1915 2743 Forma
1934 2717 2020 2743 onmis
2029 2738 2037 2749 ‚
2051 2724 2076 2744 et
2088 2716 2196 2748 modus,
2209 2723 2235 2743 et
2247 2716 2357 2753 fal-iura
2369 2725 2422 2750 qua

1413 2753 1473 2780 dam
1487 2753 1606 2787 corporis
1622 2753 1718 2782 totius,
1734 2761 1749 2778 a
1763 2751 1885 2788 faciendo
1900 2752 1981 2784 dicffa,
1995 2758 2023 2779 vt
2038 2752 2070 2779 ab
2090 2752 2194 2787 aspec”tu
2212 2754 2322 2787 spec1e5‚
2334 2759 2360 2777 et
2373 2760 2387 2777 a
2400 2751 2417 2777 fi

348 2796 397 2818 rA
407 2794 424 2816 C
434 2794 509 2816 ΕΒΑ
519 2808 528 2821 ,
540 2787 566 2824 s
588 2794 634 2815 ΡΑ
644 2793 660 2815 C
671 2794 687 2814 E
698 2793 769 2814 LLA
779 2806 787 2818 ‚
804 2795 843 2813 ae.
863 2786 883 2812 f.
920 2787 1080 2820 Acetarium,
1093 2788 1118 2823 s
1139 2787 1271 2824 olusculum
1284 2794 1352 2815 aceto
1413 2788 1499 2823 gendo
1518 2788 1610 2822 figura.
1645 2787 1729 2822 (Vid.
1748 2797 1804 2813 mox
1824 2794 1918 2815 FACIO
1939 2791 1965 2814 in
1974 2789 2083 2823 princ.)
2102 2790 2194 2822 Itaque
2209 2787 2335 2814 Pacuuius
2353 2786 2382 2813 in
2397 2792 2421 2813 tr

313 2832 477 2855 maceratum,
489 2824 668 2859 interpretatur
686 2824 795 2858 Scaliger
816 2822 849 2848 ad
868 2822 949 2849 Catal.
964 2824 1037 2856 Virg.
1057 2832 1082 2857 p.
1097 2832 1151 2855 244
1174 2823 1216 2849 vbi
1235 2824 1280 2849 hoc
1294 2824 1352 2857 Epi·
1364 2830 1396 2858 75
1412 2823 1524 2858 goedia,
1545 2832 1612 2857 quae
1631 2823 1729 2857 Niptra
1747 2822 1915 2853 inscribitur,
1936 2825 2029 2850 Faciem
2050 2824 2119 2850 dixit
2138 2825 2244 2850 hominis
2257 2830 2306 2855 pro
2319 2822 2410 2856 Corpo

314 2869 432 2897 gramma
444 2860 562 2889 babetur,
582 2858 724 2893 Augustum
739 2858 842 2892 penitus
856 2863 938 2884 torret
953 2857 1141 2884 Phaethontius
1156 2858 1251 2890 ardor,
1265 2860 1352 2891 Quem
1413 2858 1595 2892 longitudine3
1623 2859 1714 2884 Aetate
1733 2858 1851 2893 integra,
1870 2859 1954 2886 feroci
1978 2859 2101 2893 ingenio,
2126 2858 2192 2884 facie
2215 2866 2323 2891 procera
2345 2858 2446 2887 virum.

313 2901 432 2925 recreant
446 2895 536 2921 fessum
551 2894 631 2928 gillo,
645 2893 743 2926 facela,
757 2893 837 2919 melo.
875 2893 921 2920 scd
934 2894 1033 2929 Salmas.
1048 2893 1081 2919 ad
1094 2893 1226 2928 Lamprid.
1243 2894 1350 2928 Heliog.
1413 2894 1478 2921 Non
1496 2894 1581 2919 solum
1594 2900 1680 2920 autem
1702 2894 1730 2919 in
1745 2893 1884 2920 hominum
1903 2894 2074 2928 corporibus,
2094 2893 2137 2919 sed
2156 2893 2235 2919 etiam
2255 2893 2283 2918 in
2297 2901 2386 2919 rerum
2402 2897 2445 2920 eil}

315 2941 347 2959 ιο
359 2941 384 2967 p.
400 2936 442 2963 833
466 2929 545 2956 Hack.
566 2936 640 2965 negat
653 2929 717 2957 hanc
729 2928 937 2965 fignificationem
957 2929 1068 2955 alicunde
1084 2929 1150 2965 poffi’
1169 2932 1238 2962 erui,
1251 2935 1276 2955 et
1288 2930 1351 2965 legit
1413 2927 1581 2963 iusqueuiodi
1593 2929 1704 2955 aliarum
1716 2928 1831 2956 dicitur3
1867 2930 1937 2956 Nam
1951 2929 2063 2960 montis,
2077 2934 2102 2953 et
2115 2927 2197 2959 caeli,
2211 2934 2235 2954 et
2257 2928 2335 2954 maris
2354 2928 2445 2963 facies,

314 2978 344 2995 ex
359 2968 416 2994 MS.
431 2965 541 2992 Fabilla.
556 2974 582 2991 υ.
596 2974 621 2991 υ.
1413 2965 1431 2991 si
1449 2964 1602 2997 tempestiue
1622 2964 1738 2996 dicatur,
1752 2964 1834 2999 probe
1849 2964 1954 2991 dicitur.
1989 2963 2101 2989 Sallustii
2119 2962 2199 2989 verba
2213 2964 2270 2990 sunt
2287 2972 2319 2990 ex
2335 2964 2446 2990 historia

351 3000 428 3030 FA‘C
441 3002 586 3033 ΕιᾹΚΕ,
603 3000 635 3026 is.
664 3008 692 3025 n.
727 2999 873 3025 Acetarium
903 3002 1109 3034 interpretantur.
1144 2998 1278 3034 Lamprid.
1299 3000 1352 3026 He·
1367 3001 1399 3027 80
1414 2999 1540 3032 secunda,
1575 3000 1694 3026 Sardinia
1719 3001 1746 3026 in
1761 3001 1852 3027 Africo
1869 3001 1952 3031 mari,
1972 2999 2039 3025 facie
2059 2998 2162 3032 vestigii
2180 2998 2304 3032 humani,
2324 2999 2353 3025 in
2370 2999 2444 3030 Occia

315 3037 380 3072 liog.
395 3046 416 3063 c.
431 3045 473 3063 20.
509 3035 557 3063 sed
569 3035 671 3070 Salmas.
690 3035 708 3060 I.
723 3044 743 3060 c.
762 3033 923 3060 Faselaribus
941 3034 1066 3070 legendum
1081 3041 1171 3070 putat,
1185 3042 1208 3061 et
1222 3035 1352 3072 intelligit,
1413 3036 1534 3066 dentem,
1553 3043 1630 3068 quam
1651 3036 1680 3061 in
1693 3036 1831 3062 Orientem
1845 3035 1923 3061 latior
1941 3034 2082 3068 prominet.
2152 3034 2213 3060 Ecce
2233 3042 2320 3061 autem
2341 3036 2445 3098 (perfif

2415 3079 2444 3098 o·

308 3072 416 3109 filiquar
425 3072 513 3107 jastli.
556 3071 614 3097 Vici.
629 3070 696 3096 modo
710 3068 780 3095 dtfia
793 3072 820 3094 in
842 3076 858 3095 F
867 3076 888 3095 Α
897 3076 914 3096 c
923 3076 937 3096 15
948 3077 962 3095 L
972 3076 1003 3095 Α.
1412 3071 1526 3105 Gellius)
1544 3071 1645 3096 Plautus
1661 3071 1687 3096 in
1701 3072 1814 3097 Paenulo
1827 3074 1867 3102 (ς,
1880 3079 1900 3101 2,
1914 3073 1966 3103 15¹)
1980 3070 2074 3095 faciem
2087 3077 2136 3104 pro
2149 3071 2230 3096 totius
2242 3079 2362 3105 corporis
2374 3079 2405 3098 co

353 3115 370 3135 1Γ
378 3115 399 3134 Α
410 3113 426 3134 c
435 3114 451 3133 E
461 3114 477 3133 1.
486 3107 497 3133 i
507 3113 529 3132 N
537 3113 559 3134 Α
568 3126 577 3138 ,
604 3113 621 3133 1²
629 3113 650 3132 A
659 3112 698 3132 cr
708 3112 723 3131 1.
733 3113 742 3130 1
751 3111 764 3131 s
775 3124 782 3136 ‚
808 3111 824 3130 r
834 3111 853 3130 A
862 3111 879 3130 c
888 3111 902 3130 r:
913 3112 929 3130 i.
938 3112 947 3130 1
957 3112 978 3130 T
989 3112 996 3130 1
1006 3111 1028 3130 s.
1059 3105 1225 3141 [φακιλίτις]
1252 3107 1350 3132 Dianae
1411 3107 1501 3143 risque
1517 3105 1609 3132 habitu
1623 3104 1700 3132 dixit.
1734 3106 1822 3133 Verba
1836 3106 1919 3132 Plauti
1934 3105 1995 3131 haec
2008 3105 2064 3130 sunt
2073 3125 2081 3136 ‚

314 3149 506 3180 cognomentum.
541 3141 598 3168 Vid.
620 3141 703 3176 Heius?
723 3148 746 3166 et
766 3139 891 3166 Drakenh.
911 3140 944 3165 ad
956 3139 1000 3165 Sil.
1016 3149 1054 3172 14,
1070 3142 1121 3166 260
1148 3141 1224 3167 Mille
1237 3141 1352 3168 Thoan·
1508 3148 1565 3168 ΗΑ.
1584 3141 1631 3167 Sed
1645 3150 1735 3167 earum
1749 3142 1853 3173 nutrix,
1866 3150 1916 3176 qua
1930 3140 1958 3166 fit
1972 3140 2053 3172 facie,
2066 3139 2132 3166 mihi
2145 3140 2248 3174 expedi.

316 3184 373 3206 teae
393 3178 462 3205 sedes
482 3177 602 3203 Facelina
614 3177 722 3203 Dianae.
759 3174 832 3211 Conf.
854 3175 928 3201 Seru.
943 3175 977 3200 ad
990 3175 1078 3203 Bucol.
1088 3184 1132 3211 pr.
1152 3180 1184 3203 it.
1202 3176 1236 3203 ad
1246 3178 1312 3203 Aen.
1325 3186 1351 3211 2,
1362 3181 1392 3210 85
1507 3184 1533 3203 M
1546 3184 1564 3203 ι.
1583 3176 1683 3203 Statura
1696 3177 1764 3203 haud
1778 3185 1880 3211 magna,
1893 3184 2002 3210 corpore
2015 3176 2112 3210 aquilo.
2134 3183 2188 3202 ΗΑ.
2206 3177 2277 3210 ipsa,
2292 3184 2322 3202 ca
2335 3175 2373 3204 ’st-

317 3218 366 3243 116.
401 3213 499 3248 Hygin.
516 3213 535 3239 f.
549 3214 605 3238 261.
1508 3219 1561 3239 Mi.
1580 3212 1668 3246 Specie
1681 3212 1803 3245 venusta,
1816 3220 1898 3246 paruo
1910 3220 1971 3242 ore,
1985 3217 2062 3245 atque
2074 3211 2157 3237 oculis
2171 3211 2309 3245 pei-nigris.

354 3256 370 3276 F
378 3256 399 3276 Α
409 3255 425 3275 c
435 3256 452 3275 E
462 3256 474 3276 s
484 3255 523 3275 so
532 3267 541 3280 ‚
576 3246 630 3273 vid·
668 3252 684 3272 F
692 3253 713 3272 Α
721 3252 756 3272 CI
768 3250 799 3272 0-
1508 3255 1562 3274 HA.
1581 3248 1704 3274 Formam
1718 3248 1826 3281 quidem
1841 3246 1927 3274 hercle
1946 3246 2034 3272 verbis
2047 3247 2166 3281 depinxti
2186 3247 2278 3281 probe.

355 3291 426 3311 FAC
438 3286 455 3311 r}
464 3290 485 3309 'r
495 3289 553 3314 VS,
576 3291 591 3309 a
602 3302 610 3314 ,
636 3290 691 3306 um.
727 3280 786 3307 Adi.
825 3279 1001 3315 [εὖτριίπιλοῃ
1019 3279 1202 3313 φιλοσκώπτης,
1222 3281 1351 3316 ςωμόλος]
1412 3284 1547 3310 Praeterea
1559 3283 1688 3315 memini,
1703 3283 1909 3317 Qiadrigariuni
1924 3282 2015 3308 faciem
2031 3292 2078 3317 pro
2092 3283 2186 3308 statui-a
2206 3283 2288 3308 totius
2308 3291 2341 3308 ue
2352 3289 2442 3317 corpo-

317 3320 343 3348 18
356 3319 461 3350 dicitur,
474 3319 521 3354 qui
539 3317 628 3344 verbis
641 3317 704 3342 facit
717 3316 789 3350 quod
808 3316 878 3342 vult:
897 3315 998 3342 auclore
1011 3315 1114 3342 Donato
1128 3316 1160 3340 ad
1171 3317 1239 3342 Ter.
1248 3318 1313 3343 Eun.
1328 3327 1351 3350 3,
1413 3319 1450 3344 ris
1471 3318 1554 3353 figura
1570 3317 1670 3344 dixisse.
1756 3318 1834 3344 Plaut.
1848 3318 1930 3344 Trin.
1949 3327 1976 3350 4,
1992 3327 2010 3348 2,
2024 3323 2051 3351 58
2087 3319 2146 3352 Qia
2165 3318 2230 3344 facie
2249 3318 2285 3344 est
2321 3319 2402 3344 omo?
2418 3324 2442 3344 s.
2458 3331 2459 3342 1

319 3363 340 3388 1,
354 3363 393 3390 37.
428 3356 486 3381 Vet.
499 3353 578 3380 Glots.
592 3354 699 3380 Facetus
712 3353 817 3385 ἔῐιχκρις.
832 3349 984 3387 RcHefime.
1006 3353 1072 3377 Nam
1083 3350 1246 3386 quidquid-lit
1260 3352 1288 3377 de
1301 3359 1352 3386 ety-
1364 3367 1400 3390 90
1414 3354 1566 3389 sesquipede
1580 3353 1688 3388 quidem
1706 3353 1742 3379 est
1760 3362 1837 3387 quani
1857 3358 1884 3379 tu
1904 3352 2016 3387 longior.
2070 3354 2138 3380 Ter.
2153 3354 2219 3379 Eun.
2237 3362 2260 3385 2,
2273 3362 2296 3385 3,
2317 3361 2330 3385 5
2368 3354 2392 3379 O
2405 3352 2442 3378 fa·
2458 3351 2460 3356 ’

317 3392 423 3450 ηιοΙῖῗία
432 3410 440 3422 ,
458 3389 539 3416 laudis
551 3398 636 3415 nomen
648 3386 689 3420 est,
703 3396 748 3422 quo
761 3386 888 3412 indicatur
897 3386 953 3419 ,1βέ
967 3388 1072 3422 aliquem
1084 3385 1212 3412 iucundum
1225 3386 1352 3418 hominem,
1414 3390 1481 3415 ciem
1502 3389 1646 3424 pulchram.
1706 3389 1752 3415 Vbi
1767 3389 1861 3414 Donat.
1882 3389 1982 3415 Faciem
1996 3388 2075 3415 inodo
2092 3398 2146 3415 non
2160 3395 2259 3423 partein
2273 3389 2393 3423 corporis
2405 3387 2442 3418 diq

319 3431 344 3451 et
355 3434 370 3451 a
402 3424 568 3451 delectandum
581 3431 674 3459 aptum,
686 3429 730 3449 etc.
784 3422 838 3448 Cic.
853 3429 902 3456 pro
918 3422 1010 3455 Quint.
1026 3430 1047 3447 ιι
1077 3421 1146 3448 Nam
1160 3430 1245 3455 neque
1258 3431 1351 3456 parum
1413 3425 1448 3449 cit
1457 3443 1463 3454 ,
1476 3425 1517 3450 sed
1532 3430 1614 3451 totam
1630 3425 1750 3459 speciem,
1763 3431 1830 3458 quae
1843 3430 1948 3458 apparet
1960 3432 1984 3450 ct
1995 3426 2120 3451 cernitur.
2209 3424 2239 3450 Et
2252 3424 2370 3450 militum
2382 3423 2442 3458 ph&

320 3460 418 3486 facetus
432 3461 517 3486 scurra
530 3461 588 3486 Sex.
603 3458 730 3487 Naeuius.
783 3457 864 3484 Plaut.
879 3458 936 3483 Mil.
952 3466 974 3489 3,
992 3466 1010 3489 1,
1024 3464 1061 3491 47
1086 3457 1232 3483 Cauillator
1244 3457 1351 3490 facetus,
1414 3458 1484 3484 ierac
1509 3466 1667 3495 torquesque
1690 3459 1871 3494 splendebant:
1901 3460 1994 3486 decora
2010 3461 2091 3487 facies
2123 3459 2213 3486 Tacit.
2226 3459 2292 3485 Hist.
2311 3468 2335 3490 2,
2355 3465 2396 3492 89,
2414 3464 2453 3492 4⁴

320 3495 364 3520 vel
382 3495 534 3521 commodus
553 3495 666 3522 coniiiua
687 3494 750 3520 item
770 3502 826 3519 ero.
897 3493 927 3519 ln
948 3492 1096 3519 altercando
1120 3501 1179 3518 cum
1199 3493 1306 3528 aculeo,
1326 3499 1351 3520 et
1414 3494 1472 3520 Nec
1486 3496 1626 3529 quisquam
1646 3495 1713 3521 adeo
1732 3494 1903 3520 humanarum
1917 3504 2004 3522 rerum
2025 3496 2181 3527 inimemor,
2200 3503 2279 3528 quem
2300 3503 2353 3521 non
2372 3501 2443 3520 conv
2459 3497 2461 3501 '

320 3529 463 3556 maledicto
475 3530 574 3557 facetus
589 3531 647 3557 Cic.
660 3529 693 3556 de
704 3529 775 3556 Clar.
788 3529 861 3555 Orat.
877 3535 919 3562 173
934 3536 955 3553 c.
969 3535 1014 3562 47.
1058 3528 1143 3554 Faceti
1155 3527 1261 3554 adiet‘lio
1275 3529 1353 3556 mollit
1365 3534 1397 3562 93
1414 3536 1534 3556 moueret
1553 3530 1597 3556 illa
1615 3530 1694 3556 facies
1723 3530 1793 3556 Idem
1815 3530 1882 3557 Hist.
1896 3539 1916 3562 3,
1930 3535 1970 3564 68,
1984 3539 2002 3558 1.
2058 3530 2195 3564 Contingit
2214 3538 2277 3564 ergo
2295 3530 2379 3556 oculis
2397 3532 2441 3556 11οό

320 3564 388 3604 quali
407 3565 526 3591 aculeum
545 3572 569 3591 ct
587 3565 766 3592 iiialedieluiii.
837 3564 924 3589 Genus
948 3562 1053 3589 iocandi
1076 3572 1128 3589 non
1149 3563 1284 3598 profusum
1305 3573 1353 3591 nec
1415 3565 1473 3591 stris
1488 3565 1591 3591 insolita
1606 3565 1683 3591 facies
1697 3565 1761 3591 Ptin.
1777 3566 1867 3599 Pancg.
1881 3575 1902 3592 c.
1918 3575 1952 3598 31.
1997 3566 2168 3594 Memoranda
2181 3565 2275 3597 facies,
2296 3565 2440 3592 delatorum

322 3599 524 3631 immodestum,
543 3600 586 3626 sed
603 3601 744 3635 ingenuum
757 3605 783 3626 et
797 3599 907 3626 facetum
922 3598 976 3625 Cic.
991 3599 1043 3625 Off.
1058 3607 1076 3629 1,
1092 3607 1139 3631 104
1157 3608 1178 3625 c.
1192 3607 1234 3632 29.
1297 3601 1354 3626 Ho-
1415 3600 1493 3627 claffis
1510 3601 1628 3635 permissa
1641 3600 1766 3626 omnibus
1783 3602 1865 3627 ventis
1886 3602 1920 3628 Id.
1936 3602 2002 3628 ibid.
2016 3611 2037 3628 c.
2053 3609 2089 3634 33.
2125 3600 2197 3635 Conf.
2214 3599 2371 3634 Elmcnhorst.
2385 3595 2439 3626 tnd.

321 3643 368 3662 mo
382 3635 480 3661 facetus
495 3634 596 3661 inducit
609 3636 753 3662 sermonem
766 3635 896 3662 ιιι-1131111111
907 3643 936 3660 ac
948 3634 1100 3664 venustum,
1111 3636 1205 3660 ironice
1217 3635 1289 3662 Idem
1304 3644 1353 3670 pro
1415 3636 1494 3670 Apul.
1686 3634 1707 3671 Ἴ
1731 3644 1747 3662 2
1783 3637 1910 3671 Spei-iatim
1930 3645 2009 3663 tamen
2032 3638 2119 3663 Facies
2130 3635 2223 3661 dicitur
2239 3639 2265 3661 in
2284 3637 2378 3662 homine
2397 3635 2441 3666 Os,

324 3671 411 3698 Domo
425 3671 468 3696 sua
480 3678 520 3702 92.
574 3670 667 3702 Acuti,
681 3671 808 3704 elegantes
817 3690 824 3701 ,
838 3670 932 3702 faceti,
944 3669 1036 3696 breues
1049 3669 1167 3696 homines
1186 3670 1225 3697 Id.
1238 3671 1269 3698 de
1283 3671 1353 3698 Clar.
1414 3681 1447 3697 na
1461 3682 1503 3704 us,
1514 3673 1590 3702 oculi,
1603 3680 1691 3708 genae:
1712 3678 1735 3697 ct
1752 3672 1815 3707 quod
1828 3674 1916 3699 Graeci
1932 3673 2050 3707 πρόσωπον
2064 3672 2155 3698 dicunt.
2210 3671 2274 3698 Plin.
2289 3680 2320 3703 11,
2333 3679 2364 3706 37
2395 3670 2439 3696 Fa-

323 3706 397 3732 Orat.
410 3707 450 3737 63.
504 3705 595 3731 Homo
606 3705 715 3732 mininie
729 3707 832 3740 ineptus
842 3712 867 3732 et
881 3706 976 3732 facetus
991 3706 1046 3731 Cic.
1061 3703 1093 3731 de
1105 3705 1174 3732 Clar.
1184 3707 1257 3733 Orat.
1278 3727 1283 3733 .
1311 3727 1318 3733 .
1345 3727 1352 3733 .
1362 3711 1408 3729 100
1415 3707 1468 3733 cies
1481 3707 1582 3734 homini
1598 3714 1713 3736 tantuin,
1726 3707 1831 3734 cacteris
1845 3717 1873 3734 os
1892 3714 1937 3735 aut
1954 3708 2044 3735 rostra.
2062 3708 2133 3733 frons
2146 3713 2170 3731 et
2183 3706 2257 3738 aliis,
2277 3706 2320 3732 sed
2338 3702 2438 3732 homini
2468 3705 2479 3726 «ἕ

322 3741 415 3768 Ironia
430 3740 512 3766 faceta
530 3744 556 3765 et
575 3740 678 3773 elegans
700 3741 773 3767 Idem
789 3740 820 3767 de
841 3741 910 3768 Clar.
931 3741 1004 3767 Orat.
1024 3748 1079 3772 29¹-
1150 3742 1273 3768 Conuiua
1290 3743 1354 3769 Ioco
1415 3748 1516 3769 tantuin
1530 3743 1666 3774 tristitiae,
1681 3742 1834 3775 hilaritatis,
1848 3744 2011 3772 clementiae.
2027 3742 2169 3769 seueritatis
2183 3742 2270 3768 index.
2303 3742 2369 3768 Ter.
2377 3741 2438 3766 Eiiii'.
2468 3749 2477 3762 ,ε

322 3775 462 3803 mordente
477 3775 589 3806 facetus,
608 3776 639 3801 Et
658 3775 753 3801 salibus
772 3776 911 3802 vehemens
926 3776 994 3803 intra
1008 3777 1143 3810 pomoeria
1157 3778 1223 3803 natis
1236 3778 1353 3804 quenal.
1416 3786 1442 3809 2,
1457 3786 1477 3809 1,
1491 3787 1522 3811 24
1541 3778 1622 3812 Papae
1643 3777 1747 3804 honesta
1774 3779 1848 3806 facie.
1895 3779 1994 3806 Sallust.
2008 3777 2094 3805 Catili.
2116 3786 2137 3802 c.
2154 3784 2177 3809 ¹3
2191 3784 2254 3803 extr.
2277 3777 2382 3803 Prorsus
2411 3774 2438 3806 ili
2473 3788 2477 3795 «

322 3819 350 3844 9,
367 3820 403 3844 19.
473 3811 575 3844 Lepore
588 3810 673 3836 faceto
688 3810 766 3837 solers
781 3811 846 3837 Pliii.
861 3819 898 3846 17,
913 3821 930 3838 1.
1000 3811 1099 3837 Mulier
1112 3811 1147 3837 est
1158 3813 1312 3845 commoda,
1326 3818 1352 3839 et
1414 3812 1498 3844 facie,
1519 3813 1646 3848 vultuque
1661 3814 1784 3840 vecordia
1799 3815 1892 3841 inerat.
1925 3815 2005 3841 Plaut.
2016 3812 2075 3839 Mil.
2088 3821 2116 3843 4,
2131 3821 2153 3844 2,
2166 3815 2197 3844 36
2227 3811 2383 3838 Collaudato
2396 3809 2438 3836 hu·
2472 3812 2478 3832 1

322 3846 406 3874 faceta
423 3846 485 3873 haec
502 3846 629 3872 Meretrix
655 3846 723 3872 Ter.
736 3847 830 3872 Heaut.
845 3854 868 3878 3,
883 3855 903 3877 2,
918 3854 953 3872 10.
1006 3848 1096 3873 Faceta
1111 3847 1258 3875 Meretricis
1275 3849 1352 3875 disci-
1415 3847 1456 3873 ius
1475 3847 1590 3874 formam
1610 3855 1635 3875 et
1653 3850 1756 3876 faciem.
1791 3851 1847 3876 l'id.
1870 3855 2009 3875 vvr'rvs.
2097 3847 2152 3873 Cic.
2168 3847 2219 3873 Off.
2234 3857 2253 3879 1,
2268 3856 2296 3880 14
2311 3857 2332 3873 c.
2348 3855 2361 3880 5
2379 3846 2439 3873 For-

320 3882 394 3917 plina
406 3882 500 3909 Donat.
514 3881 544 3908 in
560 3880 630 3910 Ter.
643 3881 709 3909 Eun.
745 3900 752 3907 .
788 3900 796 3906 .
867 3882 973 3909 Facetui
992 3883 1085 3910 Horat.
1099 3882 1176 3917 Epist.
1191 3892 1211 3916 1,
1223 3892 1252 3918 4,
1267 3891 1294 3918 55
1313 3883 1351 3911 de·-
1363 3888 1406 3915 105
1415 3891 1485 3910 matu
1498 3883 1606 3918 quidem
1619 3884 1701 3919 ipsam
1715 3886 1804 3913 Marce
1816 3885 1874 3918 fili,
1894 3891 2016 3918 tanquam
2029 3882 2124 3909 faciem
2136 3882 2239 3910 honesti
2252 3883 2333 3909 vides.
2386 3879 2440 3950 Ag?

996 3934 998 3936 .
2372 3921 2399 3943 ta
2432 3932 2438 3940 .
