2479 4225
678 170 716 211 D
830 166 867 206 Ο

278 199 345 239 243

278 272 495 302 committeretur,
507 259 688 298 propinquitas
701 257 849 284 castrorum,
868 250 975 277 celerem
988 245 1113 279 superatis
1125 252 1156 270 ex
1169 243 1229 276 fuga
1242 239 1292 267 Re-

279 319 306 336 ce
326 316 378 334 tum
396 303 477 330 dabat.
547 297 617 324 Caes.
634 294 695 322 Bell.
708 291 775 318 Gall.
789 297 808 321 ς,
825 295 860 320 42
889 282 1073 321 Receffipnque
1091 279 1182 321 primis
1201 275 1291 303 vltimi

276 319 328 371 noe,
346 339 444 367 dabant,
531 330 731 359 Recordationes
749 322 870 351 iucundas
893 318 936 343 das
955 316 1024 342 nuht
1043 317 1097 342 Cic,
1118 316 1188 340 bam.
1210 319 1237 344 5,
1257 320 1290 344 13.

276 353 893 440 ἓξὲᾶξῃεὲἐῗέᾱῗᾏΰκζῖιιῖξῖἷιῗαῂζῑιῇγὲιξῗῖἑῗιῖηιῆ
900 351 1062 415 ffisshffl?
1068 347 1291 415 ἔὲἑῖικῖξὲιξῑὲἓῖ-

428 441 433 446 .
630 433 635 437 ’
881 437 926 442 —
1041 430 1057 446 n
1079 429 1110 446 ue
1133 417 1206 444 dedit
1261 418 1290 443 ui

275 440 541 508 sggdei‘aelagdigfflffs.
603 435 678 493 ἓζξίὶ
690 432 754 490 ss‘gll.
767 426 860 519 C'iiffqi,
873 463 898 519 ΒΞ
918 423 1047 519 Ρτᾶέᾆῗέι
1059 431 1128 517 3213310
1141 453 1199 480 aliis
1212 427 1290 479 ιηέίίς

276 512 400 542 πωπω
419 510 550 536 ωπωπ-
992 524 1184 553 .
1198 507 1292 550 ὁ...

276 541 639 608 ΚῗῙΡο“ῇὲὲἒὶξιξίιέὶῗὲιὲῃείἶ
674 552 681 559 .
707 528 967 592 Κίίῖἐῖξῐίξιιςίιιὲὲιῗὲ)
974 563 1067 590 Horat.
1082 533 1199 591 Serm.1p,
1217 566 1240 592 ς,
1253 564 1295 592 98.

275 592 374 621 prunus
392 614 489 649 afionem
500 605 595 635 ridendi
606 605 672 630 dare.
740 601 781 639 Sic
794 598 903 639 Qindt.
918 608 949 630 11,
963 607 984 629 3,
999 603 1050 627 ¹80·
1129 594 1209 635 0¹'.¹d·
1223 595 1292 621 Met.

275 621 299 648 b'
313 629 332 645 ε’
351 627 402 678 ἔας
419 658 431 674 e
449 657 462 673 e
474 645 545 670 suum
559 641 661 666 feruens
680 635 763 662 ocul1s
777 634 854 660 dabat
874 643 913 660 rra
925 633 1068 660 Ruborem.
1140 632 1216 664 Virg.
1230 632 1295 656 Aen.

278 660 302 687 ε’
314 655 349 687 46
396 657 447 706 Ξ
472 680 523 705 iam
538 672 669 709 Deiphobi
689 670 760 697 dedit
779 670 865 703 ampla
880 669 993 696 Ruinam
1027 667 1144 694 Vulcano
1158 667 1294 706 superante

278 699 301 721 2¹
320 697 363 720 3¹0
465 712 544 740 Ouid.
558 711 620 737 Met.
633 716 661 738 2,
675 708 717 738 165
741 705 782 731 Sic
801 704 877 730 oneri
896 704 999 730 insueto
1010 712 1106 729 vacuos
1123 701 1166 727 dat
1187 710 1216 728 m
1233 703 1294 740 a'e're

277 725 375 786 goffia*
431 749 486 776 Cic.
502 755 548 781 pro
562 744 649 771 Deiot.
663 750 699 774 40
719 739 766 767 Sed
779 739 892 766 maxime
904 748 996 766 eorum
1009 737 1218 768 incolumitates,
1237 744 1296 770 qut-

276 768 307 820 ba
342 775 451 815 Silutem
474 779 574 809 dedisti.
664 776 777 802 Salutem
798 775 966 806 aduenienti,
996 775 1108 801 Salutare
1128 772 1295 799 aduenientem

275 801 352 854 Ριιξυς,
364 820 436 855 Epid,
450 828 477 851 4,
491 825 515 848 z,
528 824 552 841 2.
621 811 676 839 Cic.
691 811 721 837 de
735 811 829 838 Natur.
843 811 923 836 Deor.
938 818 961 841 3,
976 818 1010 841 90
1028 810 1164 848 Quaenam
1177 816 1293 847 vnquam

273 861 307 887 ob
320 863 428 884 mortem
440 850 554 884 Myrtilli
570 848 662 883 poenis
677 845 777 873 luendis
790 845 896 871 dabitur
909 845 1015 870 Satietas
1028 844 1167 879 supplicu?
1218 844 1293 877 Virg.

273 897 326 922 Aen
346 902 363 925 4
387 891 435 923 596
455 886 552 914 Infelix
563 884 634 911 Dido
652 891 719 909 nunc
734 888 760 908 te
772 881 824 907 fata
842 879 925 913 impia
946 885 1070 913 tangunt,
1104 880 1181 905 Tum
1195 878 1293 911 decuit,

290 913 351 955 uum
365 911 467 958 ’Sceptra
485 921 571 948 dabas.
656 917 743 944 Amici
761 915 917 942 aduersariis
932 915 963 941 Se
981 914 1077 941 dabant
1094 915 1164 950 Nep.
1178 921 1215 946 25,
1230 922 1257 946 9,
1273 921 1294 946 1,

270 938 312 991 ghi
325 960 392 996 conf.
405 959 498 988 Schott.
599 955 630 981 Se
644 953 724 980 alicui
736 952 797 978 dare
808 951 880 990 Ter..
890 951 955 976 Eun.
968 957 992 983 5,
1003 958 1030 983 9,
1043 959 1068 983 9.
1108 949 1176 977 Add.
1190 949 1256 976 ibid.
1270 957 1294 981 3,

272 1008 284 1031 3
329 1006 366 1023 10,
488 990 650 1026 Legionibus
674 989 704 1015 Se
729 987 790 1014 dare
813 987 903 1013 Tacit.
922 986 990 1012 Ann.
1008 994 1021 1025 ιι
1033 1005 1040 1016 ,
1061 994 1095 1017 3ι.
1234 984 1293 1011 Post

269 1018 316 1061 viii
339 1029 455 1067 proceris
479 1026 602 1063 generosa
630 1023 752 1058 stirpibus
775 1021 855 1049 arbor
874 1022 905 1047 Se
927 1020 1029 1047 dederit
1049 1021 1122 1047 Grat.
1141 1021 1240 1054 cyneg.
1265 1029 1291 1046 v.

269 1077 322 1102 143.
364 1065 437 1101 szf.
455 1073 514 1100 quae
528 1061 637 1089 dedimus
652 1069 677 1085 n.
691 1069 706 1086 2
724 1065 748 1084 et
763 1068 787 1092 5.
820 1061 851 1083 it.
871 1056 1002 1089 Quinffil.
1016 1065 1055 1089 ιο,
1069 1064 1089 1088 ι,
1103 1064 1138 1088 23.
1174 1062 1198 1082 et
1218 1064 1257 1087 10,
1270 1062 1296 1089 7,

271 1112 307 1134 23.
379 1102 465 1128 Laeua
479 1100 511 1125 Se
523 1097 657 1132 pharetrae
670 1094 742 1120 dabit
756 1094 811 1119 Scn.
825 1092 934 1127 Hippol.
947 1093 1005 1124 396.

271 1133 400 1172 Qiinefil.
415 1144 441 1162 12
466 1143 491 1166 2,
504 1142 539 1160 12.
608 1130 674 1164 Regi
693 1130 722 1155 Se
741 1127 812 1155 dedit
827 1127 965 1159 Rabirius,
984 1136 1038 1153 cum
1056 1126 1163 1153 credidit
1175 1129 1297 1161 pecunias

270 1176 325 1201 Cic.
341 1154 459 1208 proRaii.
465 1168 530 1196 Post.
544 1176 564 1193 c.
572 1175 595 1193 2..
666 1165 735 1191 Dare
749 1164 779 1190 Se
790 1163 821 1190 ad
835 1163 980 1194 lenitatem,
997 1165 1016 1189 i.
1024 1163 1139 1188 leniorem
1144 1161 1207 1197 fieri
1221 1161 1296 1188 Idem

271 1211 341 1237 Fam.
357 1216 390 1240 13,
404 1215 422 1233 1.
491 1203 545 1230 Cic.
558 1200 649 1228 Diuin.
665 1200 693 1226 in
706 1200 780 1226 Caec.
798 1207 818 1224 c.
834 1206 847 1224 2
873 1198 928 1231 Qti
945 1206 988 1223 me
1006 1197 1038 1223 ad
1053 1196 1231 1224 defendendos
1250 1197 1296 1224 ho-

270 1245 351 1271 mines
363 1242 395 1269 ab
407 1242 513 1268 ineunte
526 1236 697 1264 adolescentia
711 1235 840 1261 dedifl‘em.
911 1232 984 1260 Idem
997 1232 1029 1258 de
1039 1234 1113 1259 Orat.
1122 1241 1135 1265 3
1153 1242 1174 1259 c.
1187 1235 1216 1259 16
1237 1232 1297 1259 Elo-

269 1278 375 1315 quentia
396 1276 531 1306 varietate,
544 1272 629 1306 copia,
643 1279 722 1305 quam
734 1270 764 1296 Se
775 1278 876 1303 cunque
889 1268 917 1295 in
931 1274 1031 1303 partem
1045 1267 1161 1301 dedisset,
1175 1269 1297 1295 omnium
1305 1275 1337 1300 30

267 1315 320 1341 fuit
334 1298 411 1339 facile
423 1311 549 1345 princeps.
618 1307 649 1333 Se
660 1306 692 1332 ad
705 1304 825 1340 legendos
840 1304 931 1336 libros,
949 1309 974 1330 et
987 1303 1183 1338 Philosophiam
1197 1309 1297 1338 pertra-

270 1349 392 1376 &andum
400 1347 454 1373 Cic.
462 1345 493 1370 de
501 1345 537 1370 N.
546 1343 578 1369 D.
587 1351 608 1375 1,
616 1351 641 1375 9.
660 1342 690 1368 V.
699 1347 819 1368 DEDERF.
830 1340 869 1366 Se.
904 1340 934 1365 Se
941 1339 1048 1366 facilem
1057 1339 1119 1365 dare
1128 1338 1208 1365 Ouid.
1215 1339 1295 1373 Epist.

269 1387 306 1417 16,
315 1391 371 1416 ‘195-
441 1380 515 1406 Idem
527 1378 592 1405 Fast.
606 1386 626 1409 1,
640 1384 677 1411 17.
746 1376 777 1402 Se
788 1375 934 1407 Fluctibus,
954 1378 972 1401 i.
985 1377 1105 1410 nauigare
1117 1374 1204 1401 Valer.
1213 1375 1296 1401 Flacc.

268 1421 365 1453 Argon.
379 1425 405 1451 7,
418 1418 458 1448 36.
529 1415 559 1440 Se
573 1413 684 1439 hilarem
696 1412 772 1438 alicui
785 1411 866 1437 Plaut.
879 1410 948 1436 Afin.
961 1417 984 1443 5,
999 1418 1019 1442 1,
1033 1418 1068 1437 21.
1142 1410 1211 1436 Dare
1224 1411 1255 1437 Se
1268 1411 1298 1437 in

269 1454 353 1486 bella,
373 1453 402 1478 in
415 1452 516 1482 casum,
539 1449 566 1475 in
580 1447 744 1482 conspeetum
753 1466 761 1479 ,
785 1446 814 1472 in
827 1445 982 1476 custodiam,
1002 1452 1049 1471 etc.
1077 1451 1134 1472 ante
1146 1445 1256 1472 vidimus
1270 1448 1298 1472 in
1308 1453 1336 1480 35

267 1490 335 1516 Dare
349 1490 387 1515 In.
457 1487 524 1512 Dare
545 1485 576 1510 Se
590 1482 690 1509 Labori
703 1487 780 1516 atque
796 1481 940 1507 Itineribus
957 1481 1013 1507 Cic.
1030 1481 1106 1508 Verr.
1120 1488 1143 1513 5,
1159 1488 1196 1515 17.
1266 1481 1298 1508 Se

269 1524 452 1560 praecipitem,
477 1521 529 1547 uid.
541 1518 608 1545 modo
628 1519 652 1545 h.
664 1527 690 1544 υ.
764 1516 796 1542 Se
814 1517 842 1542 in
854 1516 947 1550 pedeS,
966 1519 985 1543 i.
987 1516 1080 1552 fugere
1093 1516 1257 1551 Plaut.Capt.
1272 1525 1299 1549 1,

270 1569 292 1592 2,
313 1568 346 1586 12.
414 1558 441 1583 Si
453 1565 508 1583 non
520 1555 569 1586 est,
587 1553 658 1588 quod
671 1552 744 1583 dem,
763 1560 839 1578 mene
857 1552 898 1578 vis
918 1551 978 1578 dem
997 1552 1051 1586 ipse
1069 1551 1098 1578 in
1114 1551 1210 1586 pedes?
1229 1553 1298 1579 Ter.

272 1595 338 1622 Eun.
358 1599 379 1626 ς,
399 1601 425 1625 2,
443 1599 465 1624 5.
567 1589 616 1614 Dat
630 1589 660 1614 Se
679 1587 794 1621 populo,
812 1590 856 1622 qui
873 1590 901 1612 in
921 1587 1044 1613 theatrum
1057 1590 1160 1613 veniunt
1179 1587 1236 1614 Cic.
1248 1597 1299 1622 pro

271 1631 339 1657 Sext.
358 1637 380 1654 c.
394 1632 431 1660 58.
498 1625 529 1652 Se
541 1632 646 1659 quoque
661 1622 703 1648 det
715 1622 814 1656 populo
825 1623 922 1648 mulier
934 1623 1047 1656 speciosa
1059 1621 1201 1649 videndam
1216 1622 1299 1650 Ouid.
1309 1630 1346 1656 40

272 1666 304 1692 de
318 1666 379 1690 Arte
392 1663 450 1688 Am.
464 1670 492 1694 3,
510 1668 566 1693 421.
635 1658 703 1684 Dare
717 1657 748 1683 Se
766 1656 919 1683 auctoritati
936 1658 1041 1684 Senatus
1061 1657 1116 1685 Cic.
1136 1666 1186 1692 pro
1206 1658 1300 1685 Rabir.

493 1696 565 1722 Idem
580 1692 611 1719 de
623 1693 696 1719 Orat.
709 1700 735 1724 2,
746 1700 759 1723 3
783 1700 805 1718 c.
820 1700 830 1717 1
853 1692 1083 1726 Qtemadmodum
1097 1693 1145 1719 ille
1164 1693 1207 1719 vel
1220 1693 1300 1754 Atche-

1268 1736 1301 1754 tc.

271 1769 303 1795 de
316 1769 384 1795 Clar.
397 1768 469 1793 Orat.
482 1768 531 1798 306
549 1775 571 1791 c.
585 1769 616 1796 89
644 1763 699 1796 Qu
712 1770 869 1797 quamquam
887 1764 988 1790 nemini
1001 1765 1031 1791 Se
1050 1764 1083 1791 ad
1096 1762 1244 1790 docendum
1258 1762 1303 1789 da-

269 1804 325 1834 bat,
345 1808 447 1832 tamen,
467 1807 511 1826 etc.
579 1800 620 1826 Sic
640 1799 709 1824 Dare
728 1798 758 1824 Se
779 1798 808 1824 in
831 1797 994 1834 disciplinam
1014 1798 1127 1827 alicuius
1147 1797 1302 1831 Philosophi
1310 1801 1343 1829 45

269 1838 335 1865 Gell.
349 1844 419 1869 5,10.
488 1833 543 1860 Cic·
556 1832 588 1858 de
600 1834 674 1859 Orat.
690 1841 722 1864 2,
741 1838 785 1867 187
809 1843 829 1860 c.
843 1843 882 1868 44
906 1834 934 1860 de
954 1835 1090 1867 iudicibus,
1103 1834 1128 1870 s.
1147 1833 1303 1860 auditoribus

269 1871 414 1906 uniuersim‚
433 1868 460 1895 Si
473 1869 497 1894 se
511 1867 589 1898 dant,
606 1871 633 1892 et
647 1866 812 1905 sua-sponte,
831 1878 885 1901 quo
899 1869 1062 1903 impellimus
1077 1869 1205 1895 inclinant
1223 1875 1302 1903 atque

271 1906 442 1945 propendent.
477 1902 560 1930 Multa
572 1900 638 1927 adeo
651 1900 736 1934 gelida
750 1901 843 1926 melius
851 1903 881 1927 Se
895 1904 974 1929 noete
987 1905 1114 1930 dederunt
1122 1902 1196 1936 Virg.
1205 1904 1303 1935 Georg.

272 1953 283 1972 1
306 1953 356 1975 217.
402 1941 523 1967 Senatum
535 1937 640 1971 legatis,
658 1932 690 1968 cst
703 1935 807 1970 Legatos
819 1937 847 1960 in
861 1936 975 1961 Senatum
987 1938 1128 1967 admittere,
1146 1943 1170 1961 et
1177 1935 1304 1970 postulata

273 1965 368 2006 a’udirc.
403 1976 463 2002 Liu.
478 1983 517 2006 23,
530 1981 553 1999 11
574 1972 651 2007 Mago
660 1990 668 2002 ,
706 1978 765 1996 cum
783 1969 808 1995 ei
826 1969 932 1995 Senatus
946 1970 1019 1995 datus
1033 1972 1109 2002 esset,
1128 1978 1169 1995 res
1183 1970 1264 2004 gestas
1276 1970 1303 1995 in
1314 1976 1346 2001 50

272 2015 346 2042 Italia
360 2021 375 2039 a
388 2012 469 2038 fratre
482 2007 596 2043 exponit.
664 2005 719 2032 Cic.
734 2006 771 2038 Q
781 2005 849 2031 Frat.
863 2013 889 2036 2,
905 2013 929 2036 13
950 2005 1048 2031 Eodem
1062 2005 1145 2039 igitur
1156 2004 1305 2037 dieTyriis

274 2050 309 2077 est
320 2050 423 2076 Senatus
437 2045 510 2072 datus
523 2044 654 2077 frequens.
724 2040 806 2067 Paullo
819 2041 892 2066 aliter
911 2040 967 2067 Cic.
980 2041 1056 2067 Verr.
1070 2049 1093 2073 2,
1105 2049 1133 2073 32
1146 2049 1168 2066 c.
1181 2049 1209 2072 32
1223 2040 1305 2074 Qiod

274 2086 390 2121 priuatus
403 2092 417 2109 a
429 2081 527 2116 populo
540 2079 621 2114 petit,
639 2082 683 2104 aut
695 2075 805 2111 populus
817 2084 831 2101 a
844 2075 948 2109 priuato
957 2095 966 2107 ,
986 2076 1092 2102 Senatus
1113 2084 1144 2102 ex
1164 2076 1255 2111 aliqua
1268 2076 1306 2102 ci·

275 2122 357 2148 vitate
369 2119 415 2152 qui
428 2117 524 2143 iudicet
539 2115 629 2145 datur,
650 2121 708 2138 cum
722 2111 835 2138 alternae
849 2111 968 2137 ciuitates
981 2111 1094 2138 reieehe
1105 2112 1174 2138 sunt.
1246 2112 1304 2139 Cic.

275 2156 307 2182 de
321 2154 413 2188 Legib.
428 2161 447 2184 ι,
460 2160 492 2186 43
510 2149 552 2184 effe
564 2149 656 2175 dicitur
668 2148 756 2180 Quam
769 2147 850 2181 igitur
864 2146 1023 2173 Sententiam
1042 2147 1133 2173 demus
1148 2148 1157 2174 3
1246 2147 1304 2174 Sen.
1315 2155 1345 2182 53

275 2191 353 2226 Epist.
362 2198 391 2222 14
410 2188 519 2214 Initium
532 2185 651 2212 onmium
663 2191 752 2210 rerum
767 2182 875 2216 sapiens,
883 2191 936 2208 non
952 2183 1052 2209 exitum
1065 2182 1170 2216 spectat.
1225 2183 1307 2209 Initia

274 2228 304 2255 in
318 2224 441 2261 potestate
454 2222 540 2250 nostra
554 2221 627 2252 sunt,
647 2218 678 2245 de
692 2223 786 2244 euentu
799 2217 904 2244 fortuna
920 2217 1034 2249 iudicat,
1050 2219 1093 2246 cui
1107 2218 1139 2244 de
1151 2226 1193 2244 me
1200 2218 1306 2245 Senten-

275 2263 340 2290 tiam
354 2269 408 2286 non
419 2258 462 2285 d0.
481 2261 499 2284 i.
514 2256 644 2283 arbitrium
654 2261 678 2280 et
687 2251 826 2288 potestatem
832 2251 960 2285 statuendi
970 2263 1019 2279 non
1030 2256 1167 2288 permitto,
1187 2260 1216 2279 vt
1235 2253 1264 2280 de
1277 2255 1308 2280 il-

274 2298 324 2324 Iius
330 2296 455 2332 sententia
461 2293 530 2329 felix
538 2291 587 2326 fim
600 2296 643 2317 aut
654 2290 754 2325 infelix.
824 2289 905 2314 Plaut.
920 2288 987 2315 Rud.
1002 2297 1030 2321 4,
1044 2297 1066 2321 3,
1079 2291 1110 2321 65
1142 2289 1190 2315 Tu
1203 2289 1307 2316 isthunc

278 2332 358 2359 hodie
372 2338 425 2356 non
438 2329 521 2360 feres,
540 2326 588 2353 nist
607 2325 650 2352 das
663 2323 844 2359 Sequcstrum,
863 2330 906 2350 aut
926 2323 1071 2356 arbitrum,
1087 2324 1161 2350 cuius
1181 2324 1245 2351 haec
1263 2333 1306 2351 res
1317 2323 1352 2348 60

276 2367 403 2394 arbitratu
417 2364 471 2391 fiat.
542 2363 598 2389 Cic.
611 2362 682 2387 Fam.
696 2369 723 2393 9,
738 2367 751 2391 3
772 2359 897 2385 Dabimus
910 2360 1061 2386 Sermonem
1070 2360 1111 2389 iis,
1119 2360 1166 2394 qui
1179 2361 1307 2392 nesciunt,

275 2402 370 2433 nobis,
390 2407 550 2435 quocunque
574 2397 602 2423 in
622 2396 682 2422 loco
705 2395 797 2426 simuS,
816 2394 929 2421 eundem
941 2395 1056 2427 cultum,
1076 2396 1188 2421 eundem
1203 2396 1305 2422 vietum

276 2439 331 2464 effe.
350 2440 367 2463 i.
388 2434 528 2468 occasionem
535 2430 636 2466 fimflre
651 2430 679 2457 dc
691 2430 760 2456 nobis
772 2428 936 2463 exfiimandi.
1007 2432 1092 2457 Aliter
1107 2431 1163 2457 Cic.
1177 2432 1205 2457 in
1218 2431 1306 2458 Somn.

276 2474 340 2507 Scip.
356 2476 380 2501 18
400 2471 495 2504 Neque
503 2467 672 2495 Sermonibus
686 2465 760 2499 vulgi
774 2465 876 2493 dederis
893 2471 935 2498 te,
954 2475 1040 2501 neque
1060 2467 1088 2491 in
1108 2467 1231 2501 praemiis
1261 2466 1308 2493 hu-

278 2508 360 2535 manis
374 2507 442 2540 spem
458 2503 573 2538 posueris
587 2510 676 2529 rerum
689 2506 801 2527 tuarum.
877 2501 924 2528 Sed
936 2500 967 2526 de
979 2502 1054 2528 Orat.
1068 2510 1093 2532 2,
1106 2510 1118 2534 3
1135 2511 1155 2527 c.
1170 2512 1179 2529 1
1200 2503 1268 2529 Dare
1283 2503 1308 2528 se
1323 2500 1355 2532 65

280 2541 481 2570 doffiffimorum
494 2539 631 2565 hominum
644 2535 823 2563 Sei-monibus.
843 2538 862 2562 i.
874 2546 928 2562 cum
939 2536 991 2562 illis
1002 2537 1119 2572 colloqui,
1138 2538 1194 2564 illos
1212 2537 1308 2564 audire.

279 2579 335 2605 Cic.
350 2578 400 2603 Att.
415 2585 447 2608 13,
460 2584 486 2607 23
505 2576 592 2608 Qiare
604 2573 635 2600 da
647 2581 673 2599 te
687 2572 716 2598 in
727 2571 896 2604 Sermonem,
916 2576 941 2598 et
955 2573 1059 2606 perseca
1072 2578 1097 2598 et
1110 2573 1218 2600 confice.
1268 2572 1308 2599 Id.

281 2623 328 2654 pro
341 2613 408 2646 Lege
420 2612 480 2645 Agr.
492 2618 515 2642 2,
528 2618 552 2635 12
565 2618 586 2635 c.
600 2616 613 2642 5
632 2609 724 2641 Qum
744 2607 914 2634 familiariter
934 2616 977 2634 me
1000 2608 1029 2634 in
1048 2617 1141 2634 eorum
1154 2610 1310 2635 Sermonem

280 2648 434 2677 infinuarem
449 2655 477 2673 ac
489 2645 592 2677 darem,
615 2642 734 2674 celabar,
752 2641 917 2668 excludebar.
988 2643 1150 2670 Seruandum
1169 2645 1237 2670 Ter.
1245 2644 1310 2669 Eun.

282 2692 304 2718 ς,
318 2693 343 2716 2,
356 2686 399 2715 64.
468 2680 506 2708 Id.
520 2680 584 2706 ibid.
599 2689 627 2712 4,
639 2686 666 2713 7,
681 2686 702 2704 11
725 2677 774 2704 Tu
790 2676 866 2703 hosce
880 2677 995 2709 instrue,
1022 2678 1065 2705 hic
1078 2687 1124 2704 ero
1139 2679 1195 2713 post
1213 2678 1311 2714 princi·
1322 2683 1357 2710 70

283 2719 326 2754 pia
339 2730 344 2745 :
380 2717 439 2743 inde
450 2716 571 2743 omnibus
585 2716 691 2749 Signum
705 2712 783 2739 dabo.
853 2713 928 2746 Virg.
943 2713 1039 2747 Georg.
1055 2719 1128 2745 ι,438
1148 2714 1191 2740 Sol
1205 2721 1310 2748 quoque

285 2761 310 2781 et
322 2753 456 2784 exoriens,
475 2758 500 2777 et
511 2760 592 2785 quum
607 2752 632 2777 se
646 2748 740 2776 condet
753 2748 781 2774 in
795 2746 891 2779 vndas,
925 2747 1002 2780 Signa
1014 2747 1096 2773 dabit.
1203 2750 1311 2783 Signum

285 2789 368 2816 oculis
386 2788 465 2814 Plaut.
479 2787 536 2813 Mil.
549 2795 575 2818 2,
588 2795 608 2818 1,
621 2793 663 2819 45.
750 2783 823 2810 Caes.
836 2782 864 2808 B.
879 2782 910 2808 G.
922 2789 949 2816 7,
963 2787 989 2811 81
1017 2782 1115 2808 Eodem
1130 2788 1248 2817 tempore
1262 2783 1313 2810 cla-

286 2833 358 2852 more
372 2822 491 2849 exaudito
504 2821 546 2848 dat
562 2821 624 2848 tuba
638 2821 746 2854 Signum
762 2819 814 2845 suis
826 2816 1044 2852 Vercingetorix,
1061 2823 1138 2851 atquc
1159 2826 1190 2844 ex
1211 2818 1311 2853 oppido

287 2859 382 2885 educit.
468 2857 573 2891 Signum
586 2857 646 2883 darc
657 2855 773 2889 receptui
795 2854 855 2880 Liu.
869 2861 913 2887 24,
949 2872 955 2879 .
994 2872 1001 2879 .
1069 2851 1138 2878 Ibid.
1153 2860 1190 2884 23,
1225 2872 1232 2879 .
1269 2872 1276 2878 .
1327 2854 1359 2882 73

287 2893 413 2921 Gracchus
426 2893 495 2927 prius
508 2901 585 2927 quam
598 2893 623 2918 se
636 2891 722 2918 hostes
736 2889 768 2916 ab
784 2889 922 2924 repentino
935 2896 1033 2922 pauore
1052 2888 1221 2927 colligerent,
1242 2896 1313 2913 rece-

289 2930 345 2964 ptui
358 2929 460 2962 Signum
472 2928 557 2960 dedit,
576 2936 604 2954 ac
618 2928 676 2953 suos
690 2928 760 2952 intra
777 2933 868 2950 muros
886 2924 993 2958 recepit.
1086 2923 1141 2949 Cic.
1157 2923 1184 2949 B.
1199 2924 1229 2949 C.
1244 2931 1266 2957 3,
1281 2927 1313 2955 89

288 2964 408 2998 Totiquc
420 2963 545 2989 exercitui
558 2962 716 2997 imperauit,
735 2969 766 2986 ne
781 2960 874 2986 iniussu
890 2960 937 2985 suo
952 2964 1120 2986 concurreret
1135 2969 1140 2984 z
1176 2958 1217 2991 se,
1231 2966 1315 2993 quum

288 2999 316 3026 id
341 2999 422 3025 facere
443 2998 536 3030 vellet,
556 2998 655 3024 vexillo
676 2997 784 3031 Signum
806 2995 936 3021 daturum.
1008 2995 1064 3021 Cic.
1088 2995 1164 3020 Verr.
1181 3002 1201 3025 1,
1213 3001 1230 3028 7
1250 2994 1313 3027 Qio

288 3041 404 3069 tempore
417 3033 522 3067 quidem
534 3034 605 3067 Signi
618 3034 676 3060 satis
690 3032 778 3064 dedit,
797 3031 815 3058 fi
829 3029 893 3065 quid
906 3031 966 3056 ess'ct
980 3029 1052 3064 quod
1070 3030 1149 3063 posset
1167 3028 1270 3061 dicere,
1289 3029 1314 3054 sc
1330 3032 1362 3058 80

288 3076 373 3097 tacere
387 3077 438 3094 non
452 3069 525 3102 pofl‘e.
544 3067 779 3105 1'.satisindic‹1uit.
869 3065 925 3092 Cic.
941 3065 973 3091 de
986 3066 1044 3091 Fin.
1059 3074 1081 3097 3,
1095 3073 1111 3097 9
1143 3064 1219 3091 Addo
1235 3065 1315 3091 ctiam

290 3105 372 3136 illud,
390 3103 470 3130 multa
494 3103 544 3129 iam
568 3104 634 3130 mihi
662 3103 723 3129 dare
748 3102 825 3136 Signa
847 3110 958 3136 puerum
981 3106 1006 3126 et
1027 3100 1134 3135 pudoris
1160 3106 1185 3126 et
1203 3100 1315 3134 ingenii.

290 3140 357 3166 Ter.
372 3138 439 3165 Prol.
453 3139 514 3164 Hec.
529 3146 554 3170 55
571 3139 629 3165 Mea
642 3139 716 3165 causa
729 3139 830 3164 causam
843 3136 908 3163 hanc
921 3136 1045 3170 accipite,
1057 3141 1082 3162 et
1096 3135 1154 3162 date
1167 3135 1316 3162 Silentium.

292 3175 346 3201 Cic.
360 3175 412 3201 Att.
426 3183 452 3206 4,
466 3175 494 3199 16
512 3174 597 3199 Vnum
611 3174 699 3200 omnia
713 3174 797 3208 posse,
818 3172 1019 3206 disrumpuntur
1033 3171 1072 3203 ii,
1092 3171 1138 3205 qui
1152 3180 1194 3197 me
1214 3171 1316 3205 aliquid

292 3211 357 3245 poffe
371 3209 524 3239 doluerunt,
539 3208 618 3234 multa
632 3208 698 3235 mihi
711 3208 883 3235 dantSolatia.
954 3206 1156 3233 Solcrtemdabo
1177 3207 1316 3233 Ter.Eun.
1326 3207 1354 3236 83

294 3252 316 3275 3,
330 3253 353 3275 2,
364 3252 400 3277 25.
418 3247 435 3270 i.
472 3241 592 3276 racstab0,
609 3242 727 3275 ostendam
739 3243 780 3277 effe
788 3244 912 3280 solertem.
983 3242 1081 3268 Somno
1095 3243 1119 3268 se
1139 3242 1194 3268 Cic.
1201 3242 1283 3268 Tusc.
1298 3251 1319 3274 1,

298 3286 341 3309 113.
407 3250 522 3306 salbari
536 3279 631 3304 Somno
651 3279 713 3304 Plin.
726 3284 749 3311 8,
758 3287 796 3312 25.
823 3279 851 3304 de
864 3277 994 3305 crocodilo.
1081 3278 1153 3304 Caes.
1168 3277 1195 3303 B.
1209 3278 1239 3303 C.
1254 3286 1278 3309 2,
1293 3285 1318 3308 13

297 3313 368 3339 Alius
382 3322 411 3339 ex
428 3313 552 3340 diuturno
566 3313 655 3340 labore
668 3314 693 3339 in
708 3314 765 3348 iplis
778 3314 902 3348 operibus
910 3313 1004 3347 Qricti
1017 3313 1042 3339 se
1056 3312 1170 3339 dedisset.
1240 3313 1316 3346 Virg.

299 3348 359 3373 Aen.
373 3356 406 3378 12,
420 3351 465 3382 267
499 3364 543 3369 -—
577 3349 696 3375 Sonitum
708 3350 749 3376 dat
762 3349 868 3376 stridula
883 3358 985 3375 cornus.
1056 3347 1128 3374 Idem
1142 3348 1239 3381 Georg.
1252 3356 1275 3379 3,
1289 3352 1317 3378 83

298 3382 387 3414 Tum,
407 3383 424 3408 st
437 3392 485 3416 qua
498 3384 594 3410 Sonum
609 3384 699 3418 procul
720 3393 792 3411 arma
815 3384 919 3411 dedere.
1015 3383 1110 3417 Sopori
1123 3383 1255 3417 aliquem,
1272 3389 1318 3417 pro
1328 3389 1363 3414 90

300 3417 412 3443 Occidere
430 3418 508 3443 Plaut.
523 3419 613 3453 Amph.
627 3428 646 3452 1,
660 3428 679 3451 1,
695 3427 745 3452 150.
851 3421 919 3446 Hor.
933 3419 1012 3445 Serm,
1027 3427 1052 3450 2,
1067 3427 1092 3450 2,
1106 3423 1137 3449 80
1164 3418 1252 3448 Alter,
1271 3417 1319 3443 vbi

302 3451 372 3490 disto
383 3451 473 3491 citius,
492 3459 574 3480 curata
601 3455 694 3488 Sopori
730 3455 850 3481 Membra
875 3454 961 3486 dedit,
980 3460 1086 3487 vegetus
1110 3454 1266 3487 praescripta
1287 3452 1319 3479 ad

303 3493 393 3526 nunna-
404 3487 490 3518 surgit.
556 3489 622 3515 Patri
644 3490 769 3524 Soporem
792 3489 907 3516 medicos
931 3489 993 3515 dare
1015 3489 1101 3522 coegit
1128 3488 1197 3523 Nep.
1212 3497 1250 3522 10,
1264 3497 1286 3520 2,
1298 3495 1319 3521 5.

302 3528 321 3544 ¹·
333 3519 522 3546 mcdzcammtum
529 3520 697 3558 soporiferum.
783 3526 849 3552 Hor.
866 3526 947 3551 Sei-m.
963 3533 982 3555 1,
996 3533 1015 3555 1,
1029 3532 1046 3550 2

490 3554 543 3594 (μή
557 3555 584 3580 fit
595 3559 742 3595 Maecenas,
760 3566 789 3586 vt
803 3569 882 3587 nemo
895 3568 977 3594 quum
989 3559 1038 3585 fibi
1051 3559 1153 3586 Sortem

492 3592 540 3630 >fu
554 3596 620 3616 ratio
633 3593 748 3627 dederit,
769 3597 812 3622 seu
828 3597 882 3622 sors
900 3594 1045 3626 obiecerit,
1065 3594 1112 3621 illa

352 3655 356 3659 .
491 3623 631 3651 Contentus
643 3629 713 3655 viuat
728 3631 737 3656 3

305 3655 384 3681 0¹¹¹&
397 3655 472 3695 Epist:
485 3657 569 3685 sabin·
582 3668 609 3699 ²³,
620 3663 653 3694 67
679 3664 717 3702 Da
731 3665 860 3698 Spatium,
878 3665 1046 3699 veniamque,
1065 3669 1135 3699 pcto.
1206 3663 1323 3698 Spatium

305 3690 528 3730 ‘Ongl0b2desk'2
545 3695 699 3728 respirand1‚
718 3707 761 3725 aut
775 3700 883 3727 docendi
898 3701 1032 3736 aliquem:
1069 3707 1092 3726 ct
1109 3699 1140 3725 ad
1161 3700 1186 3725 se
1197 3699 1321 3733 colligen-

307 3723 366 3749 dum
375 3744 383 3755 ,
400 3732 424 3750 et
438 3725 628 3756 deliberandum
649 3731 707 3758 Liu.
715 3736 740 3765 6,
777 3753 784 3759 .
819 3754 826 3761 .
859 3743 882 3762 et
896 3745 934 3769 10,
969 3756 976 3762 .
1014 3755 1021 3762 .

305 3759 355 3784 cin.
371 3762 408 3798 ⁶1
464 3762 521 3799 Liu.
536 3771 575 3803 34,
612 3784 626 3804 ..
653 3786 660 3793 .
695 3768 822 3794 Columel.
837 3777 869 3801 11,
886 3779 904 3795 1.
973 3771 1090 3805 Speciem
1103 3770 1171 3796 hosti
1193 3770 1321 3795 exercitus

306 3793 423 3820 abeuntis
435 3794 504 3821 dedit
523 3799 648 3838 QunEtil.
663 3809 687 3833 2,
702 3810 738 3836 17.
806 3804 920 3836 Speciem
937 3805 1049 3832 ludentis
1064 3805 1137 3831 dabit
1162 3806 1228 3831 Hor.
1242 3805 1320 3838 Epist·

306 3837 331 3859 2,
345 3837 366 3859 2,
384 3837 436 3860 124.
503 3831 634 3865 Spectmen
647 3834 707 3861 dare
726 3838 800 3871 Virg.
814 3839 909 3871 Georg.
923 3848 949 3870 2,
962 3849 1018 3874 24¹·
1042 3845 1060 3867 i.
1081 3842 1193 3875 Dignam
1207 3840 1322 3874 probati-

305 3870 392 3899 onem,
415 3864 525 3892 Seruius.
572 3901 577 3906 .
610 3869 743 3908 Specimen
756 3871 853 3899 indolis
866 3873 977 3904 clarum,
996 3876 1020 3901 h.
1034 3885 1053 3902 e.
1074 3875 1322 3911 Futuraeprobitatis

308 3897 395 3931 fignum
408 3897 523 3930 ostendere
541 3900 606 3928 Pltn.
619 3903 696 3938 bptst.
706 3911 768 3936 1,21.

1302 918 1337 936 20

271 1699 470 1761 :id-‘ilelckbodi
477 1732 507 1758 Se
524 1728 728 1757 doetiffimorum
742 1727 882 1753 hominum
896 1728 1061 1755 sermonibus
1076 1728 1191 1755 dedisset.

1331 3566 1364 3593 95

1321 567 1351 585 10
1363 555 1423 581 Liu.
1438 563 1478 587 39,
1516 573 1523 579 .
1561 572 1568 579 .

1325 739 1351 766 15
1363 732 1394 757 Et
1408 731 1539 757 Columel.
1549 738 1569 762 ι,
1586 737 1594 755 1
1615 727 1737 755 Studium
1750 729 1939 764 agricolationi
1954 727 2026 755 dare.

1356 1055 1417 1084 peer
1429 1051 1548 1075 iniuriam
1561 1048 1601 1074 illi
1613 1047 1717 1073 illatam.

1075 1092 1125 1117 Dat
1144 1091 1175 1117 Se
1193 1090 1295 1117 occasio
1305 1091 1334 1117 ²3
1363 1083 1484 1118 plicium·

1359 1232 1410 1262 pro
1429 1226 1582 1252 Committere
1600 1233 1717 1252 arcanum
1740 1224 1797 1250 Sen.
1811 1223 1889 1258 Epist.
1906 1229 1948 1258 84.

1058 3737 1120 3761 Item
1133 3735 1188 3760 Cic.
1203 3743 1250 3768 pro
1259 3736 1322 3760 Cae-
1332 3745 1378 3763 100
1390 3731 1490 3757 buntur
1506 3740 1511 3755 ι
1544 3732 1636 3789 Adpone
1650 3728 1693 3754 illa
1705 3727 1747 3760 esti
1761 3729 1895 3756 Diomedis.

1576 3773 1584 3789 1

837 3906 971 3940 Specimen
983 3910 1036 3944 sui,
1055 3911 1079 3938 h.
1088 3920 1106 3938 e.
1121 3912 1245 3948 Optimam
1258 3910 1285 3936 de
1291 3909 1321 3948 se
1332 3906 1439 3943 105·cile
1454 3905 1498 3933 cst.

1786 144 1824 184 D
1932 145 1969 186 Ο

1886 253 1893 260 .
1929 234 1960 260 Et
1971 242 2014 267 29,

2322 154 2400 195 244

1359 236 1562 274 exspectationem
1569 235 1685 273 praebere
1702 233 1764 261 Liu.
1777 239 1805 268 7,
1841 252 1848 259 .
2050 253 2058 260 .
2096 253 2103 259 .
2138 232 2208 261 Dare
2220 231 2329 260 virtutis
2345 232 2400 266 spe-

1361 274 1455 299 cimen.
1527 274 1583 299 Cic.
1597 272 1659 300 Diu.
1675 272 1751 297 Verr.
1767 278 1787 300 1,
1802 275 1842 302 27.
1911 269 2085 303 Spe&andum
2111 269 2192 296 Plaut.
2207 269 2274 295 Pers.
2287 276 2310 300 3,
2325 276 2348 300 3,
2362 273 2399 299 35.

1360 309 1429 334 Ter.
1443 309 1539 335 Heaut.
1552 317 1580 341 4,
1594 317 1613 338 1,
1626 316 1655 339 23
1673 305 1770 332 Verbis
1783 307 1897 330 mortem
1910 303 2045 337 simulare,
2061 304 2149 339 reipsa
2162 305 2238 339 Spem
2249 303 2320 330 vitae
2328 302 2399 328 date.

1361 343 1418 369 Cic.
1436 352 1484 377 pro
1497 344 1559 370 Suu.
1574 352 1604 376 39
1624 342 1680 375 Qi
1693 349 1787 375 negare
1800 338 1887 365 noluit
1899 340 1946 366 effe
1960 341 1988 366 in
2001 340 2096 367 eodem
2109 349 2221 366 numero
2229 339 2335 371 Sullam,
2343 345 2401 372 quo

1360 378 1418 412 plus
1431 378 1491 411 Spei
1503 379 1585 405 Gallis
1600 378 1682 404 daret.
1770 375 1845 408 Virg.
1859 374 1922 399 Aen.
1935 383 1964 407 4,
1976 383 2009 410 54
2040 376 2090 402 His
2104 374 2182 401 djeffis
2197 374 2331 401 incensum
2344 373 2401 399 ani.

1360 422 1435 440 mum
1460 413 1636 440 inflammauit
1656 421 1763 443 amore,
1798 411 1927 444 Spemque
1947 409 2019 438 dedit
2038 410 2135 437 dubiae
2148 411 2248 442 menti,
2267 408 2402 443 soluitque
2453 428 2458 434 .

1361 447 1500 483 pudorem.
1588 449 1653 475 Plin.
1669 456 1707 479 12,
1720 456 1732 479 3
1751 447 1905 473 Tentauere
1922 450 2009 478 gentes
2024 447 2166 473 transferre
2180 445 2212 472 ad
2226 445 2278 472 sese
2291 449 2401 479 propter

1361 483 1475 510 remedii
1490 484 1672 517 praestantiam
1691 482 1818 509 fiffilibus
1838 482 1866 507 in
1887 480 1952 506 vatis
1972 479 2033 506 dato
2051 491 2099 517 per
2118 489 2240 508 cauernas
2264 479 2401 507 radicibus

1361 519 1535 554 spiramento.
1629 515 1795 552 Stipendium
1815 516 1911 551 duplex
1928 515 1957 541 in
1976 514 2093 550 pedites,
2110 523 2136 543 et
2149 516 2245 551 triplex
2257 515 2286 542 in
2299 514 2403 549 equites

1609 554 1682 580 Idem
1699 559 1722 585 8,
1759 572 1765 579 .
1803 572 1810 579 .
1846 553 1895 578 Per
1907 559 1995 582 arma,
2015 559 2062 584 per
2073 553 2147 579 viros
2163 552 2214 578 late
2227 552 2344 585 Stragem
2357 549 2402 575 de-

1363 590 1433 616 dere.
1459 592 1477 615 i.
1489 588 1616 624 fecerunt.
1687 590 1729 615 Sic
1742 588 1817 622 Virg.
1831 588 1928 621 Georg.
1944 594 1966 618 3,
1980 593 2043 619 247.
2131 586 2262 621 QrinE‘dl.
2279 594 2312 617 12,
2325 593 2351 618 z,
2373 592 2403 617 19

1363 625 1463 652 Nonne
1477 623 1508 650 ad
1516 622 1644 650 idinstrui
1655 622 1764 656 abaliis,
1777 623 1824 657 qui
1839 622 1895 656 plus
1909 621 1995 648 Studii
2010 621 2039 647 in
2051 620 2102 647 hoc
2114 622 2259 655 dederunt,
2278 625 2384 656 oportet
2393 620 2406 646 Β
2455 623 2462 628 '
2478 626 2479 656 j

1363 660 1484 687 Studium
1497 659 1549 685 arti
1560 658 1655 691 alicui,
1676 664 1701 685 et
1713 659 1907 685 incrementum
1920 657 1963 684 dat
1976 656 2077 683 vtilitas
2094 657 2221 685 summam
2237 657 2308 684 ratio
2321 661 2347 682 et
2360 663 2404 682 ex-

1363 696 1485 722 ercitatio
1506 693 1665 728 Quinc'til.3,
1674 701 1696 719 2.
1766 692 1853 720 Studii
1865 693 2014 728 plurimum
2027 693 2056 718 in
2067 692 2152 719 literis
2171 692 2280 727 Quin&
2289 700 2325 724 12,
2333 700 2356 723 2,
2365 698 2403 722 19.

1882 729 1887 733 “
2097 727 2193 754 Studiis
2210 737 2292 756 annos
2303 728 2405 761 septem

1821 764 1950 790 Suauium
1971 763 2055 790 Plaut.
2075 762 2144 789 Afin.
2163 771 2188 796 ς,
2200 773 2222 797 2,
2236 773 2276 797 41.
2345 762 2405 788 Cic.

1361 801 1415 828 Att.
1430 803 1467 833 16,
1481 810 1503 828 11
1522 800 1638 830 Atticae,
1656 799 1784 833 quoniam
1802 799 1893 835 (quod
1913 799 2046 833 optimum
2066 798 2096 824 in
2113 799 2204 833 pueris
2216 799 2270 831 est)
2290 796 2406 825 hilar-ula

1361 836 1414 869 est,
1435 837 1499 864 meis
1511 835 1600 862 verbis
1614 835 1741 861 Suauium
1754 833 1807 860 des.
1909 835 2038 861 Succefl‘us
2057 835 2196 869 prosperos
2216 832 2277 860 dare
2301 834 2362 861 Liu.
2375 832 2407 859 in

1359 872 1445 898 Praef.
1485 871 1543 899 Vid.
1556 871 1637 897 Orsus
1648 873 1676 895 in
1691 874 1830 896 ORDIOR.
1937 870 2034 897 Catull.
2055 878 2101 902 113,
2114 874 2128 900 8
2145 869 2171 906 s.
2185 872 2292 896 carmine
2305 871 2406 901 ultimo,
2419 875 2424 878 ”

1358 909 1393 933 At
1405 907 1471 933 fixus
1484 907 1579 933 nostris
1598 906 1698 940 (telis)
1718 910 1746 931 tu
1759 904 1829 930 dabi'
1842 904 2014 939 Supplicium.
2035 908 2055 933 i.
2068 907 2136 938 lues,
2148 907 2274 942 punieris.
2321 904 2406 930 Plaut.

1360 942 1429 969 Afin.
1444 951 1467 974 2,
1479 952 1508 976 4,
1521 944 1556 977 76
1576 940 1690 968 Dabitur
1701 940 1746 975 pol
1759 939 1923 974 Supplicium
1935 940 2004 967 mihi
2017 940 2049 967 de
2062 946 2137 975 tergo
2150 940 2259 1002 νεὼ-οἰ..
2283 945 2334 1001 [tlt-,1
2349 940 2407 965 Vae

2261 983 2299 1001 er.
2336 978 2407 1001 caut.

1364 1022 1385 1046 ι,
1400 1021 1420 1045 ι,
1435 1015 1467 1042 86
1489 1015 1593 1040 Interea
1610 1020 1694 1046 vsque
1713 1011 1755 1038 illi
1774 1011 1806 1037 de
1821 1020 1864 1037 me
1877 1010 2041 1045 Supplicium
2054 1011 2140 1045 dabo,
2159 1014 2178 1037 i.
2187 1013 2292 1046 puniam
2304 1019 2340 1037 me
2347 1016 2412 1044 pro-

1363 765 1436 792 dcdit
1456 767 1522 792 Hor.
1536 764 1614 799 Epist.
1630 772 1656 796 z,
1670 772 1696 796 2,
1711 768 1750 792 82.

1361 982 1396 1005 te.
1414 977 1466 1004 tibi
1481 977 1589 1012 quidem
1603 976 1765 1010 Supplicium
1780 975 1906 1002 carnufex
1919 975 1951 1002 de
1964 976 2042 1003 nobis
2056 977 2133 1003 detur
2148 977 2158 1002 ἶ

1795 1046 1870 1072 Idem
1882 1047 1948 1073 Eun.
1964 1055 1985 1079 1,
2000 1056 2021 1079 1,
2033 1055 2061 1080 25
2084 1049 2115 1074 Et
2130 1047 2205 1073 dabis
2217 1047 2244 1073 ei
2254 1045 2327 1073 vltro
2343 1046 2410 1079 Sup-

1555 1082 1719 1118 Supplicium
1731 1082 1803 1108 necis
1815 1088 1940 1117 paternae
1956 1082 2072 1109 Martial.
2085 1083 2117 1109 de
2131 1082 2246 1117 speetac.
2259 1089 2286 1116 7.
2334 1080 2409 1107 Caes.

1365 1120 1393 1146 B.
1409 1119 1441 1145 G.
1455 1121 1482 1151 6,
1493 1121 1511 1145 6
1530 1119 1562 1145 Et
1583 1127 1637 1153 quo
1657 1118 1763 1144 facilius
1782 1117 1901 1144 hostibus
1913 1118 2020 1144 timoris
2032 1117 2076 1144 det.
2090 1118 2287 1152 Suspicionem,
2304 1116 2410 1143 maiore

1363 1154 1474 1189 strepitu
1483 1174 1492 1186 ‚
1510 1162 1556 1180 ete.
1593 1155 1636 1182 Sic
1641 1153 1819 1189 apudSueton.
1828 1154 1856 1179 in
1863 1153 1963 1180 Tiber.
1971 1162 1992 1179 c.
2001 1160 2033 1188 72
2053 1154 2123 1180 Dare
2131 1154 2313 1189 Suspicionem
2326 1157 2413 1178 atten-

1364 1190 1458 1217 tandae
1471 1188 1641 1224 proditionis.
1717 1187 1873 1221 Symbolum
1889 1188 1959 1215 Ter.
1972 1187 2054 1215 Andr.
2072 1197 2092 1221 1,
2106 1198 2126 1221 1,
2138 1191 2176 1216 61.
2268 1187 2413 1219 Tacitum,

2018 1224 2108 1251 Te&a
2121 1224 2184 1250 dare
2202 1224 2285 1251 Ouid.
2298 1223 2331 1250 de
2345 1223 2412 1250 Arte

1366 1263 1425 1288 Am.
1433 1269 1459 1293 2,
1468 1262 1528 1287 622.
1570 1260 1626 1286 Cic.
1640 1261 1693 1286 Att.
1704 1267 1728 1292 5,
1739 1261 1773 1286 62
1791 1260 1853 1286 Erat
1864 1259 1935 1286 mihi
1946 1260 1975 1286 in
1987 1259 2078 1286 animo
2092 1259 2164 1286 reEta
2176 1259 2308 1294 proficisci
2320 1259 2353 1286 ad
2368 1266 2414 1285 ex-

1364 1297 1490 1327 ercitum,
1506 1295 1619 1322 aestiuos
1633 1296 1732 1321 menses
1744 1295 1865 1330 reliquos
1876 1295 1918 1322 rei
1935 1295 2062 1322 familiari
2081 1295 2161 1328 dare,
2181 1294 2308 1322 hibernos
2332 1294 2414 1321 iuris·
2466 1319 2468 1321 ,

1366 1332 1490 1359 dictioni.
1568 1332 1708 1365 Tempore
1721 1330 1782 1357 dato
1795 1330 1965 1366 adiitregem
1987 1330 2057 1366 Nep.
2073 1339 2111 1364 23,
2123 1339 2149 1364 2,
2164 1339 2185 1363 3.
2275 1329 2357 1357 Ouid.
2378 1329 2413 1356 de

1367 1369 1432 1395 Arte
1446 1371 1504 1394 Am.
1520 1375 1544 1400 2,
1558 1369 1608 1402 367
1634 1367 1714 1401 Cogis
1737 1366 1914 1399 adulterium,
1935 1366 2023 1393 dando
2045 1367 2220 1402 Tempusque
2231 1386 2240 1399 ,
2257 1366 2411 1400 locumque.

1368 1404 1491 1438 Tempus
1503 1411 1565 1429 raro
1578 1404 1604 1429 se
1617 1402 1661 1429 dat
1684 1402 1766 1428 Plaut.
1780 1401 1873 1429 Bacch.
1887 1412 1923 1437 4,
1935 1411 1970 1435 4,
1982 1409 2024 1435 25.
2127 1402 2197 1429 Ter.
2210 1401 2293 1428 Andr.
2305 1410 2334 1435 3,
2344 1410 2367 1434 3,
2380 1408 2415 1434 24

1367 1440 1448 1471 Hem,
1467 1438 1495 1465 id
1509 1444 1535 1464 te
1547 1446 1607 1470 oro,
1621 1444 1651 1464 vt
1662 1442 1722 1464 ante
1736 1446 1835 1470 eamuS‚
1856 1436 1919 1464 dum
1932 1438 2055 1474 Tempus
2072 1437 2157 1465 datur.

1367 1483 1391 1507 3,
1406 1476 1433 1507 6,
1446 1482 1463 1507 9
1485 1473 1557 1508 Qud
1571 1474 1717 1508 properasse
1730 1474 1806 1500 iuuat
1819 1474 1830 1499 3
1865 1473 1931 1508 quid
1947 1483 2029 1509 parua
2049 1473 2145 1500 dediss'e
2157 1473 2243 1508 quieti
2256 1472 2417 1507 Tempora}

1368 1511 1509 1544 Tempora
1522 1509 1581 1535 data
1594 1509 1686 1535 studiis
1712 1508 1795 1535 Ouid.
1807 1516 1839 1535 ex
1851 1510 1936 1536 Ponto
1950 1519 1974 1544 2,
1987 1518 2014 1543 9,
2026 1518 2066 1544 50.
2155 1510 2212 1535 Cic.
2235 1516 2284 1542 pro
2296 1507 2368 1534 Cael.
2382 1511 2417 1538 ²8

1367 1545 1502 1572 Postremo
1514 1553 1597 1579 quum
1611 1545 1729 1578 paruerit
1747 1544 1945 1579 voluptatibus,
1969 1545 2073 1572 dederit
2091 1543 2196 1579 aliquid
2213 1543 2362 1578 Temporis
2382 1541 2417 1569 ad
2470 1560 2471 1563 π

1367 1580 1460 1607 ludum
1471 1580 1562 1607 aetatis
1576 1585 1656 1615 atque
1668 1579 1701 1606 ad
1713 1580 1800 1606 inanis
1818 1579 1893 1606 hasce
1913 1580 2104 1607 adolescentiae
2121 1578 2291 1614 cupiditates,
2306 1582 2416 1605 reuocet

1369 1617 1395 1642 se
1413 1614 1573 1651 aliquando,
1593 1622 1639 1641 ete.
1729 1614 1871 1650 Tempore
1886 1615 1919 1642 ad
1933 1615 2138 1651 comparandum
2152 1615 2213 1641 dato
2233 1613 2303 1648 Nep.
2317 1619 2341 1646 8,
2355 1622 2378 1646 2,
2389 1621 2416 1641 2.

1365 1651 1527 1713 '‘v‘ffmisskor
1557 1650 1717 1717 “¹25²ss-
1743 1649 2414 1715 'o.l?3‘²33¹151}¹¹5„'{i.{2g²ffifiibifisf⁰ffe¹¹1‘s'a¹²}553

1368 1695 1458 1746 vidtgor
1473 1695 1641 1755 darenge'rgit
1653 1722 1750 1755 coegit.
1785 1723 1829 1749 Sic
1837 1696 1923 1748 gOuid.
1931 1723 1996 1749 Met.
2006 1706 2108 1755 13,2'24.
2235 1704 2245 1717 '

1369 1754 1459 1781 Valer.
1475 1756 1573 1789 Argon.
1587 1764 1609 1787 3,
1621 1761 1677 1790 738.
1695 1757 1788 1787 Metu,
1810 1756 1848 1783 Ob
1863 1763 1961 1782 metum.
2033 1757 2094 1782 Liu.
2109 1765 2136 1789 9,
2172 1775 2180 1782 .
2217 1775 2225 1782 .
2261 1750 2420 1790 Qiodpost-

1370 1798 1449 1824 quam
1463 1787 1574 1817 Consuli
1590 1790 1741 1816 nuntiatum
1759 1790 1812 1822 est,
1829 1791 1963 1824 extemplo
1975 1791 2115 1816 Tefferam
2134 1790 2192 1816 dari
2204 1790 2287 1815 iubet.
2359 1786 2419 1813 Te-

1369 1825 1497 1853 stamento
1509 1825 1612 1860 aliquid
1632 1825 1692 1851 Liu.
1705 1833 1745 1857 39,
1781 1843 1789 1851 .
1828 1844 1834 1851 .
1907 1824 1988 1851 Ouid.
2001 1825 2093 1851 Amor.
2109 1833 2131 1856 ι,
2144 1829 2167 1854 8,
2180 1832 2209 1850 21
2233 1824 2300 1850 Fors
2311 1831 2355 1849 me
2368 1822 2422 1848 ser-

1370 1862 1447 1887 moni
1460 1861 1572 1887 Testem
1584 1860 1666 1886 dedit.
1737 1860 1794 1886 Cic.
1806 1861 1885 1887 Verr.
1898 1869 1927 1893 4,
1942 1869 1989 1886 100
2008 1861 2033 1886 Is
2045 1860 2195 1891 accusatur,
2212 1858 2269 1885 fieti
2280 1857 2376 1884 Testes
2389 1857 2422 1882 in

1372 1904 1433 1921 eum
1447 1895 1550 1920 dantur.
1603 1895 1645 1921 Sic
1658 1894 1768 1927 Qiine't.
1782 1902 1805 1926 5,
1819 1901 1847 1930 7,
1859 1903 1885 1928 9.
1921 1905 1946 1928 5,
1961 1903 1997 1927 13,
2008 1904 2028 1927 3.
2099 1894 2211 1921 Testem
2223 1895 2316 1920 Iouem
2335 1892 2423 1919 plaut.-

1372 1931 1447 1962 Capt.
1461 1937 1486 1959 2,
1499 1937 1521 1960 3,
1534 1930 1578 1954 66.
1652 1930 1708 1954 Cic.
1722 1929 1775 1953 Att.
1789 1937 1812 1959 2,
1848 1947 1855 1954 .

1373 1964 1490 1989 seruatae
1504 1962 1629 1996 Reipubl.
1643 1963 1687 1988 dat
1699 1962 1911 1988 Testimonium.
1983 1964 2188 1990 Testimonium
2201 1968 2325 1989 mutuum
2337 1973 2344 1990 ς
2363 1960 2421 1989 vid.

1374 2004 1521 2024 MVTvvs.
1579 1997 1714 2023 Tinnitus
1724 1996 1786 2023 dare
1805 1997 1862 2023 Sen.
1876 1998 1987 2032 Hippoi.
1999 1999 2019 2024 s.
2034 2000 2060 2024 6.
2137 1999 2199 2025 Liu.
2210 2007 2250 2031 21,
2287 2018 2294 2025 .
2331 2018 2338 2025 .
2374 1998 2420 2025 Ne

1374 2034 1463 2060 Poeno
1477 2032 1579 2059 bellum
1589 2032 1683 2059 Italiae
1700 2032 1842 2064 inferenti,
1859 2041 1907 2067 per
1924 2042 2016 2068 agros,
2035 2032 2168 2069 vrbesque
2186 2035 2243 2060 suas
2262 2033 2422 2062 Tranfitum

1374 2068 1476 2095 darent.
1545 2067 1611 2094 Plin.
1626 2068 1656 2094 in
1669 2069 1760 2102 Paneg.
1775 2074 1821 2103 77,
1829 2076 1842 2100 3
1863 2069 1977 2103 Reliqua
1989 2077 2048 2103 pars
2059 2069 2116 2096 diei
2129 2069 2280 2096 Tribunali
2295 2069 2426 2100 dabatur:

1374 2104 1416 2131 ibi
1427 2112 1494 2131 vero
1505 2109 1604 2139 quanta
1615 2103 1711 2138 religio
1723 2103 1878 2138 aequitatis,
1896 2109 1992 2138 quanta
2005 2104 2095 2139 legum
2112 2106 2264 2132 reuerentia
2278 2106 2287 2131 ³

1376 2139 1450 2167 mulo
1464 2139 1525 2166 dant
1538 2147 1650 2174 corpora
1668 2138 1749 2166 Ouid.
1763 2139 1828 2166 Met.
1841 2148 1867 2172 2,
1881 2141 1936 2171 326.
2006 2140 2117 2167 Turbas
2135 2140 2219 2167 Plaut.
2232 2141 2300 2167 Pers.
2308 2147 2330 2174 5,
2344 2148 2368 2174 2,
2374 2147 2421 2176 70.
2467 2142 2471 2153 s

1376 2176 1433 2202 Cic.
1447 2174 1479 2202 de
1493 2176 1552 2202 Fin.
1567 2183 1591 2207 2,
1604 2182 1640 2209 79
1659 2174 1760 2201 vadem
1775 2180 1801 2201 te
1819 2174 1852 2201 ad
1874 2180 1990 2201 mortem
2012 2181 2127 2208 tyranno
2148 2175 2224 2203 dabis
2246 2184 2296 2211 pro
2320 2177 2420 2203 amico.

2257 2211 2339 2240 Ouid.
2353 2212 2422 2239 Met.

2336 2247 2422 2275 Ouid.
2464 2278 2465 2281 Ἴ

1375 2282 1454 2318 Epist.
1467 2284 1493 2313 6,
1505 2289 1536 2316 57
1553 2282 1652 2308 Tertia
1668 2281 1749 2307 metris
1762 2286 1835 2314 erat,
1855 2290 1938 2316 quum
1950 2288 1979 2309 tu
1994 2282 2057 2308 dare
2075 2282 2142 2309 Vela
2161 2282 2266 2309 coafitus
2301 2282 2422 2318 Implesti

1374 2318 1491 2345 lacrimis
1503 2317 1566 2344 talia
1578 2317 1660 2344 verba
1673 2317 1742 2350 tuis,
1760 2319 1780 2343 i.
1794 2320 1926 2353 nauigare.
1996 2318 2065 2345 Vela
2077 2318 2107 2345 in
2120 2319 2203 2345 altum
2215 2318 2276 2346 Liu.
2288 2327 2335 2352 24,
2371 2339 2379 2345 .
2411 2338 2421 2346 .

1376 2354 1452 2388 Virg.
1465 2354 1530 2380 Aen.
1545 2361 1564 2384 1,
1577 2361 1604 2386 35
1621 2354 1653 2379 In
1666 2352 1749 2379 altum
1785 2353 1852 2379 Vela
1865 2352 1962 2380 dabant
1975 2353 2046 2384 laeti.
2153 2354 2229 2388 Virg.
2250 2354 2316 2381 Aen.
2329 2361 2354 2388 5,
2367 2361 2424 2390 797

1377 2389 1459 2423 Qod
1473 2388 1602 2423 superest,
1622 2396 1688 2420 oro,
1708 2387 1786 2414 liceat
1806 2387 1870 2416 dare
1891 2394 1948 2415 tuta
1967 2398 2014 2423 per
2037 2388 2119 2415 vndas
2154 2389 2221 2416 Vela
2235 2389 2307 2417 tibi:
2342 2390 2423 2418 liceat
2448 2392 2452 2395 “

1376 2425 1535 2451 Laurentem
1547 2425 1678 2458 attingere
1693 2423 1821 2456 Tybrim.
1912 2424 1996 2459 Vela,
2011 2431 2058 2460 per
2072 2426 2263 2452 translationem
2275 2435 2284 2450 .·
2319 2426 2376 2453 Cic.
2392 2425 2425 2452 in

1376 2460 1451 2485 Orat.
1475 2466 1507 2493 75
1527 2459 1741 2493 Ingredientibus
1764 2458 1981 2487 considerandum
2003 2461 2057 2487 fuit
2072 2460 2138 2495 quid
2161 2469 2298 2495 ageremus
2310 2471 2317 2487 ι
2350 2469 2424 2488 nune

1377 2494 1486 2528 quidem
1498 2494 1552 2519 iam
1565 2502 1725 2528 quocunque
1737 2495 1872 2527 feremur,
1890 2492 1975 2521 danda
1987 2496 2117 2522 nimirum
2131 2496 2195 2522 Vela
2206 2497 2274 2523 sunt.

1377 2529 1409 2554 de
1424 2529 1498 2554 Orat.
1511 2536 1537 2560 2,
1552 2533 1597 2562 187
1631 2529 1662 2554 Et
1686 2528 1718 2554 ad
1742 2528 1770 2554 id
1792 2528 1862 2554 vnde
1884 2530 1983 2563 aliquis
2006 2531 2082 2556 flatus
2104 2530 2269 2563 ostenditur,
2287 2531 2354 2557 Vela
2375 2531 2422 2559 do.

1375 2563 1442 2590 Plin.
1458 2563 1535 2597 Epist.
1550 2565 1577 2595 6,
1588 2571 1626 2595 33,
1639 2571 1668 2588 ιο
1688 2562 1815 2589 Dedimus
1829 2563 1896 2590 Vela
1910 2564 2106 2599 indignationi,
2126 2565 2247 2592 dedimus
2259 2567 2330 2597 irae,
2350 2564 2424 2594 dedi.

1377 2608 1436 2625 mus
1450 2598 1553 2629 dolori,
1572 2605 1597 2624 et
1611 2599 1640 2624 in
1651 2598 1804 2632 ampliffima
1817 2600 1905 2631 causa,
1927 2600 1998 2635 quasi
2011 2609 2108 2634 magno
2120 2601 2206 2633 mari,
2224 2599 2346 2634 pluribus
2358 2609 2422 2628 ven-

1377 2635 1411 2661 tis
1425 2635 1511 2660 sumus
1525 2633 1604 2660 veeti.
1624 2636 1643 2659 ι’.
1667 2633 1708 2667 ΡἏ
1715 2634 1802 2669 fiamus
1816 2638 2005 2670 exaggeratione
2018 2642 2041 2661 et
2053 2638 2115 2661 totis
2127 2636 2226 2662 viribus
2239 2637 2304 2666 nixi,
2320 2634 2374 2661 dum
2380 2637 2419 2661 iu-

1378 2670 1541 2705 digvzabamur
1555 2677 1675 2695 nouercas
1687 2675 1710 2695 et
1717 2672 1853 2705 priuignos
1864 2673 1945 2696 alit-na
1957 2670 2083 2697 inuadere.
2189 2671 2330 2697 Venenum
2340 2669 2422 2697 alicui.

1380 2706 1435 2732 Cic.
1454 2714 1503 2740 pro
1523 2704 1626 2731 Cluent.
1642 2713 1680 2736 3ο.
1752 2705 1881 2737 Veniam,
1899 2705 2076 2736 Condonare,
2095 2705 2251 2741 indulgere,
2271 2708 2356 2742 inquit
2368 2705 2423 2732 Do-

1380 2747 1463 2766 natus.
1500 2741 1568 2767 Ter.
1583 2739 1664 2766 Andr.
1676 2747 1699 2772 ς,
1712 2747 1736 2771 3,
1748 2748 1780 2772 3ο
1796 2741 1918 2774 Aequum
1931 2740 2060 2774 postulat,
2079 2741 2113 2768 da
2126 2742 2249 2768 Veniam.
2320 2740 2378 2766 Cic.
2388 2739 2425 2766 de

1381 2776 1488 2802 Amicit.
1504 2777 1535 2801 62
1563 2776 1605 2801 Est
1629 2775 1701 2801 enim
1720 2781 1847 2808 quatenus
1867 2775 2002 2802 amicitiae
2021 2775 2078 2803 dari
2097 2777 2176 2803 venia
2199 2775 2281 2810 poffit.
2350 2774 2423 2802 Ter.

1382 2810 1457 2836 Adel·
1478 2817 1501 2842 5,
1520 2814 1544 2841 8,
1567 2818 1597 2842 14
1621 2810 1692 2843 Age,
1712 2809 1777 2843 quid
1796 2808 1814 2835 fi
1831 2809 1896 2843 quid
1909 2815 1935 2837 te
1949 2812 2034 2838 maius
2049 2817 2107 2838 oret
2123 2812 2132 2837 Ξ
2167 2817 2203 2836 Μ.
2219 2809 2290 2844 quali
2302 2809 2354 2837 hoc
2364 2819 2423 2838 non

1380 2845 1410 2871 sit
1432 2845 1587 2870 maximum.
1622 2851 1650 2870 D.
1668 2852 1730 2877 age,
1745 2843 1778 2870 da
1799 2845 1915 2872 veniam.

1380 2880 1479 2914 praesta
1491 2879 1665 2911 beneficium,
1683 2879 1797 2905 concede
1811 2881 1883 2914 quod
1896 2881 2004 2916 petitur.

1376 2211 1538 2238 Varietatem
1551 2210 1688 2241 similibus,
1706 2211 1795 2237 Virtus
1806 2213 1916 2237 oratoris
1937 2211 2048 2245 Qrindh
2063 2220 2102 2244 10,
2115 2219 2139 2245 ς,
2152 2219 2184 2238 ιι.

1375 2256 1405 2281 4,
1422 2255 1469 2281 324
1490 2246 1516 2273 Si
1528 2255 1580 2282 qua
1592 2245 1645 2273 tibi
1657 2247 1733 2272 soror
1745 2245 1797 2278 est,
1820 2251 1847 2273 et
1859 2254 1927 2281 quae
1940 2246 2013 2273 dedit
2027 2246 2115 2273 Vbera
2128 2247 2229 2274 nutrix.

2014 2847 2064 2874 Vbi
2083 2847 2218 2877 Donatus,
2238 2846 2277 2872 Da
2297 2845 2425 2880 veniam,

2075 2882 2168 2916 Nempe
2185 2890 2234 2907 non
2242 2881 2313 2908 modo
2325 2881 2360 2908 ad
2364 2888 2426 2918 pec-

1380 2923 1489 2942 catorum
1501 2914 1658 2949 remzjffionem
1673 2915 1798 2950 refertur,
1811 2916 1859 2951 sed
1875 2919 1970 2951 quoties
1981 2918 2079 2951 petenti
2095 2916 2192 2951 aliquid
2202 2916 2336 2943 tribuimus
2349 2927 2357 2943 :
2393 2922 2425 2944 vt

1380 2951 1422 2978 hit:
1435 2952 1514 2977 Micio
1527 2956 1630 2985 rogatur
1642 2959 1741 2976 uxorem
1754 2950 1848 2977 ducere.
1920 2951 1993 2985 Virg.
2007 2951 2072 2977 Aen.
2086 2960 2114 2984 4,
2126 2959 2174 2985 435
2189 2952 2339 2979 Extremam
2354 2951 2424 2979 hanc

1382 2995 1432 3013 oro
1447 2986 1560 3012 Veniam
1574 2985 1717 3016 (miserere
1730 2986 1847 3018 sororis)
1883 2987 1970 3020 Qlam
1985 2985 2053 3012 mihi
2071 2995 2153 3020 quum
2166 2986 2287 3021 dederis,
2306 2988 2424 3015 cumula-

1383 3027 1437 3048 tam
1451 3026 1538 3048 morte
1550 3021 1693 3047 remittam.
1784 3022 1840 3048 Cic.
1855 3030 1904 3056 pro
1918 3020 1996 3048 Arch.
2009 3030 2022 3053 3
2043 3022 2149 3055 Qiaeso
2163 3031 2177 3048 a
2191 3023 2278 3055 vobis,
2290 3029 2320 3050 vt
2332 3024 2362 3050 in
2373 3023 2424 3050 hae

1383 3057 1456 3083 causa
1470 3056 1539 3082 mihi
1551 3055 1618 3082 detis
1632 3055 1699 3082 hanc
1713 3056 1841 3089 Veniam,
1861 3056 2087 3083 accommodatam
2104 3057 2166 3084 huic
2184 3067 2247 3092 reo,
2267 3065 2313 3086 etc.
2342 3062 2360 3085 i.
2380 3061 2424 3086 In-

1382 3093 1521 3129 dulgeatls,
1536 3091 1722 3126 concedantque
1734 3092 1796 3117 mihi
1807 3092 1860 3118 hoc.
1930 3093 2043 3118 Veniam
2056 3092 2118 3120 dare
2129 3096 2216 3120 amori
2243 3095 2300 3121 Sen.
2311 3094 2423 3129 Hippoi.
2457 3100 2461 3105 ‘

1385 3137 1406 3154 2.
1477 3128 1537 3153 Liu.
1551 3129 1595 3158 26,
1633 3146 1639 3152 .
1676 3146 1683 3153 .
1720 3127 1800 3160 Qiod
1812 3127 1859 3153 vbi
1875 3127 1950 3154 senfit
1963 3128 2111 3160 Asdrubal,
2126 3130 2210 3157 mittit
2222 3130 2255 3157 ad
2272 3130 2424 3163 Neronem,

1384 3164 1431 3198 qui
1444 3164 1472 3189 in
1487 3162 1618 3197 posterum
1632 3161 1704 3188 diem
1718 3162 1884 3196 colloquium
1898 3162 2031 3194 differret,
2048 3170 2094 3190 etc.
2130 3166 2222 3198 Qmm
2233 3165 2293 3193 data
2305 3166 2363 3192 effet
2371 3167 2423 3193 Ve-

1382 3200 1427 3225 nia
1443 3200 1500 3225 eius
1514 3198 1584 3230 dici,
1600 3197 1733 3231 extemplo
1748 3197 1877 3224 Asdrubal
1890 3207 1949 3224 cum
1963 3200 2096 3233 equitatu,
2115 3207 2161 3227 etc.
2268 3202 2382 3228 Veniam
2394 3201 2425 3228 in

1384 3234 1533 3261 antcaetum
1548 3233 1610 3259 dare
1627 3233 1733 3267 leian-
1747 3233 1775 3258 in
1787 3233 1804 3261 l.
1820 3233 1830 3259 i
1844 3231 1891 3270 §.i
1903 3234 1935 3260 D.
1949 3233 1981 3261 de
1995 3236 2076 3262 seruis
2090 3235 2168 3270 fugit.
2239 3237 2351 3263 Veniam
2363 3237 2425 3264 scri-

1383 3271 1433 3305 ptis
1448 3270 1509 3296 dare
1529 3268 1611 3295 Ouid.
1626 3277 1658 3295 ex
1671 3269 1754 3294 Ponto
1768 3277 1790 3299 3,
1803 3277 1829 3300 9,
1844 3276 1880 3301 55.
1985 3271 2067 3297 Venia
2082 3270 2141 3298 data
2155 3272 2184 3298 in
2194 3271 2312 3307 reliquos
2332 3273 2425 3299 Tacit.

1385 3307 1452 3332 Ann.
1466 3314 1500 3338 12,
1514 3313 1549 3337 32.
1620 3303 1693 3343 Conf.
1709 3303 1777 3337 Nep.
1791 3311 1828 3335 ιο,
1845 3312 1866 3335 2,
1882 3312 1903 3330 2.
1972 3305 2077 3332 Suc-ton.
2091 3307 2120 3332 in
2131 3307 2230 3334 Tiber.
2243 3317 2265 3334 c.
2279 3317 2306 3334 10
2326 3308 2423 3342 Neque

1385 3348 1429 3367 aut
1450 3341 1529 3367 matri
1549 3339 1700 3374 suppliciter
1719 3340 1851 3373 precanti,
1870 3344 1915 3366 aut
1935 3340 2033 3368 vitrico
2053 3342 2137 3369 deseri
2151 3344 2176 3369 se
2191 3344 2272 3370 etiam
2286 3344 2313 3369 in
2327 3344 2423 3369 Senatu

1385 3376 1558 3411 conquerenti
1586 3376 1697 3402 Vemam
1722 3374 1804 3401 dedit.
1874 3375 1957 3401 Plaut.
1977 3377 2035 3403 Mil.
2053 3386 2075 3410 3,
2089 3387 2109 3410 ι,
2129 3381 2160 3411 56
2185 3379 2245 3405 Plus
2262 3379 2330 3405 dabo
2342 3387 2423 3412 quam

1387 3411 1544 3446 praedicabo
1563 3419 1594 3436 ex
1615 3418 1657 3436 me
1676 3410 1826 3436 venustatis
1846 3409 1906 3436 tibi.
1975 3412 2056 3439 Ouid.
2076 3414 2154 3448 Epist.
2171 3419 2205 3445 18,
2216 3423 2245 3446 23
2264 3413 2382 3440 Leander
2393 3413 2423 3440 da

1387 3456 1459 3473 manu
1466 3447 1514 3482 sua
1527 3449 1579 3478 ait,
1598 3445 1692 3480 Aptior
1705 3445 1749 3472 illa
1764 3445 1871 3480 quidem
1886 3446 1991 3480 placido
2004 3447 2066 3475 dare
2080 3449 2199 3476 Verbera
2211 3455 2300 3484 ponto.
2320 3451 2338 3475 i.
2351 3456 2425 3476 nata-

1387 3492 1423 3509 re.
1492 3480 1728 3513 Verberationem,
1762 3490 1790 3507 ro
1815 3481 1948 3508 Verberare
1962 3491 1971 3506 :
2005 3490 2035 3510 vt
2054 3485 2120 3520 apud
2130 3485 2234 3512 Lucret.
2247 3486 2273 3516 6,
2288 3491 2334 3518 107
2355 3485 2425 3512 Dare

1389 3518 1519 3548 sonitum,
1532 3523 1581 3551 pro
1596 3517 1707 3545 sonarem·
1768 3525 1812 3543 arc
1826 3517 1970 3551 crepitum,
1984 3525 2033 3554 pro
2045 3520 2158 3555 Crepare.
2185 3520 2239 3546 Cic.
2254 3519 2338 3546 Filius
2351 3521 2424 3548 Fam.

1393 3557 1430 3588 16,
1455 3560 1487 3588 27
1515 3550 1657 3578 Mirificam
1685 3550 1754 3577 mihi
1779 3551 1992 3579 verberationem
2014 3556 2161 3582 cessationis
2182 3554 2288 3588 epistola
2319 3555 2424 3583 dedisti.

1389 3588 1478 3615 Verba
1490 3588 1551 3615 dare
1564 3587 1659 3617 alicui,
1677 3593 1723 3621 pro
1737 3587 1868 3613 Concedere
1875 3590 1952 3614 alicui
1965 3596 1993 3615 vt
2005 3591 2134 3626 quuatur,
2152 3589 2217 3625 apud
2230 3590 2316 3617 Valet.
2326 3592 2424 3625 Argon.

1391 3632 1419 3659 79
1433 3632 1479 3657 435
1515 3638 1560 3643 —
1596 3621 1644 3648 Sed
1658 3631 1703 3648 nec
1717 3623 1801 3655 prima
1816 3623 1902 3657 pudor
1915 3623 1957 3650 dat
1971 3625 2057 3652 Verba
2069 3627 2182 3653 timenti.
2253 3625 2300 3652 Sed
2313 3625 2424 3661 Qun&

1392 3667 1426 3692 ιι,
1439 3669 1457 3690 ι,
1471 3667 1501 3694 37
1522 3656 1610 3684 Verba
1624 3657 1746 3696 aduersus
1766 3658 1988 3692 Agamemnonem
2005 3669 2020 3687 a
2039 3660 2162 3688 Thersite
2181 3659 2270 3687 habita
2288 3662 2423 3688 ridentur:

1392 3695 1424 3722 da
1436 3695 1482 3721 illa
1494 3692 1619 3721 Diomedi
1634 3693 1715 3718 aliiue
1729 3694 1771 3718 cui
1785 3695 1854 3727 pari,
1871 3703 1993 3729 magnum
2006 3697 2123 3723 animum
2135 3695 2207 3721 ferre
2224 3705 2285 3729 prae
2305 3698 2331 3723 se
2348 3697 2423 3724 vide-

1598 3763 1603 3767 .
1941 3731 2028 3758 Verba
2040 3729 2175 3758 nouiffima
2188 3730 2249 3757 dare
2268 3732 2328 3758 Stat.
2337 3732 2425 3760 Achil.

1392 3775 1413 3798 1,
1426 3770 1475 3797 381.
1502 3768 1528 3790 in
1572 3762 1657 3824 dsceffu
1687 3764 1785 3798 alloqui.
1873 3765 1960 3792 Verba
1973 3767 2071 3798 alicui,
2091 3767 2224 3800 Decipere,
2240 3770 2425 3795 circumuenire.

1390 3800 1477 3827 Verba
1491 3799 1558 3825 mihi
1589 3804 1630 3824 ata
1643 3799 1691 3824 effe
1703 3799 1784 3825 video
1804 3799 1884 3826 Plaut.
1901 3802 1974 3836 Capt.
1989 3811 2011 3834 3,
2023 3810 2037 3827 2
2047 3806 2110 3827 extr.
2180 3800 2252 3827 Idem
2267 3803 2355 3829 Aulul.
2372 3811 2392 3836 1,
2405 3811 2428 3834 1,

1391 3845 1427 3868 23.
1498 3835 1564 3860 Ter.
1578 3835 1644 3859 Eun.
1656 3843 1685 3867 4,
1699 3841 1722 3866 5,
1737 3843 1753 3860 1.
1824 3835 1896 3862 Idem
1919 3837 2000 3863 Andr.
2024 3845 2045 3867 1,
2067 3844 2090 3867 3,
2110 3836 2127 3861 6
2158 3836 2184 3862 Si
2200 3837 2275 3863 illum
2290 3838 2425 3872 relinquo,

1391 3872 1446 3897 eius
1459 3870 1530 3896 vitae
1543 3870 1625 3896 timeo
1639 3879 1645 3894 :
1681 3868 1718 3895 fin
1733 3870 1864 3903 opitulor,
1885 3872 1962 3899 huius
1981 3872 2082 3902 minas,
2099 3870 2143 3896 cui
2163 3872 2250 3898 Verba
2270 3872 2331 3900 dare
2356 3872 2424 3899 diffi-

1569 3904 1703 3938 Donatus,
1722 3905 1791 3934 Dare
1806 3907 1903 3941 verba,
1922 3907 2048 3942 Decipere
2062 3905 2108 3939 est,
2129 3907 2192 3941 quia
2204 3909 2252 3942 qui
2266 3917 2323 3936 rem
2337 3909 2424 3942 exspe-

2358 3943 2421 3976 diat,

2227 1436 2311 1464 Ouid.
2319 1438 2416 1463 Amor.
2468 1446 2469 1450 π

2163 1721 2256 1755 Terga
2269 1719 2330 1746 dare
2342 1721 2418 1744 metu
2453 1745 2460 1748 ,

1892 1947 1900 1955 .
1935 1929 1993 1956 Sibi
2012 1930 2085 1956 enim
2098 1929 2166 1955 bene
2179 1929 2264 1963 gestae
2277 1926 2346 1954 mihi
2359 1935 2423 1953 con-
2471 1927 2475 1933 ¹

2357 2105 2422 2132 Tu-
2470 2111 2473 2115 ·

2363 2497 2424 2523 Cic.
2455 2495 2468 2518 ''-
