2479 4225
47 254 108 291 253
424 234 701 276 Doi.
890 266 894 268 ,
1531 236 1813 280 Dor.
2095 258 2167 297 254

49 334 89 356 mg
99 324 190 358 dolor,
203 324 256 352 vid.
278 326 418 352 Ascisco.
489 323 616 357 Qiinftil.
629 326 659 355 6,
672 330 685 348 a
708 321 764 349 Nec
784 328 906 356 agamus,
925 328 982 347 rein
1001 320 1071 355 quali
1136 323 1264 358 temporis
1281 321 1383 350 minuat
1401 330 1479 358 atque
1496 324 1608 352 molliat.
1691 325 1791 353 Minuit
1810 329 1928 358 vindicta
1944 333 2063 362 dolorem
2083 334 2167 362 Ouid.

47 363 172 394 alienam,
192 360 236 387 sed
249 361 402 386 assumamus
416 367 555 394 parumper
566 360 642 386 illum
660 357 788 384 dolorem.
861 355 970 382 Astricia
983 355 1075 383 dolore
1139 359 1229 384 Amor.
1245 367 1265 390 1,
1279 366 1306 392 7,
1320 361 1359 391 63.
1411 394 1415 398 ⁴
1431 360 1560 393 (Qiinctil.
1573 363 1599 393 6,
1616 368 1626 388 1
1646 361 1730 388 Veros
1742 362 1846 390 dolores
1860 366 1962 400 mitigat
1975 375 2093 404 tempuS,
2112 370 2168 398 vid.

49 397 154 434 pectora
170 395 249 423 Ouid.
265 395 297 421 de
308 396 372 422 Arte
384 395 442 421 Am.
458 397 508 426 361.
598 392 698 426 Attingi
718 391 826 422 dolore,
845 391 898 417 vid.
912 398 1076 431 ATTiNGp.
1138 399 1162 419 iu
1176 401 1184 419 i
1198 400 1219 419 ἰ-
1231 401 1239 419 ι
1249 400 1306 420 Go.
1379 394 1535 428 Mitigantur
1548 396 1674 424 vetustate
1687 396 1791 423 dolores
1805 399 1859 425 Cic.
1873 401 1925 427 Att.
1940 411 1960 434 3,
1975 412 2006 435 ις.
2059 405 2170 432 Mollire

47 436 78 460 ie.
91 433 147 460 Cic.
160 430 242 458 Tusc.
256 439 269 463 3
282 440 303 456 c.
317 438 355 463 25.
423 430 550 456 Auertere
563 429 682 456 dolorem
703 427 777 460 Virg.
794 427 858 466 Aen.
871 435 898 459 4,
911 434 966 466 5573
1018 428 1075 467 Cic·
1137 427 1258 455 dolorem
1272 429 1344 455 Seru.
1358 428 1428 463 Sulp.
1443 430 1499 456 Cic.
1513 432 1583 457 Fam,
1597 442 1626 466 4,
1639 439 1660 465 ς,
1763 433 1874 460 Mouere
1889 435 1993 463 dolores
2012 439 2092 466 Ouid.
2102 442 2167 467 Met.

49 477 98 504 pro
111 467 247 498 Cluent.83
268 466 312 492 Illi
328 466 355 491 in
368 473 447 499 quem
461 466 574 497 dicitur,
593 462 725 490 damnatio
736 470 815 487 omne
830 469 992 495 ignominiae
1007 470 1075 495 peri·
1097 470 1111 497 ς
1137 471 1160 495 2,
1173 469 1230 497 778.
1298 463 1364 490 Cels.
1379 471 1405 498 7,
1420 473 1446 490 12
1471 465 1496 491 Si
1510 475 1573 492 vero
1586 467 1648 493 dens
1663 466 1768 494 dolores
1783 475 1888 501 mouet,
1908 478 1953 497 etc.
2021 474 2092 501 Idem
2113 485 2137 508 2,
2157 485 2168 502 ι

50 503 137 530 culum
150 502 200 528 iam
215 501 366 533 abstulerit,
386 509 456 526 mors
472 509 537 526 vero
550 499 626 525 etiam
640 496 748 523 doloris.
817 497 921 531 Augere
934 497 1015 523 alicui
1029 497 1075 523 do·
1137 499 1228 525 Auster
1241 507 1316 526 aures
1330 498 1449 531 hebetat,
1469 500 1552 527 sensus
1566 502 1664 529 tardat:
1687 503 1780 538 capitis
1792 503 2012 532 dolores‘mouet.
2098 511 2168 537 Mul.

48 539 132 565 lorem
157 542 182 563 et
207 537 292 563 facere
317 535 374 561 Cic.
398 536 449 562 Att.
470 545 502 568 ιι,
524 540 545 564 8.
615 533 714 566 Capere
727 531 847 558 dolorem
866 533 962 558 Lucan.
977 540 999 565 5,
1012 534 1075 566 760.
1136 543 1194 560 cci-e
1214 535 1291 561 viuos
1310 534 1414 561 dolores
1434 536 1495 560 Stat.
1509 536 1572 562 Silu-
1586 545 1608 569 ς,
1626 546 1648 570 ς,
1664 547 1704 571 39.
1790 540 1906 567 Mulcere
1925 541 2029 568 dolores
2049 545 2169 580 alloquio

49 573 105 600 Cic.
118 580 166 608 pro
179 572 251 598 Cael.
266 579 291 604 33
305 579 326 597 c.
342 580 379 604 14.
415 570 466 597 vid.
486 574 591 597 CAPIO.
685 567 753 593 Ter.
768 567 848 593 Andr.
862 576 890 600 4,
904 576 926 600 3,
940 576 958 601 4
975 569 1075 593 Verum
1136 569 1181 595 Sil.
1196 578 1228 601 13.
1295 569 1432 596 Obducere
1451 570 1546 596 callum
1566 573 1696 605 quoddam
1709 573 1815 606 dolori,
1840 576 1892 602 vid.-
1914 582 2047 604 OBDVCO.
2114 582 2168 608 Ob-

48 617 80 635 εκ
102 617 135 634 eo
153 615 221 634 minc
233 607 343 638 misera,
369 615 446 640 quem
459 605 526 639 capit
537 602 665 630 dolorem.
746 625 749 629 .
781 602 878 629 Carere
892 603 1003 635 dolore,
1022 602 1074 628 vid.
1136 604 1228 630 dudius
1240 604 1318 631 dolor
1332 605 1407 638 Virg.
1423 605 1488 631 Aen.
1506 614 1542 636 io,
1556 608 1600 639 64.
1706 609 1813 636 Oblitus
1831 610 1931 638 doloris
1950 612 2010 638 Stat.
2025 613 2115 640 Theb.
2132 625 2168 648 12,

48 648 166 670 CAREO.
258 642 335 668 Sensu
351 642 449 668 doloris
462 647 549 666 carere
569 638 624 664 Cic.
637 638 707 664 Fam.
721 645 747 669 9,
763 645 784 663 2.
878 638 952 665 Felix
966 637 1074 677 quicuu-
1091 649 1119 667 10
1137 642 1193 670 369.
1260 639 1402 676 Obmutuit
1421 639 1513 666 dolore
1532 641 1613 667 Ouid.
1626 643 1690 669 Met.
1703 652 1736 676 ¹3,
1749 650 1800 677 538.
1893 647 1965 674 Idem
1978 648 2055 682 Epist.
2071 657 2107 681 12,
2126 659 2170 683 195

48 688 100 715 que
113 678 206 705 dolore
219 677 325 703 alterius
341 675 495 710 discisrpofl‘e
508 674 603 700 Carere
616 678 663 698 tuo
682 672 790 698 Tibull.
802 681 825 705 3,
840 675 867 705 6,
881 682 922 706 43.
994 673 1073 699 Casti-
1137 675 1215 701 Nunc
1240 675 1335 701 vellem
1354 675 1464 701 facunda
1488 676 1590 709 sorem,
1616 677 1693 704 dolor
1717 680 1817 706 artibus
1836 681 1943 714 Obstat,
1976 684 2170 719 Ingeniumque

51 722 112 749 gare
124 713 226 740 dolores
246 713 341 739 Lucan.
355 717 378 744 8,
409 720 427 737 ι.
514 708 657 742 Castigatus
670 707 753 734 animi
767 708 875 741 dolore,
894 707 947 734 vid.
969 714 1076 735 CAsTi-
1136 709 1202 736 meis
1216 709 1329 736 substitit
1344 718 1422 736 omne
1435 710 1518 737 malis.
1610 714 1732 740 Occurrit
1745 715 1835 742 dolori
1848 725 1895 750 per
1908 718 2024 752 quietem
2038 719 2170 747 eiusmodi

53 756 107 777 Go.
142 747 244 775 Cecidit
257 747 375 782 expulsus
388 719 464 772 dolor
482 743 624 770 Sen.Herc.
633 744 691 770 Oet.
709 751 741 774 13.
798 743 875 770 Cedit
887 743 986 782 fractus
999 743 1077 770 dolor
1138 745 1298 778 catapotium
1312 744 1378 771 Cels.
1394 752 1414 778 5,
1427 753 1466 778 ις.
1537 747 1661 781 Opprimi
1677 748 1833 783 doloribus,
1857 752 1911 778 vid.
1927 753 1952 779 h.
1969 763 1993 780 v.
2071 755 2172 782 Oriun-

48 784 88 812 Μ.
104 779 168 810 ibid.
181 790 207 817 7.
309 781 405 809 Clausit
420 778 533 805 animam
547 778 624 804 dolor
656 779 751 804 Luc-in.
766 783 788 811 8,
802 786 840 812 59.
926 779 985 805 Ciet
1004 778 1078 804 dolo·
1138 785 1182 806 tui·
1194 788 1225 805 eo
1239 788 1344 814 quoque
1357 786 1476 814 tempore
1487 780 1575 808 febres
1587 783 1716 816 incertae,
1739 785 1817 812 lienis
1830 786 1922 820 dolor,
1940 794 1987 815 etc.
2042 789 2107 817 Cels.
2117 800 2141 824 2,
2151 800 2171 818 1.

47 827 105 848 rem
121 818 239 845 scribon.
254 826 309 851 194.
398 814 518 848 Collapsa
532 813 625 840 dolore
645 813 725 840 Ouid.
741 815 804 840 Met.
819 821 845 848 7,
858 814 914 843 826.
999 815 1077 840 Com·
1095 823 1119 849 ¹3
1138 817 1170 841 Ec
1190 817 1279 841 iterum
1298 815 1385 841 ibidem
1400 816 1486 851 paullo
1500 815 1564 852 post.
1635 820 1716 845 Ortus
1735 820 1770 846 est
1783 821 1883 848 subitus
1901 823 1979 850 dolor
1992 825 2083 858 capitis
2101 827 2169 853 Cels.

48 863 157 881 mouere
170 853 304 886 dolorem,
323 850 570 878 vid.comMOVEo.
641 849 765 883 Magnum
779 854 803 875 et
818 848 942 874 acerbum
957 848 1077 875 dolorem
1137 859 1164 883 2,
1178 855 1199 880 8.
1305 850 1398 877 Parere
1415 851 1505 878 dolori
1525 853 1581 880 Cic.
1601 853 1632 879 de
1646 854 1766 881 Prouinc.
1780 856 1859 883 Cons.
1873 867 1898 884 2.
2000 861 2104 887 Pascere
2124 861 2171 888 do.

48 890 227 917 Commouere
253 888 308 915 Cic.
321 888 394 913 Verr.
409 893 437 918 4,
444 891 490 918 47.
592 884 764 918 Compescere
776 883 881 910 dolores
895 885 960 910 vino
979 884 1077 911 Tibul.
1138 886 1223 912 lorcin
1240 884 1299 911 Sen.
1313 886 1389 912 Herc.
1404 887 1464 913 Oet.
1483 887 1500 913 s.
1515 897 1541 921 4.
1648 890 1743 915 Omnis
1761 889 1840 917 dolor
1859 893 1946 920 minus
1964 895 2112 922 Medicinae
2127 898 2171 924 Pa.

50 934 72 958 1,
85 933 111 957 2,
120 933 139 951 1.
210 923 332 950 Concitus
343 920 420 947 dolor
432 927 446 945 a
459 920 528 945 laeso
542 927 632 946 amore
652 919 732 946 Ouid.
749 919 837 946 Trist.
848 928 871 952 2,
886 924 938 951 388.
1009 921 1077 946 Con·
1138 926 1190 953 tet,
1211 920 1259 955 qui
1271 920 1371 946 sursum
1385 921 1501 955 procedit
1517 923 1584 950 Cels.
1599 932 1620 954 2,
1634 928 1656 954 8.
1694 925 1765 950 Forte
1779 927 1865 952 melius
1873 935 1956 962 paret.
2027 931 2082 957 Pati
2095 932 2171 959 dolo.

46 960 146 988 nictari
157 958 293 986 doloribus
303 955 391 990 capitis
410 954 477 981 Cels.
493 963 518 987 2,
531 962 556 989 7.
660 955 716 981 Cic.
731 955 802 981 Fam.
815 963 843 988 4,
856 956 873 981 6
892 955 949 981 Nec
963 964 1023 982 eum
1032 955 1076 983 do·
1138 965 1195 983 rem
1208 956 1328 989 corporis
1342 956 1398 982 Cic.
1413 959 1488 984 Vcrr.
1506 966 1534 990 5,
1547 967 1592 984 ιιι.
1647 958 1716 985 Add.
1732 959 1852 987 Scribon.
1869 971 1920 994 ¹30·
2027 967 2172 995 Inferiore.

50 995 150 1027 lorem,
168 1003 246 1030 quem
257 1001 272 1019 a
283 990 393 1026 Republ.
406 990 480 1024 capio
489 1010 497 1022 ,
515 990 608 1016 domus
621 989 674 1016 iam
688 989 826 1016 Consolari
838 990 929 1024 potest.
1007 992 1076 1018 Con·
1091 1003 1125 1021 20
1139 999 1229 1018 omnes
1247 990 1351 1018 dolores
1364 992 1440 1018 Pellit
1453 993 1589 1027 pulegium
1609 993 1674 1020 Plin.
1690 1003 1730 1026 20,
1746 1002 1784 1026 14.
1891 998 2025 1032 Percipcre
2038 1001 2173 1036 dolorem,

49 1031 163 1057 suescere
177 1028 279 1060 dolori,
297 1026 349 1053 vid.
369 1030 566 1053 CONSVESCO.
668 1025 811 1051 Continere
830 1031 930 1052 tantum
946 1025 1077 1057 dolorem,
1137 1027 1178 1053 vel
1191 1026 1307 1060 accipere
1319 1027 1374 1053 Cic.
1388 1028 1459 1054 Fam.
1474 1037 1513 1061 14,
1528 1037 1547 1055 1.
1638 1029 1753 1054 Percitus
1766 1029 1860 1056 dolore
1871 1031 1957 1059 Senec.
1972 1035 2079 1069 Hippoi,
2102 1039 2119 1064 s,
2133 1047 2172 1066 12.

47 1066 102 1092 vid.
123 1069 307 1092 CONTiNEo.
413 1060 588 1087 Contrahitur
606 1059 684 1087 dolor
701 1061 855 1087 mortiferus
874 1061 917 1087 vel
933 1062 1014 1093 vino,
1033 1062 1076 1088 vel
1139 1062 1194 1088 Cic.
1207 1062 1236 1087 in
1249 1062 1321 1088 Brut.
1357 1081 1364 1088 .
1401 1082 1408 1089 .
1445 1083 1451 1089 .
1488 1063 1537 1089 Sed
1557 1072 1599 1089 me
1619 1064 1808 1098 cupidissimum
1828 1065 1953 1094 audiendi
1971 1071 2072 1102 primus
2092 1072 2173 1102 dolor

49 1101 191 1132 cruditate,
210 1099 251 1125 vel
264 1097 379 1131 frigore,
399 1103 444 1122 etc.
470 1096 536 1123 Cels.
548 1105 576 1129 4,
588 1104 612 1121 2.
716 1095 824 1130 Corripi
854 1096 946 1130 aliquo
977 1097 1077 1129 dolore,
1138 1096 1271 1130 Percussit,
1290 1098 1369 1124 Cotta
1382 1106 1463 1132 quum
1476 1098 1513 1125 est
1526 1098 1653 1133 expulsus.
1722 1100 1846 1126 Extremo
1867 1101 1958 1129 dolore
1971 1104 2099 1132 Percussus
2113 1109 2171 1136 Val.

48 1137 102 1164 vid.
116 1140 268 1163 comune.
302 1132 420 1159 Sci-ibon.
435 1140 477 1164 99.
584 1130 650 1157 Cels.
662 1139 709 1163 4,3
729 1130 755 1157 Si
768 1140 833 1157 vero
849 1132 927 1158 etiam
940 1132 1077 1159 vehemcn-
1139 1133 1238 1167 Argon.
1252 1139 1278 1168 7,
1291 1139 1351 1167 475.
1457 1134 1577 1160 Perserre
1591 1133 1712 1160 dolorem
1731 1134 1805 1169 Virg.
1821 1136 1885 1163 Aen.
1896 1145 1922 1170 9,
1933 1141 1976 1170 96.
2017 1141 2075 1167 md,
2101 1148 2174 1169 PER-

50 1172 102 1199 tius
114 1171 190 1197 dolor
203 1168 310 1199 Creuit,
324 1167 505 1194 admouendae
517 1165 662 1193 ceruicibus
676 1166 856 1193 cucurbitulae
870 1168 935 1193 sunt.
1008 1169 1076 1195 Cels.
1091 1177 1122 1204 25
1139 1174 1227 1195 FERO.
1333 1168 1476 1195 Aeternum
1490 1169 1608 1195 Perferre
1619 1168 1739 1196 dolorem
1754 1171 1856 1198 Lucret.
1869 1181 1968 1206 3,1003.
2037 1176 2172 1204 Acerbita-

50 1213 78 1242 7,
91 1214 108 1241 7
126 1205 196 1232 Sicut
207 1204 295 1230 euenit
306 1204 334 1229 in
346 1203 379 1229 iis
389 1221 397 1235 ,
415 1211 482 1236 quae
494 1200 605 1228 ettarde
618 1201 779 1235 increscunt,
795 1207 823 1238 et*
832 1201 925 1229 dolore
937 1211 990 1229 non
1011 1204 1078 1231 Cru-
1137 1209 1176 1230 tes
1186 1223 1194 1235 ‚
1215 1202 1334 1234 dolores,
1353 1204 1534 1239 cruciatusque
1548 1204 1667 1232 Perferre
1679 1206 1734 1231 Cic.
1749 1206 1776 1231 in
1789 1207 1866 1233 Catil.
1880 1217 1908 1241 4,
1922 1217 1941 1235 1.
2010 1210 2114 1246 Perpeti
2127 1213 2174 1240 do-

49 1243 126 1269 ciant.
229 1239 298 1266 Dare
311 1238 391 1265 alicui
405 1238 525 1264 dolorem
550 1237 606 1263 Cic.
621 1237 674 1263 Att.
689 1240 715 1269 6,
753 1257 759 1264 .
796 1257 804 1264 .
909 1238 975 1265 Cels.
997 1247 1024 1272 4,
1045 1247 1078 1266 22.
1140 1239 1242 1270 iorem,
1266 1238 1318 1264 vid.
1338 1246 1530 1266 PERPETIOR.
1633 1241 1754 1267 Peruenit
1766 1241 1843 1269 dolor
1857 1251 1874 1269 a
1887 1244 2049 1279 temporibus
2066 1247 2098 1273 ad
2112 1257 2175 1275 ocu-

8 1286 9 1289 *
50 1278 179 1304 Coxarum
192 1275 281 1309 ingens
295 1274 373 1300 dolor
383 1274 431 1300 effe
443 1272 593 1299 consueuit:
629 1272 703 1306 isque
716 1272 851 1299 hominem
865 1273 937 1308 saepe
951 1274 1080 1301 Debilitat
1141 1274 1180 1300 los
1193 1274 1259 1300 Cels.
1271 1275 1297 1305 6,
1312 1275 1337 1300 6.
1423 1275 1495 1301 Idem
1513 1282 1538 1309 7,
1551 1279 1576 1305 18
1601 1275 1686 1302 Dolor
1698 1275 1731 1302 ad
1746 1276 1869 1311 inguina,
1887 1286 1965 1314 atque
1978 1280 2024 1307 ilia
2039 1283 2173 1311 Peruenit.

51 1319 77 1340 et
108 1310 232 1346 quosdam
261 1318 316 1335 non
347 1308 466 1335 dimittit.
490 1326 493 1327 ν
581 1307 682 1334 Dcduci
703 1316 717 1334 a
740 1307 848 1341 dolore,
867 1310 920 1335 vid.
944 1315 1078 1336 DEDvco.
1138 1310 1261 1344 Plangere
1280 1309 1384 1336 dolores
1403 1310 1489 1336 Senec.
1509 1311 1588 1336 l-lerc.
1608 1311 1660 1337 fur.
1680 1319 1716 1338 12.
1821 1314 1927 1341 Portare
1945 1316 2030 1342 secum
2050 1317 2174 1346 dolorem

50 1348 160 1375 Demere
174 1345 294 1372 dolorem
314 1345 416 1371 Lucret.
432 1352 453 1374 2,
467 1351 505 1369 21.
576 1343 713 1377 Depellere
727 1342 848 1370 dolorem
868 1344 924 1370 Cic.
936 1345 1007 1371 Fam.
1017 1354 1051 1378 12,
1060 1353 1078 1371 ι.
1090 1354 1123 1378 30
1140 1345 1201 1372 Stat.
1216 1344 1307 1371 Theb.
1324 1353 1356 1377 11,
1370 1350 1425 1377 508.
1498 1346 1618 1372 Premere
1632 1346 1752 1374 dolorem
1770 1347 1843 1374 Idem
1855 1349 1944 1377 Theb.
1960 1359 1993 1383 ιι,
2004 1354 2060 1384 632.
2112 1355 2174 1380 Pre-

50 1381 185 1417 Deponere
196 1389 269 1407 curas
289 1387 314 1406 et
329 1380 433 1406 dolores
447 1379 474 1405 in
488 1379 618 1411 sermone,
637 1384 662 1404 et
675 1379 801 1405 suauitate
815 1379 925 1406 alicuius
945 1381 1080 1407 Cic.Fam.
1140 1381 1190 1407 mit
1202 1380 1284 1406 altum
1296 1379 1374 1406 corde
1387 1380 1506 1407 dolorem
1520 1381 1593 1415 Virg.
1608 1382 1671 1408 Aen.
1686 1390 1707 1414 1,
1718 1390 1770 1415 213.
1875 1386 1961 1412 Premi
1980 1386 2118 1415 doloribus
2132 1399 2175 1417 ca-

69 1438 79 1451 ,
93 1420 117 1444 6.
230 1416 297 1442 Cels.
311 1423 333 1447 ς,
347 1417 378 1442 26
393 1414 509 1442 Renibus
519 1422 585 1440 vero
599 1413 733 1448 percusliS,
753 1412 832 1441 dolor
850 1415 882 1442 ad
901 1416 1025 1450 inguina,
1044 1421 1080 1442 te·
1141 1416 1203 1451 pitis
1216 1415 1424 1449 vehementibus,
1439 1421 1464 1442 et
1478 1415 1579 1443 affiduis
1593 1417 1661 1443 Cels.
1675 1426 1700 1449 2,
1715 1423 1736 1448 8.
1773 1418 1892 1446 Priuatus
1906 1421 2045 1449 doloribus
2058 1424 2136 1451 Lucr.
2150 1434 2174 1458 3,

45 1428 203 1486 liiculosque
217 1451 362 1477 Descendit.
477 1449 601 1476 Desinunt
615 1449 719 1476 dolores
739 1450 804 1476 Cels.
820 1459 845 1483 2,
859 1452 876 1476 6
891 1457 914 1477 et
927 1459 953 1486 7.
1031 1451 1080 1477 De-
1140 1457 1194 1485 918.
1248 1450 1368 1477 Processit
1380 1451 1408 1477 in
1420 1452 1506 1478 vuitus
1521 1451 1615 1485 dolor,
1637 1456 1655 1479 i.
1669 1460 1772 1488 apparet
1783 1457 1810 1479 in
1824 1457 1894 1482 vultu
1912 1457 1967 1483 Seii.
1981 1459 2057 1491 Herc.
2071 1460 2131 1487 Oet.
2146 1470 2176 1495 4.

46 1489 151 1515 trahere
165 1486 283 1513 dolorem
302 1486 358 1513 Cic.
372 1485 403 1512 de
417 1485 474 1512 Fin.
490 1494 510 1517 1,
522 1493 565 1519 27.
681 1485 835 1512 Diffimdere
854 1485 973 1513 dolorem
994 1486 1081 1513 flendo
1141 1486 1251 1513 Prolusit
1263 1486 1341 1513 dolor
1352 1496 1398 1521 per
1410 1487 1458 1513 ista
1470 1488 1572 1520 noster,
1596 1491 1614 1514 i.
1635 1489 1693 1515 baec
1705 1495 1802 1515 tantum
1809 1490 1873 1523 sunt
1884 1493 2042 1527 proludium,
2060 1501 2084 1520 et
2093 1496 2176 1531 spect.

47 1522 129 1550 Ouid.
141 1523 205 1550 Met.
218 1531 245 1555 9,
259 1530 311 1555 143.
416 1521 483 1548 Cels.
499 1529 527 1553 4,
539 1529 555 1546 z
582 1520 661 1554 Saepe
675 1521 745 1547 enim
760 1521 815 1547 dies
830 1531 896 1547 vnus
910 1528 954 1549 aut
964 1522 1031 1549 alter
1044 1529 1082 1549 to·
1098 1528 1125 1554 35
1142 1532 1194 1548 men
1209 1522 1327 1557 quoddam
1339 1523 1447 1553 doloris,
1464 1529 1486 1548 et
1493 1523 1597 1558 furoris
1610 1526 1657 1550 mei
1677 1523 1747 1550 Idem
1761 1524 1855 1551 Medea
1869 1534 1905 1553 12.
1973 1529 2066 1564 Pungit
2079 1530 2176 1559 leniter

45 1564 103 1586 tum
117 1558 236 1584 dolorem
251 1557 299 1584 hac
312 1557 414 1583 ratione
426 1556 547 1582 Discutit.
617 1556 701 1583 Paullo
708 1555 780 1591 post,
800 1557 826 1583 Si
840 1557 967 1585 Discursus
980 1566 1011 1584 ex
1025 1564 1082 1585 toto
1143 1567 1188 1584 eos
1200 1558 1282 1584 animi
1294 1556 1388 1589 dolor,
1405 1557 1458 1583 vid.
1472 1565 1571 1584 LENIS.
1641 1558 1729 1585 Pulsus
1746 1560 1824 1587 corde
1837 1560 1915 1588 dolor
1926 1563 2000 1597 Virg.
2009 1566 2072 1591 Aen.
2083 1568 2112 1598 6,
2120 1572 2175 1597 382.

48 1593 125 1620 dolor
138 1593 181 1619 est.
288 1592 424 1626 Disrumpi
438 1592 530 1618 dolore
550 1590 606 1617 Cic.
620 1593 672 1618 Att.
687 1599 713 1626 7,
728 1601 758 1618 ιι.
829 1593 930 1619 Diuelli
942 1601 1002 1619 cum
1015 1594 1084 1620 sum-
1143 1593 1211 1620 Cels.
1225 1602 1253 1626 4,
1269 1601 1293 1624 13
1319 1593 1346 1618 Si
1358 1592 1435 1619 dolor
1446 1601 1499 1619 non
1513 1593 1631 1627 quiescit.
1667 1595 1698 1620 Et
1705 1595 1788 1629 paullo
1796 1595 1870 1629 post,
1887 1597 1940 1623 Vbi
1953 1599 2041 1631 dolor,
2053 1606 2079 1625 et
2093 1601 2177 1627 febri-

47 1638 94 1656 mo
108 1628 201 1655 dolore
215 1627 247 1654 ab
261 1627 394 1662 aliquibus
414 1627 470 1653 Cic.
484 1635 532 1660 pro
548 1626 635 1652 Domo
649 1627 758 1661 suai43.
830 1628 904 1661 Virg.
919 1630 982 1654 Aen.
996 1637 1015 1661 1,
1034 1631 1082 1662 673
1145 1628 1202 1655 cula
1216 1628 1347 1663 quierunt.
1416 1627 1490 1654 Idem
1509 1636 1533 1660 2,
1551 1637 1561 1655 1
1585 1629 1619 1654 At
1632 1628 1650 1654 fi
1668 1637 1683 1655 a
1696 1630 1780 1669 prima
1797 1630 1885 1669 hicme
1898 1632 1987 1658 Austri
2005 1633 2037 1659 ad
2050 1634 2178 1663 vltimum

48 1679 95 1685 —
129 1663 159 1690 Et
172 1664 260 1690 nostro
273 1663 387 1690 Doluisti
400 1662 473 1696 saepe
487 1661 589 1688 dolore.
612 1664 614 1666 ’
678 1662 793 1688 Domare
805 1661 924 1689 dolorem
945 1663 1005 1690 Stat.
1020 1664 1084 1690 Silu.
1143 1673 1190 1690 ver
1203 1664 1406 1696 continuarunt,
1427 1662 1539 1690 laterum
1555 1663 1675 1695 dolores,
1695 1670 1721 1690 et
1739 1665 1838 1690 insania
1853 1665 2076 1701 febricitantium,
2095 1679 2177 1704 quant

47 1708 76 1761 ²n'
90 1709 109 1732 ¹²
123 1708 160 1732 ¹⁴·
169 1699 453 1768 cordffsssslffssss‘fffgeissm
464 1696 851 1768 ξῖἷέἓᾟῖἒῗῗηῗῗὲςῗξίἰίῑω
865 1699 1084 1760 ᾱὲἷὲὲέηῗὲιέἕῗ
1094 1705 1131 1731 ⁴⁰
1143 1698 1711 1768 {ejissffssfflecriissuss‘zji222325212523333’5‘
1780 1699 1924 1762 Refiissdssiie‘
1932 1703 2178 1773 &5¹3¹'i9d5f'sts'1‘3

77 1743 122 1760 um
139 1743 167 1760 re
438 1752 447 1765 ‚
1072 1750 1083 1755 -
1155 1754 1162 1760 .
1217 1750 1223 1759 ι
1356 1754 1361 1759 .
1690 1753 1696 1759 .
1862 1757 1868 1763 .
2001 1758 2006 1764 .
2041 1759 2051 1772 ,

49 1775 114 1802 unt,
133 1769 239 1803 refugio
251 1777 266 1795 a
278 1774 303 1795 te
317 1768 457 1795 monendo.
526 1768 663 1799 Emergere
683 1767 739 1793 Cic.
754 1768 807 1793 Λα.
822 1775 848 1798 9,
861 1776 887 1798 4.
959 1767 998 1792 Id.
1014 1767 1085 1793 ibid.v
1143 1774 1169 1793 et
1182 1777 1276 1795 eorum
1292 1768 1428 1801 dolorem,
1440 1769 1494 1803 *qui
1507 1768 1630 1803 lugebant
1644 1769 1718 1802 suos,
1736 1770 1857 1797 oratione
1872 1771 2046 1800 Refricabam.
2101 1776 2178 1802 Rele-
2212 1791 2217 1795 ι

49 1812 78 1837 9,
89 1813 109 1837 4
129 1804 310 1836 Qamobrem
335 1804 443 1830 obsecro
462 1808 503 1834 te,
521 1802 560 1828 mi
578 1801 660 1831 Tite,
678 1802 757 1834 Eripe
773 1800 842 1826 mihi
863 1800 1081 1826 hunc-dolorem:
1142 1802 1199 1828 vari
1213 1802 1305 1828 dolore
1317 1804 1397 1829 Ouid.
1409 1805 1471 1830 Met.
1484 1812 1509 1836 9,
1519 1806 1583 1838 674.
1653 1805 1781 1832 Remanct
1793 1806 1871 1833 dolor
1884 1807 1950 1834 Cels.
1962 1815 1992 1842 4,
2002 1818 2018 1835 2
2032 1817 2055 1836 et
2068 1813 2093 1836 6.
2136 1812 2178 1838 Id.

49 1844 97 1865 ³¹¹2
119 1839 210 1863 minue
231 1838 320 1864 saltem
338 1844 384 1863 aut
406 1837 600 1866 consolatione,
624 1840 669 1859 ³¹¹1
680 1835 804 1865 (ΟΠῙῙΠΟ,
823 1840 1035 1874 δυξφῑὸωῐῐψῐέ
1052 1843 1081 1861 re
1142 1845 1160 1868 4
1180 1845 1201 1861 c.
1217 1837 1263 1862 vlt.
1291 1837 1374 1863 Potest
1393 1839 1500 1872 quidem
1519 1838 1615 1873 aliquis
1634 1840 1682 1865 else
1694 1840 1810 1868 securior
1828 1842 1869 1868 his
1882 1844 2061 1878 temporibus,
2079 1845 2178 1880 quibus

48 1876 132 1906 potes.
200 1871 306 1897 Euichis
319 1870 412 1897 dolore
430 1871 503 1903 Virg.
518 1870 581 1895 Aen.
594 1877 627 1901 4,
640 1876 700 1902 474.
789 1869 887 1894 Exarsit
898 1868 975 1895 dolor
988 1869 1081 1895 offibus
1096 1876 1130 1902 45
1142 1871 1219 1897 dolor
1235 1871 1258 1897 se
1272 1872 1388 1898 Remiflt.
1460 1874 1516 1900 Cic.
1530 1874 1562 1900 de
1577 1875 1648 1901 Clar.
1661 1876 1735 1902 Orat.
1750 1885 1793 1908 ¹30
1817 1886 1838 1903 c.
1851 1886 1884 1911 34
1906 1880 1992 1912 Atque
2011 1880 2090 1906 etiam
2105 1882 2179 1916 inge-

46 1906 122 1941 Virg·
135 1906 200 1933 Aen·
215 1913 235 1939 ς,
251 1913 305 1940 172.
392 1905 544 1931 Exsafflrare
558 1903 677 1930 dolorem
690 1903 790 1931 damnis
822 1903 889 1930 Stat.
899 1904 990 1931 Theb.
1006 1907 1030 1933 6.
1044 1910 1080 1937 83.
1142 1906 1206 1938 nio,
1224 1912 1250 1932 et
1262 1907 1382 1934 sermone
1398 1908 1525 1943 eleganti,
1544 1910 1696 1936 valetudine
1709 1911 1878 1939 incommoda
1891 1913 1919 1939 C.
1934 1914 2035 1941 Sextius
2044 1916 2180 1944 Caluinus

46 1941 205 1970 Exciderunt
233 1942 322 1968 animo
350 1940 456 1967 dolores
485 1939 558 1974 Virg.
584 1940 649 1965 Aen.
675 1948 695 1971 1,
716 1948 756 1972 29.
826 1940 926 1966 Excitat
937 1940 988 1967 iras
1002 1940 1081 1967 dolor
1141 1942 1210 1974 fuit,
1232 1942 1280 1976 qui
1292 1942 1336 1968 etsi
1351 1952 1432 1977 quum
1447 1945 1610 1971 Remiserant
1623 1945 1729 1971 dolores
1743 1946 1853 1980 pedum,
1873 1957 1927 1974 non
1939 1948 2028 1976 deerat
2045 1952 2072 1976 in
2084 1952 2180 1986 caufis,

42 1978 122 2008 ..Idem
145 1976 211 2003 ibid.
236 1985 259 2009 2,
286 1984 344 2009 594.
459 1974 525 2002 Cels.
538 1984 569 2007 2,
584 1983 593 2000 1
621 1974 723 2009 Aquilo
735 1974 817 2001 tuffim
830 1981 937 2007 mouet,
956 1975 1080 2002 horrores
1142 1982 1229 2003 tamen
1251 1977 1278 2003 id
1304 1986 1358 2003 non
1380 1980 1453 2012 saepe
1474 1979 1604 2012 faciebat,
1632 1983 1649 2006 i.
1670 1990 1740 2015 quum
1761 1985 1867 2008 minores
1883 1991 1967 2015 erant,
1993 1992 2017 2011 et
2032 1986 2180 2018 remifflores·

48 2013 159 2045 Excitat,
179 2013 242 2038 item
263 2012 367 2038 dolores
389 2011 494 2043 lateris,
514 2015 539 2037 et
564 2009 688 2044 pectoris.
790 2010 859 2037 Aci-d.
887 2010 1005 2037 Scribon.
1027 2015 1078 2042 189.
1135 2009 1218 2047 fabii.
1290 2013 1428 2039 Renouare
1446 2013 1567 2040 dolorem
1588 2015 1683 2049 Virgil.
1698 2017 1761 2042 Aen.
1783 2025 1813 2049 2,
1831 2026 1852 2049 3.
1956 2020 2013 2046 Cic.
2026 2017 2145 2056 Fams4‚
2159 2023 2180 2049 6

45 2048 158 2076 Excussit
173 2047 258 2074 sensus
276 2046 343 2074 mihi
368 2046 467 2072 nimius
488 2046 536 2072 ille
555 2044 679 2079 impulsus
695 2044 773 2072 dolor
797 2046 857 2072 Sen.
873 2047 950 2072 Herc.
961 2047 1019 2072 Oet.
1044 2054 1080 2072 10.
1100 2054 1132 2080 50
1142 2047 1191 2073 Sed
1202 2047 1340 2081 opprimor
1353 2048 1485 2075 interdum
1505 2055 1531 2075 et
1548 2050 1594 2076 vix
1607 2050 1705 2076 Rcfisto
1722 2050 1819 2078 dolori.
1847 2076 1848 2079 ,
1910 2053 1977 2080 Cels.
1991 2062 2018 2089 7,
2032 2064 2065 2082 20
2086 2058 2134 2084 Per
2146 2066 2180 2084 ea

49 2083 130 2112 Ouid.
142 2084 205 2110 Met.
222 2091 261 2115 12,
277 2090 322 2115 534
354 2082 411 2108 Nec
433 2082 504 2116 prius
528 2080 674 2107 abstitimus
699 2081 772 2107 ferro
793 2082 920 2108 Exercere
943 2081 1063 2108 dolorem
1072 2101 1080 2114 ,
1143 2091 1208 2108 vero
1217 2101 1225 2114 ,
1245 2092 1311 2117 quae
1326 2084 1401 2117 supra
1414 2085 1508 2118 scripta
1521 2085 1595 2116 sunt,
1610 2085 1698 2111 leuato
1712 2086 1799 2118 malo,
1813 2086 1831 2112 fi
1844 2088 1949 2122 quando
1962 2090 2025 2117 alias
2038 2092 2115 2118 dolor
2128 2094 2179 2120 Re-

44 2121 136 2153 vam
151 2118 209 2145 data
223 2126 284 2152 pars
299 2117 369 2149 leto,
393 2122 491 2151 partem
512 2116 589 2150 fuga,
609 2124 714 2150 noxque
727 2117 851 2143 remouit.
941 2117 995 2143 Cic.
1009 2117 1081 2143 Fam.
1141 2118 1269 2148 verterit,
1285 2118 1375 2144 eadem
1388 2125 1465 2145 erunt
1483 2119 1611 2145 facienda.
1680 2120 1754 2146 Idem
1767 2130 1788 2152 2,
1802 2127 1816 2152 8
1835 2122 1861 2149 Si
1874 2123 1925 2150 fine
1939 2126 2012 2152 causa
2025 2126 2118 2161 longus
2130 2127 2180 2155 do-

51 2161 75 2188 3,
89 2157 118 2181 16
136 2155 199 2180 Non
213 2153 289 2181 facile
298 2152 443 2179 'Exhauriri
462 2151 609 2179 tibiistum
628 2149 829 2185 dolorcm⁸poise
840 2151 993 2191 vnniuersum
1007 2157 1080 2185 puto.
1143 2152 1184 2178 lor
1198 2153 1290 2192 capitis
1303 2153 1355 2185 est,
1375 2160 1400 2179 ct
1414 2154 1529 2193 ceruices
1548 2163 1576 2181 ac
1591 2155 1703 2194 scapulas
1718 2156 1821 2188 tranfit,
1839 2160 1981 2194 rursusque
1998 2162 2027 2188 in
2040 2170 2115 2197 caput
2128 2165 2181 2190 Re-

51 2189 119 2218 cels.
133 2191 158 2221 6,
172 2196 189 2223 7
208 2189 293 2214 Dolor
304 2196 412 2222 magnus
426 2187 529 2221 Exigit,
548 2192 577 2213 vt
589 2187 692 2220 sanguis
706 2196 811 2222 quoque
825 2193 954 2217 mittatur.
1007 2186 1081 2213 idem
1140 2193 1269 2220 vertitur,
1292 2194 1337 2214 aut
1350 2197 1365 2214 a
1377 2197 1461 2223 capite
1480 2189 1512 2215 ad
1531 2197 1662 2230 ceruices,
1682 2192 1847 2227 scapulasque
1864 2197 1997 2229 peruenit,
2014 2199 2179 2232 perniciosus

51 2233 82 2258 4,
94 2233 120 2257 23
142 2225 230 2257 Qium
242 2224 270 2250 in
282 2223 414 2256 humeris,
427 2223 520 2250 aliisue
531 2222 704 2249 commissuris
717 2223 795 2250 dolor
806 2223 901 2258 aliquis
914 2224 1025 2252 Exortus
1037 2222 1082 2251 est.
1097 2227 1126 2256 55
1143 2223 1187 2250 est.
1258 2224 1375 2251 Saturata
1390 2223 1512 2251 dolorem
1532 2227 1606 2259 Virg.
1623 2227 1687 2252 Aen.
1701 2234 1723 2259 ς,
1738 2229 1796 2258 608.
1866 2230 1922 2257 Cic.
1935 2232 1987 2258 Art.
2007 2241 2037 2266 3,
2055 2241 2079 2267 ις
2103 2235 2180 2262 Nolo

51 2260 208 2287 Exulcerare
220 2258 354 2291 dolorem,
383 2258 436 2285 vid.
455 2265 472 2286 Ε
481 2265 554 2285 xv—r.
564 2264 582 2285 c
591 2265 671 2286 ERO.
765 2259 884 2287 Exundat
898 2259 976 2287 dolor
994 2260 1082 2287 Senec.
1145 2269 1368 2294 commemorare,
1388 2260 1483 2295 quibus
1496 2260 1573 2288 rebus
1587 2260 1633 2287 sim
1646 2261 1779 2296 spoliatus,
1797 2272 1852 2290 non
1863 2265 1947 2292 solum
1960 2277 2023 2302 quia
2039 2278 2092 2295 non
2105 2270 2182 2304 igno-

50 2294 118 2324 Oed.
134 2303 167 2321 12.
269 2295 409 2329 Exsuperat
422 2293 501 2321 dolor
518 2295 622 2321 Lucret.
631 2303 652 2326 2,
666 2301 733 2330 1275.
828 2296 906 2322 Ouid.
920 2296 952 2330 ad
966 2296 1026 2322 Liu.
1041 2303 1083 2328 353
1146 2305 1202 2329 ras,
1221 2296 1263 2322 sed
1277 2297 1356 2323 etiam
1370 2305 1402 2322 ne
1416 2296 1535 2323 scindam
1548 2296 1602 2331 ipse
1616 2296 1735 2324 dolorem
1748 2307 1852 2332 meum,
1875 2304 1894 2327 i.
1908 2312 2016 2338 augeam.
2056 2305 2182 2333 TraHum

44 2330 113 2358 ·Alta
128 2338 217 2363 mane,
237 2330 365 2365 supraque
377 2336 436 2357 tuos
449 2331 562 2365 Exsurge
582 2329 686 2360 dolores
699 2341 705 2357 z
741 2330 948 2367 Infragilemque
965 2332 1084 2358 animum
1143 2341 1159 2358 a
1172 2332 1329 2363 vulneribus,
1349 2341 1409 2367 quae
1415 2331 1492 2368 sciffiz
1503 2332 1683 2368 recrudescunt.
1789 2335 1883 2362 Sedare
1896 2337 2015 2365 dolorem
2027 2340 2109 2367 scrib,
2119 2343 2180 2368 206,

51 2375 105 2401 quo
120 2372 192 2401 potes
204 2375 285 2400 vsque
298 2372 365 2393 tene.
468 2366 588 2400 Exsurgit
601 2366 710 2400 grauior
723 2365 801 2393 dolor
815 2367 952 2395 SemMed.
962 2376 980 2394 1.
1026 2368 1083 2393 cic.
1144 2367 1210 2394 Cels.
1227 2369 1252 2399 6,
1265 2375 1282 2401 7
1308 2368 1376 2402 Ergo
1390 2366 1437 2394 vbi
1450 2367 1565 2401 primum
1580 2367 1699 2395 dolorem
1713 2370 1789 2404 aquis
1803 2371 1898 2403 Senfit,
1914 2372 2045 2401 abstinere
2057 2382 2084 2402 et
2096 2377 2181 2402 conti-

51 2401 145 2429 OEtau.
160 2410 169 2428 1
194 2401 277 2428 Nulla
294 2403 366 2428 enim
379 2402 505 2434 remedia,
519 2410 585 2437 quae
603 2401 758 2429 vulneribus
776 2401 952 2436 adhibentur,
970 2409 1023 2429 tam
1037 2403 1083 2428 Fa·
1092 2407 1127 2432 60
1144 2411 1206 2429 nere
1221 2403 1246 2428 se
1263 2402 1349 2429 debet.
1420 2402 1536 2438 Sepelire
1549 2402 1670 2430 dolorem
1688 2405 1805 2439 Propert.
1819 2415 1839 2438 i,
1855 2415 1893 2442 17,
1908 2416 1942 2440 ¹9-
2013 2410 2118 2437 seruire
2134 2411 2181 2437 do-

51 2437 124 2464 ciunt
136 2436 271 2469 dolorem,
291 2446 369 2472 quam
383 2445 448 2472 quae
466 2438 524 2463 sunt
537 2437 669 2464 salutaria.
783 2439 913 2471 Qiinetil.
929 2447 952 2471 5,
966 2447 994 2464 ιο
1024 2438 1083 2464 Nec
1144 2438 1198 2465 lori
1214 2437 1286 2464 Idem
1300 2446 1319 2470 1,
1334 2445 1360 2473 7,
1375 2445 1401 2472 7.
1473 2438 1540 2465 Cels.
1555 2447 1580 2471 2,
1595 2444 1608 2469 8
1629 2440 1812 2467 Humerorum
1825 2442 1938 2475 dolores,
1953 2445 1999 2478 qui
2011 2445 2043 2470 ad
2057 2446 2182 2479 scapulas,

52 2472 72 2500 fi
93 2473 184 2507 capitis
205 2471 324 2499 dolorem
345 2472 432 2504 Facit,
451 2472 555 2499 inutilis
574 2471 727 2499 hominibus
748 2472 785 2498 sol
804 2473 847 2499 est.
943 2473 1008 2500 Cels.
1023 2481 1055 2505 2,
1073 2482 1083 2500 1
1145 2474 1187 2500 vel
1201 2482 1293 2499 manus
1305 2473 1430 2505 tendunt,
1448 2474 1553 2501 vomitu
1566 2479 1637 2501 atrae
1650 2474 1713 2501 bilis
1725 2476 1877 2503 Soluuntur.
1938 2478 2077 2512 Soporatus
2092 2481 2183 2513 dolor,

51 2508 156 2535 Praeter
169 2507 231 2533 hacc
247 2507 364 2541 graciles,
381 2507 528 2541 viscerum,
546 2513 572 2533 et
591 2508 701 2534 laterum
715 2507 821 2534 dolores
837 2508 964 2543 Fatigant.
1005 2509 1084 2535 Ferre
1144 2512 1162 2535 i.
1178 2510 1276 2544 Sopitus
1295 2510 1369 2536 Curt.
1383 2517 1400 2543 7
1425 2518 1474 2535 non
1482 2510 1572 2545 procul
1584 2510 1614 2535 ab
1622 2512 1713 2535 'initioi
1778 2511 1917 2544 stabilire,
1931 2518 1957 2538 et
1970 2513 2092 2541 inhibere
2104 2516 2181 2543 dolo-

55 2542 175 2569 dolorem
187 2542 284 2576 Virgil.
299 2544 362 2570 Aen.
376 2545 402 2575 6,
414 2545 477 2578 464.
548 2543 638 2570 Finire
651 2543 755 2570 dolores
768 2544 834 2570 Pers.
849 2552 878 2577 5,
893 2546 941 2570 161.
994 2544 1085 2579 Finire
1145 2554 1200 2575 res,
1225 2544 1279 2570 vid.
1300 2552 1310 2571 1
1319 2552 1339 2570 N
1350 2551 1371 2570 H
1383 2551 1392 2569 i
1404 2551 1420 2570 Β
1431 2551 1448 2570 Ε
1458 2551 1486 2571 0.
1557 2544 1696 2570 Stimulans
1710 2543 1790 2570 dolor
1803 2545 1847 2571 Sil.
1862 2549 1879 2572 6
1897 2554 1920 2572 et
1933 2555 1958 2582 7.
2029 2550 2123 2577 Suadet
2134 2551 2182 2578 do-

55 2577 159 2604 dolores
171 2577 259 2604 lateris
273 2578 339 2605 Cels.
350 2585 374 2611 5,
385 2585 424 2611 ας.
518 2578 608 2606 Finire
620 2578 740 2606 dolorem
755 2578 828 2605 Idem
841 2588 866 2611 z,
879 2588 905 2614 7.
975 2580 1085 2606 Finiun-
1099 2579 1130 2610 63
1144 2580 1186 2606 lor
1199 2581 1293 2605 Horat.
1307 2578 1383 2612 Epist.
1400 2587 1418 2609 1,
1432 2587 1457 2610 2,
1470 2580 1525 2619 605-
1537 2581 1556 2604 i.
1567 2581 1620 2617 ¹ira.
1691 2579 1757 2605 Cels.
1767 2588 1796 2620 ρ,
1810 2588 1835 2613 15
1855 2581 1881 2607 Si
1894 2583 1979 2610 nullus
1991 2589 2096 2618 tumor,
2108 2587 2181 2614 nulla

55 2614 103 2640 tur·
110 2611 213 2639 dolores
225 2612 297 2640 Idem
311 2622 335 2646 2,
348 2619 370 2644 8.
405 2620 429 2640 et
446 2622 472 2647 4,
487 2618 510 2644 8.
614 2614 658 2642 Fit
675 2615 739 2644 item
761 2614 868 2641 laeuitns
889 2614 1084 2647 intestinorum,
1144 2614 1271 2644 durities,
1290 2614 1376 2639 nullus
1389 2613 1466 2639 dolor
1479 2612 1641 2645 vncenbus,
1660 2619 1704 2648 aut
1717 2616 1813 2649 capiti,
1833 2622 1879 2643 aut
1892 2620 2052 2651 praecordiis
2065 2622 2180 2649 Suberit.

57 2657 123 2683 quae
141 2648 260 2678 lienteria
279 2655 403 2681 vocatur,
422 2658 502 2675 coxae
520 2648 643 2682 dolores,
665 2649 754 2677 morbi
769 2650 913 2676 comitiales
931 2650 996 2676 Cels.
1014 2658 1030 2676 2
1036 2669 1045 2681 ,
1065 2659 1083 2675 1.
1145 2649 1219 2675 Idem
1231 2657 1254 2679 2,
1268 2655 1284 2682 7
1295 2648 1356 2687 ,νει
1367 2647 1443 2687 nullo
1457 2647 1551 2674 dolore
1563 2647 1706 2680 Substante,
1726 2650 1831 2690 somnus
1842 2659 1960 2686 ereptus,
1976 2656 2181 2692 continuataque

54 2683 176 2718 Flagrans
188 2683 281 2716 dolor,
303 2686 321 2710 ί.
333 2684 458 2709 vehemens
470 2685 561 2710 quen.
575 2684 624 2710 Sat.
642 2693 676 2716 13,
691 2693 712 2710 11
738 2685 866 2710 Ponainus
886 2684 984 2710 nimios
1004 2684 1085 2717 gcmi-
1145 2683 1222 2709 noete
1237 2689 1262 2709 et
1274 2683 1318 2708 die
1331 2682 1430 2716 vigilia.
1501 2683 1674 2723 Succumbere
1688 2683 1777 2723 dolori
1794 2686 1850 2713 Cic.
1864 2687 1896 2713 de
1909 2688 1967 2716 Fin.
1980 2699 1999 2723 ι,
2013 2697 2049 2723 38.
2104 2693 2180 2719 Sum:

55 2724 96 2745 tus
110 2730 116 2745 :
139 2719 291 2752 flagrantior
303 2726 387 2752 aequo
422 2718 487 2743 Nori
501 2717 577 2743 debet
589 2717 667 2744 dolor
681 2719 734 2745 Ess‘e
748 2719 818 2750 viri,
837 2728 884 2745 nec
904 2719 1014 2744 vulnere
1031 2727 1083 2745 ma·
1146 2725 1189 2750 vt,
1209 2718 1265 2744 Cic.
1281 2718 1351 2744 Fam.
1370 2727 1398 2752 4,
1418 2726 1431 2750 3
1457 2719 1565 2752 Qianto
1583 2718 1680 2745 fuerim
1698 2718 1791 2746 dolore
1808 2723 1962 2751 meministi.
2033 2728 2085 2753 Effe
2100 2728 2183 2756 alicui

54 2754 108 2780 ior.
179 2755 280 2780 Fouere
294 2753 412 2780 dolorem
427 2752 481 2778 Cic.
496 2753 548 2778 Att.
560 2761 597 2784 12,
612 2761 648 2785 19.
723 2754 852 2787 Frangere
871 2753 992 2780 dolorem
1011 2752 1085 2779 Idem
1099 2760 1134 2788 70
1146 2753 1235 2780 dolori
1254 2752 1334 2779 Ouid.
1347 2753 1437 2780 Amor.
1452 2754 1475 2785 3,
1488 2752 1557 2787 957.’
1616 2754 1646 2793 In
1660 2753 1754 2781 dolore
1766 2755 1802 2782 est
1814 2757 1932 2785 Scribon.
1947 2769 1977 2787 11.
1997 2764 2015 2787 i.
2029 2764 2101 2789 dolet.
2149 2765 2182 2791 ln

55 2788 167 2823 Philipp.
182 2797 225 2819 12,
243 2797 268 2821 9.
384 2788 495 2815 Frenare
513 2786 638 2814 vndantes
657 2788 760 2815 dolores
778 2789 823 2815 Sil.
838 2794 862 2821 8,
897 2809 903 2815 .
942 2808 948 2814 .
1008 2787 1088 2815 Fren—
1146 2790 1222 2815 cursu
1235 2788 1314 2815 dolor
1327 2788 1378 2819 est,
1398 2791 1416 2814 i.
1428 2791 1455 2814 in
1467 2791 1552 2824 vigore
1571 2788 1652 2815 Ouid.
1668 2797 1699 2816 ex
1713 2791 1796 2817 Ponto
1808 2801 1836 2825 4,
1853 2802 1883 2825 ιι,
1898 2800 1931 2825 18,
2004 2798 2034 2823 [η
2048 2797 2141 2824 dolore
2154 2805 2181 2826 et

54 2823 117 2851 dens
131 2823 210 2849 dolor
223 2824 281 2849 Sen.
295 2824 372 2850 Herc.
386 2823 437 2849 fur.
452 2825 508 2855 693.
581 2823 680 2849 Furere
694 2823 788 2850 dolore
804 2823 885 2850 Ouid.
897 2825 960 2850 Met.
973 2832 1011 2856 12,
1026 2829 1086 2858 478.
1148 2832 1272 2850 moerore
1285 2823 1332 2849 effe
1345 2823 1401 2849 Cic.
1415 2822 1530 2863 Philipp.
1541 2832 1573 2856 11,
1588 2832 1607 2850 1.
1667 2825 1821 2854 Succurrere
1834 2828 1923 2856 dolori
1936 2831 2047 2859 alicuius
2060 2835 2181 2869 Propert.

55 2858 195 2886 Geminare
207 2858 313 2885 dolores
330 2858 403 2885 Idem
417 2859 505 2884 Amor.
518 2865 542 2888 2,
558 2865 595 2889 10,
609 2867 640 2884 ιι.
746 2859 860 2893 Gignere
874 2858 992 2885 dolorem
1006 2858 1086 2885 alicui
1149 2867 1172 2891 2,
1186 2861 1220 2891 16,
1235 2867 1268 2891 13.
1337 2858 1470 2885 Succurrit
1483 2860 1511 2885 in
1525 2860 1649 2886 iecinoris
1668 2860 1761 2888 dolore
1779 2862 1862 2890 febris
1881 2866 1950 2893 Cels.
1964 2875 1994 2899 2,
2008 2872 2030 2897 8.
2106 2870 2183 2897 Idem

53 2895 158 2923 Lucret.
172 2902 201 2926 4,
215 2902 268 2925 33²⁶
339 2893 445 2920 Habere
464 2892 584 2919 dolorem
596 2892 721 2933 Scribon.
736 2899 774 2934 38,
790 2902 836 2934 197
859 2900 904 2920 etc.
976 2893 1085 2927 Qiine't.
1148 2902 1173 2926 2,
1186 2899 1199 2924 8
1223 2894 1256 2920 At
1270 2892 1373 2934 dolores
1388 2894 1495 2934 capitis,
1516 2893 1614 2929 quibus
1627 2895 1880 2938 ociiiortmifaiigo,
1900 2908 1926 2928 et
1944 2902 2027 2929 rubor
2046 2913 2103 2930 cum
2118 2915 2182 2940 qua-

22 2947 27 2951 ,
55 2939 78 2962 2,
91 2938 120 2965 17
138 2930 178 2955 An
190 2928 310 2955 dolorem
323 2929 413 2962 capitis
426 2928 542 2960 Habeat,
557 2936 604 2963 qui
618 2929 664 2955 hos
676 2929 701 2954 se
713 2935 766 2963 pati
780 2929 858 2956 dicet.
893 2929 1019 2955 Dolorem
1033 2930 1085 2955 Ha—
1102 2932 1133 2960 75
1147 2929 1207 2956 dam
1227 2929 1324 2956 frontis
1343 2938 1479 2963 prurigine
1496 2930 1636 2962 accedunt,
1655 2932 1786 2967 sanguinis
1806 2936 1973 2970 profusione,
1997 2938 2040 2964 vel
2059 2940 2180 2972 fortuita,

54 2965 118 2993 bere
132 2965 287 2991 continuum
298 2964 366 2991 Cels.
379 2972 405 2996 2,
418 2972 446 2996 4.
517 2964 573 2990 Cic.
588 2965 639 2991 Au.
653 2973 673 2996 1,
686 2971 708 2997 5.
742 2963 745 2971 ’
777 2964 850 2991 Idem
863 2973 912 2998 pro
925 2965 1044 2991 Muraen.
1055 2969 1086 2998 89
1146 2965 1189 2991 vel
1207 2965 1286 2991 etiam
1305 2965 1387 2999 petita
1404 2965 1618 2992 Summouentur.
1723 2968 1832 3003 Superat
1857 2972 1954 2998 virtute
1975 2973 2079 3001 dolores
2098 2976 2180 3002 Ouid.

50 3001 91 3029 ,At
101 3000 188 3027 Habet
201 3008 324 3034 magnum
336 2999 471 3030 dolorem,
491 2999 560 3025 vnde
572 3009 631 3026 cum
643 2999 745 3026 honore
757 2998 899 3032 decesseris,
916 3000 1010 3026 eodem
1024 3009 1085 3026 cum
1146 3001 1210 3027 Met.
1223 3006 1246 3033 8,
1260 3007 1314 3040 517.
1383 3000 1530 3034 Suppress'us
1544 3001 1622 3041 dolor
1642 3001 1736 3029 Lucan.
1751 3007 1777 3037 6,
1789 3011 1845 3035 228.
1915 3008 2047 3042 Suscipere
2060 3010 2181 3038 dolorem

55 3035 203 3071 ignominia
215 3036 323 3062 reuerti.
395 3035 524 3069 Requiem
537 3035 641 3062 Habere
653 3035 754 3062 doloris
771 3036 851 3063 Ouid.
867 3036 898 3062 de
911 3037 973 3062 Arte
987 3036 1045 3062 Am.
1061 3044 1087 3068 2,
1148 3037 1205 3062 Cic.
1219 3035 1251 3061 de
1265 3036 1323 3062 Fin.
1338 3044 1358 3067 1,
1372 3044 1412 3068 24.
1505 3036 1636 3063 Sustinere
1655 3036 1776 3065 dolorem
1799 3040 1872 3067 Idem
1889 3051 1938 3076 pro
1956 3044 2044 3069 Domo
2063 3046 2107 3071 sua
2126 3054 2180 3079 145.

59 3078 120 3104 490.
187 3071 325 3098 Imminuit
342 3071 367 3097 sc
386 3070 465 3096 dolor
484 3070 566 3096 Ouid.
585 3070 665 3104 Epist.
683 3080 722 3104 ιι,
744 3079 777 3104 51.
847 3072 994 3098 Immittere
1011 3071 1086 3097 dolo·
1147 3071 1215 3098 Ter.
1230 3070 1341 3104 Adelph.
1355 3079 1383 3103 4,
1394 3079 1420 3110 3,⁴
1431 3079 1453 3097 ιι
1471 3071 1541 3099 Nam
1555 3078 1581 3098 et
1594 3072 1635 3098 illi
1647 3074 1765 3100 animum
1778 3075 1831 3101 iam
1845 3077 1983 3108 releuatus,
1998 3088 2065 3113 quae
2079 3081 2181 3112 dolore,

60 3113 130 3138 rem,
150 3105 203 3133 vid.
216 3106 240 3132 h.
253 3115 278 3133 v.
350 3105 478 3140 Impediri
493 3105 586 3132 dolore
602 3107 657 3133 Cic.
672 3107 743 3133 Fam.
758 3117 784 3141 4,
798 3109 823 3133 6.
892 3108 1026 3141 Imperare
1039 3106 1085 3132 do·
1098 3109 1129 3135 80
1145 3115 1175 3133 ac
1189 3106 1295 3132 miseria
1307 3105 1443 3133 Tabescit.
1549 3108 1653 3134 Tacent
1665 3109 1771 3142 pectora
1784 3110 1877 3137 dolore
1894 3113 1974 3138 Ouid.
1988 3115 2065 3148 Epist.
2079 3124 2113 3148 ις,
2127 3120 2180 3148 198.

52 3138 127 3172 lori,
158 3142 295 3176 Impertite
307 3141 428 3168 dolorem
440 3142 514 3167 suum
528 3142 625 3174 alicui,
653 3141 706 3168 vid.
727 3143 768 3169 hh.
782 3151 825 3169 vu.
895 3142 967 3168 Caes.
981 3142 1045 3168 Bell.
1054 3143 1085 3168 C.
1147 3142 1221 3176 Virg.
1237 3142 1302 3167 Aen.
1315 3149 1348 3174 9,
1364 3144 1398 3174 96
1434 3156 1479 3161 —-
1513 3152 1567 3169 non
1586 3144 1654 3170 solos
1668 3145 1751 3178 tangit
1765 3146 1869 3172 Atridas
1904 3148 1953 3174 iste
1966 3148 2052 3176 dolor.
2123 3152 2180 3177 Te-

63 3181 86 3217 ³?
98 3182 134 3217 74
150 3177 281 3204 Exercitui
294 3177 402 3213 quidem
415 3177 489 3204 omni
501 3183 586 3217 tantus
599 3177 697 3218 Inceffit
710 3187 742 3204 ex
756 3176 926 3204 incommodo
941 3177 1026 3208 dolor,
1043 3184 1088 3203 etc.
1148 3186 1209 3220 gere
1223 3176 1342 3216 dolorem
1356 3177 1406 3203 alta
1418 3183 1504 3204 mente
1519 3179 1614 3207 Lucan.
1628 3181 1654 3218 6,
1668 3185 1718 3209 228.
1806 3182 1914 3208 Tenere
1933 3183 2066 3217 dolorem,
2085 3189 2102 3211 i.
2118 3195 2181 3212 com—

64 3211 631 3281 Ihdiii‘s‘i'tfi‘lacrimashdbelrdiubtdasslqi-'elidliifffil,
640 3213 703 3280 Αῇξιὲ.
719 3222 756 3246 11,
771 3219 892 3275 I7noc9reui'tt
907 3213 985 3275 ‹idigi-
993 3215 1087 3274 6O131id.
1143 3212 1461 3280 {iiild'gltfi‘bc-Lliitctreiz?
1465 3220 1523 3280 μ11148
1561 3213 1756 3277 Tensszplqssgp
1767 3215 2012 3284 ‘cibidi-ugelgegiis
2026 3225 2047 3250 8.
2077 3221 2180 3284 Tssffi}

65 3279 128 3306 Met·
141 3288 165 3312 9,
193 3291 230 3314 03.
298 3283 442 3311 lncursabit
454 3284 483 3310 in
495 3290 521 3310 te
534 3283 612 3310 dolor
624 3293 713 3316 meus,
744 3284 796 3310 vid.
816 3289 974 3311 INCVRRO.
1045 3284 1088 3310 In·
1103 3285 1132 3315 85
1149 3283 1270 3310 dolorem
1282 3291 1297 3309 a
1310 3282 1418 3320 renibus
1432 3284 1519 3310 semen
1533 3284 1644 3311 crethmi
1662 3285 1727 3312 Plin.
1744 3289 1792 3318 26,
1811 3292 1833 3318 8.
1904 3289 2054 3316 Transeunt
2073 3290 2180 3319 dolores

66 3320 152 3340 cutere
188 3317 287 3345 olorem
306 3320 362 3346 Cic.
378 3321 430 3346 Att.
450 3328 470 3352 ι,
489 3327 522 3352 13.
593 3318 718 3354 Indipisci
737 3319 858 3346 dolorem
880 3319 908 3345 in
929 3318 1086 3353 cogitando,
1150 3319 1180 3345 ad
1194 3319 1293 3345 viscera
1305 3318 1373 3345 Cels.
1388 3327 1417 3350 2,
1437 3320 1462 3345 6.
1578 3321 1657 3346 Venit
1677 3321 1705 3347 in
1718 3330 1821 3348 morem
1840 3331 1911 3349 meus
1929 3324 2021 3357 dolor,
2050 3329 2068 3352 ι’.
2088 3326 2180 3360 afficeui

64 3349 118 3375 vid.
134 3355 173 3375 ΙΝ
182 3356 278 3380 Diris
287 3360 367 3382 COR.
438 3354 578 3390 Indulgere
593 3354 681 3382 dolori
694 3355 775 3390 Ouid.
788 3355 820 3381 ad
833 3355 938 3381 Liuiam
951 3361 1010 3388 417.
1045 3355 1086 3380 In-
1148 3357 1197 3381 iam
1207 3355 1303 3390 semper
1315 3353 1488 3393 dolere-Ouid.
1504 3363 1535 3380 ex
1548 3355 1631 3382 Ponto
1646 3363 1671 3389 7,
1683 3364 1722 3389 39.
1795 3358 1910 3385 Veniunt
1921 3361 2056 3393 grauiores
2074 3361 2136 3388 dolo
2152 3372 2180 3390 es

64 3385 136 3411 ferre
149 3384 278 3419 dolorem,
311 3390 408 3417 Infixus
426 3391 516 3417 animo
536 3390 624 3417 haeret
644 3390 736 3423 dolor,
762 3390 857 3424 vinkſjl
876 3390 901 3416 ll.
980 3389 1086 3416 Inhibct
1138 3390 1215 3417 Cels.
1235 3398 1264 3422 3,
1281 3398 1305 3416 2.
1375 3391 1487 3416 Vincere
1505 3398 1597 3423 graues
1615 3390 1719 3418 dolores
1739 3392 1795 3418 Sen.
1808 3393 1900 3419 oetan.
1915 3404 1941 3426 4.
2011 3396 2082 3422 Vicit
2101 3398 2135 3423 do
2147 3407 2181 3426 01-

25 3452 29 3455 ,
65 3420 185 3446 dolorem
201 3420 323 3456 pectoris,
342 3434 371 3452 ac
383 3426 481 3453 ventris
496 3426 630 3461 pulegium
643 3426 708 3452 Plin.
722 3434 765 3458 20,
778 3435 816 3459 14.
869 3423 964 3452 Infidet
977 3424 1087 3460 pedibus
1149 3425 1282 3452 minicium
1296 3424 1387 3451 virum
1405 3424 1485 3451 Ouid.
1499 3426 1562 3451 Met.
1579 3434 1618 3458 13,
1638 3429 1692 3458 386.
1780 3428 1873 3454 Vlcisci
1887 3428 2007 3456 dolorem
2027 3432 2097 3458 Caes.
2115 3434 2180 3460 Beli,

66 3454 158 3487 dolor,
184 3454 237 3481 vid·
251 3455 275 3482 b.
286 3466 311 3484 v.
376 3461 441 3488 Cels.
457 3470 486 3495 4,
498 3467 512 3492 8
532 3461 669 3496 Dolorque
681 3461 763 3488 modo
781 3461 887 3492 finitur,
905 3461 986 3488 modo
1003 3460 1087 3487 inten-
1099 3466 1135 3492 90
1147 3461 1231 3487 Afric.
1246 3466 1285 3496 87.
1356 3461 1437 3494 Vrget
1452 3460 1529 3486 dolor
1541 3460 1607 3487 Cels.
1620 3470 1639 3495 4
1655 3471 1677 3488 c.
1692 3461 1737 3488 vit.
1807 3463 1900 3497 vigeri
1914 3466 1989 3498 graui
2002 3465 2093 3494 dolore
2107 3470 2180 3496 Idem

64 3490 145 3518 ditur.
224 3490 361 3521 Intercludi
377 3496 487 3529 dolore,
521 3497 616 3523 Inuafit
633 3497 727 3529 dolor,
760 3497 812 3523 vid.
825 3495 860 3530 ffi
877 3496 902 3522 ll.
973 3495 1040 3523 Cels.
1059 3505 1088 3529 4,
1148 3505 1178 3529 3,
1196 3504 1218 3522 2.
1295 3496 1391 3530 Vrgeri
1410 3495 1483 3522 vasto
1501 3495 1595 3523 dolore
1613 3496 1730 3523 Scribon.
1749 3502 1800 3527 182.
1887 3500 1947 3526 Vrit
1967 3500 2045 3528 dolor
2063 3511 2179 3531 amantes

64 3534 95 3558 23
126 3526 223 3552 Omnes
242 3531 328 3552 autem
344 3529 471 3559 eiusmodi
491 3531 609 3563 dolores,
632 3532 680 3558 vbi
699 3533 931 3564 Inueterauerunt‚
956 3532 1003 3558 vix
1021 3531 1088 3558 citra
1147 3532 1228 3559 Ouid.
1243 3532 1307 3558 Met.
1320 3539 1348 3564 4,
1361 3536 1419 3565 278·
1489 3532 1602 3567 Vulgare
1614 3532 1733 3558 dolorem
1745 3532 1889 3560 obductum
1903 3535 1999 3570 Virgil.
2012 3538 2077 3564 Aen.
2087 3547 2125 3571 io,
2133 3543 2180 3573 64.

64 3561 194 3588 vstionem
206 3560 341 3588 finiuntur.
365 3570 368 3575 ¹
407 3567 566 3594 Inucteratus
580 3567 673 3600 dolor,
701 3567 754 3594 vid.
768 3567 793 3595 h.
805 3577 830 3593 v.
903 3568 959 3594 Cic.
974 3566 1087 3601 Philipp.
1149 3571 1168 3593 i.
1182 3567 1302 3594 Celatum
1315 3572 1340 3593 et
1354 3565 1476 3593 diuturna
1487 3566 1540 3593 iam
1553 3568 1674 3594 cicatrice
1686 3574 1848 3601 coopertum.
1884 3569 1999 3598 Seruius.
2038 3573 2179 3602 Obduetus

66 3605 98 3629 11,
112 3602 138 3628 38
165 3596 264 3623 Tertio
282 3605 346 3636 vero
363 3602 450 3631 generi
466 3611 521 3629 non
540 3603 656 3629 militum
678 3609 880 3636 veteranorum,
900 3603 943 3629 sed
959 3603 1088 3637 importu-
1149 3602 1227 3629 dolor
1240 3602 1292 3634 est,
1311 3610 1389 3636 quem
1405 3603 1470 3636 tegit
1483 3602 1605 3636 patientia
1619 3602 1805 3629 diffimulantis.
1843 3604 1959 3633 Donatus
1974 3617 1980 3633 ε
2000 3608 2130 3644 Vulgare,
2148 3612 2180 3638 In

65 3631 226 3659 niffimorum
239 3630 353 3658 h0st¹¹¹m
366 3635 442 3667 cupio
453 3646 529 3671 quam
542 3638 732 3665 acerbiffimum
749 3638 868 3665 do‘lorem
887 3638 1009 3670 inurere,
1034 3637 1087 3663 vid.
1099 3643 1131 3669 95
1146 3637 1284 3672 publicum
1300 3637 1429 3671 proferre.

66 3674 79 3695 1
90 3674 111 3694 N
121 3674 141 3693 v
150 3674 168 3693 R
177 3674 205 3694 ο.
274 3668 381 3694 Irritare
397 3667 497 3698 dolores
513 3673 611 3701 dicitur
629 3673 713 3701 hiems
730 3674 797 3701 Cels.
811 3682 836 3705 2,
849 3682 869 3700 1.
941 3673 1056 3699 Laborat
1074 3681 1090 3699 e
1184 3679 1202 3698 Ι)
1212 3671 1231 3700 ὄ
1240 3679 1256 3698 L
1267 3673 1286 3699 ὁ
1294 3679 1313 3698 R
1323 3674 1363 3699 68
1372 3680 1393 3698 v
1402 3679 1432 3705 s,
1457 3680 1487 3705 a,
1512 3681 1566 3699 um.
1598 3671 1659 3697 Adi.
1696 3672 1789 3706 Veget.
1808 3674 1921 3702 Mulom.
1944 3687 1977 3711 4,
1998 3687 2030 3705 22
2055 3680 2177 3708 Dolorofi

50 3715 52 3717 -
65 3702 158 3729 dolore
170 3710 312 3737 puerpera,
336 3702 390 3729 vid.
411 3710 427 3730 L
436 3711 570 3735 ABoRo.
642 3710 737 3744 Lapsus
750 3709 828 3736 dolor
841 3709 874 3736 ad
889 3709 942 3735 ima
951 3709 1002 3734 oss‘a
1013 3708 1088 3742 Virg.
1151 3707 1212 3734 loci.
1282 3707 1355 3734 Cael.
1365 3707 1546 3734 Aurel.Tard.
1558 3715 1587 3739 4,
1600 3714 1613 3739 ς
1631 3706 1759 3746 ΕΧῼᾱητί-ἰ
1772 3708 1886 3737 resistens
1903 3717 1929 3738 et
1942 3712 2072 3741 dolorosa.

66 3738 162 3772 Georg.
175 3746 198 3770 3,
211 3745 270 3772 457.
341 3738 452 3764 Latratus
463 3742 536 3768 malis
547 3743 624 3771 dolor
639 3745 725 3771 Senec.
738 3746 818 3771 Herc.
827 3745 886 3771 Oet.
899 3753 935 3770 10.
992 3743 1089 3769 Lenire
1185 3749 1204 3769 D
1214 3741 1313 3770 6'L6R
1323 3742 1334 3769 i
1343 3750 1360 3769 F
1369 3742 1382 3769 ι’
1391 3749 1408 3769 C
1419 3749 1439 3769 v
1449 3750 1461 3769 s
1470 3762 1478 3774 ,
1498 3751 1521 3774 a,
1544 3750 1598 3768 um·
1634 3741 1693 3768 Adi·
1729 3744 1862 3772 onomast.
1877 3748 1934 3774 Vet.
1955 3748 2072 3781 ἀλγεινός,

66 3772 186 3799 dolorem
204 3773 270 3800 Cels.
282 3782 310 3806 4,
327 3782 360 3799 12.
428 3774 522 3802 Lenire
535 3777 636 3806 dolores
650 3780 793 3815 colloquiis
803 3779 938 3808 Claudian.
953 3779 981 3805 in
992 3777 1089 3805 Ruffin.
1184 3785 1203 3805 D
1213 3777 1257 3806 ὄπ,
1267 3785 1283 3805 Ε
1292 3785 1312 3806 0
1321 3798 1329 3811 ,
1349 3779 1393 3811 ui,
1412 3780 1493 3808 itum,
1514 3781 1583 3816 cre.¹
1603 3776 1617 3810 [
1625 3776 1721 3810 α’λγὲω,
1739 3776 1889 3817 ἐδυνοίομαι]
1925 3784 2026 3816 Moleste
2040 3783 2109 3819 affici
2125 3793 2178 3811 cor.

67 3816 93 3839 2,
103 3813 143 3842 87.
210 3809 306 3835 Lenire
318 3808 421 3835 dolores
434 3810 526 3844 requie
538 3812 617 3841 Ouid.
629 3816 693 3842 Met.
708 3824 741 3848 13,
755 3823 807 3851 3¹7·
877 3814 944 3841 Cels.
958 3823 983 3846 2,
997 3821 1014 3848 7
1036 3815 1205 3849 Co-ioopore
1224 3816 1265 3841 vel
1281 3817 1371 3840 animo.
1422 3814 1510 3846 Quum
1529 3811 1634 3844 v1d¹st1‚
1655 3813 1761 3840 dolebas
1780 3816 1875 3850 Virgil.
1894 3817 1946 3844 Ecl.
1965 3828 1992 3851 3,
2011 3828 2047 3853 14.
2119 3821 2175 3846 Cic.

68 3842 171 3877 lemque
184 3843 345 3871 extendendo
358 3844 479 3870 dolorem
491 3845 604 3880 Leuant,
620 3850 673 3877 vid.
684 3857 781 3878 izvis.
851 3850 952 3876 Leuare
967 3849 1088 3876 dolorem
1148 3850 1202 3876 Att.
1217 3852 1241 3880 6,
1255 3858 1268 3881 3
1288 3849 1415 3883 Equidem
1430 3847 1524 3886 doleo,
1541 3855 1595 3873 non
1607 3856 1650 3874 me
1662 3849 1715 3875 tuis
1728 3848 1810 3878 literis
1824 3853 1964 3879 certiorem
1978 3854 2044 3880 fieri.
2137 3854 2176 3880 Id-

68 3877 159 3904 somno
172 3879 237 3905 Cels.
252 3887 275 3912 5,
287 3888 325 3914 25.
362 3879 430 3906 Adel.
443 3879 560 3906 Scribon.
575 3885 633 3909 206.
703 3885 829 3913 Liberare
843 3885 935 3912 dolore
947 3885 1004 3912 Cic.
1016 3886 1086 3912 Fam.
1148 3884 1241 3911 Offitau.
1256 3892 1269 3916 5
1287 3885 1354 3917 Quis
1367 3883 1445 3909 huius
1457 3881 1530 3908 vrbis
1543 3883 1655 3914 nomini,
1668 3892 1696 3910 ac
1705 3884 1811 3918 ,sedibus
1825 3896 1907 3922 vsque
1917 3888 1984 3914 adeo
1997 3889 2031 3914 est
2047 3889 2177 3919 inimicus,

68 3913 97 3943 6,
115 3920 141 3945 4.
209 3914 297 3942 Litare
316 3915 406 3942 dolori
423 3915 488 3949 quid
508 3915 603 3942 Seneca
613 3918 681 3945 Med.
688 3921 789 3956 subfin.
814 3924 832 3947 i.
846 3924 906 3947 irae.
998 3921 1087 3947 Manet
1147 3926 1176 3946 vt
1190 3919 1236 3945 ista
1251 3918 1412 3944 Diflimulare
1426 3915 1514 3951 ponit,
1529 3924 1574 3944 aut
1588 3927 1642 3945 non
1657 3919 1747 3946 dolere
1761 3922 1770 3947 3
1845 3923 1900 3949 Cic.
1918 3924 1946 3948 in
1960 3925 2045 3949 Vatin.
2061 3932 2086 3949 21
2106 3923 2176 3955 Quis

67 3947 144 3974 ‘¹0¹0‘
157 3947 220 3975 Cels·
232 3958 256 3982 2,
268 3957 285 3984 7
304 3957 326 3976 Εἴ
340 3955 362 3981 8.
431 3951 531 3977 Mersus
551 3951 579 3977 in
598 3952 676 3978 corde
694 3954 770 3982 dolor
788 3957 849 3982 Stat.
864 3956 929 3982 Silu.
944 3963 972 3988 5,
993 3964 1017 3988 i,
1031 3964 1087 3988 219.
1148 3961 1204 3981 tum
1217 3963 1270 3980 non
1282 3953 1411 3987 ingemuit
1425 3963 1430 3978 :
1460 3953 1518 3987 quis
1532 3961 1586 3980 non
1600 3953 1684 3980 doluit
1699 3955 1822 3991 Reipubl.
1839 3958 1923 3983 casum
1938 3959 1946 3983 3
2041 3958 2111 3983 idem
2124 3966 2175 3991 pro

67 3983 140 4011 Seru.
153 3983 222 4035 Sulp.
233 3985 288 4013 Cic.
299 3986 369 4031 Fam.
383 3996 412 4023 4,
427 3994 441 4022 5
463 3986 559 4015 Nulius
574 3986 609 4014 est
628 3986 720 4022 dolor,
739 3999 818 4026 quem
835 4000 891 4021 non
907 3991 1087 4027 longinquitas
1099 3991 1230 4023 ioffiacc.
1244 3996 1276 4024 57
1297 3989 1361 4016 Non
1373 3988 1563 4052 εηὶπιέοιίιπιὲᾶ,
1582 3998 1649 4026 quae
1661 3990 1779 4019 dolemus
1785 4012 1795 4026 ,
1814 3992 1903 4019 eadem
1920 3993 1979 4020 iure
1996 3992 2072 4026 queri
2091 3993 2174 4056 ρεπ-
