2479 4225
284 198 354 249 619
662 197 695 237 F
782 197 820 236 A
902 193 938 233 V
1783 194 1816 235 F
1895 196 1934 236 A
2013 195 2052 234 x
2343 179 2441 246 62'2,¹

287 297 312 322 p.
328 294 378 318 103.
398 291 422 313 et
435 291 517 313 tuetur
532 295 561 313 cx
574 285 648 315 MSS.
673 292 697 312 et
710 285 750 311 Gl.
764 283 837 311 MSS.
850 280 1002 317 duplicibus,
1020 286 1048 309 in
1059 282 1144 320 quibus
1158 282 1266 310 Fauisor
1278 282 1319 317 est,
1378 285 1440 312 Nat.
1453 285 1533 312 Deor.
1548 294 1570 317 3,
1586 292 1610 318 15
1634 293 1656 310 c.
1674 286 1690 310 6
1713 293 1741 310 ex
1750 281 1857 319 persona
1871 283 1954 310 Cottae
1966 283 2124 317 Academici,
2142 283 2226 310 Fauni
2241 291 2333 310 vocem
2346 285 2415 319 equi.-
2450 315 2452 317 ‚

287 327 306 349 ι’.
327 322 415 349 fautor
432 328 476 348 aut
488 322 589 349 fauens.
1381 321 1442 347 dem
1460 330 1594 356 nunquam
1615 319 1706 346 audiui
1723 329 1730 345 t
1755 319 1822 350 tibi,
1841 318 1858 344 fi
1869 318 1965 345 audisse
1982 325 2008 345 te
2025 319 2102 352 dicis,
2117 320 2233 350 credam3
2259 319 2303 345 etii
2316 320 2414 354 Faunus
2440 335 2443 345 ι

325 363 522 390 FAVTRtX,
540 358 596 384 ῐςῑς,
631 356 650 381 f.
687 350 836 386 [exsularis]
871 351 939 378 Ter.
955 352 1019 379 Eun.
1040 362 1066 387 5,
1086 362 1112 386 9,
1131 362 1164 380 22
1187 353 1267 380 Nihil
1286 354 1321 380 est
1382 356 1492 383 omnino
1507 356 1571 391 quid
1588 356 1617 382 fit
1631 355 1728 381 nesci0.
1784 353 1893 389 Respicit
1911 353 1945 380 ad
1962 363 1987 385 2,
2001 356 2019 380 6
2043 363 2064 380 c.
2079 364 2091 380 2
2118 356 2196 389 Saepe
2212 356 2360 381 Faunorum
2371 364 2415 389 vo..

288 391 398 418 Thaide
411 398 455 419 tua
467 393 587 427 dignius,
607 389 677 424 quod
690 393 805 417 ametur,
824 387 861 412 ita
880 387 982 414 nostrae
1002 394 1028 415 et
1044 390 1119 415 omni
1134 389 1232 415 fautrix
1246 389 1322 416 fami-
1382 400 1422 417 ces
1437 392 1586 422 exauditae,
1606 393 1680 425 saepe
1698 390 1768 416 visae
1782 390 1883 415 formae
1898 389 2016 416 deorum.
2087 388 2160 416 Idem
2177 390 2208 416 de
2218 389 2313 416 Diuin.
2329 398 2355 421 1,
2375 399 2414 419 101
2436 415 2443 419 ,,

292 427 352 454 liae,
405 432 411 440 ·
424 429 531 454 fautrix
551 428 654 452 suorum
673 423 745 455 regio
764 421 819 447 Cic.
833 430 882 456 pro
895 423 976 449 Plane.
990 433 1031 450 22.
1098 425 1171 451 Idem
1185 424 1216 451 de
1230 425 1287 451 Fin.
1303 434 1321 455 ι,
1347 432 1361 458 5
1384 435 1406 452 e.
1420 434 1452 459 45
1470 434 1513 462 pr.
1540 428 1618 460 Saepe
1632 427 1710 452 etiam
1727 431 1753 451 et
1767 425 1794 451 in
1807 425 1912 459 praeliis
1925 425 2007 451 Fauni
2021 425 2120 458 auditi,
2137 425 2204 452 etin
2215 425 2293 452 rebus
2305 425 2416 454 turbidis
2448 427 2451 433 '

290 464 327 497 67
347 472 368 489 c.
383 471 413 489 20
437 463 575 489 Amicitiae
587 468 639 485 non
652 457 731 483 inodo
743 457 864 483 fautrices
878 458 1045 489 fidelissimae,
1062 459 1103 485 sed
1117 460 1197 486 ctiam
1210 460 1322 486 effeetri-
1384 461 1515 489 veridicae
1526 471 1603 489 voces
1617 471 1647 487 ex
1661 461 1764 487 occulto
1779 460 1867 486 miffae
1880 461 1927 486 effe
1939 460 2070 487 dicuntur.
2141 462 2172 487 Et
2186 469 2228 493 114
2246 469 2268 487 c.
2280 468 2311 493 50
2335 461 2416 489 Multa

290 507 333 525 ces
348 499 406 524 sunt
419 499 595 532 voluptatum,
613 499 664 519 tam
679 492 786 524 amicis,
807 501 884 526 quam
905 494 963 521 fibi.
1034 495 1163 522 Naturam
1182 496 1322 521 fautricem
1385 505 1400 523 a
1415 497 1617 524 vaticinantibus
1631 498 1703 531 saepe
1716 496 1848 531 praediola
1862 496 1934 528 suut,
1953 503 2037 530 neque
2053 496 2137 522 solum
2157 496 2261 528 verbis,
2281 495 2324 521 sed
2339 496 2416 524 etiam

290 533 418 560 habuerat
431 536 458 559 in
470 529 612 559 trib¹¹e¹¹di⁵
625 527 708 553 ‘mimi
721 527 865 555 virtutibus
878 529 946 564 Nep-
961 537 998 565 ¹7,
1013 535 1036 561 8,
1050 539 1067 557 1.
1141 530 1203 558 Viri
1224 531 1323 557 fautrix
1386 532 1520 564 Versibu',
1539 541 1605 568 quos
1619 532 1684 558 olim
1698 532 1782 558 Fauni
1795 537 1917 565 vatesque
1931 531 2055 558 canebant
2068 542 2073 557 ε
2097 541 2164 567 quem
2178 531 2271 566 versum
2284 531 2361 557 Ennii
2373 532 2418 559 Ci-
2442 533 2445 561 l

292 569 375 596 Ouid.
389 570 450 595 Met.
465 576 490 598 ι,
503 574 550 592 101-
1387 576 1448 594 cero
1463 571 1535 594 etiam
1547 578 1599 594 cuni
1611 569 1669 594 aliis
1678 568 1761 603 posuit
1779 568 1807 594 in
1820 567 1900 593 Bruto
1914 573 1943 601 71
1963 575 1984 592 c.
1998 571 2032 596 18.
2104 568 2179 600 Prop.
2196 576 2223 599 4,
2237 575 2261 597 2,
2274 575 2306 598 34
2326 572 2415 601 exper.
2442 577 2446 603 Ἰ

327 608 501 631 —1-'AV1AN1
527 597 638 632 Luperci
654 596 717 632 fiant
736 597 865 632 Fabiani,
890 607 916 626 v.
931 609 956 627 v.
966 600 1014 636 fieb
1034 606 1157 628 Ι-ἈΒΙΑ
1183 610 1251 635 gens.
1340 612 1369 630 10
1380 602 1445 638 ana
1463 604 1591 630 Vertumni
1597 623 1605 635 ,
1630 603 1765 629 Arundine
1785 603 1867 629 sumta
1881 603 1982 628 Faunus
2001 602 2121 636 plumoso
2140 602 2277 628 sum.deus
2297 601 2416 636 aucupio.

329 646 346 666 p
361 646 381 665 A
395 644 414 663 v
430 645 439 662 1
453 643 462 661 1
481 633 551 669 falso
570 632 637 672 a-ud
657 633 761 660 Festum
780 635 896 670 leguntur
911 642 961 671 pro
980 636 1073 667 Fouii,
1097 636 1162 672 quod
1179 637 1324 664 Fabiorum
1385 638 1522 672 Agrestum
1536 639 1643 665 numina
1656 639 1739 664 Fauni
1751 638 1848 672 Virgil.
1862 637 1989 670 Georg.1‚
2004 646 2040 663 10.
2111 638 2220 663 Amator
2234 637 2416 671 Nympharum

291 678 416 709 antiquum
430 679 512 696 nomen
523 669 577 704 fui
591 678 619 703 e,
643 668 682 694 ille·
695 672 740 696 air.
781 669 838 696 th.
859 677 976 698 FABiA
997 680 1066 705 gens.
1384 674 1543 708 fugientium
1557 675 1648 700 Horat.
1663 675 1749 700 Carm.
1763 683 1785 706 3,
1800 679 1834 705 18,
1849 682 1866 699 i.
1922 673 2044 699 Bicornis
2060 672 2140 699 Ouid.
2155 673 2220 699 Fast.
2234 680 2257 704 5,
2270 681 2313 705 99.
2366 673 2416 699 Cu-

329 715 372 735 ΡΑ
382 713 400 731 v
410 714 419 731 1
428 713 444 731 1.
454 711 470 730 L
479 712 517 736 A,
537 713 576 730 ae.
612 704 632 730 f.
668 704 810 743 [“²3?‘7⁸⁰⁵‚
829 705 952 741 θρυωλὶς]
988 707 1083 733 dicitur
1096 707 1166 734 cinis
1180 706 1323 740 exstintius,
1384 708 1435 735 stos
1455 710 1576 736 virorum
1595 708 1734 735 doctorum
1754 710 1847 735 Horat.
1861 709 1947 735 Carni.
1961 717 1986 739 2,
2000 715 2038 742 17,
2052 713 2087 737 28-
2159 708 2263 734 Lasciui
2277 707 2371 734 Claud.
2388 707 2417 739 in

290 743 354 779 quod
363 745 441 777 ignem
455 738 549 766 rebium
557 739 656 779 foueat,
675 741 740 774 quast
752 740 864 766 Fouilla.
898 739 931 774 est
944 745 1007 768 enim
1020 742 1123 778 Deserta
1135 746 1191 780 igne
1200 743 1322 779 scintilla.
1385 744 1495 779 Epithal.
1508 745 1601 772 Pallad.
1615 753 1657 771 20.
1713 744 1814 771 Rustica
1831 744 1939 770 numina
1953 743 2037 770 Fauni
2049 742 2129 770 Ouid.
2144 744 2213 770 Mers,
2223 751 2242 775 1,
2256 751 2306 775 ¹93·
2341 743 2417 770 Ruri.

291 779 356 804 Ter.
370 774 479 809 Adelph.
493 782 516 808 5,
532 783 554 807 3,
573 776 608 800 60
626 778 703 809 ‚senex
719 778 829 802 minatur
846 779 937 802 amicae
949 777 1005 812 filii
1019 778 1079 814 sui,
1099 778 1214 805 Fauillae
1238 779 1323 813 plena,
1340 783 1365 809 13
1385 780 1457 806 colae
1471 781 1594 808 flluarum
1608 779 1716 806 numina
1730 780 1814 806 Fauni
1827 779 1866 806 Id.
1880 780 1945 806 Met.
1960 781 1986 814 6,
1999 787 2056 812 392.
2102 779 2243 805 Siluicolae
2257 778 2429 807 Stat.Theb2.

289 812 372 843 fumi,
391 819 418 836 ac
436 810 544 845 pollinis
556 809 702 843 Coquendo
716 810 745 836 fit
760 811 822 837 faxo
835 817 860 837 et
873 812 1006 839 molendo.
1079 813 1144 840 Plin.
1156 816 1194 846 36,
1208 822 1237 846 25
1255 815 1323 840 Dein
1385 823 1408 849 5,
1422 821 1473 849 582.
1546 816 1630 842 Velox
1647 816 1713 842 Hor.
1727 816 1815 842 Carni.
1829 824 1854 847 i,
1872 822 1910 849 17,
1928 823 1958 845 2.,

289 847 361 881 spisse
376 846 478 872 calcatis
496 845 655 872 carbonibus
669 845 804 872 inducitur
816 845 916 879 sabulo,
927 848 996 873 calce
1010 854 1038 874 ac
1051 849 1144 876 fauilla
1157 849 1247 875 mistis.
1284 849 1322 876 Id.
1420 858 1436 878 F
1449 858 1471 878 A
1485 859 1507 878 ν
1520 859 1543 878 Ν
1557 859 1578 878 A
1593 859 1609 878 L
1625 859 1633 877 1
1649 857 1668 876 A
1684 871 1692 883 ,
1728 850 1800 876 Festa
1816 856 1905 882 erant,
1925 850 1953 876 in
1970 849 2066 884 quibus
2079 849 2166 875 Nonis
2177 848 2314 875 Decembr.
2334 848 2436 884 Fauni*

288 888 321 912 18,
336 890 362 913 35
381 882 471 914 Qium
485 880 618 907 contectus
633 880 701 914 ignis
721 890 736 907 a
749 882 773 907 se
788 881 908 908 fauillam
929 883 1042 910 discutit.
1114 885 1241 912 Ardentes
1260 885 1322 911 Stat.
1382 887 1482 913 sacrum
1500 887 1624 922 peruigili
1641 886 1823 913 anniuersario
1841 886 1941 912 Romae
1959 885 2134 912 celebrabant.
2171 884 2304 911 Scholiast.
2323 885 2418 919 Horat-J

285 916 349 943 Silii.
369 924 391 949 5,
408 924 431 948 5,
450 925 486 950 17.
591 916 704 942 Facilius
726 916 762 942 est
784 917 911 944 Ardentes
933 919 1038 945 fauillas
1063 928 1111 946 ore
1137 921 1320 955 comprimere,
1384 922 1412 947 in
1425 922 1475 949 Od.
1496 929 1523 955 ς’,
1549 928 1590 954 18,
1610 931 1628 948 1.
2417 947 2423 950 .

284 961 364 986 quam
381 950 509 978 luculenti
529 951 616 986 operis
636 952 739 978 seruare
756 952 883 980 secretum
899 954 1044 986 symmach.
1060 956 1105 989 Ep.
1122 965 1140 990 ι,
1155 964 1190 988 25.
1258 957 1321 982 Atra
1333 962 1368 981 20
1419 964 1493 984 FAv
1503 966 1542 985 Nl
1555 965 1575 984 G
1585 965 1600 984 Ε
1612 964 1634 984 Ν
1644 964 1665 984 A
1676 963 1691 983 Ε
1703 977 1709 987 ,
1728 965 1812 983 arum.
1848 965 1883 983 in.
1919 957 1958 983 ΡΙ.
1997 957 2059 983 Itali
2077 962 2120 982 aut
2132 956 2219 981 Latini
2236 965 2251 982 a
2266 956 2347 982 Fauno
2365 953 2427 983 Ali-2

286 987 366 1014 Ouid.
380 988 445 1013 Met.
459 995 494 1019 13,
508 990 569 1020 604.
612 987 687 1021 Virg.
701 988 765 1014 Aen.
780 996 802 1021 5,
816 991 876 1015 666.
946 989 1041 1016 Bibula
1060 991 1133 1017 Idem
1147 993 1209 1018 Aen.
1227 993 1253 1023 63
1267 1000 1320 1026 227.
1384 996 1508 1028 erigenam
1524 1003 1587 1029 rege.
1629 993 1673 1019 Sil.
1687 998 1710 1025 8,
1725 1000 1768 1027 357
1788 992 1953 1026 Faunigenae
1964 991 2036 1018 socio
2050 990 2119 1017 bella
2133 991 2250 1017 inuasere
2263 991 2364 1017 Sicano.
2414 996 2426 1011 ε’

285 1023 338 1050 vid.
352 1028 447 1050 niso.
517 1022 611 1048 Calens
629 1023 723 1049 Horat.
736 1024 824 1050 Carni.
840 1032 862 1055 2,
880 1025 907 1057 6,
926 1033 964 1057 23·
1035 1019 1107 1052 Cssa
1123 1027 1203 1053 Ouid.
1219 1028 1283 1053 Met.
1299 1033 1323 1059 8,
1420 1035 1522 1056 rAvo
1533 1037 1573 1056 Nl
1584 1036 1603 1055 v
1614 1035 1644 1061 S,
1672 1028 1691 1054 i.
1728 1038 1762 1054 ni.
1798 1029 1810 1062 [
1823 1029 1950 1063 Ζέφυρος]
1997 1028 2069 1053 Venti
2088 1036 2172 1053 nomm
2191 1026 2308 1062 aduersus
2328 1027 2438 1056 Eurum*

286 1078 296 1085 .
332 1078 337 1084 .
409 1057 529 1097 Candeus
549 1058 644 1092 Virgil.
661 1058 725 1084 Aen.
740 1067 752 1091 3
762 1079 770 1091 ‚
784 1067 838 1093 573.
911 1060 1026 1087 Eiefmta
1042 1061 1123 1088 Ouid.
1138 1063 1203 1089 Met.
1222 1071 1234 1088 2
1244 1083 1252 1095 ‚
1272 1071 1322 1094 231.
1377 1062 1480 1099 flantis.
1520 1063 1612 1092 DiHus
1619 1065 1692 1100 sorte
1706 1073 1720 1090 a
1734 1062 1877 1095 Fouendo,
1895 1063 1925 1089 ab
1938 1064 1993 1095 his,
2013 1066 2056 1098 qui
2069 1063 2199 1098 genitalem
2213 1060 2255 1094 effi!
2271 1062 2358 1087 dicunt
2362 1060 2419 1096 Ji³1²

285 1093 398 1120 Fumat-is
417 1093 513 1127 Virgil.
533 1093 599 1119 Aen.
613 1102 625 1125 3
635 1113 643 1125 ,
664 1102 718 1128 573.
788 1094 881 1121 Mollis
899 1096 978 1122 Ouid.
993 1096 1057 1124 Fast.
1073 1105 1085 1129 3
1095 1117 1103 1130 ,
1118 1101 1167 1131 561.
1239 1096 1324 1132 Nigra
1385 1101 1461 1125 ritum
1477 1100 1560 1126 mundi
1569 1110 1577 1129 ,·
1607 1110 1621 1127 a
1638 1101 1740 1126 Graecis
1751 1100 1889 1134 Zephyrum
1905 1105 2078 1132 nuncupatum.
2131 1098 2172 1125 Sic
2185 1097 2251 1123 Plin.
2265 1099 2302 1127 16,
2315 1105 2345 1130 25
2363 1097 2418 1123 Pria
2428 1128 2434 1133 .

284 1128 358 1156 Idem
371 1129 436 1155 Met.
450 1131 475 1155 6.
489 1136 539 1161 325.
605 1129 695 1168 'Nigra
714 1132 787 1155 etiam
800 1130 907 1163 fauilla,
922 1138 971 1166 pro
988 1133 1114 1168 fuligine:
1137 1133 1267 1160 Columel.
1286 1143 1324 1166 10,
1336 1134 1368 1161 25
1385 1143 1442 1160 mus
1458 1135 1492 1161 est
1504 1142 1641 1169 conceptus
1655 1135 1716 1161 flare
1730 1135 1872 1168 incipiente
1886 1139 1967 1160 vento
1981 1133 2099 1160 Fauonio
2136 1147 2181 1152 —-
2216 1132 2267 1159 hoc
2281 1133 2353 1158 enini
2366 1140 2419 1159 rna—

284 1171 328 1197 355
349 1165 474 1190 Innataue
492 1164 553 1190 laris
572 1163 659 1198 Nigra
678 1164 771 1191 satiare
789 1166 891 1191 fauilla.
948 1168 1027 1202 Quam
1046 1169 1087 1194 hic
1104 1168 1224 1196 fauillam
1244 1176 1325 1200 vocat,
1385 1170 1498 1196 ritantnr
1510 1171 1669 1197 viuescentla
1682 1170 1722 1205 (f.
1735 1170 1908 1201 virescentia)
1926 1178 1940 1195 e
1959 1175 2028 1196 terra
2054 1183 2099 1188 —-
2131 1168 2173 1194 liic
2188 1168 2223 1194 est
2237 1168 2355 1202 genitalis
2368 1167 2419 1202 spi:

283 1200 349 1228 bunc
361 1199 438 1235 ipsum
449 1201 525 1226 locum
538 1206 646 1233 repetens
660 1200 855 1236 oratione-soluta
869 1205 971 1234 ii,3‚60
984 1203 1003 1228 F
1006 1202 1134 1237 uliginem
1145 1205 1258 1240 appellat.
1284 1205 1325 1231 Sic
1384 1205 1450 1232 ritus
1463 1206 1554 1232 mundi
1567 1215 1582 1233 a
1595 1206 1712 1233 fouendo
1728 1205 1858 1237 die’tus,vt
1871 1205 1979 1239 quidam
1993 1204 2186 1230 existimauere.
2214 1204 2270 1230 Flat
2282 1203 2315 1230 ab
2327 1203 2419 1230 occasii
2439 1228 2441 1230 ,

286 1235 366 1263 Ouid.
381 1236 438 1261 Art.
451 1243 472 1267 3,
487 1243 534 1266 203
559 1235 616 1261 Nec
632 1235 717 1270 pudor
730 1235 765 1261 est
779 1237 870 1263 oculos
883 1238 956 1263 tenui
975 1238 1073 1272 signare
1092 1239 1201 1272 fauilla,
1226 1243 1243 1266 i.
1256 1240 1324 1276 suli·
1385 1241 1572 1275 aequinoffiali
1585 1251 1632 1268 ver
1645 1241 1779 1268 inchoans.
1834 1241 1899 1267 Plin.
1914 1248 1970 1273 15,3
1992 1240 2049 1267 Nisi
2064 1245 2122 1265 ante
2134 1239 2281 1266 Fauonium
2294 1236 2419 1265 colleoae
2439 1238 2441 1260 ἱ

285 1274 343 1307 gine
360 1273 462 1307 pingere
470 1270 613 1305 ficpcrcilia.
683 1271 768 1297 Prima
782 1272 873 1298 fauilla
886 1273 949 1299 mali
962 1274 1078 1308 Propert.
1093 1283 1112 1307 i,
1126 1283 1152 1307 9,
1169 1281 1203 1304 18.
1274 1276 1323 1302 Ra·
1385 1285 1466 1303 nouas
1479 1277 1548 1304 vires
1562 1278 1696 1304 resumunt
1706 1297 1713 1308 ‚
1739 1276 1793 1303 vid.
1813 1283 1983 1303 ZEPHYRVS.
2054 1277 2124 1301 Aura
2139 1274 2290 1308 genitabilis
2305 1273 2424 1309 fauonii,

284 1305 356 1341 pidis
377 1305 494 1332 ambusta
515 1305 727 1332 fauillis'Claud.
741 1306 773 1333 de
785 1308 811 1334 B.
826 1308 883 1334 Get.
898 1316 940 1341 24.
1032 1310 1141 1344 Tepida
1159 1309 1240 1337 Ouid.
1257 1312 1322 1337 Met.
1336 1314 1368 1338 30
1384 1312 1487 1338 Lucret.
1504 1322 1522 1344 i,
1538 1321 1570 1339 ii.
1623 1312 1737 1339 Candidi
1750 1314 1815 1338 Hor.
1824 1313 1975 1345 Carni.3‚7‚
1983 1320 2006 1337 2.
2032 1314 2050 1337 i.
2065 1311 2165 1342 Sereni,
2178 1310 2307 1345 prosperi,
2321 1310 2418 1336 Acron.

284 1349 326 1375 14,
338 1348 390 1374 575.
461 1341 561 1368 Viuens
580 1341 641 1368 Stat.
656 1341 720 1368 Silii.
735 1351 760 1374 z,
774 1351 793 1375 i,
807 1351 832 1369 2.
905 1343 985 1370 Ouid.
999 1345 1063 1372 Met.
1080 1354 1112 1378 13,
1127 1347 1181 1378 604
1207 1346 1271 1372 Atra
1285 1347 1322 1372 fa·
1384 1347 1492 1382 Liquidi
1507 1349 1663 1375 clementior
1681 1357 1743 1374 aura
1755 1348 1857 1375 Fauoni
1877 1346 2013 1373 Claudian.
2028 1347 2056 1372 in
2070 1346 2147 1372 Cons.
2162 1345 2239 1372 Prob.
2250 1353 2310 1380 272.
2363 1344 2420 1372 Nass

284 1376 350 1404 villa
363 1376 456 1409 Volat,
474 1377 671 1411 glomerataque
690 1386 782 1412 corpus
802 1378 831 1404 in
848 1387 929 1405 vnum
943 1379 1072 1406 densatur.
1144 1380 1266 1408 Volitant
1286 1382 1322 1408 fa-
1385 1383 1469 1409 scente
1492 1384 1626 1416 Fauonio,
1655 1391 1818 1418 purpureum
1838 1382 1943 1410 videtui·
1967 1391 2038 1416 mare
2063 1383 2119 1408 Cic.
2133 1381 2210 1407 Acad.
2225 1391 2258 1414 4,
2279 1388 2322 1413 105
2345 1389 2368 1406 c.
2381 1387 2418 1412 33.
2439 1383 2464 1416 [ᾖ

282 1412 366 1452 villae
385 1413 461 1447 super
479 1421 526 1438 ora
546 1411 620 1438 Idem
639 1413 703 1439 Met.
717 1421 749 1445 2,
767 1418 826 1447 284.
930 1416 1071 1450 Metaphor.
1107 1416 1225 1449 Fulgent.
1244 1418 1322 1444 Cont.
1384 1419 1489 1446 Tenuis
1507 1419 1567 1445 Stat.
1582 1419 1646 1445 Silu.
1661 1427 1682 1451 3,
1701 1428 1726 1451 i,
1743 1427 1786 1453 72.
1875 1417 1976 1451 Tepidi
1992 1417 2103 1445 Fauonii
2119 1416 2232 1443 fecunda
2250 1425 2315 1442 aura
2332 1415 2425 1443 Catus*
2446 1422 2465 1453 'it-

285 1448 359 1482 Virg.
389 1456 414 1482 p.
436 1456 475 1481 153
505 1448 576 1474 Haec
592 1448 682 1474 omnia
718 1463 762 1468 —
799 1449 826 1475 in
846 1449 965 1476 fauillam
986 1451 1132 1477 obliuionis
1151 1453 1234 1486 sopita
1252 1461 1322 1478 corn-
1384 1456 1426 1485 6z,
1440 1459 1496 1484 282.
1563 1455 1618 1480 Cic.
1634 1455 1708 1480 Verr.
1721 1461 1744 1486 5,
1759 1462 1792 1488 27
1811 1463 1832 1479 c.
1849 1462 1878 1480 ιο
1903 1453 1979 1480 Veris
1998 1453 2106 1480 initium
2125 1461 2139 1478 a
2152 1451 2276 1478 Fauonio*
2290 1450 2398 1478 notabat
2410 1460 2420 1478 =
2446 1460 2448 1483 ζ

284 1483 410 1524 migrant.-
477 1483 518 1509 Sic
538 1482 576 1509 Id.
591 1483 703 1523 Mythol.
718 1492 728 1510 1
747 1493 772 1518 p.
789 1486 806 1511 6
831 1485 927 1520 Sopitis
947 1486 975 1511 in
986 1486 1078 1513 fauilla
1098 1486 1194 1514 silentii
1208 1488 1323 1515 rauciso-
1339 1494 1368 1521 35
1383 1490 1426 1516 sed
1446 1499 1528 1523 quum
1548 1490 1633 1515 rosam
1650 1489 1768 1522 viderat,
1787 1494 1843 1515 tum
1862 1488 1979 1523 incipere
1995 1497 2043 1515 ver
2059 1487 2244 1514 arbitrabatur.
2331 1486 2407 1513 Solui
2439 1484 2456 1510 .'“.⁴

284 1528 328 1546 ¹¹¹8
342 1527 491 1553 lllrg10r1¹¹¹¹
506 1518 619 1545 clflffisss·
1383 1531 1426 1551 tur
1439 1524 1505 1551 acris
1519 1525 1602 1550 hiems
1617 1531 1689 1558 grata
1708 1525 1767 1550 vice
1782 1525 1852 1550 veris
1870 1533 1896 1551 et
1908 1524 2012 1551 FauonI
2032 1524 2125 1549 Horat.
2140 1522 2190 1548 Od.
2206 1531 2226 1555 i,
2238 1530 2257 1556 4
2272 1527 2316 1557 pr.
2387 1522 2421 1549 In

323 1561 340 1581 F
350 1561 399 1580 Av
409 1562 442 1580 IL
452 1561 467 1579 L
477 1561 575 1581 ACEV
585 1562 614 1586 s,
633 1562 658 1586 a,
675 1562 728 1580 um.
766 1554 824 1581 Adi.
859 1556 941 1583 Solin.
961 1566 981 1583 c.
994 1562 1020 1588 38
1041 1557 1112 1584 Nam
1125 1558 1267 1593 fuliginem
1283 1559 1322 1585 in·
1385 1561 1517 1595 principio
1530 1560 1600 1586 vei-is
1615 1560 1728 1586 Fauonii
1742 1559 1883 1586 hibernum
1897 1559 2020 1587 molliunt
2033 1558 2133 1584 caelum
2148 1558 2212 1584 Plin.
2227 1565 2251 1588 2,
2265 1560 2310 1591 46.
2362 1557 2419 1592 Spi-

285 1589 412 1616 trinsecus
425 1589 588 1616 fauillaceam
602 1589 716 1615 ambitio
731 1595 830 1616 tantum
844 1592 954 1618 extimae
975 1593 1040 1618 cutis
1056 1593 1176 1625 cohibet,
1197 1603 1262 1629 quae
1280 1594 1322 1622 vel
1383 1604 1443 1622 rans
1462 1595 1520 1621 lene
1535 1595 1666 1621 Fauonius
1680 1594 1761 1621 Ouid.
1774 1595 1838 1621 Met.
1854 1604 1878 1627 9,
1894 1597 1955 1621 660.
2150 1590 2170 1630 ff
2192 1601 2207 1619 2
2243 1592 2372 1618 Fauonius
2383 1590 2419 1626 ‘st

285 1624 341 1651 leui
359 1624 429 1650 ta&u
447 1625 525 1658 pressa
533 1645 552 1664 ,υ
562 1625 665 1650 fumum
679 1624 798 1658 exhalat,
815 1626 843 1651 de
853 1631 935 1660 pomis
950 1628 1054 1655 sodomi.
1383 1634 1458 1657 etiam
1476 1631 1533 1657 Viri
1553 1640 1644 1661 namen,
1663 1632 1769 1658 Stoicam
1783 1628 1879 1664 seflam
1893 1628 2008 1665 profesti,
2030 1634 2053 1654 et
2071 1626 2187 1661 instituta
2197 1628 2296 1656 Catonis
2313 1627 2417 1654 ridicule

324 1666 417 1686 FAV1
430 1666 446 1685 L
459 1665 550 1686 [ΛΤ]
560 1666 644 1692 CVS,
670 1668 703 1690 a,
731 1669 784 1687 uni.
820 1662 879 1689 Adi.
921 1664 969 1696 Vt,
989 1665 1092 1690 Humus
1113 1664 1256 1692 fauillatica
1279 1665 1323 1692 So-
1330 1673 1368 1699 40
1383 1667 1545 1697 aemulantis,
1564 1666 1628 1692 wide
1642 1673 1665 1692 et
1678 1666 1759 1692 Simia
1775 1665 1884 1692 Catonis
1904 1665 2070 1700 appellabatur
2080 1664 2217 1692 val.Max.
2230 1672 2258 1696 2,
2272 1671 2309 1690 10.
2344 1662 2426 1694 Suet..

285 1694 355 1721 linus
380 1703 434 1729 cap·
453 1702 495 1729 2-7-
1384 1703 1452 1736 Aug.
1473 1711 1494 1727 c.
1509 1710 1540 1733 13.
1581 1701 1648 1729 Add.
1663 1701 1832 1728 Plutarchin
1846 1702 1935 1728 Bruto.
2320 1724 2323 1725 .

324 1737 340 1757 F
350 1737 371 1756 A
380 1737 401 1756 v
411 1737 421 1755 1
430 1737 445 1756 L
456 1736 473 1756 1.
483 1736 499 1756 Ε
507 1736 545 1769 ὃς
555 1735 591 1769 0.,
611 1730 664 1769 ere.
700 1728 816 1764 Fulgent.
833 1731 864 1757 de
878 1733 954 1759 Cont.
969 1734 1044 1768 Virg.
1064 1743 1089 1769 p.
1104 1743 1146 1767 152
1171 1735 1322 1762 Au&0ritas
1419 1744 1436 1764 F
1445 1744 1466 1764 A
1474 1744 1494 1763 V
1503 1744 1522 1763 0
1532 1744 1552 1763 N
1562 1744 1571 1763 1
1581 1745 1602 1763 A
1612 1744 1628 1763 1.
1637 1744 1645 1764 1
1655 1744 1668 1763 S
1676 1757 1684 1769 ‚
1704 1746 1727 1763 e.
1762 1736 1821 1763 Adi.
1858 1737 1938 1763 Gloff.
1952 1736 2010 1763 Vet.
2024 1734 2174 1762 Fauonialis
2183 1753 2192 1766 ,
2204 1731 2323 1768 ztodfwr-
2346 1758 2362 1762 ,

285 1765 387 1799 sepulta
403 1765 431 1791 ¹¹¹¹
446 1765 593 1792 0bli¹¹¹0¹¹¹s
610 1772 698 1791 “nere
712 1765 857 1793 ffflstllssstst·
1419 1778 1601 1798 FAVONlA
1613 1779 1699 1802 st,
1719 1780 1742 1802 a,
1762 1781 1816 1799 uin.
1852 1772 1912 1798 Adi.
1953 1773 1998 1804 Vt,
2017 1771 2077 1798 Pira
2097 1770 2263 1801 Fauoniana,
2281 1777 2298 1794 a
2313 1766 2416 1794 Fauonio
2437 1780 2445 1814 γη

322 1806 438 1826 FAvis
449 1806 462 1826 s
473 1807 537 1832 AE,
559 1808 644 1826 arum.
682 1800 702 1826 f.
738 1801 886 1836 [θησαυροὶ,
901 1803 959 1829 Vet.
973 1803 1069 1836 Giom]
1113 1803 1214 1829 Gellius
1236 1806 1273 1829 ait
1292 1812 1321 1829 ex
1382 1806 1486 1840 quodam
1500 1805 1599 1838 insitore
1614 1805 1683 1831 dista
1696 1806 1762 1832 Plin.
1773 1814 1809 1838 15,
1823 1814 1857 1838 ις.

284 1834 416 1861 Varronis
429 1835 511 1860 verbis
526 1842 551 1866 2,
565 1843 593 1873 ιφ
619 1835 695 1861 fuisse
708 1836 793 1862 Cellas
811 1837 933 1870 quasdam
949 1844 974 1864 et
990 1838 1119 1869 cisternas,
1139 1847 1206 1872 quae
1219 1838 1246 1864 in
1261 1847 1320 1864 area
1333 1844 1367 1870 45
1418 1846 1647 1871 FAVONiENSEs,
1667 1841 1733 1867 ium.
1765 1849 1800 1866 in.
1837 1841 1932 1875 Populi
1952 1841 1981 1867 in
2001 1841 2072 1866 sexta
2091 1839 2199 1873 regione
2211 1837 2311 1869 Italiae,
2322 1837 2414 1874 'Nuce-

284 1869 333 1896 sub
346 1875 415 1896 terra
430 1870 518 1901 essent,
536 1867 689 1907 vbitreponi
702 1870 814 1896 solerent
833 1871 902 1905 signa
920 1879 1016 1903 vetera,
1032 1882 1100 1907 quae
1114 1882 1190 1899 exeo
1202 1880 1320 1908 tempore
1381 1877 1503 1902 rimorum
1516 1884 1678 1910 cognomen,
1697 1882 1726 1902 vt
1738 1876 1819 1912 refert
1834 1876 1898 1902 Plin.
1913 1884 1936 1908 3,
1950 1884 1988 1909 14.
2175 1880 2178 1881 ’

283 1904 395 1939 collapsa
408 1904 485 1931 essent
493 1923 501 1935 ,
519 1908 545 1929 et
557 1903 609 1929 alia
622 1903 749 1942 quaedam
767 1906 891 1939 religiosa
909 1916 923 1932 e
936 1907 1053 1933 donariis
1072 1909 1235 1934 consecratis.
1278 1910 1320 1934 1⁷1-
1417 1917 1433 1937 F
1443 1918 1464 1937 A
1473 1917 1494 1935 v
1504 1918 1522 1937 ο
1532 1918 1549 1936 R
1559 1930 1567 1942 ,
1598 1918 1614 1937 F
1624 1918 1646 1937 A
1655 1918 1675 1937 v
1685 1917 1704 1936 o
1715 1916 1735 1937 R
1747 1918 1769 1937 A
1777 1917 1794 1938 Β
1802 1919 1812 1937 i
1820 1918 1836 1936 L
1846 1919 1856 1937 1
1866 1919 1878 1938 s
1887 1931 1896 1943 ‚
1929 1911 1983 1937 vid.
2004 1917 2021 1937 F
2030 1917 2080 1937 AV
2089 1916 2105 1936 E
2116 1916 2143 1935 o.

280 1943 344 1967 tima
362 1939 436 1967 verba
451 1938 485 1973 lic
503 1938 638 1965 emendarat
658 1937 721 1971 Vosl.
741 1942 767 1964 in
782 1941 885 1972 Etymol.
905 1941 930 1966 h.
949 1951 974 1966 v.
990 1948 1038 1975 pro
1059 1942 1182 1974 religiose
1202 1943 1320 1968 donariis
1417 1952 1464 1971 FA
1475 1951 1494 1969 v
1505 1951 1571 1970 oni
1583 1951 1675 1975 NVS,
1697 1945 1716 1971 i.
1753 1954 1789 1971 m.
1826 1945 1986 1980 Philofhphus
2003 1946 2104 1972 Arelate
2123 1942 2254 1973 oriundus,
2272 1943 2364 1968 Dionis
2376 1950 2418 1968 au-

283 1976 438 2003 consecrata.
487 1975 593 2001 Gronau.
608 1983 621 1999 e
633 1973 709 2000 donis
723 1975 886 2000 consecratis.
941 1975 1038 2008 Festus,
1062 1977 1175 2002 Fauillae
1188 1976 1274 2002 locum
1287 1977 1321 2002 lic
1382 1978 1458 2009 ditor,
1478 1979 1609 2010 eunuchus,
1622 1980 1737 2006 Adriano
1744 1982 1859 2014 principi
1871 1979 1992 2015 irzfeiffus.
2028 1979 2084 2006 Ideo
2098 1981 2150 2004 tria
2163 1978 2190 2004 de
2198 1978 2227 2013 se
2237 1979 2303 2003 mira
2315 1982 2421 2004 narrare

281 2010 461 2046 appellabant,
480 2009 509 2036 in
523 2018 577 2044 quo
589 2014 644 2036 erat
657 2017 723 2043 aqua
737 2009 834 2036 inclusa
853 2011 921 2036 circa
934 2011 1039 2046 templa.
1083 2012 1145 2037 Sunt
1160 2017 1258 2043 autem,
1271 2013 1318 2045 qui
1334 2018 1365 2043 50
1375 2013 1487 2049 fidebat,
1506 2014 1535 2049 se
1550 2014 1644 2040 Gallum
1661 2013 1824 2050 graeciffizre,
1843 2015 1976 2041 eunuchum
1992 2014 2111 2040 moechum
2126 2016 2232 2047 putari,
2251 2019 2274 2039 et
2291 2010 2428 2039 inimicum·

282 2052 384 2082 putant,
404 2045 506 2072 fauiisas
520 2045 571 2071 esse*
585 2044 614 2070 in
627 2045 762 2079 Capitolio
775 2045 846 2071 cellis
860 2045 1030 2080 cisternisque
1043 2045 1148 2079 similes,
1165 2047 1212 2073 vbi
1226 2048 1319 2081 reponi
1382 2052 1526 2084 imperatori
1540 2052 1629 2076 viuere.
1685 2049 1722 2076 Ob
1741 2059 1812 2085 quam
1832 2050 1928 2085 causam
1939 2049 2028 2083 statua
2048 2052 2099 2075 eius
2118 2048 2222 2075 disiefta
2234 2048 2358 2079 Athenis,
2374 2047 2420 2074 vbi

281 2088 361 2109 erant.
377 2082 453 2108 solita
472 2090 516 2112 ea,
536 2088 602 2116 quae
621 2079 649 2106 in
668 2080 767 2115 templo
788 2081 914 2107 vetustate
932 2088 1006 2108 erant.
1025 2082 1094 2108 facia
1114 2082 1229 2108 inutilia.
1283 2085 1321 2109 De
1380 2085 1486 2111 odachar.
1544 2086 1617 2111 Hunc
1636 2084 1746 2111 Herodes
1759 2086 1862 2112 Atticus
1880 2091 1977 2120 patrem
1988 2085 2083 2121 solebat
2100 2084 2235 2119 appellare,
2258 2082 2369 2118 heresque
2384 2083 2418 2109 li-

282 2125 364 2153 etymo
383 2117 524 2153 disputatur
543 2115 610 2150 apud
627 2115 696 2142 Gell.
718 2115 735 2141 l.
751 2125 772 2141 c.
822 2116 897 2142 Nihil
915 2118 1016 2148 melius,
1036 2126 1109 2151 quam
1122 2127 1174 2143 cum
1191 2117 1268 2151 Voffio
1284 2118 1321 2144 de·
1382 2120 1479 2146 brorum
1491 2119 1520 2146 ab
1534 2117 1657 2156 eofabius
1671 2119 1713 2153 {ft-
1750 2121 1819 2147 Haec
1832 2130 1860 2147 ex
1875 2119 2034 2154 Philostrato.
2088 2119 2191 2146 Gellius
2205 2118 2358 2154 huiussaepe
2369 2126 2418 2144 me-
2447 2131 2457 2147 μ

282 2156 369 2180 riuarc
389 2154 419 2179 ab
436 2155 537 2187 antiquo
556 2151 658 2182 quio‚
677 2152 717 2177 vel
729 2150 828 2184 Fauio,
849 2158 879 2177 vt
895 2152 984 2178 Fouea
1002 2159 1025 2178 et
1043 2151 1135 2185 Fabii,
1156 2159 1185 2178 vt
1204 2152 1322 2186 vidimus,
1381 2157 1463 2180 mim't.
1505 2154 1563 2181 Vid.
1587 2158 1659 2181 etiam
1681 2156 1808 2189 Spartian.
1830 2156 1858 2182 in
1875 2155 1957 2182 Hadr.
1977 2166 1999 2183 c.
2013 2163 2038 2190 15
2058 2162 2121 2183 extr.
2156 2155 2275 2182 Aelianus
2293 2153 2320 2179 de
2339 2153 2418 2181 Varia
2446 2162 2447 2165 ¹

283 2187 448 2220 deri-tantur,
462 2194 510 2222 pro
522 2196 568 2222 quo
585 2184 666 2221 postea
679 2185 765 2213 Fodio
778 2188 885 2221 placuit.
922 2187 995 2222 Cous.
1009 2193 1089 2212 tamen
1111 2194 1278 2214 FLAVISSA.
1339 2191 1366 2217 55
1382 2188 1501 2221 historia,
1524 2190 1586 2215 dicit
1601 2190 1665 2216 hunc
1680 2193 1707 2215 in
1729 2191 1893 2226 disputatione
1913 2190 2016 2226 quadam
2032 2191 2147 2218 Adriano
2164 2188 2250 2225 ccffiffe
2262 2199 2270 2214 :
2294 2187 2419 2214 admirati·—
2448 2211 2453 2218 .

319 2229 439 2255 FAVLA,
454 2231 492 2249 ae.
513 2222 533 2248 f.
569 2223 684 2248 Herculis
693 2222 802 2257 scortum
809 2222 877 2257 fuit,
895 2231 954 2256 quae
963 2220 1047 2257 postea
1056 2229 1105 2257 pro
1117 2222 1160 2248 dra
1173 2223 1221 2248 coli
1234 2225 1320 2257 coepit.
1381 2224 1492 2258 tibiaque
1507 2227 1642 2258 proximis,
1663 2226 1750 2251 Nonne
1768 2225 1859 2257 cedam,
1879 2225 1974 2258 dixistis,
1990 2229 2022 2259 ei,
2041 2230 2083 2261 qui
2096 2227 2152 2252 XX
2162 2225 2248 2251 habeat
2260 2225 2384 2258 legiones?
2400 2230 2410 2248 ί
2450 2247 2455 2251 i
2471 2231 2479 2247 i

282 2258 434 2285 Lafihnssus
447 2266 468 2289 i,
482 2262 522 2289 20,
535 2264 547 2289 5
571 2266 641 2292 quum
655 2256 682 2282 (le
696 2258 832 2283 Laurentia
848 2256 956 2289 Faustuli
975 2259 1088 2293 loquutus
1100 2256 1207 2292 sufflet,
1221 2257 1320 2293 ficbdit,
1418 2266 1436 2285 F
1445 2266 1466 2285 A
1477 2266 1497 2284 V
1506 2266 1518 2285 S
1528 2265 1549 2284 Τ
1558 2266 1567 2285 1
1577 2266 1597 2285 A
1607 2267 1628 2285 N
1638 2267 1658 2285 v
1667 2265 1679 2285 S
1689 2278 1695 2290 ,
1713 2269 1726 2285 a
1735 2280 1744 2292 ,
1763 2269 1817 2286 uin.
1856 2260 1915 2286 Adi.
1958 2262 2005 2291 Vt,
2026 2261 2191 2287 Faustianum
2207 2259 2316 2291 vinum,
2336 2256 2415 2292 Quoi
2474 2262 2479 2279 l

283 2294 343 2322 Nec
362 2293 428 2320 hanc
447 2293 529 2319 solani
543 2292 655 2318 Romani
675 2298 840 2318 meretricem
855 2293 1010 2323 coluerunt,
1030 2293 1072 2318 sed
1087 2293 1193 2319 Faulain
1207 2301 1321 2328 quoque,
1381 2294 1410 2321 in
1423 2293 1517 2320 mediis
1530 2294 1643 2321 collibus
1657 2294 1761 2321 Falerni
1774 2295 1831 2329 agri
1844 2295 2008 2329 gignebatur.
2046 2296 2116 2322 Nain
2132 2294 2203 2328 quod
2217 2295 2245 2320 in
2260 2291 2411 2321 summisit!-

285 2337 364 2364 quam
376 2329 500 2355 Herculis
518 2328 631 2354 scortum
643 2327 718 2353 fuisse
729 2328 838 2353 Veri-ius
851 2328 950 2353 scribit.
993 2328 1050 2354 Vid.
1067 2330 1236 2355 Buncmannus
1251 2329 1283 2355 ad
1294 2329 1320 2356 h.
1380 2330 1419 2364 gis
1432 2329 1598 2361 nascebatur,
1618 2331 1770 2356 Gauranum
1787 2330 1915 2357 vocabant
1929 2341 1935 2357 z
1961 2330 2034 2365 quod
2053 2331 2081 2357 in
2099 2329 2194 2355 inediis
2208 2328 2336 2361 collibus,
2353 2328 2414 2361 Far·-

284 2366 303 2391 1.
323 2367 365 2399 qui
379 2365 447 2390 velut
464 2362 592 2395 historiam
605 2362 725 2397 quandam
741 2365 854 2388 criticam
865 2363 938 2389 huius
949 2363 1043 2389 Faulae
1056 2363 1131 2390 dedit.
1329 2369 1364 2394 60
1381 2365 1492 2392 stianum
1507 2376 1513 2392 ι
1537 2365 1661 2400 quodque
1676 2366 1704 2392 in
1720 2366 1774 2393 ima
1792 2365 1880 2393 radice
1897 2366 2066 2401 gignebatur,
2086 2364 2226 2391 Falernum
2245 2360 2415 2398 appellabant.

321 2406 460 2426 FAVNA
482 2399 551 2430 Dea,
585 2397 638 2423 vid.
663 2403 816 2424 FATVA.
1379 2401 1446 2428 Plin.
1470 2410 1514 2436 14,
1534 2404 1559 2428 6.
1759 2414 1762 2417 ¹
2449 2399 2451 2402 ⁴

321 2440 463 2466 rAvas,
477 2434 494 2460 i.
514 2442 549 2459 ni.
574 2433 701 2466 [Φαῦνος]
726 2432 798 2467 idem,
811 2435 854 2468 qui
869 2439 1046 2466 FATVELVS,
1060 2434 1102 2460 vbi
1114 2433 1168 2460 vid.
1273 2431 1293 2471 fl
1308 2443 1320 2461 2
1418 2443 1462 2463 FA
1472 2444 1492 2462 v
1501 2445 1513 2464 s
1523 2444 1544 2464 T
1553 2436 1574 2463 xi
1582 2444 1598 2464 L
1609 2443 1630 2463 v
1641 2443 1670 2469 s,
1689 2437 1708 2463 i.
1746 2446 1783 2464 m.
1818 2436 1922 2469 Pastor,
1946 2437 2028 2463 Accae
2040 2434 2198 2462 Laurentiae
2210 2432 2326 2464 maritus,
2345 2439 2412 2466 quae
2447 2440 2449 2451 ·

283 2469 385 2502 Fauni,
403 2469 529 2505 Agrorum
542 2475 565 2493 ct
568 2466 690 2501 siluarum
703 2467 755 2500 dii,
771 2471 812 2503 qui
826 2466 882 2503 post
893 2470 991 2504 longum
1004 2475 1097 2504 tempus
1109 2473 1258 2500 moriuntur,
1272 2471 1321 2504 (v.
1381 2472 1525 2498 Romulum
1544 2479 1569 2499 et
1589 2473 1715 2503 Remum,
1737 2472 1861 2499 inuentos
1879 2481 1894 2499 a
1907 2471 2046 2505 Faustulo,
2065 2471 2147 2502 aluit,
2167 2475 2196 2495 vt
2207 2467 2299 2504 scribit
2308 2465 2414 2494 Seruius

283 2507 355 2533 Seru.
366 2504 401 2531 ad
411 2506 475 2531 Aen.
490 2512 511 2536 1,
525 2503 596 2537 372)
616 2502 680 2538 quod
693 2512 703 2528 e
716 2509 785 2530 terra
798 2506 878 2538 geniti
887 2502 951 2536 fint.
995 2506 1086 2539 Nempe
1100 2505 1182 2531 Fauni
1197 2504 1261 2539 apud
1275 2507 1321 2531 La-
1381 2510 1409 2533 in
1423 2509 1487 2534 Aen.
1502 2516 1522 2540 t,
1537 2515 1595 2543 277-
1637 2508 1694 2534 yid·
1709 2508 1768 2534 Liu.
1785 2517 1805 2540 ¹,
1821 2517 1848 2542 4·
2306 2514 2309 2515 .

283 2544 367 2572 rinos,
385 2543 407 2566 ii
414 2539 473 2576 sere
480 2539 559 2575 sunt,
579 2541 622 2573 qui
638 2538 704 2572 apud
715 2539 818 2564 Graecos
830 2537 941 2574 σάτυροι,
954 2537 1009 2574 filii
1020 2540 1131 2565 Saturni.
1187 2541 1251 2565 Ptin.
1266 2550 1321 2573 12,i
1333 2541 1366 2574 65
1418 2549 1544 2570 rAvs‘r
1554 2551 1573 2570 v
1583 2550 1600 2569 L
1610 2549 1629 2567 ν
1640 2550 1665 2569 Μ
1697 2543 1846 2570 Porcellum
1859 2563 1868 2575 ‚
1903 2543 2017 2570 feturam
2051 2547 2194 2576 porcorum
2224 2542 2298 2565 vocae
2319 2534 2418 2564 Festus.

285 2576 359 2609 Qiin
377 2580 404 2602 et
420 2575 555 2606 Siluanos,
575 2574 746 2606 Faunosque,
767 2579 792 2599 et
811 2573 922 2599 deorum
942 2582 1036 2608 genera
1058 2574 1143 2607 siluis,
1162 2583 1190 2600 ac
1211 2576 1255 2601 sua
1273 2585 1320 2602 nu-
1380 2578 1454 2614 Cous,
1476 2584 1712 2605 FAVsTiTAs.

285 2612 357 2637 mina
371 2617 494 2644 tanquam
511 2618 525 2635 e
540 2609 612 2635 caelo
626 2607 752 2635 attributa
766 2609 904 2635 credimus.
976 2610 1062 2635 Varro
1077 2609 1107 2635 de
1124 2610 1152 2635 L.
1169 2610 1198 2635 L.
1213 2612 1242 2640 6,
1258 2619 1270 2641 3
1295 2620 1320 2644 p.
1419 2620 1514 2640 FAVs
1526 2620 1614 2644 TVS,
1637 2622 1668 2646 a,
1693 2621 1746 2639 uni.
1784 2612 1841 2639 Adi.
1877 2611 2018 2647 [ιύτυχῆς]
2054 2611 2082 2638 A
2093 2611 2182 2637 Faueo
2197 2608 2308 2635 dicitur.-
2336 2610 2420 2640 rampe

286 2654 331 2682 72,
345 2655 373 2672 10
396 2655 451 2672 cum
465 2643 582 2676 laudasset
595 2644 689 2678 versum
705 2644 799 2676 Ennii,
822 2644 918 2670 Versus
933 2653 998 2678 quos
1016 2644 1082 2670 olim
1097 2645 1179 2670 Fauni
1199 2651 1322 2679 vatesque
1382 2649 1418 2677 Is,
1430 2651 1470 2673 cui
1483 2649 1529 2673 Dii
1543 2657 1624 2674 omnes
1633 2648 1743 2683 fauent,
1759 2649 1862 2683 prosper
1881 2657 1910 2674 ac
1921 2650 2059 2683 propitius.
2113 2647 2203 2672 Annus
2220 2642 2319 2669 faustus
2337 2639 2420 2672 Ouid.

284 2681 429 2712 canebant,
458 2679 556 2709 Fauni,
575 2681 671 2712 inquit,
694 2679 744 2703 Dei
762 2679 933 2711 Latinorum,
954 2680 1005 2711 ita,
1023 2686 1051 2705 vt
1070 2681 1173 2706 Faunus
1192 2687 1217 2706 et
1236 2681 1323 2707 Fauna
1380 2682 1447 2709 Fast.
1462 2691 1483 2715 1,
1495 2685 1534 2714 63.
1591 2683 1702 2717 Antiqui
1717 2683 1841 2709 omnibus
1853 2683 1931 2709 rebus
1946 2681 2064 2717 agendis,
2084 2680 2278 2716 quodrbonum,
2297 2672 2433 2718 faustum&

285 2716 335 2743 fint
355 2716 384 2742 in
396 2715 438 2742 liis
451 2713 584 2745 verfibus,
594 2721 668 2752 ‘quos
682 2720 776 2738 vocant
791 2714 933 2740 Saturnios.
976 2716 1007 2741 ln
1021 2715 1180 2741 filuestribus
1193 2716 1257 2741 locis
1271 2721 1365 2749 tra-70
1381 2718 1463 2750 felix,
1483 2718 1700 2753 fortunatumque
1715 2719 1791 2750 esset,
1809 2718 1995 2753 praefabantur
2009 2718 2065 2744 Cic.
2078 2717 2109 2743 de
2118 2716 2180 2743 Diu.
2196 2724 2206 2742 i
2226 2724 2247 2741 c.
2260 2720 2302 2747 45.
2356 2712 2391 2738 Di

285 2751 373 2778 ditum
386 2750 422 2776 est
441 2749 532 2775 solitos
550 2748 602 2774 fari
615 2758 623 2777 ς
651 2755 705 2780 quo
722 2746 801 2773 fando
815 2749 915 2774 Faunos
929 2749 1022 2775 diflos.
1094 2750 1183 2776 Aurcl.
1198 2751 1268 2777 Viei.
1288 2752 1320 2778 de
1382 2753 1522 2780 horribilis
1535 2760 1558 2779 et
1572 2754 1692 2787 Faustum,
1712 2758 1841 2781 contraria
1858 2754 1931 2781 Idem
1939 2753 2021 2780 Tuse.
2031 2757 2106 2785 niis.
2176 2752 2200 2778 O
2212 2758 2265 2777 nox
2277 2747 2325 2774 illa
2336 2747 2381 2774 fau
2431 2753 2435 2756 ’

284 2787 333 2813 Or.
347 2786 379 2812 G.
397 2786 474 2811 Rom.
487 2793 506 2817 4
524 2783 582 2809 Post
597 2783 686 2808 Picum
701 2782 821 2816 regnauit
841 2783 868 2808 in
882 2783 955 2809 Italia
968 2785 1071 2810 Faunus
1081 2805 1087 2814 ‚
1108 2794 1187 2819 quein
1207 2794 1221 2811 a
1241 2786 1320 2813 faudo
1382 2789 1444 2815 huic
1457 2789 1518 2815 vrbi
1533 2789 1587 2815 Cic.
1604 2797 1652 2823 pro
1661 2789 1754 2816 Flacco
1769 2797 1820 2822 103.
1875 2788 1960 2816 Molle
1973 2790 2044 2821 lyrae
2058 2787 2222 2821 faustumque
2236 2788 2328 2810 canant
2341 2783 2407 2810 Clau'

284 2821 386 2847 dietum
400 2820 511 2851 volunt,
530 2817 602 2852 quod
615 2817 637 2842 is
650 2817 715 2857 solet
733 2818 822 2857 futura
843 2818 991 2852 praecinere
1005 2820 1135 2852 vertibus,
1154 2829 1219 2855 quos
1235 2822 1320 2848 Satur-
1383 2823 1453 2850 dian.
1467 2825 1496 2849 in
1510 2824 1593 2858 Nupt.
1606 2825 1677 2851 Hon.
1690 2831 1716 2850 et
1727 2825 1794 2851 Mar.
1810 2826 1863 2856 196.
1934 2825 2020 2851 Omen
2036 2824 2097 2850 Liu.
2111 2831 2138 2857 7,
2152 2829 2188 2854 25.
2240 2854 2246 2859 .
2257 2819 2329 2845 Non.
2347 2826 2371 2851 5,
2391 2827 2402 2845 1

285 2857 345 2883 nios
365 2855 478 2882 dicimus
513 2868 558 2873 —-
592 2867 637 2872 —-
672 2853 734 2878 hius
752 2861 791 2879 rei
809 2853 906 2879 Ennius
925 2854 994 2879 testis
1015 2855 1066 2886 est,
1091 2865 1150 2881 cuin
1163 2856 1217 2888 ait,
1236 2857 1319 2884 Verfl-
1380 2857 1503 2885 Faustum
1522 2865 1545 2885 ct
1564 2859 1667 2886 Festum
1690 2859 1730 2885 his
1753 2859 1930 2887 intellectibus
1953 2859 2155 2886 discernuntur:
2178 2860 2276 2881 etenim
2295 2854 2423 2883 Faustum

284 2891 330 2919 bu'
343 2899 408 2926 quos
422 2890 488 2916 olim
501 2888 584 2916 Fauni
598 2892 720 2922 vatesque
734 2888 869 2915 canebant.
905 2890 981 2915 Hunc
992 2890 1110 2915 Faunum
1125 2891 1243 2925 plerique
1258 2901 1321 2918 eun·
1334 2899 1366 2927 75
1382 2894 1452 2928 quasi
1466 2903 1479 2920 a
1494 2894 1616 2920 Fauendo
1631 2894 1748 2927 diCmin,
1768 2904 1796 2921 ac
1813 2904 1859 2929 per
1872 2895 1922 2922 hoc
1936 2896 2088 2929 prosperum
2101 2900 2125 2918 et
2138 2890 2295 2925 propitium.
2342 2888 2438 2928 Vnde*⁴

285 2927 347 2954 dem
360 2926 495 2952 Siluanum
509 2934 523 2950 a
535 2923 631 2955 Silius,
648 2924 743 2949 Inuum
764 2923 855 2955 deum,
877 2925 941 2958 quin
964 2925 1042 2951 etiam
1063 2926 1128 2951 Pana
1149 2927 1191 2952 vel
1205 2928 1255 2953 Pan
1274 2929 1322 2953 effe
1382 2935 1473 2956 contra
1487 2929 1647 2960 Infaussiim,
1670 2931 1759 2956 minax
1779 2936 1805 2957 ct
1825 2932 2031 2965 iniprosperuni,
2057 2926 2158 2953 Festum
2173 2934 2237 2951 vero
2253 2925 2418 2951 sollemniter

283 2962 416 2990 dixerunt.
485 2961 596 2987 Hieron.
610 2959 638 2984 in
650 2959 698 2984 Ies.
712 2967 744 2990 13,
754 2967 781 2985 21
802 2959 898 2985 Pilosos
912 2960 1017 2995 Viilgati
1031 2964 1211 2996 interpretatur
1226 2963 1268 2988 vel
1282 2964 1321 2988 in·
1384 2965 1495 2995 laetum,
1516 2972 1541 2990 ei
1555 2965 1687 2992 feriatum.
1723 2967 1791 2994 Ter.
1805 2967 1884 2992 Andr.
1901 2974 1924 2998 5,
1935 2974 1962 2997 4,
1976 2972 2009 2997 54
2027 2964 2051 2989 O
2064 2961 2176 2988 faustum
2191 2967 2215 2987 et
2229 2960 2335 2986 felicem
2347 2959 2417 2986 hune

285 2997 416 3028 cubones,
435 2995 477 3022 vel
498 2996 617 3027 Satyros,
640 2993 767 3020 siluestres
785 2994 912 3028 quosdam
930 2995 1066 3027 homines,
1091 3006 1156 3031 quos
1175 3006 1229 3024 non
1252 2999 1320 3024 nulli
1384 2999 1464 3026 diem.
1500 3001 1568 3026 Haec
1582 3001 1630 3027 ille.
1681 3001 1787 3028 Faustae
1800 3000 1995 3027 acclamationes
2009 2998 2115 3024 Sueton.
2129 2997 2238 3022 Omns.
2247 2997 2272 3022 6.
2324 2994 2417 3022 Fausta

283 3033 388 3060 Faunos
401 3031 505 3058 ficarios
517 3034 620 3057 vocant.
661 3029 720 3056 Vid.
739 3035 756 3055 F
766 3035 800 3055 1C
809 3037 830 3056 A
840 3037 859 3056 R
868 3036 877 3055 1
886 3037 944 3063 VS,
967 3040 991 3057 n·
1006 3040 1022 3058 2
1035 3031 1084 3067 sub
1103 3039 1118 3059 F
1128 3039 1138 3058 1
1148 3038 1165 3060 C
1177 3040 1197 3060 V
1206 3040 1227 3060 s.
1264 3034 1322 3062 Ser·
1375 3034 1528 3072 fitlzllautiue
1537 3055 1545 3067 ,
1567 3034 1667 3068 Faustae
1681 3039 1863 3072 apprecationes
1871 3036 1948 3070 finit,
1967 3042 2026 3069 quae
2046 3034 2177 3058 acclamari
2189 3041 2204 3058 a
2217 3032 2306 3059 Senatu
2319 3031 2419 3058 Princi·
2446 3054 2452 3071 ,¹

281 3067 342 3095 vim
364 3071 392 3095 5⁷²
413 3066 477 3095 illud
496 3067 561 3093 Aen·
575 3072 608 3100 7⁵
627 3072 664 3100 47
792 3099 798 3104 ,
1334 3070 1565 3107 8opibuss011'tat«,
1584 3072 1651 3106 apud
1664 3072 1806 3106 Capitolin.
1821 3072 1849 3097 in
1862 3071 1980 3097 Maxuuo
1993 3075 2018 3094 et
2030 3068 2141 3094 Balbino
2158 3077 2179 3093 c.
2194 3076 2228 3099 13.
2357 3093 2359 3095 .
2412 3085 2418 3090 ·

290 3108 297 3116 ’
587 3101 642 3127 Rex
660 3108 724 3127 81·υὸ
742 3099 865 3132 Lfflmff,
884 3105 910 3127 et
931 3100 1009 3128 vrbes
1419 3113 1495 3132 FAv
1505 3113 1517 3132 s
1527 3113 1547 3132 T
1557 3113 1572 3131 Ε
1582 3126 1588 3131 .
1624 3107 1691 3132 Adu.
1727 3107 1875 3140 [εὐτυχῶς]
1916 3105 1971 3131 Cic.
1983 3112 2032 3138 pro
2045 3104 2162 3130 Muraen.
2178 3111 2187 3130 1
2212 3103 2248 3128 Ea
2263 3110 2305 3129 res
2325 3100 2416 3132 fauste,

440 3139 496 3166 Iam
516 3137 604 3163 senior
624 3136 701 3171 longa
718 3134 830 3169 placidas
846 3136 874 3160 in
883 3144 950 3175 ⁴pace
969 3136 1082 3171 regebat.
1382 3141 1510 3171 feliciter,
1531 3142 1706 3176 prospereque
1726 3143 1852 3168 eueniret.

438 3174 517 3201 Hunc
534 3173 624 3199 Fauno
644 3177 670 3198 et
689 3170 812 3204 Nympha
831 3176 947 3204 genitum
966 3172 1095 3199 Laurente
1115 3174 1214 3201 Marica
1420 3174 1570 3203 rAvs'ri
1579 3183 1669 3209 TAs,
1693 3177 1751 3203 atis.
1788 3177 1808 3204 f.
1844 3175 1988 3210 [εὐτυχία]
2020 3180 2068 3209 pro
2091 3175 2218 3200 Felicitate
2234 3175 2332 3208 capitur
2351 3168 2418 3206 apud

438 3208 588 3242 Accipimus
603 3218 608 3233 τ
640 3208 730 3233 FaUUO
746 3206 819 3232 Picus
836 3213 925 3240 pater,
944 3207 1017 3241 isque
1038 3214 1172 3241 parentem
1383 3213 1452 3239 Hor.
1466 3214 1552 3239 Carni.
1567 3221 1595 3246 4,
1610 3219 1632 3244 5,
1648 3219 1673 3241 18
1699 3212 1794 3239 Nutrit
1807 3221 1868 3238 rura
1886 3211 1989 3244 (Bentt.
2004 3210 2091 3241 farra)
2110 3211 2204 3240 Ceres,
2220 3209 2340 3242 almaque
2358 3207 2415 3232 fau·

438 3244 486 3271 Te
507 3244 615 3269 saturne
634 3242 724 3268 refert·
1338 3254 1367 3283 85
1382 3247 1461 3274 stitas.
1504 3247 1608 3274 Videtur
1621 3254 1708 3278 autem,
1716 3248 1780 3282 quod
1792 3247 1869 3283 visum
1881 3249 1953 3271 etlam
1965 3246 2096 3281 Scaligcro,
2109 3245 2143 3271 ad
2152 3243 2252 3276 Fzstmn,
2268 3252 2326 3270 ‘uoce
2335 3247 2415 3269 FAV-

284 3281 417 3316 Qiidam,
440 3282 538 3315 inquit,
559 3278 622 3304 deus
641 3278 676 3303 est
697 3277 847 3303 Fatuellus:
874 3276 952 3303 huius
970 3285 1038 3302 vxor
1057 3277 1092 3303 est
1111 3279 1198 3305 Fatua.
1248 3279 1320 3306 Idem
1383 3290 1532 3314 svmmvm,
1552 3285 1578 3308 in
1589 3285 1815 3318 primispcrtinere
1827 3281 2014 3316 adprourntum
2027 3290 2120 3314 coram,
2138 3289 2196 3315 quae·
2208 3279 2350 3314 nascuntur.

283 3318 402 3350 Faunus,
421 3321 447 3342 et
464 3314 553 3341 eadem
571 3314 666 3339 Fauna.
722 3312 794 3338 Diffi
813 3318 899 3339 autem
922 3312 978 3338 sunt
998 3321 1012 3337 a
1033 3313 1216 3346 vaticinando,
1237 3315 1264 3340 id
1284 3315 1319 3341 est
1417 3325 1464 3345 ΡΑ
1475 3323 1598 3345 vsTIT
1610 3323 1686 3344 vno
1698 3337 1706 3350 ,
1727 3318 1785 3343 i'nis.
1821 3317 1840 3342 f.
1876 3316 1949 3342 Idem.
1984 3317 2022 3342 Io.
2038 3315 2069 3342 de
2083 3317 2163 3342 Ianua
2180 3315 2208 3340 in
2221 3313 2325 3341 Cathol.

284 3352 373 3379 fando.
409 3350 484 3377 Vnde
498 3355 523 3376 ct
537 3350 631 3375 Fatuos
645 3347 771 3377 dicimus,
790 3347 980 3373 Iuconsiderate
991 3347 1136 3381 loquentes.
1174 3350 1241 3382 Ergo
1255 3351 1320 3376 Fau·
1418 3360 1562 3384 FAvvs‚
1585 3352 1604 3378 i.
1639 3361 1673 3378 m,
1708 3353 1821 3387 [κηρίον]
1857 3353 1938 3386 Apum
1957 3351 2039 3377 domu,-
2056 3359 2079 3378 ec
2093 3351 2194 3377 Cyllulae
2208 3360 2217 3379 ,-
2243 3359 2258 3375 a
2274 3346 2412 3380 Fouendo,
2427 3367 2430 3370 .

284 3397 333 3414 nae
353 3394 378 3413 et
397 3387 492 3413 Fatuae
510 3393 607 3411 nomen
625 3383 695 3418 quali
715 3384 832 3417 asperum
851 3384 919 3417 fugit
940 3384 1032 3414 Po'e'ta,
1061 3389 1086 3408 et
1103 3384 1231 3409 Maricam
1253 3385 1319 3411 dixit
1381 3389 1446 3423 quod
1463 3392 1490 3415 in
1509 3387 1661 3423 his-sobolem
1671 3387 1787 3423 foueam.
1835 3387 1892 3412 Vni.
1906 3387 1970 3412 Plin.
1986 3395 2023 3419 ii,
2040 3394 2061 3420 5.
2133 3386 2207 3419 Virg.
2222 3385 2316 3418 Georg.
2330 3393 2358 3416 4,
2372 3385 2428 3410 161*
2444 3395 2445 3398 ¹

283 3431 396 3448 vxorem
410 3422 484 3448 fuill‘e
498 3419 590 3450 Fauni»
609 3427 676 3454 quae
689 3418 725 3444 est
739 3418 785 3444 dea
799 3418 886 3444 litoris
900 3417 1129 3449 Mffnfflffik'nffisssss
1150 3419 1221 3444 iuxta
1234 3418 1319 3444 Lirim
1326 3430 1362 3453 90
1381 3424 1467 3450 Prima
1483 3423 1550 3449 fanis
1563 3428 1663 3456 ponunt
1677 3421 1845 3453 fundamina,
1866 3421 1958 3448 deinde
1971 3428 2072 3448 tenaces
2092 3421 2247 3455 suspendunt
2262 3428 2338 3445 ceras.
2380 3419 2412 3444 Ec
2444 3430 2445 3436 =

283 3457 405 3483 fluuium.
475 3456 548 3482 Idem
561 3460 587 3481 in
602 3454 665 3481 illud
677 3456 702 3485 6,
714 3461 763 3488 775
786 3454 932 3484 Pometios,
952 3453 1123 3487 Castrumque
1138 3454 1206 3479 Inui.
1248 3454 1317 3486 Inui,
1380 3465 1400 3488 ι,
1415 3467 1465 3491 344
1490 3458 1542 3484 Cui
1555 3458 1669 3491 (Cereri)
1683 3464 1711 3483 tu
1723 3457 1788 3483 laEte
1801 3457 1875 3483 fanos
1889 3464 1913 3484 et
1928 3458 1988 3484 miti
2007 3457 2079 3483 dilue
2092 3456 2201 3484 Baccho.
2255 3455 2333 3488 Vulg.
2347 3453 2412 3479 Luc-

283 3496 303 3516 ι’.
322 3493 417 3522 Panos,
435 3492 480 3526 qui
495 3492 551 3517 illic
566 3489 670 3517 colitur.
728 3490 808 3515 Inuus
826 3495 912 3514 autem
926 3489 1017 3514 Latine
1038 3490 1198 3522 appellatur,
1220 3489 1317 3515 Graece
1379 3500 1422 3524 24,
1439 3502 1469 3525 43
1489 3499 1562 3519 vome
1578 3493 1669 3518 fanum
1682 3492 1781 3523 menis,
1796 3492 1907 3527 sfflllssm
1926 3496 2007 3528 opem-
2025 3495 2119 3527 apiarii
2131 3491 2196 3518 melle
2211 3488 2318 3524 plevium.
2355 3490 2412 3515 Cic.

284 3527 347 3551 Πᾶν.
383 3526 445 3552 item
457 3526 590 3559 Ἐφιάλτης
605 3526 720 3558 Graece,
739 3524 832 3550 Latine
850 3523 971 3549 Incubus.
1023 3524 1093 3549 ldeui
1109 3525 1225 3555 Faunus,
1251 3525 1316 3551 item
1379 3527 1430 3553 Off.
1444 3536 1462 3559 i,
1477 3536 1519 3561 ¹57
1539 3530 1624 3560 Apum
1638 3528 1758 3553 examina
1771 3536 1823 3553 non
1838 3527 2020 3562 fingendorum
2031 3529 2155 3554 fauorum
2167 3526 2241 3551 causa
2254 3532 2412 3559 congregari·
2448 3525 2450 3542 ¹*

285 3561 380 3586 Fatuus
390 3580 397 3591 ,
416 3561 553 3587 Fatuellus.
609 3561 713 3588 Dicitur
725 3565 812 3586 autem
831 3558 864 3585 ab
879 3559 994 3584 ineundo
1013 3559 1098 3592 pallini
1118 3568 1177 3585 cuin
1192 3560 1316 3586 omnibus
1379 3567 1422 3588 tur
1436 3572 1442 3592 ;
1469 3563 1511 3588 sed
1523 3571 1605 3595 quum
1619 3562 1815 3597 congregabilia
1827 3570 1917 3590 natura
1930 3564 1994 3595 sint,
2012 3563 2113 3597 fingunt
2126 3562 2207 3587 fauos.
2278 3559 2410 3586 Candidus

284 3594 443 3621 animalibus
456 3604 463 3625 3
491 3596 559 3621 vnde
577 3602 602 3623 et
615 3596 727 3623 Incubus
744 3595 849 3621 dicitur.
900 3593 995 3628 Rursur
1013 3594 1083 3620 Idem
1098 3598 1124 3619 in
1138 3595 1201 3620 illud
1213 3595 1276 3621 Aen.
1289 3604 1315 3629 7,
1331 3606 1362 3632 93
1379 3596 1459 3623 Ouid.
1472 3598 1535 3623 Met.
1550 3602 1573 3627 8,
1587 3600 1647 3632 677.
1700 3597 1780 3623 Melle
1794 3600 1906 3633 complet
1920 3599 1995 3626 fanos
2007 3599 2063 3633 apis
2076 3596 2182 3626 Tibull.
2196 3604 2220 3628 2,
2231 3604 2250 3628 i,
2265 3603 2304 3630 50.
2340 3595 2426 3626 Comv

283 3635 311 3660 8¹
338 3631 370 3656 At
386 3630 439 3656 Rex
460 3630 585 3656 sollicitus
605 3631 796 3660 monstrorum,
814 3629 918 3656 oracula
939 3629 1020 3654 Fauni
1058 3629 1169 3656 Fatidici
1188 3630 1316 3663 genitoris
1377 3632 1477 3659 struere
1495 3633 1586 3663 fanos,
1619 3632 1670 3658 vid.
1704 3638 1929 3663 CONSTRVO.

283 3665 347 3691 adit.
403 3665 519 3695 Faunus,
538 3668 592 3696 ait,
611 3666 657 3692 α’πὸ
672 3667 713 3695 τῆς
730 3667 804 3698 φωνῆς
824 3664 907 3691 dietus
921 3663 972 3696 est,
992 3664 1063 3698 quod
1079 3674 1157 3696 voce,
1172 3674 1226 3691 non
1239 3665 1315 3700 lignis
1416 3674 1461 3694 ΡΑ
1471 3674 1490 3694 V
1500 3675 1535 3700 x,
1570 3666 1622 3694 oid.
1652 3673 1754 3694 FAVC
1764 3676 1779 3695 E
1789 3676 1801 3696 s
1811 3688 1818 3697 .

283 3699 396 3726 ostendit
409 3699 505 3725 futura.
562 3701 618 3725 Non
631 3702 706 3731 male,
742 3704 767 3727 ui
781 3699 833 3734 ζεῠς
851 3698 968 3732 definiimus
986 3706 1089 3725 vocatur
1101 3700 1217 3734 Dionysio
1232 3703 1316 3727 ΗιιΙίε.

284 3736 301 3762 l.
315 3738 331 3762 6
358 3744 381 3769 p.
394 3742 435 3769 4¹¹
470 3734 570 3768 Iupiter
583 3735 684 3761 Faunus
703 3745 717 3761 a
750 3739 883 3770 interprete
898 3736 985 3761 Latino
1004 3734 1126 3762 redditur.
1197 3736 1313 3763 Laelant.
1747 3731 1768 3761 F
1889 3732 1914 3762 A
2033 3729 2060 3761 X

286 3780 307 3803 i,
321 3779 358 3803 22,
376 3778 393 3803 9
417 3768 465 3795 Sed
487 3775 514 3795 vt
536 3769 680 3803 Pompilius
699 3770 765 3803 apud
786 3772 917 3797 Romanos
934 3769 1069 3795 institutor
1088 3771 1235 3804 ineptarum
1254 3772 1368 3801 reli-100
1414 3774 1505 3805 FAx,
1523 3772 1595 3799 facis.
1617 3773 1637 3799 f.
1674 3773 1807 3809 [manig
1821 3775 1881 3810 δαὶς]
1917 3776 1999 3803 Fustis
2012 3773 2107 3802 incisus
2123 3773 2186 3804 (uid.
2200 3782 2254 3799 mox
2267 3772 2407 3803 PACVLA>

283 3806 393 3840 gionum
413 3804 480 3837 fuit,
497 3803 529 3830 fic
548 3810 606 3829 ante
625 3805 785 3838 Pompilium
798 3806 900 3831 Faunus
921 3807 949 3831 in
966 3804 1063 3835 Lati03
1094 3807 1140 3839 qui
1158 3812 1183 3832 et
1203 3807 1313 3833 Saturno
1375 3813 1400 3834 et
1419 3817 1474 3834 cera
1492 3809 1531 3834 vel
1548 3809 1596 3834 aleo
1615 3809 1746 3842 innacius,
1770 3822 1799 3838 ac
1813 3812 1955 3847 compositus
1972 3810 2006 3837 ad
2022 3811 2100 3836 lumen
2112 3808 2267 3843 faciendum.
2325 3808 2409 3842 Fitque

283 3842 384 3868 nefaria
403 3841 472 3866 sacra
490 3838 623 3865 constituit
633 3858 642 3871 ‚
662 3845 687 3865 et
703 3841 792 3865 Picum
810 3847 910 3874 patrem
929 3841 997 3866 inter
1015 3839 1077 3865 deos
1096 3840 1238 3868 honorauit
1252 3853 1259 3872 ς
1289 3848 1314 3868 et
1370 3846 1503 3878 praecipue
1517 3852 1545 3868 cx
1557 3845 1719 3871 arundinibus
1732 3847 1827 3877 aridis,
1841 3855 1864 3873 ει
1873 3851 1952 3882 [κτείς
1965 3844 2108 3875 arboribus,
2127 3850 2149 3869 et
2161 3844 2226 3869 ecda.
2261 3842 2339 3878 Apud
2352 3844 2409 3868 Ροδ-

281 3878 401 3903 sororem
419 3875 490 3902 snam
508 3874 631 3906 Famam,
651 3874 781 3906 Faunani,
806 3875 965 3910 eandemque
987 3875 1124 3908 coniugem
1144 3878 1312 3903 consecrauit.
1374 3884 1415 3903 tas
1433 3878 1461 3903 de
1477 3880 1541 3903 omni
1554 3881 1610 3913 igne
1628 3884 1751 3915 accipitur
1762 3892 1770 3906 :
1795 3882 1847 3908 vid.
1864 3883 1951 3908 Barth.
1971 3879 2005 3906 ad
2021 3880 2082 3905 Stat.
2097 3879 2159 3904 Silii.
2179 3888 2203 3912 p.
2218 3880 2254 3904 61.
2325 3878 2407 3904 Varro

282 3914 370 3944 Quam
383 3912 413 3938 C.
427 3910 512 3937 Baffiis
526 3910 632 3936 Fatuam
651 3910 811 3935 nominatam
829 3910 923 3939 tradit,
941 3910 1012 3945 quod
1033 3911 1188 3938 mulieribus
1206 3913 1258 3938 fata
1274 3921 1314 3939 ca·
1373 3912 1440 3947 apud
1454 3913 1526 3939 Non.
1547 3921 1578 3944 2,
1596 3922 1645 3947 340
1675 3917 1794 3943 confluit
1814 3918 1956 3943 mulierum
1976 3921 2032 3942 tota
2050 3915 2149 3945 Roma,
2168 3922 2235 3947 quae
2252 3912 2333 3938 noem
2345 3911 2408 3938 fieri

281 3956 343 3975 nere
361 3945 546 3977 consueuiss‘ct»
565 3950 593 3972 vt
605 3945 709 3973 Faunus
722 3944 803 3979 vitii,
824 3945 878 3973 vid.
898 3951 967 3973 ΕΡΗ
977 3951 1134 3974 ιΛιΤῑς.
1205 3948 1261 3977 Cic.
1280 3948 1312 3975 de
1321 3957 1364 3986 ¹05
1373 3947 1451 3975 initia
1464 3947 1556 3980 solita,
1577 3951 1657 3977 etiam
1670 3960 1739 3980 nune
1750 3953 1826 3988 picea
1838 3953 1882 3979 fax
1895 3951 1998 3980 indicat.
2069 3949 2107 3976 Id.
2126 3948 2257 3983 Sexagefi,
2276 3946 2407 4008 Adestlfax

2291 3984 2354 4011 inuo
2366 3986 2408 4008 uta
