2479 4225
308 181 386 220 499
700 167 736 209 E
820 167 858 207 X
942 164 960 202 1
1819 156 1853 196 Ε
1941 156 1979 196 X
2063 157 2083 198 I
2357 170 2468 209 500·

307 256 368 284 Liu.
381 264 407 288 9,
421 262 458 290 17·
512 255 584 283 Caes.
598 256 627 283 Β.
640 256 670 284 C.
684 265 707 289 3,
720 264 749 288 32
784 254 845 281 Erat
861 252 936 286 plena
958 248 1100 283 lictorum,
1116 250 1142 276 et
1160 246 1336 282 imperiorum
1399 246 1460 282 le.
1473 246 1492 275 l.
1507 255 1516 273 1
1528 247 1562 274 D.
1575 246 1608 273 de
1623 245 1794 277 fluminibus,
1805 254 1839 272 ne
1854 244 1928 280 quid,
1941 252 1985 273 etc.
2014 246 2127 274 Proinde
2139 246 2192 274 flue
2206 246 2343 275 deriuetur
2355 244 2439 283 aqua,x
2477 272 2479 282 ,

308 291 461 326 prouincia,
474 292 593 318 conferta
610 291 746 327 praefec'tis
764 295 841 323 atque
861 284 1037 313 exa&oribus.
1107 283 1245 311 Fiscalium
1264 291 1337 316 prae·
1399 288 1428 308 vt
1447 282 1570 316 exiguior
1588 282 1656 310 facta
1673 282 1760 308 minus
1779 280 1808 306 fit
1823 281 1996 315 nauigabilis:
2035 282 2076 308 vel
2096 282 2113 309 fi
2134 283 2275 316 dilatetur,
2298 288 2325 310 vt
2339 284 2430 312 diffusa
2477 289 2479 312 J

310 327 450 353 stationum
467 326 601 353 exaEtores
621 327 725 354 Firmic,
744 327 769 356 6,
786 332 808 355 3.
878 322 937 347 Liu.
956 328 981 353 2,
996 327 1008 353 5
1047 320 1104 354 Qui
1128 318 1258 353 spectator
1280 322 1336 344 erat
1399 325 1494 352 aquam
1508 317 1614 344 breuem
1629 318 1719 344 faciat:
1740 316 1793 342 11110
1806 322 1895 342 contra
1907 316 1939 342 lic
1952 318 2142 351 coangustctur,
2162 324 2190 344 vt
2203 319 2321 353 rapidius
2335 320 2431 347 flumen
2477 334 2479 337 .

309 360 483 393 amouendus,
504 371 563 388 emn
577 363 661 397 ipsum
676 362 780 387 fortuna
792 356 940 383 exaGmrem
954 356 1075 391 supplicii
1089 354 1168 382 dedit.
1188 357 1206 379 ι’.
1227 354 1278 387 Qi
1296 362 1335 379 ex·
1399 352 1490 379 faciat:
1509 353 1652 380 interdicto
1666 353 1738 379 locus
1751 351 1810 378 erit.
1846 351 1918 377 Idem
1932 351 1949 378 Ι.
1963 360 1994 386 75
2019 354 2051 379 D.
2066 352 2098 379 de
2126 353 2216 387 legatis
2237 363 2248 385 3
2273 354 2358 381 Numi
2378 355 2430 382 exi-

307 400 419 431 equitur,
434 403 457 422 et
468 397 557 432 fiamit.
627 398 694 423 Suet.
714 394 745 419 de
764 392 841 418 Illust.
857 391 973 417 Gramm.
993 401 1015 418 c.
1035 400 1061 417 22
1095 389 1226 416 Sermonis
1246 388 1336 414 Latini
1358 392 1373 418 ς
1399 387 1513 421 guiores.
1585 390 1678 424 Superi.
1717 387 1796 414 Ouid.
1810 386 1887 421 Epist.
1905 396 1940 420 14,
1955 395 1991 420 ¹¹5
2020 389 2059 414 De
2078 388 2192 414 fratrum
2210 388 2287 415 turba
2308 398 2365 423 pars
2379 391 2432 418 exi-

307 431 415 458 ςχᾶξὶοι-
428 432 628 462 molestjffimus‚
648 433 665 456 ι’,
684 428 831 464 obseruator,
861 430 887 452 ui
897 426 932 452 ad
947 428 1055 462 regulam
1068 428 1156 461 exigit.
1203 423 1335 450 Columel.
1399 421 1516 462 guillima
1529 423 1615 450 restat.
1666 424 1762 457 Legata
1775 421 1934 461 exiguissima
1948 423 2014 462 Plin.
2026 424 2071 457 Ep.
2087 430 2113 457 7,
2128 432 2168 455 24,
2181 430 2207 463 7.
2297 424 2318 461 q
2339 434 2350 457 3
2371 425 2431 452 Exi.

307 476 328 499 3,
344 475 367 499 13
393 468 464 502 Opus
480 474 567 494 autem
585 466 620 491 est
639 464 723 498 perito
742 470 770 487 ac
788 435 914 496 vigilante
928 462 1059 488 0111161010.
1113 460 1255 487 1bid cxtr.
1278 459 1335 484 Nec
1399 466 1491 492 guum,
1506 466 1524 483 1.
1545 467 1570 485 n.
1590 457 1744 491 Substantiuo
1757 467 1820 484 more
1829 459 1941 492 positum.
1978 458 2023 484 Sil.
2037 468 2065 491 4,
2079 464 2108 488 28
2133 459 2166 484 Vt
2180 468 2207 484 111
2222 459 2295 486 tenui
2309 462 2363 494 spes
2378 461 2431 487 exi·
2476 482 2479 487 .

325 503 406 529 mitur
425 503 570 529 exa&0rem
590 499 675 532 operis
696 496 791 530 decipi.
868 497 1028 532 Disciplinae
1048 495 1155 523 01136101·
1173 495 1242 521 Suet.
1261 493 1334 520 Caes.
1398 502 1531 527 guumque
1549 494 1638 520 salutis
1657 496 1713 520 Iam
1734 493 1804 520 videt
1822 494 1869 519 esse
1890 492 1959 518 suae.
2030 494 2110 519 Ouid.
2126 494 2211 520 Trist.
2225 503 2248 527 5,
2261 503 2287 527 2,
2300 504 2334 522 20
2372 496 2430 523 Exi·
2475 505 2479 529 1

307 547 329 564 ς,
346 539 385 570 65,
421 538 569 564 Studiorum
582 533 689 560 affiduus
702 531 810 558 exactor
823 533 955 566 Qiineiil.
970 542 989 565 ι,
1004 542 1024 565 3.
1060 531 1133 558 Idem
1146 539 1165 562 1,
1179 538 1196 565 7
1219 530 1260 555 An
1272 529 1333 555 ideo
1397 537 1479 562 guum
1499 528 1576 562 pleno
1597 529 1629 555 de
1649 538 1721 556 mare
1739 529 1825 555 demat
1843 536 1934 562 aquae.
2005 528 2098 563 Campi
2117 530 2242 563 exiguum
2262 531 2321 557 Liu.
2334 539 2377 566 27,
2393 539 2432 566 27.
2475 530 2479 551 1

306 573 397 600 minor
409 573 444 599 est
460 573 495 598 M.
513 569 619 596 Tullius
640 574 745 599 orator,
767 568 838 602 quod
856 568 926 595 idem
946 569 1009 595 artis
1028 568 1106 594 huius
1126 563 1334 599 diligentissimus
1351 566 1380 585 ¹0
1398 564 1526 598 Exiguum
1546 564 1673 598 temporis
1691 564 1825 594 medium;
1850 570 1875 590 et
1896 563 1984 590 rursus
1995 562 2077 589 limile
2089 564 2159 590 aliud
2178 565 2263 598 priori
2277 565 2355 593 fidem
2370 565 2433 594 fecit
2450 585 2455 588 -

305 609 376 641 fuit,
395 614 419 634 et
434 607 461 633 in
475 606 546 635 filio,
561 610 589 629 vt
608 603 636 629 in
647 603 763 638 epistolis
781 609 900 638 apparet,
912 604 982 630 10610
1001 602 1127 638 loquendi
1146 602 1334 635 vsquequaque
1397 598 1462 625 Plin.
1479 598 1556 633 Epist.
1570 606 1595 633 7,
1610 607 1646 638 27,
1660 607 1693 630 13.
1763 601 1834 626 Intra
1856 598 1981 632 temporis
2001 599 2124 632 exiguum
2143 600 2224 626 Ouid.
2245 601 2310 628 Met.
2330 610 2363 634 13,
2380 607 2446 633 888.·

304 645 379 678 asper
400 648 501 676 quoque
521 638 644 665 exa&or3
715 638 853 665 Exae'tores
872 639 899 665 in
912 639 929 665 l.
945 648 960 666 2.
971 646 994 664 et
1008 648 1019 671 3
1039 638 1071 664 de
1090 636 1264 663 conueniend.
1279 635 1335 661 fisci
1397 634 1439 662 Sic
1451 637 1534 660 utitur
1546 641 1569 660 et
1582 634 1701 661 Scribon.
1716 643 1749 661 22
1771 635 1799 660 de
1813 634 1994 660 medicamento.
2030 633 2098 660 Add.
2118 643 2175 671 ²07·
2191 645 2249 669 ,40.
2263 645 2316 669 251.
2372 638 2432 664 Exi.

305 678 387 706 debit.
402 686 429 703 10
446 677 474 701 C.
495 674 651 705 dicebantur,
679 672 784 706 Qiibus
807 674 933 709 exigenda
959 674 1055 700 fiscalia
1078 674 1186 699 nomina
1213 671 1334 698 mandata
1397 677 1478 703 guum
1490 668 1545 696 cibi
1557 678 1608 697 122.
1645 684 1690 689 —
1709 669 1831 702 myrrhae
1845 678 1893 696 122.
1930 684 1975 688 --
1998 668 2072 695 floris
2082 668 2148 696 aeris
2161 678 2187 705 7.
2242 672 2433 707 Exiguapaucae

304 720 390 740 erant:
407 710 453 744 qui
472 709 502 735 ad
524 708 701 740 tributorum,
722 714 746 734 et
767 708 893 736 fiscalium
911 709 1062 736 debitorum
1080 708 1244 735 exaetionem
1260 706 1334 731 desti·
1397 704 1517 731 Scribon.
1534 712 1576 740 77.
1592 710 1632 739 87.
1702 704 1802 739 Exiguo
1821 705 1893 738 post,
1909 711 1957 740 pro
1979 704 2064 730 Paullo
2080 703 2136 740 post
2152 706 2215 732 Plin.
2234 715 2269 739 31,
2284 716 2306 733 2.
2358 709 2432 736 Idem

301 749 355 776 nati
367 750 447 772 erant.
483 745 535 778 an
548 747 575 770 in
586 744 726 779 significatu
737 744 834 779 saepius
847 745 891 771 hoc
904 745 1001 772 verbum
1019 747 1142 780 reperitur
1161 743 1226 778 apud
1238 741 1334 768 Saluia-
1353 744 1379 770 15
1397 740 1475 775 Epist.
1490 749 1513 772 3,
1527 742 1553 772 6,
1568 749 1577 766 1
1602 741 1738 773 Quantum
1751 749 1800 774 ego
1812 741 1901 775 sapio,
1915 740 1961 774 qui
1975 739 2080 766 fortasse
2093 741 2120 766 in
2133 742 2207 767 omni
2220 751 2264 775 re,
2277 742 2305 769 in
2318 741 2365 769 hac
2378 752 2432 771 cer.
2448 759 2463 776 Ἰ.

301 791 362 809 num
378 778 465 806 Massil.
485 779 516 804 de
531 788 595 805 vero
608 780 658 805 Dei
676 778 786 806 iudicio.
820 781 939 814 Δημοσίες
957 779 1107 816 πράκτορας,
1131 777 1180 809 ἤτοι
1196 775 1333 806 dumam-025
1396 780 1423 802 te
1447 784 1572 810 perquam
1594 776 1721 809 exiguum
1745 776 1826 809 sapio.
1904 776 2035 809 Exiguum
2059 775 2156 802 misero
2179 778 2310 813 contingis
2332 779 2432 808 amanti

299 815 455 845 Iustinianus
468 814 572 850 appellat
585 818 612 840 in
626 815 741 841 Nouella
754 814 785 847 ¹⁵²-
1396 811 1476 838 Ouid.
1492 812 1557 838 Her.
1573 816 1608 843 18,
1621 818 1673 845 173.
1740 810 1870 845 Exiguum
1885 810 2003 837 dormire
2016 810 2083 836 Plin.
2098 820 2125 837 10
2137 820 2158 837 c.
2172 811 2218 838 vlt.

335 856 352 876 E
364 856 557 881 xACTxix,
577 850 633 876 icis.
654 850 673 877 f.
710 850 815 884 August.
830 850 874 884 Ep.
889 857 936 882 133·
1432 853 1590 874 exrovr.
1613 845 1680 872 Adu.
1717 844 1891 881 [φειδομένως]
1926 849 1945 872 ι’.
1967 847 2045 872 Parce
2062 852 2085 872 et
2103 850 2216 873 tenuiter.
2250 849 2349 884 Exigue
2364 849 2452 878 face--

332 892 375 912 EX
385 891 430 911 AC
440 892 460 911 'r
470 892 478 911 1
488 891 523 920 o,
543 885 610 911 onis.
643 885 663 911 f.
700 886 854 920 [εἱὰπραξις]
891 885 1016 920 Capitum
1037 884 1156 917 01136110,
1175 882 1228 910 vid.
1254 889 1271 910 Β
1282 889 1297 908 P
1309 891 1331 908 1-
1394 890 1424 908 re
1438 882 1552 908 sumtum
1563 882 1632 909 Ter.
1648 882 1743 907 Heaut.
1758 889 1779 913 1,
1792 889 1815 913 2,
1827 889 1864 914 32.
1899 882 1949 913 sic,
1965 881 2064 915 Exigue
2077 882 2241 916 suppeditare
2255 885 2355 920 aliquid
2369 885 2432 913 Liu.

299 926 317 947 c
327 927 449 946 EPHAL
459 927 468 946 1
478 926 498 944 v
508 927 543 946 M.
615 920 668 947 Cic.
682 922 732 947 Attv
751 929 771 954 ς,
786 930 795 947 1
831 922 869 947 De
883 922 972 955 Oppio
989 920 1089 947 facium
1107 920 1142 947 est
1155 926 1182 946 vt
1202 919 1292 948 volui,
1305 913 1421 949 et20l9‚
1457 936 1463 943 .
1501 937 1508 943 .
1579 918 1635 944 Cic.
1651 918 1721 943 Fam.
1736 924 1774 947 10,
1792 925 1809 950 9
1838 916 1917 942 Nihil
1935 922 1980 943 aut
1999 917 2072 949 sero,
2085 924 2130 944 aut
2141 918 2235 951 exigue
2253 928 2267 945 a
2280 921 2364 954 patria
2376 921 2432 948 ciui

296 955 410 982 maxime
431 955 501 989 quod
520 961 596 982 DCCC
614 956 756 990 aperuisti,
773 965 840 991 quae
858 957 966 991 quidem
983 965 1032 991 ego
1052 957 1145 991 vtique
1165 955 1205 981 vel
1224 955 1329 980 versura
1394 951 1523 979 tributum
1537 952 1620 987 potest
1635 952 1732 979 videri.
1802 951 1876 978 Idem
1890 951 1921 978 de
1934 953 2007 978 Orat.
2022 961 2043 985 3,
2058 961 2102 985 142
2128 954 2272 988 Quumque
2285 955 2317 981 de
2331 955 2432 984 duabus

295 991 364 1018 facia
376 990 445 1016 solui
459 990 531 1021 volo,
551 1000 583 1017 ne
596 998 712 1018 extrema
726 993 829 1018 exactio
842 992 991 1018 nostrorum
1005 993 1145 1018 nominum
1158 990 1329 1024 exspec'ietur.
1393 987 1485 1022 primis
1505 988 1582 1014 nobis
1598 987 1707 1023 quidem
1721 987 1795 1020 satis,
1818 987 1861 1013 sed
1879 993 1908 1014 vt
1928 987 1981 1022 ipse
2000 987 2119 1020 dicebas,
2134 988 2271 1022 celeriter,
2285 991 2434 1026 exigueque

294 1027 411 1060 Operum
432 1025 600 1059 publicorum
614 1026 720 1054 exactio
740 1027 796 1054 Cic.
811 1037 859 1062 pro
872 1029 961 1054 Domo
975 1028 1017 1053 sua
1031 1035 1064 1060 51.
1136 1025 1266 1053 Columel.
1284 1034 1301 1059 1,
1315 1030 1328 1055 8
1394 1022 1510 1054 dixilses,
1527 1023 1589 1050 duas
1608 1023 1661 1051 tibi
1679 1024 1795 1058 reliquas
1809 1023 1918 1055 feceras,
1932 1029 1977 1049 etc.
2047 1024 2147 1058 Exigue
2166 1030 2192 1050 et
2212 1025 2318 1052 exiliter
2330 1026 2363 1053 ad
2382 1027 2443 1055 cal-s

294 1064 335 1095 (7)
363 1060 446 1088 Nulla
463 1061 499 1087 est
516 1069 603 1088 autem
625 1062 712 1089 maior
733 1063 775 1089 vel
794 1063 941 1098 nequiffimi
962 1062 1079 1089 hominis
1100 1061 1229 1092 custodia,
1249 1069 1327 1095 quam
1393 1058 1465 1084 culos
1483 1068 1578 1086 vocare
1595 1059 1743 1086 amicitiam
1772 1060 1828 1086 Cic.
1847 1060 1880 1085 de
1900 1059 2007 1085 Amicit.
2021 1064 2048 1092 58
2067 1069 2088 1086 c.
2109 1062 2146 1085 16.
2217 1060 2273 1087 Cic.
2287 1062 2339 1088 Att.
2353 1070 2387 1095 11,
2403 1065 2432 1095 16

293 1097 382 1131 operis
393 1096 508 1123 exactio.
578 1097 715 1124 Ostiorum
729 1098 848 1131 exaffio,
867 1102 886 1125 i.
909 1099 1012 1125 Tributi
1029 1101 1056 1124 in
1068 1097 1169 1131 fingula
1182 1095 1243 1128 ostia
1256 1100 1327 1131 impe·
1344 1096 1376 1123 25
1393 1093 1458 1120 Non
1472 1102 1531 1120 meo
1549 1095 1620 1121 vitio
1639 1094 1668 1121 fit
1687 1094 1736 1121 hoc
1750 1095 1858 1130 quidem
1871 1101 1992 1128 tempore
2011 1097 2085 1126 (ante
2099 1095 2169 1121 enim
2185 1095 2220 1121 est
2240 1101 2390 1130 peccatum)
2403 1106 2433 1125 vt

291 1135 360 1160 rati:
385 1131 442 1158 Vid.
468 1139 484 1158 E
495 1139 509 1158 Ρ
518 1140 527 1158 1
539 1138 556 1158 c
566 1139 582 1159 Ε
592 1140 635 1159 PH
645 1141 666 1160 Α
675 1140 689 1159 L
698 1140 737 1160 1v
746 1140 780 1160 Μ.
853 1135 909 1160 Cic.
929 1133 961 1160 de
976 1133 1067 1168 Legib.
1088 1128 1149 1166 ²³⁵5!
1180 1133 1267 1166 anue
1287 1140 1329 1165 pe·
1393 1137 1435 1156 me
1454 1128 1501 1155 ista
1514 1130 1623 1164 epistola
1640 1130 1709 1156 nihil
1722 1131 1888 1157 consoletur:
1914 1138 1974 1155 nam
1994 1135 2020 1156 et
2032 1130 2125 1164 exigue
2143 1131 2235 1165 scripta
2249 1132 2301 1164 est,
2313 1139 2339 1159 et
2351 1133 2446 1168 suspi-x

293 1168 371 1194 cunia
396 1176 451 1193 non
472 1167 561 1194 minor
585 1168 644 1195 ess'et
665 1168 733 1195 facia
751 1178 810 1195 cum
830 1169 964 1203 superiore
983 1169 1130 1195 exafflone.
1207 1167 1329 1193 Publicae
1392 1165 1482 1191 ciones
1502 1174 1606 1199 magnas
1625 1164 1710 1192 habet.
1731 1169 1749 1192 i.
1768 1168 1825 1192 Non
1840 1167 1954 1201 prolixe,
1967 1174 2015 1191 non
2035 1165 2321 1202 habetfigmficationem
2336 1168 2433 1196 beniuo-

292 1203 361 1229 min.
382 1202 414 1229 ad
429 1203 484 1229 Cic.
499 1203 569 1229 Fam.
590 1212 628 1235 ιο,
643 1212 682 1236 32.
725 1204 891 1231 Acerbiffima
909 1205 966 1231 Cic.
977 1205 1047 1231 Fam.
1059 1213 1088 1237 3,
1101 1208 1124 1233 8.
1161 1203 1270 1229 Exac'lio
1289 1211 1328 1228 re·
1392 1201 1491 1226 lentiae.
1527 1201 1627 1235 Exigue
1646 1209 1729 1235 prona
1743 1201 1868 1235 planicies
1886 1201 1994 1227 Colum.
2011 1209 2032 1232 2,
2045 1210 2068 1233 2,
2082 1210 2100 1229 1,
2171 1202 2272 1237 Exigue
2290 1204 2316 1230 se
2333 1203 2433 1232 habere

291 1247 369 1273 gum,
388 1237 500 1273 Expulfio
513 1238 552 1264 Id.
566 1238 598 1264 de
610 1240 683 1265 Orat.
700 1248 719 1271 1,
734 1247 765 1274 37
782 1249 802 1266 c.
818 1248 844 1273 9.
916 1238 1058 1275 PerfeHi0‚
1070 1239 1203 1274 absolutio:
1229 1238 1326 1264 Auson.
1392 1235 1557 1262 frumentum
1570 1236 1626 1262 dies
1638 1244 1700 1263 xxx
1714 1236 1871 1263 demonstrat
1888 1236 1961 1263 Caes.
1977 1236 2004 1262 B.
2018 1237 2049 1263 G.
2064 1244 2089 1271 7,
2104 1244 2141 1271 71.

292 1275 321 1301 in
335 1274 488 1306 Tcrnario,
508 1274 604 1300 Forma
617 1273 734 1301 hominis
748 1276 851 1309 coepti,
865 1275 989 1310 plenique
1000 1275 1103 1301 exaeiio
1117 1280 1211 1308 partus.
1343 1275 1376 1300 30
1432 1277 1449 1297 E
1461 1279 1480 1298 x
1489 1279 1499 1298 1
1508 1278 1529 1298 G
1540 1278 1559 1297 V
1569 1271 1581 1298 ἰ
1590 1279 1640 1298 ΤΑ
1650 1277 1662 1297 S
1672 1291 1680 1304 ,
1700 1272 1755 1298 atis.
1787 1273 1805 1298 f.
1843 1272 2000 1307 [μικρότης]
2037 1273 2171 1307 Exiguitas
2192 1273 2267 1301 latffis
2290 1275 2377 1302 varro
2398 1275 2432 1307 de
2449 1282 2457 1293 ‘

328 1316 371 1336 Ex
383 1315 391 1334 1
405 1315 478 1335 GEN
490 1316 574 1340 T1A,
592 1318 630 1335 ae.
650 1310 670 1336 f.
706 1311 756 1337 Pro
776 1311 903 1346 temporis
922 1311 1054 1345 exigentia
1073 1311 1220 1336 sermonem
1240 1308 1327 1334 facere
1392 1306 1424 1333 R.
1437 1307 1468 1332 R.
1482 1315 1506 1338 2,
1521 1316 1548 1340 4.
1616 1306 1693 1333 Culta
1713 1308 1842 1342 exiguitas
1861 1307 2020 1334 foecundior
2041 1317 2121 1343 quam
2141 1309 2296 1343 magnitudo
2313 1310 2432 1345 neglecta

290 1344 411 1372 Prudent.
427 1345 520 1371 Iunior
532 1345 598 1380 apud
612 1345 698 1371 Barth.
713 1345 780 1372 Adu.
793 1355 839 1379 44,
852 1355 869 1380 9
883 1353 947 1373 extr.
969 1349 986 1372 i.
1002 1352 1077 1382 prout
1096 1351 1190 1379 tempus
1205 1346 1292 1380 exigit.
1392 1341 1487 1368 Pallad.
1504 1351 1524 1374 ι,
1537 1344 1562 1368 6.
1634 1342 1786 1369 Castrorum
1814 1344 1885 1370 Caes.
1902 1344 1930 1369 B.
1944 1344 1974 1368 G.
1989 1352 2017 1375 4,
2029 1352 2069 1375 30.
2136 1344 2200 1370 Cibi
2225 1345 2357 1373 Columel.
2374 1356 2398 1379 7,
2408 1346 2433 1380 5.

328 1388 343 1407 E
352 1388 371 1407 x
380 1386 417 1406 1G
427 1387 446 1405 V
457 1388 476 1406 v
485 1388 498 1407 s
508 1400 516 1412 ,
535 1389 565 1412 a,
585 1390 639 1407 um.
675 1380 734 1407 Adi.
770 1381 891 1416 [μικρὸς]
928 1383 1041 1411 Parum,
1061 1380 1178 1407 modicus.
1220 1378 1326 1405 Vzdetur
1391 1377 1464 1404 Cael.
1477 1380 1508 1403 ad
1522 1378 1579 1404 Cic.
1593 1378 1665 1404 Fam.
1678 1383 1700 1408 8,
1713 1387 1741 1404 10
1759 1379 1837 1405 Nunc
1851 1379 1914 1405 haec
1928 1379 2058 1412 exiguitas
2071 1380 2218 1413 copiarum,
2231 1382 2364 1414 recessum,
2377 1390 2433 1409 non
2449 1393 2454 1396 ·
2472 1399 2473 1403 =

288 1417 364 1443 initio
375 1415 396 1448 li
414 1414 520 1451 nficaſjb
532 1415 596 1451 quod
608 1416 697 1450 exigi,
717 1419 736 1442 i.
760 1419 817 1442 eiici
830 1423 853 1442 et
870 1420 990 1442 contemni
1003 1417 1077 1449 adro,
1091 1421 1237 1447 mereretur,
1252 1421 1275 1440 et
1281 1413 1327 1449 fa·
1391 1412 1593 1439 dimicationem
1623 1413 1693 1439 mihi
1724 1420 1797 1440 tuam
1823 1413 2008 1448 praesagiebat.
2077 1416 2220 1442 Marmoris
2246 1417 2353 1444 Vitruu.
2368 1426 2391 1451 5,
2405 1425 2432 1453 7.

288 1452 335 1477 cilc
350 1458 383 1486 po
405 1452 443 1483 ἐι,
458 1452 534 1477 latius
553 1451 655 1483 deinde,
669 1458 697 1477 υι
715 1450 759 1485 fit,
767 1451 898 1485 paullatim
916 1451 1048 1488 extensum.
1104 1452 1245 1477 Contraria.
1271 1450 1326 1476 Cic.
1345 1452 1374 1480 35
1391 1448 1469 1475 PelliS
1482 1449 1553 1475 Caes·
1570 1449 1597 1475 B·
1612 1449 1644 1475 G·
1657 1458 1686 1481 4,
1699 1457 1719 1478 1.
1788 1450 1936 1484 Temporis
1951 1450 2011 1476 Liu.
2024 1458 2070 1484 24,
2083 1457 2121 1484 ¹7·
2142 1458 2165 1477 et
2183 1451 2255 1478 Caes.
2269 1452 2298 1479 B.
2312 1453 2344 1481 G.
2358 1461 2382 1486 2,
2395 1461 2431 1480 21.

290 1485 323 1512 de
334 1487 408 1513 Orat.
422 1495 445 1519 3,
459 1488 494 1521 67
530 1487 566 1512 Ex
589 1486 689 1521 ingenti
708 1486 823 1520 quodam
837 1493 985 1517 oratorem,
998 1487 1180 1521 immensoque
1192 1494 1284 1519 campo
1298 1484 1327 1511 in
1390 1491 1414 1511 et
1425 1492 1448 1516 3,
1463 1492 1497 1515 33.
1533 1484 1705 1518 Voluptatum
1720 1484 1775 1510 Cic.
1792 1485 1824 1510 de
1838 1486 1896 1511 Fin.
1910 1495 1938 1518 4,
1953 1493 1993 1516 32.
2449 1471 2462 1506 i

289 1522 415 1555 exiguum
435 1523 491 1548 sane
512 1530 603 1556 gyrum
617 1522 784 1555 compellitis.
857 1522 991 1548 Exercitus
1013 1530 1126 1548 numero
1147 1520 1326 1555 ampliffimus,
1425 1517 1516 1546 12·fo
1527 1526 1582 1550 10,
1601 1524 1640 1545 vel
1661 1526 1676 1545 Ε
1687 1525 1833 1550 xSILlo,
1854 1520 1897 1552 ui,
1918 1521 1956 1546 {ui
1976 1520 2016 1545 uel
2034 1519 2071 1551 ii,
2088 1520 2190 1552 ultum,
2206 1523 2258 1547 ire.
2294 1520 2432 1556 [ἕκηηδείω,

289 1556 414 1583 firmitate
432 1557 541 1591 exiguus
556 1558 639 1583 Plane.
652 1557 683 1583 ad
695 1557 751 1583 Cic.
767 1558 838 1584 Fam.
857 1565 894 1590 10,
907 1566 951 1592 24,
965 1566 990 1590 9.
1063 1557 1118 1582 Cic.
1133 1565 1182 1591 pro
1196 1556 1285 1582 Deiot.
1298 1563 1325 1581 22
1389 1551 1534 1586 ἐνκπηδάω,
1552 1553 1668 1588 ἕκθορέω,
1687 1553 1846 1588 ἑξοέλλομαι]
1879 1556 1920 1581 Ab
1935 1555 1971 1580 Ex
1990 1561 2014 1580 et
2033 1555 2102 1580 Salio
2122 1554 2293 1590 compositum,
2307 1557 2432 1584 vehemen-

290 1592 377 1626 Atque
396 1598 470 1618 antea
487 1592 594 1626 quidem
613 1593 726 1618 maiores
745 1593 832 1626 copias
851 1592 922 1619 alere
935 1598 1051 1628 poterat,
1071 1601 1140 1618 nunc
1159 1592 1264 1626 exiguas
1279 1590 1326 1617 vix
1389 1595 1440 1621 ter,
1448 1589 1547 1625 subito,
1567 1592 1595 1615 in
1608 1591 1685 1615 altum
1696 1588 1777 1624 salire
1788 1589 1933 1626 fignificat,
1947 1599 1989 1616 nec
2002 1596 2098 1615 tantum
2111 1598 2174 1624 prae
2186 1591 2291 1626 gaudio,
2298 1591 2345 1628 fid
2356 1595 2431 1620 etiam

291 1627 361 1653 tueri
374 1626 463 1660 potest.
535 1628 604 1661 Ager
615 1628 690 1662 Virg.
705 1628 801 1662 Georg.
818 1636 843 1659 2,
854 1636 909 1660 4¹3-
979 1627 1060 1655 Ouid.
1076 1628 1139 1654 Met.
1152 1636 1174 1659 3,
1186 1635 1237 1660 450
1267 1626 1325 1652 Exi·
1335 1633 1373 1660 40
1388 1626 1416 1650 in
1428 1627 1478 1651 alio
1489 1622 1584 1657 affiHu
1596 1627 1678 1656 omni,
1689 1625 1829 1660 dictturque
1841 1629 1915 1652 etiam
1928 1625 1957 1651 de
1970 1625 2040 1652 rebus
2052 1626 2126 1660 anfic
2139 1632 2162 1651 et
2176 1624 2269 1659 affiflu
2281 1627 2427 1655 carentibus.

291 1670 342 1696 gua
356 1661 528 1696 prohibemur
540 1670 616 1696 aqua.
685 1662 757 1688 Idem
772 1671 801 1688 ex
815 1664 887 1688 Pont.
900 1672 927 1695 4,
940 1668 964 1695 8,
978 1671 1006 1697 ¹7
1032 1662 1188 1696 Quamlibet
1199 1662 1294 1696 exigua
1306 1661 1325 1688 fi
1389 1660 1445 1687 Cic.
1461 1660 1533 1686 Fam.
1555 1662 1592 1690 16,
1607 1662 1634 1686 16
1673 1659 1744 1686 Mihi
1769 1661 1862 1694 crede,
1876 1661 1929 1687 tuis
1950 1667 1976 1687 et
1996 1660 2069 1686 illius
2089 1661 2173 1687 literis
2192 1661 2328 1696 perlediis,
2346 1662 2430 1689 exilui

291 1705 339 1723 nos
360 1705 390 1723 ea
405 1696 505 1723 iuuerit
519 1697 596 1723 Aura.
669 1697 774 1731 Campis
792 1698 894 1730 exiguis
914 1699 1033 1732 equitare
1051 1699 1119 1724 intra
1137 1698 1325 1731 praescriptum
1391 1695 1497 1729 gaudio.
1553 1695 1625 1721 Idem
1639 1696 1714 1721 Verr.
1728 1704 1751 1728 ς,
1765 1698 1805 1729 ¹65
1819 1705 1840 1722 c.
1854 1700 1888 1730 ⁶4
1915 1696 1988 1729 Qid
2003 1696 2073 1722 enirn
2088 1705 2170 1730 nuper
2187 1703 2215 1723 tu
2228 1697 2298 1731 ipse,
2310 1706 2369 1724 cum
2381 1698 2430 1724 Po·
2470 1720 2471 1724 ,

289 1732 358 1759 Hor.
373 1733 459 1758 Carm.
475 1741 496 1763 o,
509 1740 534 1764 9,
549 1740 588 1764 24.
660 1732 741 1758 Ouid.
758 1732 822 1758 Fast.
836 1741 863 1764 4,
877 1735 921 1764 526
948 1733 1004 1759 Nec
1018 1733 1128 1766 exiguae
1140 1732 1241 1765 despice
1256 1731 1325 1757 10613
1389 1731 1446 1763 puli
1459 1731 1537 1757 Rom.
1551 1731 1667 1756 clamore
1680 1736 1759 1764 atque
1772 1731 1872 1766 impetu
1891 1731 2059 1766 perturbatus
2069 1732 2206 1763 exfiluisti,
2219 1732 2299 1767 quid,
2313 1733 2432 1767 inquam,

290 1767 378 1793 Casae.
449 1767 545 1793 Census
566 1767 634 1793 Hor.
648 1767 725 1800 Epist.
745 1775 764 1799 1,
780 1775 799 1798 1,
812 1775 852 1800 43.
924 1768 999 1801 Virg.
1015 1769 1077 1794 Aen.
1093 1774 1118 1800 7,
1135 1775 1170 1797 113
1196 1767 1325 1799 Exiguam
1389 1765 1493 1790 locutus
1514 1765 1557 1790 es?
1627 1766 1772 1791 Perniciter
1791 1767 1909 1794 exiluere
1928 1768 2014 1793 Catul.
2029 1769 2069 1799 61,
2084 1773 2106 1797 8.
2128 1785 2131 1786 ν
2177 1768 2243 1794 Ρ1111.
2257 1767 2335 1802 Epist.
2355 1776 2378 1800 3,
2392 1769 2432 1800 16,

288 1802 319 1828 in
332 1803 456 1827 Cererem
469 1802 579 1835 penuria
593 1801 678 1835 adegit
692 1802 794 1828 edendi.
850 1801 931 1828 Cibus
950 1802 1031 1829 Ouid.
1045 1803 1073 1828 in
1087 1802 1147 1827 Ibin
1163 1809 1212 1833 ¹¹4-
1265 1799 1324 1825 Exi·
1340 1804 1374 1829 45
1394 1807 1418 1824 12
1442 1799 1511 1824 Dum
1525 1798 1587 1824 haec
1602 1798 1681 1831 dicit,
1695 1800 1791 1826 exiluit
1804 1800 1941 1831 cathedra,
1954 1802 2118 1836 aduersoque
2132 1803 2226 1835 parieti
2241 1808 2316 1837 caput
2329 1802 2433 1837 ingenti

289 1845 355 1871 guae
367 1835 513 1861 amicorum
529 1836 627 1868 Copiae
642 1837 696 1862 Cic.
709 1846 757 1870 pro
771 1837 864 1870 Quint.
879 1845 903 1863 2.
974 1836 1162 1868 Contraemm,
1174 1835 1256 1865 exile,
1270 1835 1325 1862 exi·
1390 1833 1491 1867 impetu
1504 1833 1625 1867 impegit.
1697 1834 1785 1860 Domo
1805 1835 1870 1860 leuis
1891 1836 1975 1861 exsilit
1989 1845 2047 1861 mus
2062 1838 2168 1870 agrestis
2189 1838 2256 1863 Hor,
2271 1839 2352 1864 Serm.
2364 1847 2390 1870 2,
2403 1840 2432 1870 6,
2453 1821 2459 1855 l

306 1880 385 1902 uum,
399 1876 424 1896 et
438 1870 539 1896 vietum
550 1870 605 1895 Cor
621 1870 698 1896 bouis
712 1871 785 1896 Idem
803 1873 834 1897 de
842 1872 932 1897 Diuin.
947 1881 968 1902 2,
982 1880 1020 1906 37.
1093 1871 1220 1904 Corporis
1234 1869 1325 1902 exigui
1389 1873 1430 1902 98.
1487 1869 1567 1894 Foras
1580 1876 1715 1902 emergere
1732 1875 1757 1895 et
1771 1869 1875 1896 exsilire
1895 1871 2000 1897 Lucret.
2012 1879 2038 1903 2,
2052 1879 2108 1897 200.
2164 1872 2261 1898 Lucan.
2276 1881 2297 1904 1,
2309 1878 2357 1906 488
2381 1873 2431 1900 sed

287 1881 369 1935 {omo
384 1906 449 1932 Hor.
465 1904 541 1938 Epist.
556 1912 575 1936 1,
588 1912 630 1935 20,
643 1912 687 1936 24.
757 1905 841 1937 Dapcs
853 1905 934 1930 Ouid.
949 1907 1014 1931 Fast.
1028 1915 1052 1937 2,
1065 1908 1121 1936 362.
1176 1906 1255 1930 Diem
1268 1905 1324 1929 exi·
1390 1903 1464 1929 curia
1490 1909 1515 1928 et
1537 1903 1584 1936 ipsi
1612 1903 1721 1928 Sedibus
1741 1904 1860 1930 exfiliere
1878 1914 1960 1939 pares.
1996 1907 2036 1933 Sic
2043 1906 2185 1941 superiora
2198 1908 2325 1934 editzones.
2361 1908 2432 1936 cort.

287 1950 369 1978 guum
383 1939 522 1976 praefinire
535 1939 611 1973 operi
624 1939 679 1964 Cic.
695 1938 770 1964 Verr.
785 1946 807 1969 3,
821 1940 848 1963 16
862 1947 882 1963 c.
895 1946 912 1971 7
932 1948 999 1972 quem
1011 1940 1105 1964 ltu-ruem
1118 1941 1248 1964 terminum
1261 1947 1326 1963 nunc
1391 1936 1501 1973 Oudend.
1512 1937 1597 1962 Burm.
1610 1937 1750 1963 Exsiluere.
1788 1941 1879 1973 Nempe
1890 1941 1949 1965 haec
1956 1940 2055 1974 forma,
2070 1948 2099 1966 ut
2110 1944 2137 1966 in
2143 1941 2265 1976 simplici,
2279 1946 2316 1968 ita
2325 1946 2356 1970 in
2367 1953 2432 1970 com.

287 1978 382 2004 dicant.
454 1975 600 2002 Discrimen
616 1974 680 1999 Plin.
696 1981 728 2004 ιι,
743 1980 784 2005 45.
839 1973 910 2006 Elegi
932 1974 999 1998 Hor.
1012 1973 1040 1998 in
1055 1973 1118 1997 Arte
1135 1974 1205 1998 Po'et.
1219 1977 1250 2005 78
1275 1981 1324 1997 non
1344 1978 1376 2003 50
1385 1971 1476 2004 posuis
1488 1973 1562 1996 etiam
1581 1973 1673 1996 certior
1693 1971 1807 2002 videtur,
1828 1975 1846 1997 i.
1872 1975 1982 1999 meliores
2003 1975 2081 2000 libro,-
2110 1973 2224 2001 auHores
2240 1978 2326 2004 habet.
2370 1978 2428 2006 Vid.

286 2013 321 2041 ad
332 2012 425 2038 modum
438 2011 548 2046 versuum
565 2009 680 2045 respicit,
693 2007 739 2044 fid
756 2007 789 2033 ad
802 2014 980 2043 argumentum.
1036 2007 1094 2033 Cic.
1106 2006 1138 2032 de
1151 2007 1224 2033 Orat.
1238 2015 1257 2038 1,
1273 2010 1324 2039 2⁶4
1391 2010 1494 2031 SALIO.
1565 2004 1656 2030 Stratis
1675 2005 1779 2032 exfiluit
1797 2007 1878 2033 Ouid.
1891 2008 1957 2034 Met.
1969 2017 1991 2041 5,
2004 2017 2040 2041 35.
2111 2009 2194 2037 Plaut.
2214 2012 2309 2047 Amph.
2325 2021 2339 2046 5
2362 2019 2381 2041 ι·
2395 2016 2427 2048 63

288 2048 439 2078 Tuautem,
449 2046 574 2080 quoniam
588 2044 690 2078 exiguis
705 2042 861 2078 quibusdam
876 2043 986 2069 Finibus
1000 2048 1085 2070 totum
1099 2043 1214 2069 oratoris
1229 2050 1324 2068 munus
1389 2039 1528 2074 Postquam
1545 2040 1679 2074 conspexit
1694 2049 1790 2076 angues
1810 2042 1856 2068 ille
1868 2042 1935 2070 alter
1953 2052 2034 2078 puer,
2049 2044 2116 2071 citus
2129 2054 2143 2071 e
2156 2046 2230 2072 cunis
2244 2034 2348 2075 exfilit‚‚
2369 2033 2425 2076 ἐὴ.

287 2082 497 2114 circumdedisti,
510 2080 560 2107 hoc
582 2080 702 2111 facilius,
716 2087 761 2105 etc.
832 2079 900 2104 Hor.
917 2079 1005 2105 Car-m.
1026 2087 1047 2109 1,
1061 2083 1095 2109 18,
1113 2087 1141 2104 10
1179 2079 1269 2111 Quum
1285 2077 1323 2103 fas
1389 2077 1464 2102 verr.
1479 2084 1504 2107 2,
1518 2083 1549 2109 75
1560 2084 1582 2101 c.
1594 2084 1624 2107 30
1651 2077 1690 2102 Ita
1710 2085 1853 2111 properans
1867 2078 1898 2104 dc
1919 2079 1979 2106 sella
1993 2079 2105 2107 exsiluit.
2175 2082 2243 2109 Ter.
2258 2084 2350 2111 Heaut.
2361 2095 2380 2119 4
2403 2093 2426 2118 1,
2466 2092 2479 2110 h

287 2125 366 2154 atque
380 2117 451 2144 nefas
464 2117 560 2151 exiguo
569 2116 632 2142 Fine
649 2115 792 2141 libidinum
828 2114 985 2140 Discernunt
999 2113 1089 2143 auidi,
1108 2117 1127 2139 i.
1147 2116 1215 2139 tenui
1234 2112 1323 2148 discri-
1388 2120 1420 2144 43
1442 2111 1506 2137 Non
1523 2111 1629 2137 aduorti
1644 2112 1746 2146 primo:
1765 2113 1807 2139 sed
1823 2113 1879 2148 post
1900 2123 1959 2141 uam
1979 2114 2099 2149 adspexi,
2113 2116 2178 2143 ilico
2193 2119 2325 2153 cognoui:
2349 2105 2390 2147 ad,
2398 2125 2425 2146 te

285 2157 364 2186 mine,
383 2153 446 2189 quod
468 2155 511 2179 vix
532 2151 740 2187 deprehendatur,
761 2149 824 2185 quod
840 2149 923 2185 facile
944 2156 1121 2176 contemnatur.
1193 2149 1322 2174 Foramen
1341 2151 1371 2177 55
1388 2145 1490 2172 exsilui.
1508 2146 1533 2172 h.
1546 2155 1566 2172 e.
1591 2147 1674 2173 Veluti
1685 2148 1799 2183 saliendo
1811 2157 1834 2175 et
1847 2123 1971 2186 gqjliendo
1991 2154 2100 2178 cucurri.
2169 2153 2231 2180 Stat.
2245 2154 2335 2182 Theb.
2350 2164 2374 2187 9,
2389 2163 2426 2182 111

286 2190 367 2217 Ouid.
381 2188 446 2216 Fast.
460 2198 481 2220 r,
495 2190 551 2222 672.
603 2187 719 2213 Fortuna
737 2186 791 2212 Cic.
806 2185 838 2211 de
853 2185 911 2211 Fin.
928 2194 947 2216 1,
961 2187 986 2212 6.
1041 2186 1138 2211 Fumus
1155 2183 1235 2210 Ouid.
1256 2184 1321 2210 Met.
1387 2182 1444 2216 Ipse
1458 2190 1504 2208 nec
1518 2182 1557 2207 ire
1570 2187 1659 2213 retro,
1669 2192 1717 2209 nec
1733 2184 1761 2210 in
1773 2183 1855 2211 obuia
1869 2186 1986 2212 concitus
1998 2194 2071 2213 arma
2104 2187 2204 2215 Exfilit.
2275 2191 2384 2217 Arundo
2397 2190 2427 2218 in

287 2234 322 2258 15,
336 2234 383 2258 351.
438 2224 510 2250 Idem
524 2222 556 2249 de
570 2224 632 2249 Arte
647 2224 704 2248 Am.
720 2230 741 2254 3,
757 2228 804 2255 273
823 2221 926 2255 Exiguo
939 2220 1018 2255 signet
1033 2220 1128 2252 Gestu,
1144 2219 1322 2254 quodcunque
1388 2217 1488 2244 caelum
1507 2216 1606 2257 exsilit,
1625 2220 1643 2244 i.
1665 2219 1764 2255 Sagitta
1794 2220 1852 2246 Sen.
1873 2222 1951 2248 Herc.
1973 2222 2032 2248 Oet.
2052 2223 2070 2248 s.
2084 2230 2110 2256 7.
2183 2224 2275 2251 Crines
2305 2225 2427 2254 exsiliunt

286 2260 426 2295 quuatur,
446 2259 496 2286 Cui
514 2258 592 2292 digiti
607 2258 730 2292 pingues,
746 2263 771 2283 et
787 2256 874 2283 scaber
888 2257 980 2291 vnguis
994 2256 1055 2282 erit.
1126 2255 1207 2281 Ouid.
1221 2254 1286 2281 Fast.
1300 2263 1322 2287 3,
1387 2253 1448 2279 Stat.
1469 2252 1569 2292 Achill.
1588 2261 1607 2285 1,
1623 2261 1671 2286 522.
1742 2255 1810 2281 Deus
1829 2256 1860 2282 ad
1875 2257 1981 2290 superos
1997 2257 2107 2283 volucer
2125 2258 2226 2291 exfilit,
2244 2262 2263 2285 i.
2283 2261 2428 2288 Mercuriuc

286 2304 340 2330 274
361 2296 459 2323 Detiuit
473 2295 573 2321 incerto
587 2293 717 2328 lapidosus
730 2301 865 2318 murmure
878 2292 967 2318 riuus:
985 2292 1064 2325 Saepe
1078 2290 1120 2317 sed
1133 2291 1236 2325 exiguis
1249 2291 1321 2316 Hau·
1386 2289 1482 2314 reuolat
1499 2288 1532 2314 ad
1544 2291 1648 2323 superor
1668 2289 1729 2315 Stat.
1744 2290 1835 2317 Theb.
1848 2299 1874 2323 2,
1889 2294 1927 2323 56.
1998 2292 2066 2326 Equi
2088 2292 2246 2320 exsiluerunt
2264 2295 2345 2322 Ouid.
2360 2276 2442 2324 Fasts

286 2331 367 2358 stibus
384 2330 443 2357 inde
463 2330 528 2356 bibi,
603 2330 690 2356 Hora:
711 2328 766 2355 Cic.
779 2336 827 2362 pro
841 2327 932 2354 Rabir.
947 2336 963 2360 9
993 2328 1027 2353 Er
1045 2326 1104 2352 oad
1125 2326 1186 2353 haec
1200 2326 1320 2357 crimina,
1337 2325 1373 2349 60
1388 2331 1411 2356 ς,
1425 2326 1461 2349 16.
1534 2325 1614 2350 Ferus
1641 2324 1746 2351 exsiluit
1771 2334 1786 2351 e
1812 2326 1903 2353 medio
1926 2325 2037 2354 vulnere
2059 2327 2115 2354 saxi
2146 2328 2228 2355 Ouid.
2248 2330 2313 2356 Met.
2333 2332 2360 2366 6,
2379 2339 2423 2368 77.

284 2376 351 2402 quae
368 2366 471 2401 patroni
486 2365 652 2399 diligentiam
668 2364 829 2395 desiderant,
851 2363 978 2397 intelligis
990 2363 1028 2388 mi
1038 2362 1059 2388 11
1074 2361 1232 2388 semihoram
1245 2362 1320 2388 istam
1385 2359 1490 2386 Lucret.
1504 2361 1530 2392 6,
1545 2363 1587 2386 162

283 2403 398 2429 nimium
413 2402 517 2436 longam
533 2401 621 2427 fuiss‘e:
641 2400 713 2426 illam
728 2399 835 2425 alteram
852 2405 950 2433 partem
964 2397 996 2424 de
1011 2406 1074 2424 nece
1087 2397 1320 2429 Saturnini,nimis
1673 2410 1719 2417 —
1753 2396 1879 2431 Lapidem
1900 2396 1919 2423 fi

284 2439 405 2472 exiguam
427 2445 505 2472 atque
528 2437 659 2471 angustam
680 2435 728 2462 esse
748 2434 872 2467 voluisti,
892 2443 958 2470 quae
972 2442 1026 2460 non
1044 2432 1158 2459 oratoris
1173 2433 1320 2466 ingenium,
1539 2431 1670 2458 Percutiat
1683 2431 1748 2466 lapis
1767 2432 1940 2459 autfertum:
1959 2440 2019 2459 nam
2032 2437 2089 2460 turn
2103 2441 2210 2469 quoque
2220 2432 2312 2461 lumen

284 2474 327 2501 sed
340 2473 461 2500 Consulis
474 2472 604 2498 auxilium
618 2471 741 2505 implorat
754 2477 778 2496 et
792 2471 899 2504 flagitat.
970 2470 1044 2504 Virg.
1057 2469 1153 2503 Georg.
1171 2477 1190 2501 1,
1204 2476 1238 2503 70
1268 2468 1320 2494 Hic
1540 2466 1638 2493 Exfilit.

282 2509 397 2536 sterilem
420 2509 530 2542 exiguus
553 2517 585 2533 ne
609 2507 709 2534 deserat
735 2507 840 2532 Humor
864 2514 978 2532 arenam.
1048 2504 1120 2531 Idem
1134 2504 1321 2538 Georg.1,195
1337 2499 1368 2531 65
1423 2501 1575 2541 Exim&
1596 2511 1618 2528 e.
1641 2502 1701 2529 Adi.
1738 2501 1863 2537 [λεπτὼ]
1897 2505 1916 2529 i.
1940 2504 2044 2529 Tenuis.
2078 2504 2146 2530 Plin.
2162 2511 2196 2535 11,
2210 2512 2235 2537 51
2264 2505 2352 2533 Bubus
2369 2511 2424 2535 tan.

283 2545 314 2571 Et
330 2544 450 2578 quamuis
464 2544 521 2578 Igni
534 2544 630 2578 exiguo
643 2548 781 2577 properata
793 2541 936 2568 maderent.
990 2540 1078 2567 Initiis
1096 2540 1128 2566 ab
1143 2540 1246 2572 exiguis
1262 2548 1320 2574 pro·
1385 2541 1441 2563 tum
1454 2536 1561 2576 feminis
1573 2546 1625 2576 vox
1640 2537 1764 2571 grauior,
1783 2540 1857 2564 omni
1874 2537 1900 2563 in
1913 2538 1969 2564 alio
1981 2547 2077 2572 genere
2090 2539 2189 2566 exilior
2202 2549 2281 2574 quam
2295 2540 2426 2571 maribus:

283 2579 353 2607 sebia
367 2579 425 2605 Liu.
440 2579 522 2612 praef.
594 2578 733 2604 interualla
760 2578 862 2604 Lucrct.
875 2586 900 2609 2,
918 2585 974 2603 100.
1027 2575 1105 2609 Lapis
1131 2574 1211 2602 Ouid.
1229 2576 1321 2602 Amor.
1385 2572 1414 2599 in
1434 2571 1543 2598 homme
1564 2578 1644 2599 etiam
1660 2572 1783 2599 castratis.
1854 2572 1955 2605 Exilia,
1970 2573 2055 2599 Plenis
2071 2578 2172 2609 opponit
2191 2575 2256 2601 Plin.
2269 2577 2348 2611 Epist.
2361 2586 2384 2612 5,
2397 2586 2427 2615 17

285 2623 309 2645 2,
320 2616 347 2646 6,
359 2616 402 2639 60.
457 2614 529 2639 Idem
543 2614 608 2639 Met.
623 2619 645 2643 8,
660 2620 684 2642 18
711 2613 812 2647 Exiguo
831 2612 980 2639 resonantia
997 2613 1055 2638 saxa
1069 2611 1182 2645 Lapillo.
1254 2611 1322 2636 Laus
1386 2610 1414 2634 in
1432 2610 1558 2647 oracione,
1572 2614 1600 2633 vt
1620 2608 1720 2634 excelsa
1739 2607 1873 2642 depreffis,
1889 2608 1986 2634 seueris
2002 2608 2123 2635 iucunda.
2173 2609 2230 2636 Cic.
2247 2610 2384 2640 denium.
2398 2623 2426 2648 2,

284 2651 342 2677 Cic,
362 2657 410 2683 pro
428 2648 459 2674 L,
478 2649 540 2681 Agr,
562 2656 585 2679 2,
605 2655 627 2678 ς,
699 2648 795 2681 Legata
820 2647 981 2682 exigujffima
1010 2647 1075 2674 plin,
1091 2645 1169 2680 Epist,
1190 2653 1215 2681 7,
1234 2655 1279 2679 24,
1294 2653 1320 2680 7,
1389 2651 1420 2674 30
1440 2644 1515 2668 Iecur
1533 2643 1647 2669 nitidum
1667 2649 1745 2677 atque
1762 2643 1867 2677 plenum
1882 2643 1934 2675 est,
1947 2643 2013 2669 aliae
2032 2643 2170 2670 horridum
2185 2650 2210 2671 et
2224 2646 2301 2674 exile.
2329 2675 2334 2678 ,
2352 2649 2437 2679 Ικ1οηιι

285 2684 367 2713 Ouid.
383 2684 446 2711 Met.
462 2692 499 2715 10,
513 2685 558 2715 691
580 2682 694 2708 Liminis
707 2683 795 2715 exigui
808 2683 893 2709 fuerat
907 2692 987 2717 prope
1001 2682 1096 2717 templa
1110 2682 1224 2709 resersus.
1272 2682 1321 2707 Lo·
1338 2683 1374 2710 70
1390 2686 1438 2712 pro
1449 2678 1568 2704 Muraen.
1584 2685 1620 2712 47
1633 2686 1654 2703 c.
1667 2686 1696 2709 23
1723 2678 1859 2704 Commoti
1880 2678 1963 2704 animi
1984 2679 2119 2711 tenuium,
2131 2680 2243 2707 exilium
2260 2681 2290 2709 in
2306 2684 2426 2713 nostrum

284 2729 329 2747 tus
348 2719 420 2746 Idem
440 2718 504 2745 Fast-
518 2720 544 2749 6,
558 2719 611 2747 263-
665 2717 770 2742 Merum
792 2716 830 2742 ld·
850 2718 925 2750 Epist·
945 2728 961 2749 v,
978 2726 1016 2748 32-
1072 2718 1169 2744 Munus
1195 2716 1276 2744 Ouid.
1290 2716 1321 2742 de
1386 2713 1517 2740 ordinem.
1539 2713 1563 2739 h.
1578 2722 1596 2739 e.
1617 2714 1774 2740 plebeiorum.
1811 2713 1858 2740 Sed
1872 2711 1928 2749 poll
1947 2714 2067 2741 tenuium
2082 2718 2262 2751 interpungunt
2281 2717 2351 2747 doeh·
2363 2723 2437 2748 viri.¹

286 2756 350 2782 Arte
363 2756 421 2780 Am.
436 2763 462 2785 2,
477 2756 533 2783 286.
589 2751 663 2778 Idem
680 2751 757 2785 Epist.
773 2755 808 2782 18,
826 2759 854 2782 19
893 2752 1009 2778 Talibus
1031 2752 1129 2785 exiguo
1153 2751 1231 2777 dicus
1253 2751 1322 2778 mihi
1387 2749 1504 2775 Exilium
1517 2749 1545 2774 in
1557 2748 1674 2775 nostrum
1693 2748 1814 2776 ordinem
1828 2748 1867 2784 sc.
1880 2747 2019 2785 flagitasti.
2057 2750 2173 2777 Exilium
2192 2751 2225 2784 ey!
2241 2758 2333 2788 poena,
2345 2752 2442 2783 Accu.v

285 2791 425 2818 Murmure
440 2788 540 2820 verbis,
552 2794 596 2814 etc.
652 2787 789 2813 Murmure
801 2786 899 2820 exiguo
911 2786 992 2812 verba
1005 2786 1079 2821 loqui
1097 2786 1135 2812 ld.
1150 2786 1214 2812 Fast.
1230 2794 1251 2818 5.
1266 2791 1322 2818 458.
1381 2784 1466 2818 Jiatiuo
1472 2783 1599 2820 singulari
1613 2791 1657 2810 etc.
1730 2784 1800 2818 Aper
1813 2784 1904 2816 exilis,
1919 2786 2028 2811 Gracilis
2042 2792 2065 2812 ct
2077 2787 2138 2812 male
2144 2786 2281 2823 saginatus
2293 2791 2379 2817 Varro
2391 2791 2426 2820 de
2438 2799 2450 2822 1]

286 2826 362 2860 Virg.
375 2825 472 2858 Georg.
488 2833 508 2856 1,
522 2828 558 2853 181
594 2822 673 2857 Saepe
688 2822 798 2856 exiguus
811 2822 870 2848 Mus
893 2820 945 2847 Sub
967 2822 1044 2847 terris
1061 2821 1199 2855 posuitque
1219 2820 1323 2852 domos,
1390 2819 1420 2844 R·
1435 2819 1465 2844 R.
1479 2827 1501 2850 3,
1515 2827 1539 2844 2.
1612 2820 1691 2845 Artus
1710 2819 1789 2845 exiles
1809 2819 1891 2845 Ouid.
1907 2828 1938 2846 ex
1952 2821 2024 2847 Pont.
2041 2829 2062 2853 1,
2076 2830 2114 2853 10,
2127 2829 2166 2856 27.
2238 2824 2307 2851 Caro
2326 2826 2426 2855 exilior
2437 2824 2447 2848 ῥ’

286 2867 366 2895 atque
387 2860 482 2886 horrea
507 2858 577 2885 fecit.
649 2858 711 2883 Nox
738 2856 810 2884 Idem
824 2858 921 2891 Georg.
938 2864 962 2888 2,
978 2864 1031 2882 202.
1105 2856 1157 2881 Cic.
1172 2857 1242 2882 Fam.
1257 2865 1291 2887 12,
1307 2865 1323 2881 2
1338 2858 1370 2886 75
1389 2853 1505 2879 Tertull.
1525 2852 1557 2878 de
1577 2853 1662 2879 Ieiun.
1681 2854 1724 2880 lib.
1744 2861 1808 2880 extr.
1881 2855 1965 2890 Copia
1983 2856 2076 2888 exilis,
2087 2859 2128 2883 cui
2139 2854 2281 2884 Vberrima
2294 2864 2427 2895 opponitur

287 2896 344 2930 Qli
358 2896 493 2922 Numerus
513 2894 592 2920 etiam
613 2893 692 2920 bonis
709 2892 786 2918 rebus
803 2893 915 2926 exiguus
933 2892 1001 2918 ess'ct.
1071 2891 1145 2925 Virg,
1159 2894 1223 2917 Aen,
1240 2900 1260 2922 5,
1272 2898 1324 2924 734
1389 2888 1445 2915 Cic.
1458 2887 1490 2914 de
1506 2888 1563 2914 Fin.
1579 2898 1607 2921 4,
1645 2907 1651 2914 .
1688 2908 1694 2915 .
1737 2889 1822 2924 Digiti
1835 2889 1916 2916 Ouid.
1930 2892 1994 2917 Met.
2009 2893 2034 2923 6,
2048 2899 2100 2924 143.
2140 2892 2302 2921 Horcarm.
2317 2904 2339 2929 1,
2351 2907 2380 2931 4,
2394 2905 2425 2934 17

288 2931 384 2966 Exigui
404 2931 545 2960 Numero,
565 2927 607 2955 sed
626 2928 699 2954 bello
720 2927 809 2954 viuida
830 2928 922 2954 virtus.
993 2926 1075 2953 Ouid.
1090 2935 1121 2953 ex
1137 2927 1209 2953 Pont.
1225 2935 1244 2958 1,
1260 2934 1279 2958 1,
1292 2930 1324 2960 78
1544 2924 1574 2949 Et
1593 2923 1686 2950 domus
1705 2924 1781 2951 Hills
1803 2926 1939 2952 Plutoni&
1958 2934 2012 2959 (11¹0
2031 2926 2106 2952 fifflfll
2123 2926 2228 2961 meari&

287 2966 406 2995 Forfitan
424 2966 519 3000 exigua
540 2964 633 2999 dignus
652 2963 770 2990 habebor
785 2964 850 2997 Ope.
921 2963 994 2997 Opus
1009 2961 1081 2988 Idem
1097 2961 1161 2988 Fast.
1175 2970 1197 2993 2,
1211 2972 1237 2995 4.
1285 2962 1324 3002 fit
1543 2958 1602 2985 Nec
1625 2968 1703 2993 regna
1723 2961 1780 2987 vini
1801 2961 1911 2987 sortiere
1930 2961 1999 2992 talis,

288 3002 369 3037 Epist.
382 3011 410 3035 4,
423 3007 455 3032 80
479 3001 540 3027 Siue
554 3000 651 3026 ferocis
665 3000 727 3033 equi
740 2998 865 3025 luc'iantia
879 2998 945 3024 colla
959 3005 1104 3032 retorques,
1125 2997 1227 3031 Exiguo
1243 2997 1324 3023 flexos
1428 3027 1434 3033 ο
1450 3027 1455 3033 .
1544 2993 1603 3033 Nec
1620 3000 1739 3022 tenerum
1759 2996 1883 3028 Lycidam
1902 2995 2047 3026 mirabere,
2066 3001 2112 3022 etc.

287 3039 375 3066 miror
393 3038 420 3063 in
433 3036 506 3063 Orbe
526 3035 612 3070 pedes·
684 3036 743 3061 Pars
762 3035 836 3069 Virg·
850 3035 914 3060 Ae„⁴
930 3039 1029 3065 10‚12>3.
1086 3034 1203 3067 Propert.
1218 3042 1245 3065 4,
1261 3041 1280 3064 1,
1293 3040 1324 3064 39
1342 3032 1374 3057 80
1388 3027 1470 3067 Exilis
1488 3037 1542 3067 cum
1559 3028 1668 3064 chpeHu
1687 3030 1720 3056 ad
1731 3031 1871 3067 sepulcrum
1891 3037 1914 3056 et
1929 3031 2119 3066 sarcophagum.
2192 3033 2280 3061 Genus
2295 3036 2424 3066 sennoni·

287 3074 392 3108 Exiguo
405 3073 583 3107 quodcunque
601 3079 615 3096 e
627 3070 735 3097 Pe810re
749 3070 802 3096 riui
839 3069 974 3101 Finxerit,
999 3068 1049 3094 hoc
1068 3068 1166 3103 patriae
1186 3069 1283 3094 seruiat
1297 3076 1325 3093 ο.
1389 3063 1473 3095 exile,
1492 3063 1614 3097 aridum,
1633 3067 1782 3098 concisum,
1801 3075 1829 3093 ac
1843 3066 1989 3092 minutum:
2009 3069 2048 3092 cui
2062 3075 2074 3091 o
2089 3070 2192 3100 ponitur
2207 3069 2367 3105 Liquidum,
2382 3074 2436 3101 fu:

289 3118 351 3136 mue
368 3117 450 3134 meae.
495 3109 540 3134 Pes
555 3106 664 3139 exiguus
677 3109 703 3132 in
718 3105 786 3132 laude
794 3104 894 3145 formae
913 3104 992 3131 Ouid.
1008 3104 1098 3130 Amor.
1116 3113 1139 3136 3,
1153 3112 1176 3136 3,
1190 3111 1215 3138 7.
1252 3102 1324 3129 Idem
1390 3099 1460 3133 sum,
1474 3100 1605 3133 ΡΓΟῘῘΠΕης
1630 3101 1684 3126 Cic·
1699 3101 1730 3127 de
1744 3103 1816 3128 0¹2⁸·
1831 3110 1855 3133 2⁵
1870 3110 1911 3133 ¹59
1925 3110 1945 3127 c·
1961 3106 1996 3133 58·
2093 3102 2147 3128 “id‘
2162 3104 2225 3130 Met·
2239 3114 2262 3138 5³
2274 3115 2321 3139 433
2351 3108 2422 3136 Nam

290 3144 323 3171 de
337 3145 400 3171 Arte
415 3144 474 3170 Am.
489 3152 508 3174 1,
521 3151 576 3176 440
595 3142 652 3168 Nec
665 3142 782 3175 exiguas,
795 3140 913 3175 quisquis
927 3139 1036 3171 es‚adde
1045 3140 1149 3171 Preces,
1167 3142 1184 3165 i.
1205 3142 1326 3170 intentas,
1389 3133 1478 3160 breuis
1492 3135 1519 3160 in
1539 3134 1637 3169 gelidas
1649 3136 1775 3163 membris
1789 3137 1902 3163 exilibus
1915 3136 1994 3162 vndas
2013 3135 2152 3163 Transitus
2166 3139 2210 3166 est.
2247 3141 2277 3167 de
2293 3143 2377 3177 Cyana
2394 3147 2423 3171 in

283 3180 376 3217 serias.
448 3178 524 3213 Virg.
539 3179 635 3211 Georg.
650 3187 676 3211 4,
691 3182 722 3212 87
760 3176 878 3202 Pulueris
898 3175 986 3209 exigui
1008 3174 1077 3200 iae'iu
1097 3175 1237 3208 compress‘a
1253 3173 1326 3208 quic·
1384 3170 1484 3210 fpntem
1496 3178 1599 3210 mutata.
1671 3172 1765 3198 Oratio
1780 3173 1880 3206 spinosa
1893 3178 1918 3198 et
1931 3171 2008 3197 exilis
2022 3171 2078 3198 Cic.
2097 3172 2128 3198 de
2141 3174 2213 3201 Orat.
2228 3184 2246 3207 1,
2261 3182 2297 3209 83.
2356 3180 2423 3206 Ora.

290 3216 369 3242 scent.
404 3214 473 3241 Add.
506 3214 572 3240 Hor.
587 3214 674 3239 (ζει-ιη,
695 3221 715 3244 ι,
736 3217 773 3244 28,
793 3220 814 3244 3·
885 3210 999 3244 Requies
1031 3209 1112 3236 Ouid·
1133 3211 1195 3236 Met.
1216 3220 1244 3243 4,
1265 3212 1325 3242 629.
1345 3207 1374 3236 85
1391 3211 1478 3232 tiones
1498 3206 1621 3232 exiliores
1647 3206 1718 3232 Idem
1733 3208 1764 3233 de
1779 3208 1848 3234 Clar.
1864 3207 1936 3233 Orat.
1953 3216 1974 3233 c.
1991 3214 2024 3232 21·
2094 3208 2184 3236 Pecius
2209 3210 2269 3238 Stat.
2284 3212 2374 3241 Theb.
2388 3223 2423 3248 11,

291 3251 342 3276 Res
354 3250 465 3284 exiguae
485 3248 557 3276 Idem
572 3248 658 3275 Trist
672 3257 695 3278 Ζ,
707 3250 761 3274 Ζῶ,
833 3247 885 3272 Rus
906 3246 980 3280 γῆς,
995 3246 1092 3280 Georg⁴
1112 3253 1133 3276 2²
1147 3254 1199 3278 412„
1270 3245 1326 3271 Ser-
1391 3244 1449 3272 642.
1484 3276 1490 3281 .
1521 3242 1616 3267 Lucan.
1632 3249 1653 3273 3,
1667 3251 1716 3275 204
1741 3243 1864 3269 Nimium
1887 3241 1968 3275 glebis
1988 3241 2064 3268 exilis
2079 3243 2186 3276 Arisbe,
2205 3256 2230 3272 re
2249 3250 2314 3274 ionis
2326 3258 2421 3277 nomen.

292 3294 371 3312 mone
385 3285 459 3311 tenni
471 3291 498 3311 et
511 3284 608 3318 exiguo
622 3283 753 3317 disputare
766 3282 822 3309 Cic.
837 3281 869 3308 de
882 3282 954 3308 Orat.
971 3289 990 3313 1,
1006 3288 1044 3314 57.
1080 3281 1195 3314 Propert.
1216 3289 1238 3312 3,
1259 3289 1279 3310 1,
1292 3288 1326 3312 31.
1390 3276 1439 3317 Res
1451 3276 1545 3318 0111105,
1565 3280 1583 3303 ι’.
1602 3276 1775 3312 Calamitosae,
1788 3278 1816 3304 de
1835 3276 2022 3317 difficultatibus
2040 3287 2055 3303 a
2074 3279 2181 3306 Fortuna
2198 3256 2342 3318 auger-finite
2360 3285 2422 3312 obie-

293 3320 455 3354 significatio
467 3319 611 3347 voluntatis
626 3320 702 3345 vnius
716 3327 776 3353 erga
791 3317 901 3344 alterum
915 3317 1008 3350 exigua
1021 3315 1076 3342 Cic.
1091 3316 1160 3342 Fam.
1175 3323 1196 3347 ς,
1210 3323 1235 3348 7.
1282 3316 1326 3341 So·
1390 3309 1456 3343 flu,
1469 3311 1535 3338 dtxit
1550 3313 1639 3347 Nepos
1657 3318 1690 3345 18,
1703 3322 1725 3346 ς,
1741 3322 1758 3339 ι.
1829 3313 1918 3339 Solum
1933 3313 2001 3352 exile
2021 3319 2046 3339 et
2063 3323 2179 3341 macrum
2194 3317 2249 3343 Cic.
2263 3319 2295 3344 de
2309 3319 2338 3346 L.
2357 3321 2419 3355 Agr.

294 3355 356 3382 latia
367 3356 440 3390 Virg⁴
456 3357 519 3382 Aen.
537 3364 570 3388 11,
584 3356 621 3384 6³.
694 3353 800 3380 Tibull.
814 3362 833 3385 1,
848 3361 868 3385 1,
883 3361 908 3378 22
949 3352 1026 3379 Nune
1041 3359 1103 3385 agna
1117 3350 1206 3384 exigui
1224 3350 1259 3376 011
1281 3349 1327 3376 110-
1391 3355 1412 3386 ²!
1427 3349 1460 3372 66
1480 3356 1501 3374 c.
1516 3356 1552 3380 25.
1623 3348 1752 3374 6011111101.
1768 3357 1786 3378 ι,
1799 3358 1817 3381 4
1846 3349 1875 3374 In
1889 3348 1953 3374 exili
1967 3355 2050 3380 terra,
2066 3350 2174 3377 cultoris
2189 3352 2327 3385 prudentia
2341 3364 2370 3382 ac
2381 3356 2422 3383 di·

294 3390 342 3416 nia
361 3400 440 3425 parua
453 3391 517 3418 Soli,
588 3389 667 3417 Ouid.
681 3389 758 3424 Epist.
773 3398 810 3422 ¹4·
824 3396 853 3421 52
884 3387 986 3422 Exiguo
1001 3386 1055 3413 dixi
1069 3386 1130 3412 talia
1146 3384 1226 3412 verba
1246 3385 1325 3411 Sono.
1341 3389 1378 3411 90
1391 3380 1499 3415 ligentia
1512 3383 1623 3409 maciem
1636 3384 1685 3409 soli
1698 3384 1803 3410 vincere
1819 3382 1908 3417 potest.
1980 3384 2065 3410 Exilia
2082 3384 2169 3412 dicere
2187 3387 2219 3413 de
2238 3389 2338 3416 virtute
2364 3391 2420 3418 Cic.

295 3426 355 3451 Liu.
371 3434 408 3457 23,
442 3445 448 3451 .
487 3446 492 3451 .
529 3426 612 3452 Cuius
625 3425 754 3457 aduentu,
769 3424 816 3458 qui
829 3429 887 3450 ante
901 3423 927 3449 in
940 3423 1033 3457 exigua
1047 3422 1095 3456 Spe
1106 3421 1195 3448 vocati
1209 3421 1281 3454 saepe
1294 3419 1325 3446 ad
1391 3417 1423 3456 de
1444 3418 1500 3444 Fin.
1520 3428 1568 3458 4.’.
1591 3437 1598 3444 .
1634 3438 1640 3444 .
1665 3452 1670 3458 ·
1795 3415 1816 3454 fl
1844 3426 1855 3444 2
1892 3418 2017 3458 Obsfm‘a'·
2029 3420 2157 3454 OExiles,
2176 3425 2258 3458 inquit
2278 3425 2381 3459 Festus,
2396 3431 2434 3455 ee,
2452 3421 2453 3442 l

296 3460 474 3486 transitionem
492 3461 524 3487 ab
545 3461 661 3487 hostibus
681 3470 726 3495 per
746 3459 878 3494 colloquia
899 3464 986 3490 crant,
1007 3458 1079 3484 vltro
1096 3457 1126 3483 ad
1139 3454 1325 3483 transeundum
1389 3452 1438 3478 Ilm
1452 3461 1466 3478 a
1481 3453 1625 3492 s¹¹b5111t³te
1644 3461 1763 3493 warum,
1779 3454 1842 3487 ‘3⁰3⁵
1856 3453 1948 3480 Graeci
1969 3454 1995 3480 111
2009 3455 2104 3482 chartis
2118 3456 2153 3483 ita
2167 3458 2312 3492 appellant,
2331 3461 2421 3488 viden.
2452 3452 2453 3462 ¹

296 3493 381 3520 hostes
403 3496 544 3527 vocabant,
570 3496 795 3528 solicitabantquc.
868 3494 970 3520 Sumtus
998 3492 1030 3519 ad
1050 3492 1165 3519 fruelum
1185 3497 1211 3518 et
1232 3491 1325 3517 foenus
1389 3492 1433 3513 tur
1446 3488 1492 3527 esse
1507 3488 1584 3514 dic'ta.
1636 3489 1685 3515 Pro
1704 3496 1808 3514 viarum
1828 3489 1951 3524 legendum
1969 3489 2010 3523 effi’
2024 3491 2127 3517 inarum
2145 3492 2210 3518 uidit
2224 3495 2348 3531 Scaliger,
2367 3506 2421 3524 cum

298 3529 407 3562 exiguus
424 3530 478 3557 Cic.
495 3531 521 3556 in
534 3531 620 3558 Parad.
635 3535 660 3558 6.
730 3530 832 3557 Tafihis
852 3529 917 3556 leuis
930 3536 955 3555 et
974 3529 1083 3563 exiguus
1115 3528 1217 3554 Lucret.
1234 3535 1254 3558 1,
1267 3528 1325 3558 436.
1390 3523 1422 3549 V.
1444 3522 1491 3549 1113
1511 3523 1614 3549 habeant
1632 3523 1698 3549 illam
1719 3532 1798 3549 uocem
1818 3525 1886 3550 libri.
1921 3528 1959 3551 Ac
1972 3526 1999 3551 de
2012 3527 2056 3552 Ina
2068 3527 2116 3562 suo
2126 3528 2192 3555 loco:
2211 3535 2330 3556 caeterum
2342 3531 2420 3560 exile.

299 3564 418 3597 Tempus
437 3564 467 3590 ad
487 3566 609 3599 exignum
634 3568 690 3593 Cic.
711 3566 742 3593 de
761 3564 860 3593 8011061.
895 3584 901 3590 .
941 3584 947 3590 .
985 3583 991 3591 .
1059 3563 1180 3597 Tempus
1200 3562 1324 3596 exiguum
1343 3561 1375 3588 95
1391 3557 1507 3584 videntur
1524 3561 1630 3593 primum
1650 3557 1715 3584 dieti
1727 3560 1766 3584 vel
1781 3559 1888 3585 homines
1906 3562 1945 3586 vel
1956 3570 2026 3587 canes
2043 3562 2111 3587 ualde
2121 3561 2266 3597 JiaebstriHis
2280 3565 2377 3599 ilibus,
2394 3576 2420 3594 eo

298 3599 380 3626 anmi
394 3599 534 3626 concedere
547 3601 626 3627 Ouid·
639 3603 728 3628 Amor.
744 3611 766 3634 3,
780 3610 799 3633 ι,
815 3603 858 3635 ⁶7·
929 3600 1068 3633 Tempore
1081 3599 1178 3633 exiguo
1193 3597 1261 3624 libe,-
1275 3597 1326 3623 eris
1383 3593 1473 3629 suzsu,
1487 3602 1531 3629 quo
1545 3593 1634 3620 Celsus
1648 3596 1740 3629 accipit
1752 3602 1780 3626 4,
1794 3603 1803 3620 1
1818 3602 1880 3621 extr.
1901 3597 1955 3631 Ipsa
1975 3596 2024 3623 ilia
2038 3597 2107 3624 inter
2120 3606 2196 3624 coxas
2213 3604 2238 3625 et
2252 3600 2349 3634 pubem
2362 3603 2419 3630 imo

298 3634 372 3662 Idem
385 3634 475 3660 Amol·-
490 3643 514 3665 2,
528 3643 553 3666 2,
567 3644 610 3666 40-
679 3638 774 3672 Togae
794 3637 860 3663 Hor.
876 3635 952 3670 Epist.
967 3644 985 3667 1,
1002 3644 1037 3667 19,
1055 3643 1087 3666 13.
1146 3634 1289 3668 Torqua,
1308 3635 1326 3659 i.
1389 3636 1481 3655 ventre
1494 3628 1574 3669 posjta
1587 3629 1652 3655 sunt.

298 3671 360 3696 vilis
380 3668 451 3695 Idem
471 3670 556 3696 Carm.
577 3677 598 3700 3,
612 3672 636 3699 6,
650 3680 680 3697 11.
749 3673 809 3698 Tus
826 3672 948 3705 exiguum
969 3669 1087 3696 Scribou.
1109 3677 1159 3702 251.
1230 3668 1328 3701 Vestes,
1430 3671 1445 3691 E
1459 3671 1493 3690 xl
1506 3670 1522 3690 L
1535 3671 1547 3703 1·
1555 3671 1601 3691 TE
1612 3670 1641 3690 R.
1676 3663 1741 3691 Adu.
1778 3665 1907 3700 [λεπτῶς]
1944 3666 1999 3693 Cic.
2016 3666 2047 3692 de
2062 3667 2133 3694 Orat.
2149 3675 2169 3698 1,
2180 3676 2216 3699 49
2233 3677 2254 3695 c.
2267 3678 2290 3696 11
2316 3672 2420 3699 Etenim

298 3708 318 3731 ι’.
339 3706 400 3730 viles
421 3704 546 3738 ><priniana
569 3704 665 3730 Seuero
685 3714 719 3736 19-
755 3707 822 3733 ΑΜ.
844 3706 980 3742 Bynkersh.
1000 3704 1064 3738 Obffl
1086 3714 1110 3736 2,
1127 3714 1159 3736 ¹3·
1231 3703 1328 3730 Vinde-
1392 3699 1511 3727 videmus
1530 3699 1623 3725 i¹Sdem
1643 3697 1674 3724 de
1694 3699 1770 3725 rebus
1791 3700 1877 3726 ieiune
1890 3702 2018 3735 <1¹¹05d³m
2032 3707 2058 3728 ct
2076 3701 2195 3734 eXffltffl',
2208 3709 2237 3729 vt
2251 3714 2327 3739 eum,
2341 3715 2418 3742 quem
2450 3723 2459 3732 12

299 3739 369 3767 miae
383 3739 446 3766 Plin.
463 3738 539 3773 Epist.
553 3747 578 3770 9,
594 3742 627 3764 16.
682 3741 780 3767 Vinum
794 3743 917 3775 exiguum
931 3740 1049 3768 Scribon.
1059 3742 1112 3773 256.
1157 3739 1234 3765 Vires
1247 3739 1385 3766 Ouid.1oo
1393 3734 1560 3762 acutissimum
1575 3735 1678 3766 ferunt,
1691 3734 1862 3770 Chrysippum
1877 3737 2049 3771 disputauiile.
2097 3736 2169 3762 Idem
2184 3746 2205 3770 3,
2218 3744 2245 3770 38
2266 3741 2353 3769 Verba
2366 3742 2418 3770 exi.

300 3774 387 3802 Trist.
403 3783 425 3806 2,
439 3782 489 3807 532.
560 3773 630 3799 Idem
650 3774 712 3800 Met.
731 3784 753 3806 3,
773 3784 802 3807 50
832 3778 936 3804 Fecerat
950 3777 1055 3810 exiguas
1069 3776 1120 3802 iam
1140 3775 1177 3802 sol
1197 3774 1330 3801 altiffimus
1392 3771 1455 3797 liter
1473 3770 1628 3796 exanimata.
1649 3776 1672 3795 et
1692 3770 1722 3796 de
1743 3770 1809 3797 Clar.
1830 3773 1903 3798 Orat.
1917 3775 1962 3799 106
1984 3781 2004 3798 c.
2019 3779 2049 3806 27
2073 3771 2183 3798 Annales
2200 3774 2307 3803 exiliter
2322 3777 2418 3814 scripti.
2454 3771 2457 3794 ἶ

300 3810 424 3837 Vmbras.
494 3810 592 3835 Vocem
610 3809 730 3841 exiguam
749 3810 839 3836 tollere
854 3813 927 3845 Virg.
945 3815 1009 3839 Aen.
1022 3814 1048 3844 6,
1061 3819 1117 3845 493.
1173 3810 1243 3836 Vrbs
1258 3809 1330 3836 Idem
1392 3806 1492 3833 Exilim
1505 3805 1591 3845 digere
1607 3806 1691 3831 Varro
1705 3806 1734 3831 L.
1749 3807 1777 3832 L.
1792 3816 1809 3839 4
1819 3814 1860 3841 pr.

300 3847 366 3873 Aen.
380 3855 408 3879 4,
420 3853 474 3872 212.
546 3843 627 3870 Ouid.
643 3843 728 3869 Trist.
743 3853 770 3876 4,
783 3852 809 3878 7,
822 3848 837 3870 6
869 3847 980 3881 Exiguus
994 3846 1069 3873 nobis
1083 3854 1141 3872 cum
1156 3845 1252 3880 quibus
1266 3846 1331 3872 Vsus
1428 3847 1445 3868 Ε
1456 3849 1472 3868 x
1482 3849 1490 3867 1
1502 3848 1518 3867 1.
1528 3848 1537 3866 1
1550 3847 1638 3872 TAs,
1661 3840 1717 3867 fitis.
1744 3841 1762 3867 f.
1799 3841 1958 3876 [λεπτότης]
1993 3841 2130 3868 Foliorum
2149 3843 2253 3870 exilitas
2265 3845 2330 3873 Plin.
2345 3855 2380 3880 21,
2391 3848 2417 3873 6·
2459 3854 2463 3858 ·

300 3887 364 3908 erat.
436 3879 525 3907 Claud⁴
540 3878 567 3904 in
580 3880 685 3912 Eutrop.
699 3886 722 3909 2,
736 3884 773 3909 381
812 3880 878 3906 Acer
899 3881 926 3908 in
947 3883 1064 3910 absentes
1080 3882 1118 3909 lin
1137 3890 1185 3907 uae
1206 3880 1331 3907 iaciator:
1392 3876 1462 3907 Soli,
1481 3884 1549 3911 quae
1564 3875 1717 3914 plerumque
1736 3876 1811 3904 litori
1825 3878 1910 3904 vicina
1925 3878 1960 3903 011
1974 3876 2077 3903 Colum.
2094 3881 2116 3908 8,
2131 3880 2166 3903 16.
2221 3879 2294 3907 Idem
2307 3890 2330 3915 ς,
2343 3890 2356 3915 5
2376 3882 2418 3909 Ne

299 3916 432 3944 abundans
474 3914 601 3950 Corporis
636 3914 796 3949 exiguusque
822 3915 914 3942 animi.
1109 3890 1136 3956 ξ
1157 3924 1173 3943 2
1218 3917 1331 3952 Compar.
1338 3915 1385 3945 105
1391 3916 1516 3941 oneretur
1528 3910 1632 3938 exilitas
1644 3911 1716 3939 vitis.
1788 3913 1867 3940 Vocis
1883 3912 2014 3939 femineae
2033 3911 2164 3944 Quinctil.
2180 3921 2200 3948 1,
2215 3923 2240 3942 11
2246 3922 2292 3952 pr.
2341 3918 2374 3945 Ει
2387 3924 2418 3948 ιι,

2357 3960 2381 3985 3»
2391 3957 2420 3984 ¹9
