<?xml version="1.0" encoding="UTF-8"?>
<!DOCTYPE html PUBLIC "-//W3C//DTD XHTML 1.0 Transitional//EN"
    "http://www.w3.org/TR/xhtml1/DTD/xhtml1-transitional.dtd">
<html xmlns="http://www.w3.org/1999/xhtml" xml:lang="en" lang="en">
 <head>
  <title>
</title>
<meta http-equiv="Content-Type" content="text/html;charset=utf-8" />
  <meta name='ocr-system' content='tesseract 3.04.00' />
  <meta name='ocr-capabilities' content='ocr_page ocr_carea ocr_par ocr_line ocrx_word'/>
</head>
<body>
  <div class='ocr_page' id='page_1' title='image "./novuslinguaeeter02gesn_0596.png"; bbox 0 0 2479 4225; ppageno 0'>
   <div class='ocr_carea' id='block_1_1' title="bbox 232 141 2370 219">
    <p class='ocr_par' dir='ltr' id='par_1_1' title="bbox 232 141 2370 219">
     <span class='ocr_line' id='line_1_1' title="bbox 232 141 2370 219; baseline -0.011 -9"><span class='ocrx_word' id='word_1_1' title='bbox 232 179 307 219; x_wconf 79' lang='lat'>1¹55</span> <span class='ocrx_word' id='word_1_2' title='bbox 609 159 627 199; x_wconf 79' lang='grc' dir='ltr'><strong>Ι</strong></span> <span class='ocrx_word' id='word_1_3' title='bbox 714 155 758 197; x_wconf 91' lang='grc' dir='ltr'>Ν</span> <span class='ocrx_word' id='word_1_4' title='bbox 843 151 871 193; x_wconf 88' lang='lat' dir='ltr'>S</span> <span class='ocrx_word' id='word_1_5' title='bbox 1199 171 1203 174; x_wconf 94' lang='lat'><em>·</em></span> <span class='ocrx_word' id='word_1_6' title='bbox 1719 141 1772 188; x_wconf 28' lang='lat' dir='ltr'>l.</span> <span class='ocrx_word' id='word_1_7' title='bbox 1827 142 1871 185; x_wconf 93' lang='lat' dir='ltr'>N</span> <span class='ocrx_word' id='word_1_8' title='bbox 1949 143 1978 186; x_wconf 86' lang='lat' dir='ltr'>S</span> <span class='ocrx_word' id='word_1_9' title='bbox 2287 146 2370 198; x_wconf 83' lang='lat'>1156</span> 
     </span>
    </p>
   </div>
   <div class='ocr_carea' id='block_1_2' title="bbox 230 231 2424 319">
    <p class='ocr_par' dir='ltr' id='par_1_2' title="bbox 230 231 2424 319">
     <span class='ocr_line' id='line_1_2' title="bbox 231 231 2373 286; baseline -0.007 -8"><span class='ocrx_word' id='word_1_10' title='bbox 231 252 364 286; x_wconf 55' lang='lat' dir='ltr'>natham]</span> <span class='ocrx_word' id='word_1_11' title='bbox 397 251 504 283; x_wconf 80' lang='lat' dir='ltr'><em>Docere,</em></span> <span class='ocrx_word' id='word_1_12' title='bbox 520 245 648 281; x_wconf 74' lang='lat' dir='ltr'>instruere.</span> <span class='ocrx_word' id='word_1_13' title='bbox 719 245 775 272; x_wconf 85' lang='lat' dir='ltr'><strong>Cic.</strong></span> <span class='ocrx_word' id='word_1_14' title='bbox 789 250 836 277; x_wconf 91' lang='lat' dir='ltr'>pro</span> <span class='ocrx_word' id='word_1_15' title='bbox 850 238 944 273; x_wconf 81' lang='lat' dir='ltr'>Qiint.</span> <span class='ocrx_word' id='word_1_16' title='bbox 956 240 991 270; x_wconf 88' lang='lat'>69</span> <span class='ocrx_word' id='word_1_17' title='bbox 1003 244 1067 277; x_wconf 25' lang='grc' dir='ltr'>(ἵκει</span> <span class='ocrx_word' id='word_1_18' title='bbox 1090 234 1145 270; x_wconf 84' lang='lat' dir='ltr'>Qii</span> <span class='ocrx_word' id='word_1_19' title='bbox 1157 232 1226 274; x_wconf 73' lang='lat' dir='ltr'>apud</span> <span class='ocrx_word' id='word_1_20' title='bbox 1242 238 1270 274; x_wconf 70' lang='lat' dir='ltr'>te</span> <span class='ocrx_word' id='word_1_21' title='bbox 1362 239 1374 261; x_wconf 93' lang='lat'><em>1</em></span> <span class='ocrx_word' id='word_1_22' title='bbox 1382 240 1406 261; x_wconf 84' lang='lat' dir='ltr'>N</span> <span class='ocrx_word' id='word_1_23' title='bbox 1416 238 1429 261; x_wconf 78' lang='lat' dir='ltr'>S</span> <span class='ocrx_word' id='word_1_24' title='bbox 1438 239 1477 262; x_wconf 76' lang='lat'>&#39;1¹1</span> <span class='ocrx_word' id='word_1_25' title='bbox 1487 241 1508 262; x_wconf 77' lang='lat' dir='ltr'>&#39;r</span> <span class='ocrx_word' id='word_1_26' title='bbox 1518 234 1568 276; x_wconf 63' lang='grc' dir='ltr'>ῨΤ</span> <span class='ocrx_word' id='word_1_27' title='bbox 1576 240 1595 275; x_wconf 75' lang='lat'>9</span> <span class='ocrx_word' id='word_1_28' title='bbox 1603 240 1638 266; x_wconf 82' lang='lat' dir='ltr'>R,</span> <span class='ocrx_word' id='word_1_29' title='bbox 1654 232 1718 262; x_wconf 67' lang='lat' dir='ltr'>oris.</span> <span class='ocrx_word' id='word_1_30' title='bbox 1747 241 1784 260; x_wconf 88' lang='lat' dir='ltr'>m.</span> <span class='ocrx_word' id='word_1_31' title='bbox 1831 233 1988 269; x_wconf 75' lang='lat' dir='ltr'><strong><em>Praeceptor.</em></strong></span> <span class='ocrx_word' id='word_1_32' title='bbox 2041 234 2175 271; x_wconf 83' lang='lat' dir='ltr'>Lamprid.</span> <span class='ocrx_word' id='word_1_33' title='bbox 2188 235 2218 263; x_wconf 82' lang='lat' dir='ltr'>in</span> <span class='ocrx_word' id='word_1_34' title='bbox 2229 231 2373 276; x_wconf 73' lang='lat' dir='ltr'>Commod.</span> 
     </span>
     <span class='ocr_line' id='line_1_3' title="bbox 230 268 2424 319; baseline -0.01 -3"><span class='ocrx_word' id='word_1_35' title='bbox 230 290 291 317; x_wconf 79' lang='lat' dir='ltr'>essct</span> <span class='ocrx_word' id='word_1_36' title='bbox 303 288 438 315; x_wconf 76' lang='lat' dir='ltr'>educatus:</span> <span class='ocrx_word' id='word_1_37' title='bbox 473 293 553 319; x_wconf 88' lang='lat' dir='ltr'>quem</span> <span class='ocrx_word' id='word_1_38' title='bbox 564 289 592 310; x_wconf 90' lang='lat' dir='ltr'>tu</span> <span class='ocrx_word' id='word_1_39' title='bbox 606 292 621 309; x_wconf 84' lang='lat' dir='ltr'>a</span> <span class='ocrx_word' id='word_1_40' title='bbox 634 289 716 317; x_wconf 87' lang='lat' dir='ltr'>puero</span> <span class='ocrx_word' id='word_1_41' title='bbox 736 277 898 307; x_wconf 74' lang='lat' dir='ltr'>instituisses,</span> <span class='ocrx_word' id='word_1_42' title='bbox 924 279 953 300; x_wconf 90' lang='lat' dir='ltr'>vt</span> <span class='ocrx_word' id='word_1_43' title='bbox 971 273 1059 299; x_wconf 86' lang='lat' dir='ltr'>nobili</span> <span class='ocrx_word' id='word_1_44' title='bbox 1077 281 1109 298; x_wconf 90' lang='lat' dir='ltr'>ne</span> <span class='ocrx_word' id='word_1_45' title='bbox 1127 270 1270 306; x_wconf 77' lang='lat' dir='ltr'>gladiatori</span> <span class='ocrx_word' id='word_1_46' title='bbox 1330 277 1353 295; x_wconf 86' lang='lat' dir='ltr'>e.</span> <span class='ocrx_word' id='word_1_47' title='bbox 1367 277 1378 296; x_wconf 84' lang='lat'><em>1</em></span> <span class='ocrx_word' id='word_1_48' title='bbox 1408 270 1439 297; x_wconf 82' lang='lat' dir='ltr'>in</span> <span class='ocrx_word' id='word_1_49' title='bbox 1453 271 1511 297; x_wconf 85' lang='lat' dir='ltr'>aula</span> <span class='ocrx_word' id='word_1_50' title='bbox 1528 271 1672 298; x_wconf 81' lang='lat' dir='ltr'>institutor.</span> <span class='ocrx_word' id='word_1_51' title='bbox 1751 268 1839 296; x_wconf 89' lang='lat' dir='ltr'>Treb.</span> <span class='ocrx_word' id='word_1_52' title='bbox 1853 268 1917 296; x_wconf 89' lang='lat' dir='ltr'>Poll.</span> <span class='ocrx_word' id='word_1_53' title='bbox 1932 278 1954 296; x_wconf 91' lang='lat' dir='ltr'>c.</span> <span class='ocrx_word' id='word_1_54' title='bbox 1968 278 1980 302; x_wconf 89' lang='lat'>3</span> <span class='ocrx_word' id='word_1_55' title='bbox 2009 269 2117 298; x_wconf 86' lang='lat' dir='ltr'>Morum</span> <span class='ocrx_word' id='word_1_56' title='bbox 2131 277 2156 298; x_wconf 86' lang='lat' dir='ltr'>ct</span> <span class='ocrx_word' id='word_1_57' title='bbox 2170 272 2277 299; x_wconf 61' lang='lat' dir='ltr'>adinum</span> <span class='ocrx_word' id='word_1_58' title='bbox 2289 279 2374 305; x_wconf 81' lang='lat' dir='ltr'>impe·</span> <span class='ocrx_word' id='word_1_59' title='bbox 2390 298 2391 301; x_wconf 14' lang='grc' dir='ltr'><strong>Ἴ</strong></span> <span class='ocrx_word' id='word_1_60' title='bbox 2420 302 2424 303; x_wconf 16' lang='grc'><strong><em>7</em></strong></span> 
     </span>
    </p>
   </div>
   <div class='ocr_carea' id='block_1_3' title="bbox 230 304 2376 527">
    <p class='ocr_par' dir='ltr' id='par_1_3' title="bbox 230 304 2376 527">
     <span class='ocr_line' id='line_1_4' title="bbox 252 304 2374 353; baseline -0.006 -9"><span class='ocrx_word' id='word_1_61' title='bbox 252 324 339 350; x_wconf 71' lang='lat' dir='ltr'>uidem</span> <span class='ocrx_word' id='word_1_62' title='bbox 352 322 471 348; x_wconf 67' lang='lat' dir='ltr'>haereret</span> <span class='ocrx_word' id='word_1_63' title='bbox 551 320 675 353; x_wconf 83' lang='lat' dir='ltr'><strong>Aliquem</strong></span> <span class='ocrx_word' id='word_1_64' title='bbox 693 315 846 343; x_wconf 85' lang='lat' dir='ltr'>instituere,</span> <span class='ocrx_word' id='word_1_65' title='bbox 868 316 893 336; x_wconf 82' lang='lat' dir='ltr'>et</span> <span class='ocrx_word' id='word_1_66' title='bbox 907 309 932 335; x_wconf 85' lang='lat' dir='ltr'>ei</span> <span class='ocrx_word' id='word_1_67' title='bbox 950 313 1085 343; x_wconf 85' lang='lat' dir='ltr'>praecepta</span> <span class='ocrx_word' id='word_1_68' title='bbox 1103 306 1165 333; x_wconf 88' lang='lat' dir='ltr'>dare</span> <span class='ocrx_word' id='word_1_69' title='bbox 1194 305 1269 332; x_wconf 89' lang='lat' dir='ltr'>Idem</span> <span class='ocrx_word' id='word_1_70' title='bbox 1328 304 1438 332; x_wconf 84' lang='lat' dir='ltr'>rialium</span> <span class='ocrx_word' id='word_1_71' title='bbox 1451 307 1595 334; x_wconf 82' lang='lat' dir='ltr'>institutor.</span> <span class='ocrx_word' id='word_1_72' title='bbox 1666 304 1798 331; x_wconf 86' lang='lat' dir='ltr'>Ammian.</span> <span class='ocrx_word' id='word_1_73' title='bbox 1814 312 1853 337; x_wconf 88' lang='lat'>14,</span> <span class='ocrx_word' id='word_1_74' title='bbox 1867 310 1881 333; x_wconf 81' lang='lat'><strong>8</strong></span> <span class='ocrx_word' id='word_1_75' title='bbox 1907 306 2015 332; x_wconf 79' lang='lat' dir='ltr'>Veteres</span> <span class='ocrx_word' id='word_1_76' title='bbox 2029 305 2207 339; x_wconf 80' lang='lat' dir='ltr'>institutores,</span> <span class='ocrx_word' id='word_1_77' title='bbox 2224 310 2244 333; x_wconf 88' lang='lat' dir='ltr'>i.</span> <span class='ocrx_word' id='word_1_78' title='bbox 2270 306 2374 333; x_wconf 86' lang='lat' dir='ltr'>Vrbium</span> 
     </span>
     <span class='ocr_line' id='line_1_5' title="bbox 230 334 2373 390; baseline -0.008 -4"><span class='ocrx_word' id='word_1_79' title='bbox 230 334 290 387; x_wconf 56' lang='lat' dir='ltr'>{ibid</span> <span class='ocrx_word' id='word_1_80' title='bbox 320 363 352 390; x_wconf 86' lang='lat'>84</span> <span class='ocrx_word' id='word_1_81' title='bbox 449 340 575 390; x_wconf 82' lang='lat' dir='ltr'>Aiiqucm</span> <span class='ocrx_word' id='word_1_82' title='bbox 591 354 726 381; x_wconf 77' lang='lat' dir='ltr'>instituere</span> <span class='ocrx_word' id='word_1_83' title='bbox 743 354 769 375; x_wconf 89' lang='lat' dir='ltr'>et</span> <span class='ocrx_word' id='word_1_84' title='bbox 787 346 906 374; x_wconf 85' lang='lat' dir='ltr'>imbuere</span> <span class='ocrx_word' id='word_1_85' title='bbox 945 344 1001 371; x_wconf 88' lang='lat' dir='ltr'>Cic.</span> <span class='ocrx_word' id='word_1_86' title='bbox 1022 343 1137 377; x_wconf 86' lang='lat' dir='ltr'>Philipp.</span> <span class='ocrx_word' id='word_1_87' title='bbox 1157 350 1202 374; x_wconf 84' lang='lat'>10,</span> <span class='ocrx_word' id='word_1_88' title='bbox 1228 349 1268 366; x_wconf 87' lang='lat'>20.</span> <span class='ocrx_word' id='word_1_89' title='bbox 1330 341 1476 369; x_wconf 80' lang='lat' dir='ltr'>conditores.</span> <span class='ocrx_word' id='word_1_90' title='bbox 1531 341 1605 378; x_wconf 77' lang='lat' dir='ltr'>Conf.</span> <span class='ocrx_word' id='word_1_91' title='bbox 1625 342 1707 368; x_wconf 87' lang='lat' dir='ltr'>Pacat.</span> <span class='ocrx_word' id='word_1_92' title='bbox 1726 341 1819 375; x_wconf 87' lang='lat' dir='ltr'>Paneg.</span> <span class='ocrx_word' id='word_1_93' title='bbox 1833 338 1943 368; x_wconf 81' lang='lat' dir='ltr'>Theod.</span> <span class='ocrx_word' id='word_1_94' title='bbox 1958 350 1980 367; x_wconf 90' lang='lat' dir='ltr'>c.</span> <span class='ocrx_word' id='word_1_95' title='bbox 1994 345 2017 372; x_wconf 90' lang='lat'>8.</span> <span class='ocrx_word' id='word_1_96' title='bbox 2071 341 2211 377; x_wconf 83' lang='lat' dir='ltr'>Augustin.</span> <span class='ocrx_word' id='word_1_97' title='bbox 2225 341 2304 378; x_wconf 79' lang='lat' dir='ltr'>Epist.</span> <span class='ocrx_word' id='word_1_98' title='bbox 2320 348 2373 373; x_wconf 64' lang='lat'>123.</span> 
     </span>
     <span class='ocr_line' id='line_1_6' title="bbox 230 374 1690 425; baseline -0.012 -5"><span class='ocrx_word' id='word_1_99' title='bbox 230 377 428 422; x_wconf 77' lang='lat' dir='ltr'>Adolesceiitem</span> <span class='ocrx_word' id='word_1_100' title='bbox 455 391 527 418; x_wconf 86' lang='lat' dir='ltr'>Idem</span> <span class='ocrx_word' id='word_1_101' title='bbox 539 399 588 425; x_wconf 89' lang='lat' dir='ltr'>pro</span> <span class='ocrx_word' id='word_1_102' title='bbox 602 388 669 415; x_wconf 83' lang='lat' dir='ltr'>Cael.</span> <span class='ocrx_word' id='word_1_103' title='bbox 679 394 719 417; x_wconf 84' lang='grc'>39.</span> <span class='ocrx_word' id='word_1_104' title='bbox 810 383 900 408; x_wconf 84' lang='lat' dir='ltr'>Artem</span> <span class='ocrx_word' id='word_1_105' title='bbox 912 380 1029 414; x_wconf 84' lang='lat' dir='ltr'>aliquem</span> <span class='ocrx_word' id='word_1_106' title='bbox 1059 378 1096 405; x_wconf 90' lang='lat' dir='ltr'>Id.</span> <span class='ocrx_word' id='word_1_107' title='bbox 1111 378 1143 403; x_wconf 89' lang='lat' dir='ltr'>de</span> <span class='ocrx_word' id='word_1_108' title='bbox 1156 377 1229 403; x_wconf 86' lang='lat' dir='ltr'>Orat.</span> <span class='ocrx_word' id='word_1_109' title='bbox 1244 385 1269 408; x_wconf 92' lang='lat' dir='ltr'>i,</span> <span class='ocrx_word' id='word_1_110' title='bbox 1292 379 1309 407; x_wconf 77' lang='grc' dir='ltr'><strong><em>ς</em></strong></span> <span class='ocrx_word' id='word_1_111' title='bbox 1331 374 1449 403; x_wconf 81' lang='lat' dir='ltr'>Tei-tull.</span> <span class='ocrx_word' id='word_1_112' title='bbox 1462 377 1494 407; x_wconf 79' lang='lat' dir='ltr'>de</span> <span class='ocrx_word' id='word_1_113' title='bbox 1508 379 1618 411; x_wconf 78' lang='lat' dir='ltr'>Monog.</span> <span class='ocrx_word' id='word_1_114' title='bbox 1633 385 1690 409; x_wconf 81' lang='lat' dir='ltr'>c.4.</span> 
     </span>
     <span class='ocr_line' id='line_1_7' title="bbox 230 410 2375 459; baseline -0.011 -4"><span class='ocrx_word' id='word_1_115' title='bbox 230 431 276 459; x_wconf 71' lang='lat'>186</span> <span class='ocrx_word' id='word_1_116' title='bbox 354 427 394 453; x_wconf 82' lang='lat' dir='ltr'>Ad</span> <span class='ocrx_word' id='word_1_117' title='bbox 407 426 549 453; x_wconf 66' lang='lat' dir='ltr'>lectionem</span> <span class='ocrx_word' id='word_1_118' title='bbox 562 426 674 458; x_wconf 76' lang='lat' dir='ltr'>aliquem</span> <span class='ocrx_word' id='word_1_119' title='bbox 705 417 835 451; x_wconf 72' lang='lat' dir='ltr'>Qiinffil.</span> <span class='ocrx_word' id='word_1_120' title='bbox 849 423 913 450; x_wconf 78' lang='lat'>1‚7.</span> <span class='ocrx_word' id='word_1_121' title='bbox 984 414 1023 441; x_wconf 89' lang='lat' dir='ltr'>Ad</span> <span class='ocrx_word' id='word_1_122' title='bbox 1037 415 1137 440; x_wconf 76' lang='lat' dir='ltr'>scenam</span> <span class='ocrx_word' id='word_1_123' title='bbox 1152 413 1269 446; x_wconf 79' lang='lat' dir='ltr'>aliquem</span> <span class='ocrx_word' id='word_1_124' title='bbox 1370 417 1514 447; x_wconf 74' lang='lat' dir='ltr'>1Ns&#39;ro,</span> <span class='ocrx_word' id='word_1_125' title='bbox 1535 414 1582 445; x_wconf 75' lang='lat' dir='ltr'>iti,</span> <span class='ocrx_word' id='word_1_126' title='bbox 1603 414 1684 442; x_wconf 66' lang='lat' dir='ltr'>inim,</span> <span class='ocrx_word' id='word_1_127' title='bbox 1703 414 1758 438; x_wconf 72' lang='lat' dir='ltr'>are.</span> <span class='ocrx_word' id='word_1_128' title='bbox 1811 410 1942 446; x_wconf 59' lang='grc' dir='ltr'>[ἕνίςημι]</span> <span class='ocrx_word' id='word_1_129' title='bbox 2002 412 2111 448; x_wconf 81' lang='lat' dir='ltr'>Vrgere,</span> <span class='ocrx_word' id='word_1_130' title='bbox 2130 410 2263 448; x_wconf 64' lang='lat' dir='ltr'>Insectari.</span> <span class='ocrx_word' id='word_1_131' title='bbox 2316 410 2375 439; x_wconf 72' lang='lat' dir='ltr'>Cic.</span> 
     </span>
     <span class='ocr_line' id='line_1_8' title="bbox 230 447 2376 492; baseline -0.006 -8"><span class='ocrx_word' id='word_1_132' title='bbox 230 449 284 491; x_wconf 63' lang='grc' dir='ltr'>αρ’</span> <span class='ocrx_word' id='word_1_133' title='bbox 301 462 332 489; x_wconf 74' lang='lat' dir='ltr'>de</span> <span class='ocrx_word' id='word_1_134' title='bbox 346 463 407 489; x_wconf 68' lang='lat' dir='ltr'>clar</span> <span class='ocrx_word' id='word_1_135' title='bbox 427 463 492 489; x_wconf 89' lang='lat' dir='ltr'>Orat</span> <span class='ocrx_word' id='word_1_136' title='bbox 508 469 564 492; x_wconf 82' lang='lat'><em>203-</em></span> <span class='ocrx_word' id='word_1_137' title='bbox 632 456 704 482; x_wconf 86' lang='lat' dir='ltr'>Idem</span> <span class='ocrx_word' id='word_1_138' title='bbox 718 456 792 479; x_wconf 86' lang='lat' dir='ltr'>Verr.</span> <span class='ocrx_word' id='word_1_139' title='bbox 801 461 825 486; x_wconf 83' lang='lat'>3,</span> <span class='ocrx_word' id='word_1_140' title='bbox 838 455 876 477; x_wconf 85' lang='lat'>161</span> <span class='ocrx_word' id='word_1_141' title='bbox 890 460 911 477; x_wconf 87' lang='lat' dir='ltr'>c.</span> <span class='ocrx_word' id='word_1_142' title='bbox 922 453 955 484; x_wconf 90' lang='lat'>69</span> <span class='ocrx_word' id='word_1_143' title='bbox 976 451 1026 477; x_wconf 81' lang='lat' dir='ltr'>Eos</span> <span class='ocrx_word' id='word_1_144' title='bbox 1040 449 1177 476; x_wconf 86' lang='lat' dir='ltr'>instituere</span> <span class='ocrx_word' id='word_1_145' title='bbox 1189 453 1269 481; x_wconf 90' lang='lat' dir='ltr'>atque</span> <span class='ocrx_word' id='word_1_146' title='bbox 1331 455 1381 480; x_wconf 90' lang='lat' dir='ltr'>pro</span> <span class='ocrx_word' id='word_1_147' title='bbox 1393 447 1495 478; x_wconf 32' lang='lat' dir='ltr'>Fene-1</span> <span class='ocrx_word' id='word_1_148' title='bbox 1519 448 1636 476; x_wconf 68' lang='grc' dir='ltr'>ΙῃΓεθιοι·</span> <span class='ocrx_word' id='word_1_149' title='bbox 1645 448 1732 479; x_wconf 83' lang='lat' dir='ltr'>vitro,</span> <span class='ocrx_word' id='word_1_150' title='bbox 1751 451 1828 481; x_wconf 90' lang='lat' dir='ltr'>atque</span> <span class='ocrx_word' id='word_1_151' title='bbox 1842 447 1911 473; x_wconf 88' lang='lat' dir='ltr'>insto</span> <span class='ocrx_word' id='word_1_152' title='bbox 1924 447 2068 475; x_wconf 79' lang='lat' dir='ltr'>accusatori</span> <span class='ocrx_word' id='word_1_153' title='bbox 2086 462 2132 468; x_wconf 90' lang='lat'>—--</span> <span class='ocrx_word' id='word_1_154' title='bbox 2152 452 2178 474; x_wconf 91' lang='lat' dir='ltr'>et</span> <span class='ocrx_word' id='word_1_155' title='bbox 2192 448 2284 482; x_wconf 87' lang='lat' dir='ltr'>flagito</span> <span class='ocrx_word' id='word_1_156' title='bbox 2291 447 2376 475; x_wconf 71' lang='lat' dir='ltr'>testes.</span> 
     </span>
     <span class='ocr_line' id='line_1_9' title="bbox 230 481 2376 527; baseline -0.01 0"><span class='ocrx_word' id='word_1_157' title='bbox 230 483 338 527; x_wconf 72' lang='lat' dir='ltr'>erudire</span> <span class='ocrx_word' id='word_1_158' title='bbox 351 497 384 525; x_wconf 86' lang='lat' dir='ltr'>ad</span> <span class='ocrx_word' id='word_1_159' title='bbox 399 482 530 525; x_wconf 74' lang='lat' dir='ltr'>maioriim</span> <span class='ocrx_word' id='word_1_160' title='bbox 543 493 658 521; x_wconf 82' lang='lat' dir='ltr'>instituta</span> <span class='ocrx_word' id='word_1_161' title='bbox 673 496 750 523; x_wconf 88' lang='lat' dir='ltr'>atque</span> <span class='ocrx_word' id='word_1_162' title='bbox 762 487 878 514; x_wconf 85' lang='lat' dir='ltr'>ciuitatis</span> <span class='ocrx_word' id='word_1_163' title='bbox 892 486 1056 520; x_wconf 74' lang='lat' dir='ltr'>disciplinam</span> <span class='ocrx_word' id='word_1_164' title='bbox 1066 505 1073 517; x_wconf 89' lang='lat'>‚</span> <span class='ocrx_word' id='word_1_165' title='bbox 1094 492 1149 510; x_wconf 89' lang='lat' dir='ltr'>non</span> <span class='ocrx_word' id='word_1_166' title='bbox 1167 483 1200 510; x_wconf 86' lang='lat' dir='ltr'>ad</span> <span class='ocrx_word' id='word_1_167' title='bbox 1212 490 1269 509; x_wconf 86' lang='lat' dir='ltr'>tuas</span> <span class='ocrx_word' id='word_1_168' title='bbox 1330 481 1406 509; x_wconf 87' lang='lat' dir='ltr'>Idem</span> <span class='ocrx_word' id='word_1_169' title='bbox 1419 483 1493 510; x_wconf 85' lang='lat' dir='ltr'>Verr.</span> <span class='ocrx_word' id='word_1_170' title='bbox 1509 492 1530 517; x_wconf 87' lang='lat' dir='ltr'>i,</span> <span class='ocrx_word' id='word_1_171' title='bbox 1543 487 1577 517; x_wconf 86' lang='lat'>69</span> <span class='ocrx_word' id='word_1_172' title='bbox 1590 494 1611 510; x_wconf 87' lang='lat' dir='ltr'>c.</span> <span class='ocrx_word' id='word_1_173' title='bbox 1625 492 1653 517; x_wconf 87' lang='lat'>27</span> <span class='ocrx_word' id='word_1_174' title='bbox 1683 481 1800 510; x_wconf 86' lang='lat' dir='ltr'>Caedere</span> <span class='ocrx_word' id='word_1_175' title='bbox 1813 482 1920 510; x_wconf 84' lang='lat' dir='ltr'>ianuam</span> <span class='ocrx_word' id='word_1_176' title='bbox 1933 483 2013 515; x_wconf 86' lang='lat' dir='ltr'>saxis,</span> <span class='ocrx_word' id='word_1_177' title='bbox 2034 482 2129 510; x_wconf 82' lang='lat' dir='ltr'>instare</span> <span class='ocrx_word' id='word_1_178' title='bbox 2141 483 2230 510; x_wconf 84' lang='lat' dir='ltr'>ferro:</span> <span class='ocrx_word' id='word_1_179' title='bbox 2264 481 2336 517; x_wconf 82' lang='lat' dir='ltr'>ligna</span> <span class='ocrx_word' id='word_1_180' title='bbox 2348 487 2376 508; x_wconf 89' lang='lat' dir='ltr'>et</span> 
     </span>
    </p>
   </div>
   <div class='ocr_carea' id='block_1_4' title="bbox 230 517 2381 737">
    <p class='ocr_par' dir='ltr' id='par_1_4' title="bbox 230 517 2378 703">
     <span class='ocr_line' id='line_1_10' title="bbox 230 517 2376 561; baseline -0.007 -3"><span class='ocrx_word' id='word_1_181' title='bbox 230 540 274 561; x_wconf 66' lang='lat' dir='ltr'>nur</span> <span class='ocrx_word' id='word_1_182' title='bbox 294 533 409 560; x_wconf 81' lang='lat' dir='ltr'>itudines</span> <span class='ocrx_word' id='word_1_183' title='bbox 422 530 542 559; x_wconf 81' lang='lat' dir='ltr'>debuisti.</span> <span class='ocrx_word' id='word_1_184' title='bbox 611 527 711 553; x_wconf 85' lang='lat' dir='ltr'>Bouem</span> <span class='ocrx_word' id='word_1_185' title='bbox 724 525 753 550; x_wconf 89' lang='lat' dir='ltr'>in</span> <span class='ocrx_word' id='word_1_186' title='bbox 765 522 864 550; x_wconf 84' lang='lat' dir='ltr'>arando</span> <span class='ocrx_word' id='word_1_187' title='bbox 896 521 1027 549; x_wconf 83' lang='lat' dir='ltr'>Coluinel.</span> <span class='ocrx_word' id='word_1_188' title='bbox 1041 523 1073 552; x_wconf 87' lang='lat'>6,</span> <span class='ocrx_word' id='word_1_189' title='bbox 1088 529 1119 552; x_wconf 81' lang='lat'>2,</span> <span class='ocrx_word' id='word_1_190' title='bbox 1131 525 1153 549; x_wconf 73' lang='lat'>8.</span> <span class='ocrx_word' id='word_1_191' title='bbox 1225 518 1270 544; x_wconf 92' lang='lat' dir='ltr'>In-</span> <span class='ocrx_word' id='word_1_192' title='bbox 1330 518 1461 544; x_wconf 86' lang='lat' dir='ltr'>sarmenta</span> <span class='ocrx_word' id='word_1_193' title='bbox 1471 518 1642 546; x_wconf 87' lang='lat' dir='ltr'>circumdare.</span> <span class='ocrx_word' id='word_1_194' title='bbox 1731 518 1790 544; x_wconf 85' lang='lat' dir='ltr'>Liu.</span> <span class='ocrx_word' id='word_1_195' title='bbox 1805 524 1856 552; x_wconf 86' lang='lat'>27,</span> <span class='ocrx_word' id='word_1_196' title='bbox 1870 526 1900 552; x_wconf 84' lang='lat'>14</span> <span class='ocrx_word' id='word_1_197' title='bbox 1909 524 1952 553; x_wconf 76' lang='lat' dir='ltr'>pr.</span> <span class='ocrx_word' id='word_1_198' title='bbox 1984 518 2033 545; x_wconf 87' lang='lat' dir='ltr'>Seu</span> <span class='ocrx_word' id='word_1_199' title='bbox 2047 519 2128 549; x_wconf 83' lang='lat' dir='ltr'>vicit,</span> <span class='ocrx_word' id='word_1_200' title='bbox 2151 518 2280 546; x_wconf 85' lang='lat' dir='ltr'>ferociter</span> <span class='ocrx_word' id='word_1_201' title='bbox 2297 517 2376 544; x_wconf 89' lang='lat' dir='ltr'>instat</span> 
     </span>
     <span class='ocr_line' id='line_1_11' title="bbox 230 543 2377 597; baseline -0.009 1"><span class='ocrx_word' id='word_1_202' title='bbox 230 543 339 597; x_wconf 66' lang='lat' dir='ltr'>stitiiere</span> <span class='ocrx_word' id='word_1_203' title='bbox 351 578 365 596; x_wconf 88' lang='lat' dir='ltr'>a</span> <span class='ocrx_word' id='word_1_204' title='bbox 378 570 403 595; x_wconf 87' lang='lat' dir='ltr'>se</span> <span class='ocrx_word' id='word_1_205' title='bbox 416 567 535 595; x_wconf 85' lang='lat' dir='ltr'>villicum</span> <span class='ocrx_word' id='word_1_206' title='bbox 559 561 632 589; x_wconf 77' lang='lat' dir='ltr'>Idem</span> <span class='ocrx_word' id='word_1_207' title='bbox 645 570 676 593; x_wconf 84' lang='grc' dir='ltr'>ιι,</span> <span class='ocrx_word' id='word_1_208' title='bbox 690 569 710 591; x_wconf 83' lang='grc' dir='ltr'>ι,</span> <span class='ocrx_word' id='word_1_209' title='bbox 724 567 746 592; x_wconf 77' lang='grc' dir='ltr'>ς.</span> <span class='ocrx_word' id='word_1_210' title='bbox 836 557 939 584; x_wconf 88' lang='lat' dir='ltr'>Rudem</span> <span class='ocrx_word' id='word_1_211' title='bbox 953 557 987 583; x_wconf 89' lang='lat' dir='ltr'>ad</span> <span class='ocrx_word' id='word_1_212' title='bbox 999 555 1139 582; x_wconf 87' lang='lat' dir='ltr'>dicendum</span> <span class='ocrx_word' id='word_1_213' title='bbox 1166 553 1223 581; x_wconf 86' lang='lat' dir='ltr'>Cic.</span> <span class='ocrx_word' id='word_1_214' title='bbox 1237 553 1269 579; x_wconf 92' lang='lat' dir='ltr'>de</span> <span class='ocrx_word' id='word_1_215' title='bbox 1285 559 1315 578; x_wconf 90' lang='lat'>10</span> <span class='ocrx_word' id='word_1_216' title='bbox 1332 553 1429 585; x_wconf 73' lang='lat' dir='ltr'>viffls3</span> <span class='ocrx_word' id='word_1_217' title='bbox 1464 554 1508 580; x_wconf 87' lang='lat' dir='ltr'>seu</span> <span class='ocrx_word' id='word_1_218' title='bbox 1520 555 1606 582; x_wconf 71' lang='lat' dir='ltr'>victus</span> <span class='ocrx_word' id='word_1_219' title='bbox 1620 554 1672 586; x_wconf 88' lang='lat' dir='ltr'>est,</span> <span class='ocrx_word' id='word_1_220' title='bbox 1692 553 1818 581; x_wconf 84' lang='lat' dir='ltr'>instaurat</span> <span class='ocrx_word' id='word_1_221' title='bbox 1833 561 1893 579; x_wconf 89' lang='lat' dir='ltr'>cum</span> <span class='ocrx_word' id='word_1_222' title='bbox 1906 553 2055 580; x_wconf 62' lang='lat' dir='ltr'>victoribus</span> <span class='ocrx_word' id='word_1_223' title='bbox 2069 559 2210 581; x_wconf 81' lang='lat' dir='ltr'>certamen.</span> <span class='ocrx_word' id='word_1_224' title='bbox 2279 552 2377 580; x_wconf 79' lang='lat' dir='ltr'>Acrior</span> 
     </span>
     <span class='ocr_line' id='line_1_12' title="bbox 232 588 2376 632; baseline -0.006 -6"><span class='ocrx_word' id='word_1_225' title='bbox 232 606 298 632; x_wconf 68' lang='lat' dir='ltr'>Orat</span> <span class='ocrx_word' id='word_1_226' title='bbox 319 613 335 631; x_wconf 79' lang='lat'>2</span> <span class='ocrx_word' id='word_1_227' title='bbox 372 606 416 631; x_wconf 82' lang='lat'>162</span> <span class='ocrx_word' id='word_1_228' title='bbox 494 599 590 626; x_wconf 87' lang='lat' dir='ltr'>Literis</span> <span class='ocrx_word' id='word_1_229' title='bbox 604 596 709 623; x_wconf 87' lang='lat' dir='ltr'>Graecis</span> <span class='ocrx_word' id='word_1_230' title='bbox 743 594 782 620; x_wconf 88' lang='lat' dir='ltr'>Id.</span> <span class='ocrx_word' id='word_1_231' title='bbox 797 593 828 620; x_wconf 86' lang='lat' dir='ltr'>de</span> <span class='ocrx_word' id='word_1_232' title='bbox 842 593 911 620; x_wconf 87' lang='lat' dir='ltr'>Clat.</span> <span class='ocrx_word' id='word_1_233' title='bbox 924 593 998 619; x_wconf 88' lang='lat' dir='ltr'>Orat.</span> <span class='ocrx_word' id='word_1_234' title='bbox 1013 599 1065 626; x_wconf 81' lang='lat'>173.</span> <span class='ocrx_word' id='word_1_235' title='bbox 1137 588 1269 623; x_wconf 68' lang='lat' dir='ltr'>Quinctil.</span> <span class='ocrx_word' id='word_1_236' title='bbox 1330 588 1408 614; x_wconf 89' lang='lat' dir='ltr'>instat</span> <span class='ocrx_word' id='word_1_237' title='bbox 1435 589 1510 624; x_wconf 78' lang='lat' dir='ltr'>Virg.</span> <span class='ocrx_word' id='word_1_238' title='bbox 1530 591 1627 625; x_wconf 81' lang='lat' dir='ltr'>Georg-</span> <span class='ocrx_word' id='word_1_239' title='bbox 1646 598 1674 622; x_wconf 70' lang='lat'>3,</span> <span class='ocrx_word' id='word_1_240' title='bbox 1694 594 1745 622; x_wconf 78' lang='lat'>538-</span> <span class='ocrx_word' id='word_1_241' title='bbox 1832 588 1963 624; x_wconf 85' lang='lat' dir='ltr'>Cupidius</span> <span class='ocrx_word' id='word_1_242' title='bbox 1982 589 2096 621; x_wconf 84' lang='lat' dir='ltr'>instare,</span> <span class='ocrx_word' id='word_1_243' title='bbox 2121 589 2174 615; x_wconf 81' lang='lat' dir='ltr'>vid.</span> <span class='ocrx_word' id='word_1_244' title='bbox 2192 595 2238 616; x_wconf 88' lang='lat' dir='ltr'>CV</span> <span class='ocrx_word' id='word_1_245' title='bbox 2248 594 2376 628; x_wconf 62' lang='lat' dir='ltr'>PJDVS.</span> 
     </span>
     <span class='ocr_line' id='line_1_13' title="bbox 232 622 2378 667; baseline -0.008 0"><span class='ocrx_word' id='word_1_246' title='bbox 232 649 243 667; x_wconf 86' lang='lat'>1</span> <span class='ocrx_word' id='word_1_247' title='bbox 278 625 306 666; x_wconf 52' lang='lat'>2·</span> <span class='ocrx_word' id='word_1_248' title='bbox 343 623 460 665; x_wconf 65' lang='lat' dir='ltr'>’Socrates</span> <span class='ocrx_word' id='word_1_249' title='bbox 474 635 526 661; x_wconf 89' lang='lat' dir='ltr'>iam</span> <span class='ocrx_word' id='word_1_250' title='bbox 539 633 614 659; x_wconf 85' lang='lat' dir='ltr'>senex</span> <span class='ocrx_word' id='word_1_251' title='bbox 626 630 729 658; x_wconf 84' lang='lat' dir='ltr'>institui</span> <span class='ocrx_word' id='word_1_252' title='bbox 749 630 806 662; x_wconf 86' lang='lat' dir='ltr'>lyra</span> <span class='ocrx_word' id='word_1_253' title='bbox 820 637 874 655; x_wconf 92' lang='lat' dir='ltr'>non</span> <span class='ocrx_word' id='word_1_254' title='bbox 888 627 1065 655; x_wconf 84' lang='lat' dir='ltr'>erubescebat.</span> <span class='ocrx_word' id='word_1_255' title='bbox 1172 626 1270 652; x_wconf 86' lang='lat' dir='ltr'>Pueros</span> <span class='ocrx_word' id='word_1_256' title='bbox 1331 623 1473 658; x_wconf 77' lang='lat' dir='ltr'>Impensius</span> <span class='ocrx_word' id='word_1_257' title='bbox 1484 625 1579 652; x_wconf 84' lang='lat' dir='ltr'>instant</span> <span class='ocrx_word' id='word_1_258' title='bbox 1610 624 1691 652; x_wconf 86' lang='lat' dir='ltr'>Ouid.</span> <span class='ocrx_word' id='word_1_259' title='bbox 1704 625 1770 659; x_wconf 81' lang='lat' dir='ltr'>Met.</span> <span class='ocrx_word' id='word_1_260' title='bbox 1784 632 1808 657; x_wconf 88' lang='lat'>7,</span> <span class='ocrx_word' id='word_1_261' title='bbox 1822 632 1875 656; x_wconf 82' lang='lat'>323.</span> <span class='ocrx_word' id='word_1_262' title='bbox 1964 625 2064 651; x_wconf 89' lang='lat' dir='ltr'>Lenius</span> <span class='ocrx_word' id='word_1_263' title='bbox 2076 624 2196 652; x_wconf 83' lang='lat' dir='ltr'>instando</span> <span class='ocrx_word' id='word_1_264' title='bbox 2209 623 2294 651; x_wconf 84' lang='lat' dir='ltr'>taedia</span> <span class='ocrx_word' id='word_1_265' title='bbox 2311 622 2378 650; x_wconf 88' lang='lat' dir='ltr'>tolle</span> 
     </span>
     <span class='ocr_line' id='line_1_14' title="bbox 231 648 2378 703; baseline -0.007 -3"><span class='ocrx_word' id='word_1_266' title='bbox 231 648 374 703; x_wconf 69' lang='lat' dir='ltr'>Siiet7Tib</span> <span class='ocrx_word' id='word_1_267' title='bbox 400 681 421 698; x_wconf 87' lang='lat' dir='ltr'>c.</span> <span class='ocrx_word' id='word_1_268' title='bbox 435 679 472 703; x_wconf 81' lang='lat'>44</span> <span class='ocrx_word' id='word_1_269' title='bbox 507 677 528 694; x_wconf 85' lang='lat'>2.</span> <span class='ocrx_word' id='word_1_270' title='bbox 1332 659 1373 685; x_wconf 88' lang='lat' dir='ltr'>tui</span> <span class='ocrx_word' id='word_1_271' title='bbox 1396 659 1434 686; x_wconf 88' lang='lat' dir='ltr'>Id.</span> <span class='ocrx_word' id='word_1_272' title='bbox 1448 659 1480 686; x_wconf 85' lang='lat' dir='ltr'>de</span> <span class='ocrx_word' id='word_1_273' title='bbox 1494 661 1556 688; x_wconf 87' lang='lat' dir='ltr'>Arte</span> <span class='ocrx_word' id='word_1_274' title='bbox 1569 662 1627 688; x_wconf 83' lang='lat' dir='ltr'>Am.</span> <span class='ocrx_word' id='word_1_275' title='bbox 1643 669 1669 692; x_wconf 83' lang='lat'>1,</span> <span class='ocrx_word' id='word_1_276' title='bbox 1683 664 1736 694; x_wconf 84' lang='lat'>718.</span> <span class='ocrx_word' id='word_1_277' title='bbox 1809 660 1843 686; x_wconf 90' lang='lat' dir='ltr'>Vi</span> <span class='ocrx_word' id='word_1_278' title='bbox 1858 658 1935 686; x_wconf 89' lang='lat' dir='ltr'>instat</span> <span class='ocrx_word' id='word_1_279' title='bbox 1964 659 2040 694; x_wconf 84' lang='lat' dir='ltr'>Virg.</span> <span class='ocrx_word' id='word_1_280' title='bbox 2054 661 2120 687; x_wconf 91' lang='lat' dir='ltr'>Aen.</span> <span class='ocrx_word' id='word_1_281' title='bbox 2136 669 2166 692; x_wconf 86' lang='lat'>2,</span> <span class='ocrx_word' id='word_1_282' title='bbox 2178 667 2236 693; x_wconf 89' lang='lat'>491.</span> <span class='ocrx_word' id='word_1_283' title='bbox 2305 659 2378 686; x_wconf 86' lang='lat' dir='ltr'>Mar-</span> 
     </span>
    </p>

    <p class='ocr_par' dir='ltr' id='par_1_5' title="bbox 268 689 2381 737">
     <span class='ocr_line' id='line_1_15' title="bbox 268 689 2381 737; baseline -0.008 -4"><span class='ocrx_word' id='word_1_284' title='bbox 268 717 279 736; x_wconf 91' lang='lat'>1</span> <span class='ocrx_word' id='word_1_285' title='bbox 288 717 309 736; x_wconf 62' lang='grc' dir='ltr'>η</span> <span class='ocrx_word' id='word_1_286' title='bbox 318 717 331 736; x_wconf 75' lang='lat' dir='ltr'>s</span> <span class='ocrx_word' id='word_1_287' title='bbox 341 715 362 735; x_wconf 86' lang='lat' dir='ltr'>T</span> <span class='ocrx_word' id='word_1_288' title='bbox 373 716 381 733; x_wconf 96' lang='lat'>1</span> <span class='ocrx_word' id='word_1_289' title='bbox 391 714 412 733; x_wconf 88' lang='grc' dir='ltr'><strong>Τ</strong></span> <span class='ocrx_word' id='word_1_290' title='bbox 422 713 441 731; x_wconf 91' lang='lat' dir='ltr'>v</span> <span class='ocrx_word' id='word_1_291' title='bbox 451 712 468 732; x_wconf 83' lang='grc' dir='ltr'><strong>Ε</strong></span> <span class='ocrx_word' id='word_1_292' title='bbox 479 689 538 737; x_wconf 53' lang='lat' dir='ltr'>ies,</span> <span class='ocrx_word' id='word_1_293' title='bbox 562 702 638 730; x_wconf 83' lang='lat' dir='ltr'>entis.</span> <span class='ocrx_word' id='word_1_294' title='bbox 693 700 786 729; x_wconf 81' lang='lat' dir='ltr'>Partic.</span> <span class='ocrx_word' id='word_1_295' title='bbox 842 699 983 727; x_wconf 69' lang='lat' dir='ltr'>Instituenti</span> <span class='ocrx_word' id='word_1_296' title='bbox 1001 699 1148 725; x_wconf 84' lang='lat' dir='ltr'>sermonem</span> <span class='ocrx_word' id='word_1_297' title='bbox 1168 695 1270 723; x_wconf 85' lang='lat' dir='ltr'>referre</span> <span class='ocrx_word' id='word_1_298' title='bbox 1332 695 1389 721; x_wconf 84' lang='lat' dir='ltr'>tial.</span> <span class='ocrx_word' id='word_1_299' title='bbox 1403 702 1420 729; x_wconf 86' lang='lat'>7</span> <span class='ocrx_word' id='word_1_300' title='bbox 1429 715 1438 727; x_wconf 85' lang='lat'>,</span> <span class='ocrx_word' id='word_1_301' title='bbox 1449 697 1485 728; x_wconf 87' lang='lat'>96</span> <span class='ocrx_word' id='word_1_302' title='bbox 1518 697 1616 724; x_wconf 88' lang='lat' dir='ltr'>Instent</span> <span class='ocrx_word' id='word_1_303' title='bbox 1628 695 1702 723; x_wconf 83' lang='lat' dir='ltr'>inille</span> <span class='ocrx_word' id='word_1_304' title='bbox 1716 695 1794 727; x_wconf 89' lang='lat' dir='ltr'>licet,</span> <span class='ocrx_word' id='word_1_305' title='bbox 1813 702 1986 730; x_wconf 72' lang='lat' dir='ltr'>premantque</span> <span class='ocrx_word' id='word_1_306' title='bbox 1999 704 2091 728; x_wconf 85' lang='lat' dir='ltr'>curae,</span> <span class='ocrx_word' id='word_1_307' title='bbox 2125 695 2233 723; x_wconf 84' lang='lat' dir='ltr'>Nostris</span> <span class='ocrx_word' id='word_1_308' title='bbox 2253 694 2381 722; x_wconf 72' lang='lat' dir='ltr'>carmini.</span> 
     </span>
    </p>
   </div>
   <div class='ocr_carea' id='block_1_5' title="bbox 228 729 2379 878">
    <p class='ocr_par' dir='ltr' id='par_1_6' title="bbox 231 729 2378 774">
     <span class='ocr_line' id='line_1_16' title="bbox 231 729 2378 774; baseline -0.008 0"><span class='ocrx_word' id='word_1_309' title='bbox 231 747 279 774; x_wconf 79' lang='lat' dir='ltr'>cic</span> <span class='ocrx_word' id='word_1_310' title='bbox 302 745 332 770; x_wconf 88' lang='lat' dir='ltr'>de</span> <span class='ocrx_word' id='word_1_311' title='bbox 344 744 415 769; x_wconf 86' lang='lat' dir='ltr'>Orat.</span> <span class='ocrx_word' id='word_1_312' title='bbox 428 749 440 772; x_wconf 92' lang='lat'>3</span> <span class='ocrx_word' id='word_1_313' title='bbox 460 749 482 767; x_wconf 90' lang='lat' dir='ltr'>c.</span> <span class='ocrx_word' id='word_1_314' title='bbox 497 748 515 766; x_wconf 94' lang='grc' dir='ltr'>ι.</span> <span class='ocrx_word' id='word_1_315' title='bbox 1286 730 1313 757; x_wconf 77' lang='lat'>¹⁵</span> <span class='ocrx_word' id='word_1_316' title='bbox 1331 730 1381 757; x_wconf 89' lang='lat' dir='ltr'>bus</span> <span class='ocrx_word' id='word_1_317' title='bbox 1393 736 1482 757; x_wconf 86' lang='lat' dir='ltr'>tamen</span> <span class='ocrx_word' id='word_1_318' title='bbox 1494 732 1607 760; x_wconf 85' lang='lat' dir='ltr'>vacabit.</span> <span class='ocrx_word' id='word_1_319' title='bbox 1675 730 1772 758; x_wconf 84' lang='lat' dir='ltr'>Instare</span> <span class='ocrx_word' id='word_1_320' title='bbox 1786 738 1826 757; x_wconf 86' lang='lat' dir='ltr'>res</span> <span class='ocrx_word' id='word_1_321' title='bbox 1840 731 1929 765; x_wconf 79' lang='lat' dir='ltr'>aliqua</span> <span class='ocrx_word' id='word_1_322' title='bbox 1947 730 2059 764; x_wconf 83' lang='lat' dir='ltr'>dicitur,</span> <span class='ocrx_word' id='word_1_323' title='bbox 2077 730 2182 766; x_wconf 77' lang='lat' dir='ltr'>Qando</span> <span class='ocrx_word' id='word_1_324' title='bbox 2195 737 2276 768; x_wconf 75' lang='lat' dir='ltr'>urget.</span> <span class='ocrx_word' id='word_1_325' title='bbox 2319 729 2378 757; x_wconf 87' lang='lat' dir='ltr'>Cic.</span> 
     </span>
    </p>

    <p class='ocr_par' dir='ltr' id='par_1_7' title="bbox 228 765 2379 878">
     <span class='ocr_line' id='line_1_17' title="bbox 264 765 2379 807; baseline -0.006 -3"><span class='ocrx_word' id='word_1_326' title='bbox 264 765 305 807; x_wconf 52' lang='lat' dir='ltr'>{N</span> <span class='ocrx_word' id='word_1_327' title='bbox 314 785 326 804; x_wconf 88' lang='lat' dir='ltr'>s</span> <span class='ocrx_word' id='word_1_328' title='bbox 337 777 431 804; x_wconf 55' lang='grc' dir='ltr'>ΤιΤκ7</span> <span class='ocrx_word' id='word_1_329' title='bbox 440 781 462 802; x_wconf 85' lang='lat' dir='ltr'>&#39;r</span> <span class='ocrx_word' id='word_1_330' title='bbox 475 781 494 801; x_wconf 89' lang='lat' dir='ltr'>v</span> <span class='ocrx_word' id='word_1_331' title='bbox 504 782 517 802; x_wconf 92' lang='lat' dir='ltr'>s</span> <span class='ocrx_word' id='word_1_332' title='bbox 527 793 536 806; x_wconf 94' lang='lat'>,</span> <span class='ocrx_word' id='word_1_333' title='bbox 554 782 585 806; x_wconf 86' lang='lat' dir='ltr'>a,</span> <span class='ocrx_word' id='word_1_334' title='bbox 606 781 660 799; x_wconf 89' lang='lat' dir='ltr'>um.</span> <span class='ocrx_word' id='word_1_335' title='bbox 713 770 806 798; x_wconf 81' lang='lat' dir='ltr'>Partic.</span> <span class='ocrx_word' id='word_1_336' title='bbox 860 769 874 803; x_wconf 88' lang='lat'>[</span> <span class='ocrx_word' id='word_1_337' title='bbox 887 770 1104 802; x_wconf 67' lang='grc' dir='ltr'>κατεσκευασμένος</span> <span class='ocrx_word' id='word_1_338' title='bbox 1116 768 1130 802; x_wconf 89' lang='grc'>]</span> <span class='ocrx_word' id='word_1_339' title='bbox 1185 766 1269 794; x_wconf 78' lang='lat' dir='ltr'>Plaut.</span> <span class='ocrx_word' id='word_1_340' title='bbox 1332 766 1416 793; x_wconf 90' lang='lat' dir='ltr'>Tusc.</span> <span class='ocrx_word' id='word_1_341' title='bbox 1431 774 1455 799; x_wconf 85' lang='lat'>3,</span> <span class='ocrx_word' id='word_1_342' title='bbox 1468 775 1497 793; x_wconf 88' lang='lat'>10</span> <span class='ocrx_word' id='word_1_343' title='bbox 1523 767 1571 795; x_wconf 85' lang='lat' dir='ltr'>Sed</span> <span class='ocrx_word' id='word_1_344' title='bbox 1583 768 1612 794; x_wconf 90' lang='lat' dir='ltr'>id</span> <span class='ocrx_word' id='word_1_345' title='bbox 1625 767 1702 795; x_wconf 87' lang='lat' dir='ltr'>alias:</span> <span class='ocrx_word' id='word_1_346' title='bbox 1737 774 1808 792; x_wconf 91' lang='lat' dir='ltr'>nunc</span> <span class='ocrx_word' id='word_1_347' title='bbox 1821 767 1892 799; x_wconf 90' lang='lat' dir='ltr'>quod</span> <span class='ocrx_word' id='word_1_348' title='bbox 1905 766 1993 793; x_wconf 79' lang='lat' dir='ltr'>instat.</span> <span class='ocrx_word' id='word_1_349' title='bbox 2063 767 2141 801; x_wconf 84' lang='lat' dir='ltr'>Virg.</span> <span class='ocrx_word' id='word_1_350' title='bbox 2154 766 2207 793; x_wconf 89' lang='lat' dir='ltr'>Ecl.</span> <span class='ocrx_word' id='word_1_351' title='bbox 2221 775 2238 799; x_wconf 91' lang='lat'><em>9</em></span> <span class='ocrx_word' id='word_1_352' title='bbox 2247 785 2257 799; x_wconf 96' lang='lat'>,</span> <span class='ocrx_word' id='word_1_353' title='bbox 2269 767 2304 792; x_wconf 88' lang='lat'>66</span> <span class='ocrx_word' id='word_1_354' title='bbox 2327 765 2379 792; x_wconf 88' lang='lat' dir='ltr'>De-</span> 
     </span>
     <span class='ocr_line' id='line_1_18' title="bbox 229 801 2379 844; baseline -0.008 -2"><span class='ocrx_word' id='word_1_355' title='bbox 229 814 318 842; x_wconf 86' lang='lat' dir='ltr'>Pseud.</span> <span class='ocrx_word' id='word_1_356' title='bbox 332 821 356 844; x_wconf 79' lang='lat'>2,</span> <span class='ocrx_word' id='word_1_357' title='bbox 368 820 389 843; x_wconf 82' lang='lat'>3,</span> <span class='ocrx_word' id='word_1_358' title='bbox 404 819 432 837; x_wconf 81' lang='grc' dir='ltr'>ιο</span> <span class='ocrx_word' id='word_1_359' title='bbox 457 810 513 837; x_wconf 82' lang='lat' dir='ltr'>Iam</span> <span class='ocrx_word' id='word_1_360' title='bbox 527 809 661 839; x_wconf 83' lang='lat' dir='ltr'>instituta,</span> <span class='ocrx_word' id='word_1_361' title='bbox 680 813 771 833; x_wconf 86' lang='lat' dir='ltr'>ornata</span> <span class='ocrx_word' id='word_1_362' title='bbox 785 805 879 832; x_wconf 59' lang='lat' dir='ltr'>cuneta</span> <span class='ocrx_word' id='word_1_363' title='bbox 894 806 920 831; x_wconf 91' lang='lat' dir='ltr'>in</span> <span class='ocrx_word' id='word_1_364' title='bbox 935 804 1031 831; x_wconf 84' lang='lat' dir='ltr'>ordine</span> <span class='ocrx_word' id='word_1_365' title='bbox 1043 804 1138 830; x_wconf 86' lang='lat' dir='ltr'>habeo.</span> <span class='ocrx_word' id='word_1_366' title='bbox 1197 803 1270 830; x_wconf 86' lang='lat' dir='ltr'>Male</span> <span class='ocrx_word' id='word_1_367' title='bbox 1331 801 1385 828; x_wconf 87' lang='lat' dir='ltr'>fine</span> <span class='ocrx_word' id='word_1_368' title='bbox 1398 801 1474 836; x_wconf 85' lang='lat' dir='ltr'>plura</span> <span class='ocrx_word' id='word_1_369' title='bbox 1485 811 1566 840; x_wconf 80' lang='lat' dir='ltr'>puer,</span> <span class='ocrx_word' id='word_1_370' title='bbox 1591 809 1618 831; x_wconf 84' lang='lat' dir='ltr'>et</span> <span class='ocrx_word' id='word_1_371' title='bbox 1637 801 1710 838; x_wconf 82' lang='lat' dir='ltr'>quod</span> <span class='ocrx_word' id='word_1_372' title='bbox 1723 810 1792 827; x_wconf 84' lang='lat' dir='ltr'>nunc</span> <span class='ocrx_word' id='word_1_373' title='bbox 1805 801 1882 828; x_wconf 81' lang='lat' dir='ltr'>instat</span> <span class='ocrx_word' id='word_1_374' title='bbox 1894 810 2009 837; x_wconf 81' lang='lat' dir='ltr'>agamus.</span> <span class='ocrx_word' id='word_1_375' title='bbox 2051 801 2076 830; x_wconf 86' lang='lat' dir='ltr'>b.</span> <span class='ocrx_word' id='word_1_376' title='bbox 2092 811 2112 832; x_wconf 83' lang='lat' dir='ltr'>e,</span> <span class='ocrx_word' id='word_1_377' title='bbox 2138 801 2212 837; x_wconf 74' lang='lat' dir='ltr'>Qiod</span> <span class='ocrx_word' id='word_1_378' title='bbox 2221 804 2326 841; x_wconf 56' lang='lat' dir='ltr'>maxime</span> <span class='ocrx_word' id='word_1_379' title='bbox 2336 809 2379 827; x_wconf 78' lang='lat' dir='ltr'>ne-</span> 
     </span>
     <span class='ocr_line' id='line_1_19' title="bbox 228 835 2379 878; baseline -0.006 -2"><span class='ocrx_word' id='word_1_380' title='bbox 228 850 345 877; x_wconf 87' lang='lat' dir='ltr'>instituta</span> <span class='ocrx_word' id='word_1_381' title='bbox 357 847 427 874; x_wconf 86' lang='lat' dir='ltr'>ratio</span> <span class='ocrx_word' id='word_1_382' title='bbox 441 845 540 872; x_wconf 84' lang='lat' dir='ltr'>exitum</span> <span class='ocrx_word' id='word_1_383' title='bbox 554 842 670 878; x_wconf 79' lang='lat' dir='ltr'>reperire</span> <span class='ocrx_word' id='word_1_384' title='bbox 682 851 735 867; x_wconf 90' lang='lat' dir='ltr'>non</span> <span class='ocrx_word' id='word_1_385' title='bbox 749 841 832 876; x_wconf 84' lang='lat' dir='ltr'>potest</span> <span class='ocrx_word' id='word_1_386' title='bbox 867 841 923 867; x_wconf 84' lang='lat' dir='ltr'>Cic.</span> <span class='ocrx_word' id='word_1_387' title='bbox 936 841 969 866; x_wconf 91' lang='lat' dir='ltr'>de</span> <span class='ocrx_word' id='word_1_388' title='bbox 990 840 1025 867; x_wconf 89' lang='lat' dir='ltr'>N.</span> <span class='ocrx_word' id='word_1_389' title='bbox 1040 841 1072 866; x_wconf 91' lang='lat' dir='ltr'>D.</span> <span class='ocrx_word' id='word_1_390' title='bbox 1087 848 1114 873; x_wconf 87' lang='lat'>1,</span> <span class='ocrx_word' id='word_1_391' title='bbox 1134 846 1177 871; x_wconf 74' lang='lat'>105</span> <span class='ocrx_word' id='word_1_392' title='bbox 1196 847 1217 865; x_wconf 84' lang='lat' dir='ltr'>c·</span> <span class='ocrx_word' id='word_1_393' title='bbox 1230 845 1269 872; x_wconf 80' lang='lat'>37-</span> <span class='ocrx_word' id='word_1_394' title='bbox 1329 836 1455 871; x_wconf 75' lang='lat' dir='ltr'>cffirium</span> <span class='ocrx_word' id='word_1_395' title='bbox 1469 837 1510 871; x_wconf 75' lang='lat' dir='ltr'>est.</span> <span class='ocrx_word' id='word_1_396' title='bbox 1579 839 1631 866; x_wconf 86' lang='lat' dir='ltr'>Cui</span> <span class='ocrx_word' id='word_1_397' title='bbox 1648 837 1790 866; x_wconf 86' lang='lat' dir='ltr'>Proconsul</span> <span class='ocrx_word' id='word_1_398' title='bbox 1808 836 1930 871; x_wconf 83' lang='lat' dir='ltr'>genitor,</span> <span class='ocrx_word' id='word_1_399' title='bbox 1948 836 2096 872; x_wconf 65' lang='lat' dir='ltr'>praefectus</span> <span class='ocrx_word' id='word_1_400' title='bbox 2115 837 2260 863; x_wconf 77' lang='lat' dir='ltr'>auunculus</span> <span class='ocrx_word' id='word_1_401' title='bbox 2282 835 2379 864; x_wconf 84' lang='lat' dir='ltr'>instant</span> 
     </span>
    </p>
   </div>
   <div class='ocr_carea' id='block_1_6' title="bbox 222 872 2405 1163">
    <p class='ocr_par' dir='ltr' id='par_1_8' title="bbox 222 872 2405 1163">
     <span class='ocr_line' id='line_1_20' title="bbox 227 872 2405 913; baseline -0.004 -7"><span class='ocrx_word' id='word_1_402' title='bbox 227 885 331 911; x_wconf 74' lang='lat' dir='ltr'>Turres</span> <span class='ocrx_word' id='word_1_403' title='bbox 364 881 518 913; x_wconf 79' lang='lat' dir='ltr'>testudines,</span> <span class='ocrx_word' id='word_1_404' title='bbox 539 878 756 912; x_wconf 75' lang='lat' dir='ltr'>munitionesque</span> <span class='ocrx_word' id='word_1_405' title='bbox 789 877 861 903; x_wconf 81' lang='lat' dir='ltr'>Caes.</span> <span class='ocrx_word' id='word_1_406' title='bbox 877 877 906 903; x_wconf 91' lang='grc' dir='ltr'>Β.</span> <span class='ocrx_word' id='word_1_407' title='bbox 920 876 950 903; x_wconf 85' lang='lat' dir='ltr'>G.</span> <span class='ocrx_word' id='word_1_408' title='bbox 965 883 993 908; x_wconf 80' lang='grc'>5,</span> <span class='ocrx_word' id='word_1_409' title='bbox 1014 882 1053 908; x_wconf 73' lang='lat'>52.</span> <span class='ocrx_word' id='word_1_410' title='bbox 1132 874 1270 900; x_wconf 86' lang='lat' dir='ltr'>Diuinitus</span> <span class='ocrx_word' id='word_1_411' title='bbox 1331 873 1429 900; x_wconf 80' lang='lat' dir='ltr'>Auson.</span> <span class='ocrx_word' id='word_1_412' title='bbox 1444 873 1541 906; x_wconf 84' lang='lat' dir='ltr'>Eidyll.</span> <span class='ocrx_word' id='word_1_413' title='bbox 1553 883 1578 908; x_wconf 80' lang='grc' dir='ltr'>ς,</span> <span class='ocrx_word' id='word_1_414' title='bbox 1589 883 1636 908; x_wconf 89' lang='lat'>44.</span> <span class='ocrx_word' id='word_1_415' title='bbox 1672 876 1690 900; x_wconf 89' lang='lat' dir='ltr'>i.</span> <span class='ocrx_word' id='word_1_416' title='bbox 1706 881 1775 908; x_wconf 78' lang='lat' dir='ltr'>quem</span> <span class='ocrx_word' id='word_1_417' title='bbox 1790 874 1858 899; x_wconf 77' lang='lat' dir='ltr'>velut</span> <span class='ocrx_word' id='word_1_418' title='bbox 1871 879 1964 909; x_wconf 82' lang='lat' dir='ltr'>cogunt</span> <span class='ocrx_word' id='word_1_419' title='bbox 1978 873 2136 909; x_wconf 64' lang='lat' dir='ltr'>exemplofito</span> <span class='ocrx_word' id='word_1_420' title='bbox 2149 872 2183 899; x_wconf 83' lang='lat' dir='ltr'>ad</span> <span class='ocrx_word' id='word_1_421' title='bbox 2190 876 2329 904; x_wconf 78' lang='lat' dir='ltr'>virtutem,</span> <span class='ocrx_word' id='word_1_422' title='bbox 2347 877 2380 898; x_wconf 75' lang='lat' dir='ltr'>vt</span> <span class='ocrx_word' id='word_1_423' title='bbox 2403 885 2405 892; x_wconf 43' lang='lat' dir='ltr'>x</span> 
     </span>
     <span class='ocr_line' id='line_1_21' title="bbox 227 902 2380 948; baseline -0.006 -3"><span class='ocrx_word' id='word_1_424' title='bbox 227 920 309 946; x_wconf 89' lang='lat' dir='ltr'>multa</span> <span class='ocrx_word' id='word_1_425' title='bbox 323 902 347 944; x_wconf 60' lang='lat' dir='ltr'>a,</span> <span class='ocrx_word' id='word_1_426' title='bbox 357 916 504 943; x_wconf 85' lang='lat' dir='ltr'>maioribus</span> <span class='ocrx_word' id='word_1_427' title='bbox 522 915 629 941; x_wconf 86' lang='lat' dir='ltr'>inuenta</span> <span class='ocrx_word' id='word_1_428' title='bbox 647 919 726 947; x_wconf 90' lang='lat' dir='ltr'>atque</span> <span class='ocrx_word' id='word_1_429' title='bbox 745 912 864 938; x_wconf 86' lang='lat' dir='ltr'>instituta</span> <span class='ocrx_word' id='word_1_430' title='bbox 883 913 944 938; x_wconf 88' lang='lat' dir='ltr'>sunt</span> <span class='ocrx_word' id='word_1_431' title='bbox 977 911 1034 937; x_wconf 86' lang='lat' dir='ltr'>cie.</span> <span class='ocrx_word' id='word_1_432' title='bbox 1052 919 1103 946; x_wconf 86' lang='lat' dir='ltr'>pro</span> <span class='ocrx_word' id='word_1_433' title='bbox 1120 910 1209 936; x_wconf 89' lang='lat' dir='ltr'>Domo</span> <span class='ocrx_word' id='word_1_434' title='bbox 1223 915 1268 944; x_wconf 79' lang='lat' dir='ltr'>pr.</span> <span class='ocrx_word' id='word_1_435' title='bbox 1279 911 1315 930; x_wconf 87' lang='lat'>20</span> <span class='ocrx_word' id='word_1_436' title='bbox 1330 909 1415 935; x_wconf 76' lang='lat' dir='ltr'>Cicero</span> <span class='ocrx_word' id='word_1_437' title='bbox 1427 908 1610 938; x_wconf 82' lang='lat' dir='ltr'>Aduersariam</span> <span class='ocrx_word' id='word_1_438' title='bbox 1623 916 1694 936; x_wconf 79' lang='lat' dir='ltr'>vocat</span> <span class='ocrx_word' id='word_1_439' title='bbox 1706 907 1951 947; x_wconf 61' lang='lat' dir='ltr'>ExspeQationem,</span> <span class='ocrx_word' id='word_1_440' title='bbox 1971 914 2017 935; x_wconf 80' lang='lat' dir='ltr'>etc.</span> <span class='ocrx_word' id='word_1_441' title='bbox 2105 907 2162 934; x_wconf 83' lang='lat' dir='ltr'>Cic.</span> <span class='ocrx_word' id='word_1_442' title='bbox 2176 916 2226 942; x_wconf 89' lang='lat' dir='ltr'>pro</span> <span class='ocrx_word' id='word_1_443' title='bbox 2238 908 2332 948; x_wconf 72' lang='lat' dir='ltr'>Qiint.</span> <span class='ocrx_word' id='word_1_444' title='bbox 2345 915 2380 941; x_wconf 77' lang='lat'>34</span> 
     </span>
     <span class='ocr_line' id='line_1_22' title="bbox 225 942 2379 984; baseline -0.006 -3"><span class='ocrx_word' id='word_1_445' title='bbox 225 954 265 982; x_wconf 86' lang='lat' dir='ltr'>ld.</span> <span class='ocrx_word' id='word_1_446' title='bbox 278 954 310 980; x_wconf 88' lang='lat' dir='ltr'>de</span> <span class='ocrx_word' id='word_1_447' title='bbox 322 953 379 980; x_wconf 75' lang='lat' dir='ltr'>fin.</span> <span class='ocrx_word' id='word_1_448' title='bbox 392 961 404 984; x_wconf 98' lang='lat'>3</span> <span class='ocrx_word' id='word_1_449' title='bbox 420 962 443 978; x_wconf 88' lang='lat' dir='ltr'>c.</span> <span class='ocrx_word' id='word_1_450' title='bbox 456 960 468 983; x_wconf 82' lang='lat'>3</span> <span class='ocrx_word' id='word_1_451' title='bbox 499 949 614 977; x_wconf 77' lang='lat' dir='ltr'>instituti</span> <span class='ocrx_word' id='word_1_452' title='bbox 629 957 643 974; x_wconf 87' lang='lat' dir='ltr'>a</span> <span class='ocrx_word' id='word_1_453' title='bbox 655 955 763 980; x_wconf 83' lang='lat' dir='ltr'>natura,</span> <span class='ocrx_word' id='word_1_454' title='bbox 781 947 889 979; x_wconf 72' lang='lat' dir='ltr'>eruditi,</span> <span class='ocrx_word' id='word_1_455' title='bbox 913 947 1025 977; x_wconf 75' lang='lat' dir='ltr'>formati.</span> <span class='ocrx_word' id='word_1_456' title='bbox 1098 944 1228 978; x_wconf 72' lang='lat' dir='ltr'>Qiinciil-</span> <span class='ocrx_word' id='word_1_457' title='bbox 1243 953 1270 977; x_wconf 89' lang='lat'>2,</span> <span class='ocrx_word' id='word_1_458' title='bbox 1331 953 1353 971; x_wconf 86' lang='lat' dir='ltr'>c.</span> <span class='ocrx_word' id='word_1_459' title='bbox 1369 953 1398 970; x_wconf 91' lang='lat' dir='ltr'>io</span> <span class='ocrx_word' id='word_1_460' title='bbox 1433 945 1534 971; x_wconf 88' lang='lat' dir='ltr'>Verum</span> <span class='ocrx_word' id='word_1_461' title='bbox 1554 946 1682 980; x_wconf 88' lang='lat' dir='ltr'>quoniam</span> <span class='ocrx_word' id='word_1_462' title='bbox 1701 944 1754 970; x_wconf 83' lang='lat' dir='ltr'>tibi</span> <span class='ocrx_word' id='word_1_463' title='bbox 1776 943 1854 970; x_wconf 82' lang='lat' dir='ltr'>instat</span> <span class='ocrx_word' id='word_1_464' title='bbox 1877 943 2042 977; x_wconf 72' lang='lat' dir='ltr'>Hortensius,</span> <span class='ocrx_word' id='word_1_465' title='bbox 2061 948 2091 970; x_wconf 89' lang='lat' dir='ltr'>vt</span> <span class='ocrx_word' id='word_1_466' title='bbox 2115 952 2157 970; x_wconf 78' lang='lat' dir='ltr'>eas</span> <span class='ocrx_word' id='word_1_467' title='bbox 2177 945 2207 970; x_wconf 90' lang='lat' dir='ltr'>in</span> <span class='ocrx_word' id='word_1_468' title='bbox 2227 942 2379 969; x_wconf 84' lang='lat' dir='ltr'>confilium.</span> 
     </span>
     <span class='ocr_line' id='line_1_23' title="bbox 225 977 2380 1016; baseline -0.004 -1"><span class='ocrx_word' id='word_1_469' title='bbox 225 997 250 1016; x_wconf 89' lang='grc' dir='ltr'>ιι</span> <span class='ocrx_word' id='word_1_470' title='bbox 274 990 342 1015; x_wconf 86' lang='lat' dir='ltr'>Bene</span> <span class='ocrx_word' id='word_1_471' title='bbox 355 987 474 1013; x_wconf 84' lang='lat' dir='ltr'>instituto</span> <span class='ocrx_word' id='word_1_472' title='bbox 486 995 514 1012; x_wconf 93' lang='lat' dir='ltr'>ac</span> <span class='ocrx_word' id='word_1_473' title='bbox 527 985 585 1011; x_wconf 83' lang='lat' dir='ltr'>satis</span> <span class='ocrx_word' id='word_1_474' title='bbox 599 983 754 1011; x_wconf 72' lang='lat' dir='ltr'>exercitato:</span> <span class='ocrx_word' id='word_1_475' title='bbox 828 977 975 1016; x_wconf 72' lang='lat' dir='ltr'>Diligentia</span> <span class='ocrx_word' id='word_1_476' title='bbox 989 981 1100 1007; x_wconf 85' lang='lat' dir='ltr'>alicuius</span> <span class='ocrx_word' id='word_1_477' title='bbox 1113 981 1179 1007; x_wconf 87' lang='lat' dir='ltr'>bene</span> <span class='ocrx_word' id='word_1_478' title='bbox 1197 979 1271 1006; x_wconf 89' lang='lat' dir='ltr'>insti·</span> <span class='ocrx_word' id='word_1_479' title='bbox 1330 980 1517 1014; x_wconf 84' lang='lat' dir='ltr'>Euincuntque</span> <span class='ocrx_word' id='word_1_480' title='bbox 1528 981 1663 1012; x_wconf 86' lang='lat' dir='ltr'>instando,</span> <span class='ocrx_word' id='word_1_481' title='bbox 1680 985 1709 1006; x_wconf 89' lang='lat' dir='ltr'>vt</span> <span class='ocrx_word' id='word_1_482' title='bbox 1721 980 1814 1006; x_wconf 84' lang='lat' dir='ltr'>literae</span> <span class='ocrx_word' id='word_1_483' title='bbox 1827 978 1877 1005; x_wconf 88' lang='lat' dir='ltr'>fibi</span> <span class='ocrx_word' id='word_1_484' title='bbox 1889 978 1921 1005; x_wconf 88' lang='lat' dir='ltr'>ad</span> <span class='ocrx_word' id='word_1_485' title='bbox 1928 979 2096 1014; x_wconf 78' lang='lat' dir='ltr'>Tarquinios</span> <span class='ocrx_word' id='word_1_486' title='bbox 2104 978 2231 1006; x_wconf 83' lang='lat' dir='ltr'>darentur</span> <span class='ocrx_word' id='word_1_487' title='bbox 2249 979 2380 1013; x_wconf 82' lang='lat' dir='ltr'>Liu.2,4.</span> 
     </span>
     <span class='ocr_line' id='line_1_24' title="bbox 224 1014 2380 1058; baseline -0.005 -7"><span class='ocrx_word' id='word_1_488' title='bbox 224 1030 294 1052; x_wconf 83' lang='lat' dir='ltr'>tutus</span> <span class='ocrx_word' id='word_1_489' title='bbox 309 1024 404 1058; x_wconf 88' lang='lat' dir='ltr'>aliquis</span> <span class='ocrx_word' id='word_1_490' title='bbox 430 1022 485 1048; x_wconf 90' lang='lat' dir='ltr'>Cic.</span> <span class='ocrx_word' id='word_1_491' title='bbox 500 1020 531 1046; x_wconf 85' lang='lat' dir='ltr'>de</span> <span class='ocrx_word' id='word_1_492' title='bbox 543 1020 614 1046; x_wconf 88' lang='lat' dir='ltr'>Clar.</span> <span class='ocrx_word' id='word_1_493' title='bbox 629 1020 702 1047; x_wconf 88' lang='lat' dir='ltr'>Orat.</span> <span class='ocrx_word' id='word_1_494' title='bbox 717 1027 771 1052; x_wconf 82' lang='lat'>239.</span> <span class='ocrx_word' id='word_1_495' title='bbox 863 1017 992 1045; x_wconf 66' lang='lat' dir='ltr'>Doctrina</span> <span class='ocrx_word' id='word_1_496' title='bbox 1005 1016 1152 1042; x_wconf 75' lang='lat' dir='ltr'>liberaliter</span> <span class='ocrx_word' id='word_1_497' title='bbox 1167 1016 1270 1042; x_wconf 85' lang='lat' dir='ltr'>institu-</span> <span class='ocrx_word' id='word_1_498' title='bbox 1331 1014 1464 1049; x_wconf 71' lang='lat' dir='ltr'>Quinffil.</span> <span class='ocrx_word' id='word_1_499' title='bbox 1478 1023 1510 1050; x_wconf 92' lang='lat'>7,</span> <span class='ocrx_word' id='word_1_500' title='bbox 1529 1024 1543 1048; x_wconf 88' lang='lat'>3</span> <span class='ocrx_word' id='word_1_501' title='bbox 1560 1017 1699 1044; x_wconf 49' lang='lat' dir='ltr'>&amp;tronus</span> <span class='ocrx_word' id='word_1_502' title='bbox 1718 1023 1784 1042; x_wconf 85' lang='lat' dir='ltr'>vero</span> <span class='ocrx_word' id='word_1_503' title='bbox 1799 1015 1903 1049; x_wconf 84' lang='lat' dir='ltr'>quoties</span> <span class='ocrx_word' id='word_1_504' title='bbox 1916 1015 2029 1049; x_wconf 87' lang='lat' dir='ltr'>poterit,</span> <span class='ocrx_word' id='word_1_505' title='bbox 2056 1015 2165 1042; x_wconf 81' lang='lat' dir='ltr'>instabit</span> <span class='ocrx_word' id='word_1_506' title='bbox 2177 1014 2241 1041; x_wconf 90' lang='lat' dir='ltr'>huie</span> <span class='ocrx_word' id='word_1_507' title='bbox 2253 1014 2329 1047; x_wconf 86' lang='lat' dir='ltr'>loeo,</span> <span class='ocrx_word' id='word_1_508' title='bbox 2348 1018 2380 1041; x_wconf 81' lang='lat' dir='ltr'>vt</span> 
     </span>
     <span class='ocr_line' id='line_1_25' title="bbox 225 1049 2381 1089; baseline -0.006 -2"><span class='ocrx_word' id='word_1_509' title='bbox 225 1065 266 1087; x_wconf 85' lang='lat' dir='ltr'>tus</span> <span class='ocrx_word' id='word_1_510' title='bbox 295 1059 334 1085; x_wconf 92' lang='lat' dir='ltr'>Id.</span> <span class='ocrx_word' id='word_1_511' title='bbox 351 1059 382 1084; x_wconf 83' lang='lat' dir='ltr'>de</span> <span class='ocrx_word' id='word_1_512' title='bbox 397 1059 470 1084; x_wconf 85' lang='lat' dir='ltr'>Orat.</span> <span class='ocrx_word' id='word_1_513' title='bbox 479 1066 504 1089; x_wconf 84' lang='lat'>2,</span> <span class='ocrx_word' id='word_1_514' title='bbox 520 1058 563 1082; x_wconf 86' lang='lat'>126</span> <span class='ocrx_word' id='word_1_515' title='bbox 575 1065 596 1082; x_wconf 94' lang='lat' dir='ltr'>c.</span> <span class='ocrx_word' id='word_1_516' title='bbox 609 1063 648 1087; x_wconf 92' lang='lat'>39.</span> <span class='ocrx_word' id='word_1_517' title='bbox 720 1055 776 1082; x_wconf 89' lang='lat' dir='ltr'>Cic.</span> <span class='ocrx_word' id='word_1_518' title='bbox 790 1063 839 1089; x_wconf 85' lang='lat' dir='ltr'>pro</span> <span class='ocrx_word' id='word_1_519' title='bbox 851 1055 940 1081; x_wconf 83' lang='lat' dir='ltr'>Domo</span> <span class='ocrx_word' id='word_1_520' title='bbox 954 1061 996 1086; x_wconf 87' lang='lat'>141</span> <span class='ocrx_word' id='word_1_521' title='bbox 1029 1052 1125 1087; x_wconf 90' lang='lat' dir='ltr'>Neque</span> <span class='ocrx_word' id='word_1_522' title='bbox 1140 1051 1272 1078; x_wconf 78' lang='lat' dir='ltr'>institutas</span> <span class='ocrx_word' id='word_1_523' title='bbox 1330 1051 1401 1078; x_wconf 88' lang='lat' dir='ltr'>niliil</span> <span class='ocrx_word' id='word_1_524' title='bbox 1416 1050 1544 1078; x_wconf 86' lang='lat' dir='ltr'>credibile</span> <span class='ocrx_word' id='word_1_525' title='bbox 1556 1051 1586 1079; x_wconf 83' lang='lat' dir='ltr'>sit</span> <span class='ocrx_word' id='word_1_526' title='bbox 1597 1052 1698 1079; x_wconf 65' lang='lat' dir='ltr'>facium</span> <span class='ocrx_word' id='word_1_527' title='bbox 1712 1052 1761 1077; x_wconf 77' lang='lat' dir='ltr'>csse</span> <span class='ocrx_word' id='word_1_528' title='bbox 1776 1050 1830 1077; x_wconf 81' lang='lat' dir='ltr'>fine</span> <span class='ocrx_word' id='word_1_529' title='bbox 1841 1050 1925 1078; x_wconf 84' lang='lat' dir='ltr'>causa.</span> <span class='ocrx_word' id='word_1_530' title='bbox 1997 1051 2092 1077; x_wconf 86' lang='lat' dir='ltr'>Famae</span> <span class='ocrx_word' id='word_1_531' title='bbox 2106 1049 2272 1082; x_wconf 84' lang='lat' dir='ltr'>instandum,</span> <span class='ocrx_word' id='word_1_532' title='bbox 2291 1056 2321 1076; x_wconf 82' lang='lat' dir='ltr'>vt</span> <span class='ocrx_word' id='word_1_533' title='bbox 2333 1049 2381 1076; x_wconf 80' lang='lat' dir='ltr'>illa</span> 
     </span>
     <span class='ocr_line' id='line_1_26' title="bbox 223 1084 2382 1127; baseline -0.005 -5"><span class='ocrx_word' id='word_1_534' title='bbox 223 1094 396 1122; x_wconf 81' lang='lat' dir='ltr'>caerimonias</span> <span class='ocrx_word' id='word_1_535' title='bbox 410 1092 538 1127; x_wconf 87' lang='lat' dir='ltr'>persequi.</span> <span class='ocrx_word' id='word_1_536' title='bbox 608 1091 683 1117; x_wconf 89' lang='lat' dir='ltr'>Idem</span> <span class='ocrx_word' id='word_1_537' title='bbox 695 1100 744 1125; x_wconf 88' lang='lat' dir='ltr'>pro</span> <span class='ocrx_word' id='word_1_538' title='bbox 757 1090 861 1116; x_wconf 87' lang='lat' dir='ltr'>Cluent.</span> <span class='ocrx_word' id='word_1_539' title='bbox 869 1092 906 1123; x_wconf 83' lang='lat'>64</span> <span class='ocrx_word' id='word_1_540' title='bbox 932 1087 1010 1115; x_wconf 87' lang='lat' dir='ltr'>Nihil</span> <span class='ocrx_word' id='word_1_541' title='bbox 1023 1093 1076 1114; x_wconf 88' lang='lat' dir='ltr'>tam</span> <span class='ocrx_word' id='word_1_542' title='bbox 1088 1094 1223 1114; x_wconf 79' lang='lat' dir='ltr'>remotum</span> <span class='ocrx_word' id='word_1_543' title='bbox 1238 1087 1271 1114; x_wconf 83' lang='lat' dir='ltr'>ab</span> <span class='ocrx_word' id='word_1_544' title='bbox 1282 1084 1315 1112; x_wconf 78' lang='lat'>25</span> <span class='ocrx_word' id='word_1_545' title='bbox 1331 1094 1432 1114; x_wconf 76' lang='lat' dir='ltr'>utamur</span> <span class='ocrx_word' id='word_1_546' title='bbox 1464 1087 1554 1114; x_wconf 77' lang='lat' dir='ltr'>Tacit.</span> <span class='ocrx_word' id='word_1_547' title='bbox 1567 1087 1596 1114; x_wconf 90' lang='lat' dir='ltr'>in</span> <span class='ocrx_word' id='word_1_548' title='bbox 1607 1088 1663 1114; x_wconf 91' lang='lat' dir='ltr'>vita</span> <span class='ocrx_word' id='word_1_549' title='bbox 1678 1087 1766 1122; x_wconf 82' lang='lat' dir='ltr'>Agric.</span> <span class='ocrx_word' id='word_1_550' title='bbox 1781 1091 1816 1116; x_wconf 86' lang='lat'>18.</span> <span class='ocrx_word' id='word_1_551' title='bbox 1905 1085 1972 1112; x_wconf 77' lang='lat' dir='ltr'>Ptin.</span> <span class='ocrx_word' id='word_1_552' title='bbox 1986 1095 2015 1120; x_wconf 88' lang='lat'>7,</span> <span class='ocrx_word' id='word_1_553' title='bbox 2032 1094 2062 1119; x_wconf 78' lang='lat'>52.</span> <span class='ocrx_word' id='word_1_554' title='bbox 2093 1087 2113 1113; x_wconf 84' lang='grc' dir='ltr'>Ε</span> <span class='ocrx_word' id='word_1_555' title='bbox 2133 1085 2237 1113; x_wconf 82' lang='lat' dir='ltr'>duobus</span> <span class='ocrx_word' id='word_1_556' title='bbox 2251 1084 2382 1112; x_wconf 72' lang='lat' dir='ltr'>fratribu-</span> 
     </span>
     <span class='ocr_line' id='line_1_27' title="bbox 222 1121 2382 1163; baseline -0.005 -6"><span class='ocrx_word' id='word_1_557' title='bbox 222 1130 398 1161; x_wconf 79' lang='lat' dir='ltr'>accusatione,</span> <span class='ocrx_word' id='word_1_558' title='bbox 415 1137 495 1163; x_wconf 87' lang='lat' dir='ltr'>quam</span> <span class='ocrx_word' id='word_1_559' title='bbox 508 1126 646 1153; x_wconf 84' lang='lat' dir='ltr'>Cluentius</span> <span class='ocrx_word' id='word_1_560' title='bbox 661 1132 686 1153; x_wconf 88' lang='lat' dir='ltr'>et</span> <span class='ocrx_word' id='word_1_561' title='bbox 699 1132 807 1157; x_wconf 80' lang='lat' dir='ltr'>natura,</span> <span class='ocrx_word' id='word_1_562' title='bbox 831 1131 857 1153; x_wconf 87' lang='lat' dir='ltr'>et</span> <span class='ocrx_word' id='word_1_563' title='bbox 871 1124 1025 1156; x_wconf 85' lang='lat' dir='ltr'>voluntate,</span> <span class='ocrx_word' id='word_1_564' title='bbox 1051 1128 1076 1161; x_wconf 53' lang='lat'>²3</span> <span class='ocrx_word' id='word_1_565' title='bbox 1095 1123 1214 1150; x_wconf 80' lang='lat' dir='ltr'>instituta</span> <span class='ocrx_word' id='word_1_566' title='bbox 1231 1131 1272 1150; x_wconf 87' lang='lat' dir='ltr'>ra·</span> <span class='ocrx_word' id='word_1_567' title='bbox 1330 1122 1465 1157; x_wconf 79' lang='lat' dir='ltr'>Equestris</span> <span class='ocrx_word' id='word_1_568' title='bbox 1479 1122 1581 1150; x_wconf 69' lang='lat' dir='ltr'>ordinis</span> <span class='ocrx_word' id='word_1_569' title='bbox 1599 1122 1722 1150; x_wconf 87' lang='lat' dir='ltr'>Corfidio</span> <span class='ocrx_word' id='word_1_570' title='bbox 1740 1121 1840 1148; x_wconf 89' lang='lat' dir='ltr'>maiori</span> <span class='ocrx_word' id='word_1_571' title='bbox 1859 1121 1978 1148; x_wconf 83' lang='lat' dir='ltr'>accidisse</span> <span class='ocrx_word' id='word_1_572' title='bbox 1985 1141 1995 1155; x_wconf 83' lang='lat'>,</span> <span class='ocrx_word' id='word_1_573' title='bbox 2021 1127 2050 1148; x_wconf 89' lang='lat' dir='ltr'>vt</span> <span class='ocrx_word' id='word_1_574' title='bbox 2068 1121 2207 1149; x_wconf 85' lang='lat' dir='ltr'>videretur</span> <span class='ocrx_word' id='word_1_575' title='bbox 2225 1121 2382 1155; x_wconf 78' lang='lat' dir='ltr'>exspirasse,</span> 
     </span>
    </p>
   </div>
   <div class='ocr_carea' id='block_1_7' title="bbox 221 1155 2388 1699">
    <p class='ocr_par' dir='ltr' id='par_1_9' title="bbox 222 1155 2383 1194">
     <span class='ocr_line' id='line_1_28' title="bbox 222 1155 2383 1194; baseline -0.003 -5"><span class='ocrx_word' id='word_1_576' title='bbox 222 1167 298 1194; x_wconf 67' lang='lat' dir='ltr'>tione</span> <span class='ocrx_word' id='word_1_577' title='bbox 323 1166 402 1192; x_wconf 75' lang='lat' dir='ltr'>vitae.</span> <span class='ocrx_word' id='word_1_578' title='bbox 1329 1163 1476 1193; x_wconf 79' lang='lat' dir='ltr'>apertoque</span> <span class='ocrx_word' id='word_1_579' title='bbox 1499 1158 1653 1186; x_wconf 84' lang='lat' dir='ltr'>testamento</span> <span class='ocrx_word' id='word_1_580' title='bbox 1678 1158 1817 1184; x_wconf 86' lang='lat' dir='ltr'>recitatum</span> <span class='ocrx_word' id='word_1_581' title='bbox 1841 1157 1967 1184; x_wconf 81' lang='lat' dir='ltr'>heredem</span> <span class='ocrx_word' id='word_1_582' title='bbox 1988 1157 2123 1184; x_wconf 87' lang='lat' dir='ltr'>minorem</span> <span class='ocrx_word' id='word_1_583' title='bbox 2140 1157 2231 1184; x_wconf 89' lang='lat' dir='ltr'>funeri</span> <span class='ocrx_word' id='word_1_584' title='bbox 2250 1155 2383 1184; x_wconf 79' lang='lat' dir='ltr'>institisse:</span> 
     </span>
    </p>

    <p class='ocr_par' dir='ltr' id='par_1_10' title="bbox 221 1192 2388 1699">
     <span class='ocr_line' id='line_1_29' title="bbox 260 1192 2382 1232; baseline -0.004 -4"><span class='ocrx_word' id='word_1_585' title='bbox 260 1209 270 1227; x_wconf 90' lang='lat'>1</span> <span class='ocrx_word' id='word_1_586' title='bbox 279 1208 322 1229; x_wconf 85' lang='lat' dir='ltr'>Ns</span> <span class='ocrx_word' id='word_1_587' title='bbox 335 1207 355 1227; x_wconf 75' lang='lat' dir='ltr'>&#39;r</span> <span class='ocrx_word' id='word_1_588' title='bbox 369 1207 378 1226; x_wconf 92' lang='lat'>1</span> <span class='ocrx_word' id='word_1_589' title='bbox 389 1206 410 1227; x_wconf 84' lang='lat' dir='ltr'><strong>T</strong></span> <span class='ocrx_word' id='word_1_590' title='bbox 419 1199 440 1226; x_wconf 60' lang='lat' dir='ltr'>V*</span> <span class='ocrx_word' id='word_1_591' title='bbox 450 1205 471 1226; x_wconf 75' lang='lat' dir='ltr'>&#39;r</span> <span class='ocrx_word' id='word_1_592' title='bbox 482 1204 538 1225; x_wconf 82' lang='lat' dir='ltr'>VM</span> <span class='ocrx_word' id='word_1_593' title='bbox 547 1218 556 1230; x_wconf 90' lang='lat'>,</span> <span class='ocrx_word' id='word_1_594' title='bbox 578 1197 598 1224; x_wconf 89' lang='lat' dir='ltr'>i.</span> <span class='ocrx_word' id='word_1_595' title='bbox 621 1205 649 1223; x_wconf 86' lang='lat' dir='ltr'>n.</span> <span class='ocrx_word' id='word_1_596' title='bbox 692 1196 706 1230; x_wconf 94' lang='lat'>[</span> <span class='ocrx_word' id='word_1_597' title='bbox 711 1197 855 1232; x_wconf 66' lang='grc' dir='ltr'>προαίρεσις,</span> <span class='ocrx_word' id='word_1_598' title='bbox 874 1195 946 1229; x_wconf 60' lang='grc' dir='ltr'>ἔθος]</span> <span class='ocrx_word' id='word_1_599' title='bbox 995 1193 1070 1231; x_wconf 74' lang='lat' dir='ltr'>Qod</span> <span class='ocrx_word' id='word_1_600' title='bbox 1080 1197 1137 1230; x_wconf 85' lang='lat' dir='ltr'>quis</span> <span class='ocrx_word' id='word_1_601' title='bbox 1148 1192 1270 1227; x_wconf 79' lang='lat' dir='ltr'>instituit.</span> <span class='ocrx_word' id='word_1_602' title='bbox 1330 1193 1440 1221; x_wconf 81' lang='lat' dir='ltr'>interim</span> <span class='ocrx_word' id='word_1_603' title='bbox 1455 1202 1529 1226; x_wconf 88' lang='lat' dir='ltr'>eum,</span> <span class='ocrx_word' id='word_1_604' title='bbox 1549 1196 1595 1221; x_wconf 72' lang='lat' dir='ltr'>eto.</span> <span class='ocrx_word' id='word_1_605' title='bbox 1642 1196 1646 1198; x_wconf 62' lang='grc'><strong>“</strong></span> <span class='ocrx_word' id='word_1_606' title='bbox 1665 1194 1750 1220; x_wconf 84' lang='lat' dir='ltr'>Furto</span> <span class='ocrx_word' id='word_1_607' title='bbox 1760 1192 1880 1220; x_wconf 80' lang='lat' dir='ltr'>feruidus</span> <span class='ocrx_word' id='word_1_608' title='bbox 1894 1193 1972 1220; x_wconf 83' lang='lat' dir='ltr'>instat</span> <span class='ocrx_word' id='word_1_609' title='bbox 1991 1193 2068 1228; x_wconf 81' lang='lat' dir='ltr'>Virg.</span> <span class='ocrx_word' id='word_1_610' title='bbox 2080 1194 2146 1220; x_wconf 79' lang='lat' dir='ltr'>Aen.</span> <span class='ocrx_word' id='word_1_611' title='bbox 2157 1201 2184 1226; x_wconf 93' lang='lat'>9,</span> <span class='ocrx_word' id='word_1_612' title='bbox 2196 1201 2251 1225; x_wconf 80' lang='lat'>350.</span> <span class='ocrx_word' id='word_1_613' title='bbox 2323 1192 2382 1219; x_wconf 66' lang='lat' dir='ltr'>Ma-</span> 
     </span>
     <span class='ocr_line' id='line_1_30' title="bbox 224 1228 2382 1270; baseline -0.004 -7"><span class='ocrx_word' id='word_1_614' title='bbox 224 1238 284 1265; x_wconf 77' lang='grc' dir='ltr'>Μω-</span> <span class='ocrx_word' id='word_1_615' title='bbox 293 1257 301 1269; x_wconf 89' lang='grc'>,</span> <span class='ocrx_word' id='word_1_616' title='bbox 322 1238 386 1267; x_wconf 83' lang='lat' dir='ltr'>Lex,</span> <span class='ocrx_word' id='word_1_617' title='bbox 413 1234 576 1270; x_wconf 78' lang='lat' dir='ltr'>Consuetudo,</span> <span class='ocrx_word' id='word_1_618' title='bbox 618 1231 723 1267; x_wconf 81' lang='lat' dir='ltr'>uidqm&#39;d</span> <span class='ocrx_word' id='word_1_619' title='bbox 731 1233 819 1268; x_wconf 77' lang='lat' dir='ltr'>facere</span> <span class='ocrx_word' id='word_1_620' title='bbox 833 1235 953 1267; x_wconf 74' lang='lat' dir='ltr'>coepimus</span> <span class='ocrx_word' id='word_1_621' title='bbox 967 1240 1019 1257; x_wconf 81' lang='lat' dir='ltr'>cum</span> <span class='ocrx_word' id='word_1_622' title='bbox 1034 1230 1131 1264; x_wconf 63' lang='lat' dir='ltr'>consilio</span> <span class='ocrx_word' id='word_1_623' title='bbox 1139 1229 1271 1266; x_wconf 74' lang='lat' dir='ltr'>pergendi.</span> <span class='ocrx_word' id='word_1_624' title='bbox 1332 1229 1436 1256; x_wconf 88' lang='lat' dir='ltr'>ioribus</span> <span class='ocrx_word' id='word_1_625' title='bbox 1449 1230 1544 1256; x_wconf 76' lang='lat' dir='ltr'>animis</span> <span class='ocrx_word' id='word_1_626' title='bbox 1558 1229 1634 1256; x_wconf 87' lang='lat' dir='ltr'>instat</span> <span class='ocrx_word' id='word_1_627' title='bbox 1661 1228 1743 1255; x_wconf 86' lang='lat' dir='ltr'>Ouid.</span> <span class='ocrx_word' id='word_1_628' title='bbox 1758 1228 1790 1254; x_wconf 85' lang='lat' dir='ltr'>de</span> <span class='ocrx_word' id='word_1_629' title='bbox 1803 1229 1868 1255; x_wconf 84' lang='lat' dir='ltr'>Arte</span> <span class='ocrx_word' id='word_1_630' title='bbox 1883 1230 1942 1256; x_wconf 87' lang='lat' dir='ltr'>Am.</span> <span class='ocrx_word' id='word_1_631' title='bbox 1956 1237 1986 1261; x_wconf 82' lang='lat'>2,</span> <span class='ocrx_word' id='word_1_632' title='bbox 1998 1236 2049 1262; x_wconf 75' lang='lat'>535.</span> <span class='ocrx_word' id='word_1_633' title='bbox 2120 1228 2196 1263; x_wconf 79' lang='lat' dir='ltr'>Virg.</span> <span class='ocrx_word' id='word_1_634' title='bbox 2209 1229 2274 1255; x_wconf 89' lang='lat' dir='ltr'>Aen.</span> <span class='ocrx_word' id='word_1_635' title='bbox 2289 1236 2315 1260; x_wconf 89' lang='lat'>1,</span> <span class='ocrx_word' id='word_1_636' title='bbox 2326 1235 2382 1261; x_wconf 82' lang='lat'>504</span> 
     </span>
     <span class='ocr_line' id='line_1_31' title="bbox 222 1263 2383 1306; baseline -0.004 -8"><span class='ocrx_word' id='word_1_637' title='bbox 222 1271 356 1306; x_wconf 67' lang='lat' dir='ltr'>Qiinffll.</span> <span class='ocrx_word' id='word_1_638' title='bbox 371 1279 381 1297; x_wconf 88' lang='lat'>1</span> <span class='ocrx_word' id='word_1_639' title='bbox 394 1291 402 1303; x_wconf 96' lang='lat'>,</span> <span class='ocrx_word' id='word_1_640' title='bbox 416 1279 429 1297; x_wconf 85' lang='lat'>2</span> <span class='ocrx_word' id='word_1_641' title='bbox 441 1290 449 1303; x_wconf 93' lang='lat'>,</span> <span class='ocrx_word' id='word_1_642' title='bbox 472 1271 500 1296; x_wconf 88' lang='grc' dir='ltr'>ι6</span> <span class='ocrx_word' id='word_1_643' title='bbox 524 1269 552 1295; x_wconf 78' lang='lat' dir='ltr'>de</span> <span class='ocrx_word' id='word_1_644' title='bbox 575 1269 595 1295; x_wconf 91' lang='lat' dir='ltr'><strong><em>C</em></strong></span> <span class='ocrx_word' id='word_1_645' title='bbox 611 1267 723 1303; x_wconf 64' lang='lat' dir='ltr'>ryfipch,</span> <span class='ocrx_word' id='word_1_646' title='bbox 752 1268 823 1295; x_wconf 89' lang='lat' dir='ltr'>Nam</span> <span class='ocrx_word' id='word_1_647' title='bbox 836 1268 874 1300; x_wconf 90' lang='lat' dir='ltr'>is,</span> <span class='ocrx_word' id='word_1_648' title='bbox 892 1267 1013 1302; x_wconf 83' lang='lat' dir='ltr'>quamuis</span> <span class='ocrx_word' id='word_1_649' title='bbox 1027 1266 1177 1293; x_wconf 82' lang='lat' dir='ltr'>nutricibus</span> <span class='ocrx_word' id='word_1_650' title='bbox 1190 1265 1272 1292; x_wconf 73' lang='lat' dir='ltr'>tricu-</span> <span class='ocrx_word' id='word_1_651' title='bbox 1282 1264 1316 1289; x_wconf 82' lang='lat'>30</span> <span class='ocrx_word' id='word_1_652' title='bbox 1331 1265 1411 1292; x_wconf 78' lang='lat' dir='ltr'>Talis</span> <span class='ocrx_word' id='word_1_653' title='bbox 1424 1271 1479 1292; x_wconf 77' lang='lat' dir='ltr'>erat</span> <span class='ocrx_word' id='word_1_654' title='bbox 1492 1264 1578 1298; x_wconf 82' lang='lat' dir='ltr'>Dido,</span> <span class='ocrx_word' id='word_1_655' title='bbox 1593 1265 1672 1292; x_wconf 81' lang='lat' dir='ltr'>talem</span> <span class='ocrx_word' id='word_1_656' title='bbox 1687 1265 1712 1290; x_wconf 88' lang='lat' dir='ltr'>se</span> <span class='ocrx_word' id='word_1_657' title='bbox 1725 1264 1792 1290; x_wconf 86' lang='lat' dir='ltr'>laeta</span> <span class='ocrx_word' id='word_1_658' title='bbox 1804 1263 1907 1291; x_wconf 85' lang='lat' dir='ltr'>ferebat</span> <span class='ocrx_word' id='word_1_659' title='bbox 1942 1265 1991 1291; x_wconf 81' lang='lat' dir='ltr'>Per</span> <span class='ocrx_word' id='word_1_660' title='bbox 2003 1263 2107 1291; x_wconf 86' lang='lat' dir='ltr'>medios</span> <span class='ocrx_word' id='word_1_661' title='bbox 2123 1264 2219 1291; x_wconf 88' lang='lat' dir='ltr'>instans</span> <span class='ocrx_word' id='word_1_662' title='bbox 2227 1264 2322 1299; x_wconf 84' lang='lat' dir='ltr'>Operi,</span> <span class='ocrx_word' id='word_1_663' title='bbox 2339 1271 2383 1290; x_wconf 86' lang='lat' dir='ltr'>re-</span> 
     </span>
     <span class='ocr_line' id='line_1_32' title="bbox 223 1299 2384 1338; baseline -0.004 -4"><span class='ocrx_word' id='word_1_664' title='bbox 223 1309 298 1334; x_wconf 87' lang='lat' dir='ltr'>nium</span> <span class='ocrx_word' id='word_1_665' title='bbox 313 1306 425 1338; x_wconf 83' lang='lat' dir='ltr'>dederit,</span> <span class='ocrx_word' id='word_1_666' title='bbox 447 1312 533 1331; x_wconf 86' lang='lat' dir='ltr'>tamen</span> <span class='ocrx_word' id='word_1_667' title='bbox 546 1304 578 1330; x_wconf 88' lang='lat' dir='ltr'>ab</span> <span class='ocrx_word' id='word_1_668' title='bbox 593 1304 646 1330; x_wconf 85' lang='lat' dir='ltr'>illis</span> <span class='ocrx_word' id='word_1_669' title='bbox 660 1312 767 1338; x_wconf 86' lang='lat' dir='ltr'>quoque</span> <span class='ocrx_word' id='word_1_670' title='bbox 780 1304 834 1330; x_wconf 88' lang='lat' dir='ltr'>iam</span> <span class='ocrx_word' id='word_1_671' title='bbox 848 1302 1054 1334; x_wconf 78' lang='lat' dir='ltr'>informandam,</span> <span class='ocrx_word' id='word_1_672' title='bbox 1068 1310 1148 1336; x_wconf 85' lang='lat' dir='ltr'>quam</span> <span class='ocrx_word' id='word_1_673' title='bbox 1160 1301 1271 1336; x_wconf 79' lang='lat' dir='ltr'>optimis</span> <span class='ocrx_word' id='word_1_674' title='bbox 1331 1301 1443 1336; x_wconf 85' lang='lat' dir='ltr'>gnisque</span> <span class='ocrx_word' id='word_1_675' title='bbox 1457 1301 1564 1330; x_wconf 74' lang='lat' dir='ltr'>futuris.</span> <span class='ocrx_word' id='word_1_676' title='bbox 1638 1300 1705 1328; x_wconf 79' lang='lat' dir='ltr'>Ptin,</span> <span class='ocrx_word' id='word_1_677' title='bbox 1717 1299 1747 1326; x_wconf 90' lang='lat' dir='ltr'>in</span> <span class='ocrx_word' id='word_1_678' title='bbox 1760 1299 1853 1334; x_wconf 77' lang='lat' dir='ltr'>Paneg.</span> <span class='ocrx_word' id='word_1_679' title='bbox 1868 1309 1889 1326; x_wconf 87' lang='lat' dir='ltr'>c.</span> <span class='ocrx_word' id='word_1_680' title='bbox 1903 1305 1930 1330; x_wconf 72' lang='lat'>18</span> <span class='ocrx_word' id='word_1_681' title='bbox 1961 1300 1993 1327; x_wconf 82' lang='lat' dir='ltr'>Es:</span> <span class='ocrx_word' id='word_1_682' title='bbox 2006 1299 2068 1327; x_wconf 84' lang='lat' dir='ltr'>inde</span> <span class='ocrx_word' id='word_1_683' title='bbox 2081 1299 2209 1332; x_wconf 87' lang='lat' dir='ltr'>offensae,</span> <span class='ocrx_word' id='word_1_684' title='bbox 2227 1299 2384 1334; x_wconf 76' lang='lat' dir='ltr'>gratiaeque</span> 
     </span>
     <span class='ocr_line' id='line_1_33' title="bbox 222 1333 2385 1371; baseline -0.004 -2"><span class='ocrx_word' id='word_1_685' title='bbox 222 1343 349 1370; x_wconf 84' lang='lat' dir='ltr'>institutis</span> <span class='ocrx_word' id='word_1_686' title='bbox 364 1347 479 1369; x_wconf 83' lang='lat' dir='ltr'>mentem</span> <span class='ocrx_word' id='word_1_687' title='bbox 493 1340 635 1366; x_wconf 89' lang='lat' dir='ltr'>infantium</span> <span class='ocrx_word' id='word_1_688' title='bbox 648 1339 755 1365; x_wconf 88' lang='lat' dir='ltr'>iudicat.</span> <span class='ocrx_word' id='word_1_689' title='bbox 809 1340 864 1366; x_wconf 87' lang='lat' dir='ltr'>Cur</span> <span class='ocrx_word' id='word_1_690' title='bbox 876 1345 962 1365; x_wconf 88' lang='lat' dir='ltr'>autem</span> <span class='ocrx_word' id='word_1_691' title='bbox 975 1337 1007 1364; x_wconf 88' lang='lat' dir='ltr'>ad</span> <span class='ocrx_word' id='word_1_692' title='bbox 1021 1338 1110 1364; x_wconf 77' lang='lat' dir='ltr'>literas</span> <span class='ocrx_word' id='word_1_693' title='bbox 1122 1346 1177 1363; x_wconf 91' lang='lat' dir='ltr'>non</span> <span class='ocrx_word' id='word_1_694' title='bbox 1189 1337 1271 1371; x_wconf 87' lang='lat' dir='ltr'>perti·</span> <span class='ocrx_word' id='word_1_695' title='bbox 1330 1337 1430 1371; x_wconf 89' lang='lat' dir='ltr'>pariter</span> <span class='ocrx_word' id='word_1_696' title='bbox 1451 1337 1552 1369; x_wconf 84' lang='lat' dir='ltr'>securi,</span> <span class='ocrx_word' id='word_1_697' title='bbox 1584 1335 1681 1364; x_wconf 85' lang='lat' dir='ltr'>instant</span> <span class='ocrx_word' id='word_1_698' title='bbox 1705 1333 1856 1370; x_wconf 79' lang='lat' dir='ltr'>Operibus,</span> <span class='ocrx_word' id='word_1_699' title='bbox 1882 1335 1975 1368; x_wconf 75' lang='lat' dir='ltr'>adsunt</span> <span class='ocrx_word' id='word_1_700' title='bbox 1997 1335 2233 1363; x_wconf 72' lang='lat' dir='ltr'>exercitationibus</span> <span class='ocrx_word' id='word_1_701' title='bbox 2247 1346 2253 1362; x_wconf 74' lang='grc' dir='ltr'><strong><em>ε</em></strong></span> <span class='ocrx_word' id='word_1_702' title='bbox 2293 1341 2385 1369; x_wconf 73' lang='lat' dir='ltr'>arma,</span> 
     </span>
     <span class='ocr_line' id='line_1_34' title="bbox 221 1369 2382 1412; baseline -0.005 -6"><span class='ocrx_word' id='word_1_703' title='bbox 221 1385 284 1406; x_wconf 81' lang='lat' dir='ltr'>neat</span> <span class='ocrx_word' id='word_1_704' title='bbox 299 1384 383 1408; x_wconf 71' lang='lat' dir='ltr'>aetaS,</span> <span class='ocrx_word' id='word_1_705' title='bbox 410 1385 477 1412; x_wconf 86' lang='lat' dir='ltr'>quae</span> <span class='ocrx_word' id='word_1_706' title='bbox 495 1375 528 1403; x_wconf 86' lang='lat' dir='ltr'>ad</span> <span class='ocrx_word' id='word_1_707' title='bbox 547 1384 635 1402; x_wconf 89' lang='lat' dir='ltr'>mores</span> <span class='ocrx_word' id='word_1_708' title='bbox 649 1375 699 1401; x_wconf 77' lang='lat' dir='ltr'>iam</span> <span class='ocrx_word' id='word_1_709' title='bbox 714 1374 846 1409; x_wconf 74' lang='lat' dir='ltr'>pertinet?</span> <span class='ocrx_word' id='word_1_710' title='bbox 883 1374 1003 1401; x_wconf 82' lang='lat' dir='ltr'>Instituta</span> <span class='ocrx_word' id='word_1_711' title='bbox 1019 1373 1166 1409; x_wconf 48' lang='lat' dir='ltr'>referuntur</span> <span class='ocrx_word' id='word_1_712' title='bbox 1177 1372 1211 1398; x_wconf 82' lang='lat' dir='ltr'>ad</span> <span class='ocrx_word' id='word_1_713' title='bbox 1222 1382 1271 1399; x_wconf 84' lang='lat' dir='ltr'>mo·</span> <span class='ocrx_word' id='word_1_714' title='bbox 1331 1373 1453 1405; x_wconf 88' lang='lat' dir='ltr'>moenia,</span> <span class='ocrx_word' id='word_1_715' title='bbox 1473 1372 1548 1400; x_wconf 79' lang='lat' dir='ltr'>viros</span> <span class='ocrx_word' id='word_1_716' title='bbox 1562 1377 1659 1407; x_wconf 85' lang='lat' dir='ltr'>aptant.</span> <span class='ocrx_word' id='word_1_717' title='bbox 1716 1389 1717 1392; x_wconf 23' lang='grc' dir='ltr'>η</span> <span class='ocrx_word' id='word_1_718' title='bbox 1744 1369 1821 1397; x_wconf 86' lang='lat' dir='ltr'>Idem</span> <span class='ocrx_word' id='word_1_719' title='bbox 1832 1370 1912 1406; x_wconf 83' lang='lat' dir='ltr'>Epist.</span> <span class='ocrx_word' id='word_1_720' title='bbox 1926 1373 1959 1402; x_wconf 69' lang='lat'>6.</span> <span class='ocrx_word' id='word_1_721' title='bbox 1977 1380 1999 1399; x_wconf 86' lang='grc' dir='ltr'>ιι</span> <span class='ocrx_word' id='word_1_722' title='bbox 2030 1371 2082 1399; x_wconf 72' lang='lat' dir='ltr'>Etsi</span> <span class='ocrx_word' id='word_1_723' title='bbox 2096 1373 2144 1406; x_wconf 90' lang='lat' dir='ltr'>qui</span> <span class='ocrx_word' id='word_1_724' title='bbox 2158 1370 2316 1402; x_wconf 87' lang='lat' dir='ltr'>audiebant,</span> <span class='ocrx_word' id='word_1_725' title='bbox 2336 1378 2382 1396; x_wconf 80' lang='lat' dir='ltr'>me</span> 
     </span>
     <span class='ocr_line' id='line_1_35' title="bbox 222 1405 2384 1446; baseline -0.004 -5"><span class='ocrx_word' id='word_1_726' title='bbox 222 1424 272 1442; x_wconf 78' lang='lat' dir='ltr'>res.</span> <span class='ocrx_word' id='word_1_727' title='bbox 344 1413 528 1440; x_wconf 85' lang='lat' dir='ltr'>Institutorum</span> <span class='ocrx_word' id='word_1_728' title='bbox 540 1412 581 1438; x_wconf 87' lang='lat' dir='ltr'>rei</span> <span class='ocrx_word' id='word_1_729' title='bbox 594 1410 720 1437; x_wconf 84' lang='lat' dir='ltr'>militaris</span> <span class='ocrx_word' id='word_1_730' title='bbox 732 1410 803 1437; x_wconf 86' lang='lat' dir='ltr'>liber</span> <span class='ocrx_word' id='word_1_731' title='bbox 815 1410 979 1446; x_wconf 82' lang='lat' dir='ltr'>primus,etc.</span> <span class='ocrx_word' id='word_1_732' title='bbox 998 1409 1146 1444; x_wconf 76' lang='lat' dir='ltr'>inscribitur</span> <span class='ocrx_word' id='word_1_733' title='bbox 1154 1411 1181 1434; x_wconf 86' lang='lat' dir='ltr'>in</span> <span class='ocrx_word' id='word_1_734' title='bbox 1192 1408 1270 1435; x_wconf 74' lang='lat' dir='ltr'>MSS.</span> <span class='ocrx_word' id='word_1_735' title='bbox 1330 1408 1474 1440; x_wconf 82' lang='lat' dir='ltr'>aemulari,</span> <span class='ocrx_word' id='word_1_736' title='bbox 1500 1407 1567 1435; x_wconf 87' lang='lat' dir='ltr'>meis</span> <span class='ocrx_word' id='word_1_737' title='bbox 1581 1407 1677 1435; x_wconf 85' lang='lat' dir='ltr'>instare</span> <span class='ocrx_word' id='word_1_738' title='bbox 1695 1405 1823 1441; x_wconf 86' lang='lat' dir='ltr'>Vestigiis</span> <span class='ocrx_word' id='word_1_739' title='bbox 1842 1406 2012 1434; x_wconf 87' lang='lat' dir='ltr'>videbantur.</span> <span class='ocrx_word' id='word_1_740' title='bbox 2047 1410 2066 1433; x_wconf 81' lang='lat' dir='ltr'>i.</span> <span class='ocrx_word' id='word_1_741' title='bbox 2084 1410 2193 1435; x_wconf 82' lang='lat' dir='ltr'>imitari.</span> <span class='ocrx_word' id='word_1_742' title='bbox 2250 1419 2251 1425; x_wconf 56' lang='lat'>¹</span> <span class='ocrx_word' id='word_1_743' title='bbox 2276 1407 2384 1442; x_wconf 77' lang='lat' dir='ltr'>Proprie</span> 
     </span>
     <span class='ocr_line' id='line_1_36' title="bbox 222 1442 2384 1486; baseline -0.004 -11"><span class='ocrx_word' id='word_1_744' title='bbox 222 1457 282 1486; x_wconf 75' lang='lat' dir='ltr'>opus</span> <span class='ocrx_word' id='word_1_745' title='bbox 293 1449 408 1484; x_wconf 82' lang='lat' dir='ltr'>Vegetii.</span> <span class='ocrx_word' id='word_1_746' title='bbox 437 1457 439 1461; x_wconf 68' lang='grc'>’</span> <span class='ocrx_word' id='word_1_747' title='bbox 469 1449 510 1475; x_wconf 84' lang='lat' dir='ltr'>Ita</span> <span class='ocrx_word' id='word_1_748' title='bbox 522 1447 588 1484; x_wconf 79' lang='lat' dir='ltr'>apud</span> <span class='ocrx_word' id='word_1_749' title='bbox 600 1445 735 1472; x_wconf 88' lang='lat' dir='ltr'>Valerium</span> <span class='ocrx_word' id='word_1_750' title='bbox 748 1447 818 1472; x_wconf 81' lang='lat' dir='ltr'>Max.</span> <span class='ocrx_word' id='word_1_751' title='bbox 833 1455 857 1479; x_wconf 86' lang='lat'>2,</span> <span class='ocrx_word' id='word_1_752' title='bbox 869 1454 882 1471; x_wconf 77' lang='lat' dir='ltr'>a</span> <span class='ocrx_word' id='word_1_753' title='bbox 900 1448 986 1472; x_wconf 69' lang='lat' dir='ltr'>lemma</span> <span class='ocrx_word' id='word_1_754' title='bbox 999 1444 1070 1471; x_wconf 68' lang='lat' dir='ltr'>habet</span> <span class='ocrx_word' id='word_1_755' title='bbox 1082 1444 1120 1470; x_wconf 92' lang='lat' dir='ltr'>De</span> <span class='ocrx_word' id='word_1_756' title='bbox 1136 1443 1270 1478; x_wconf 74' lang='lat' dir='ltr'>magistra·</span> <span class='ocrx_word' id='word_1_757' title='bbox 1285 1447 1316 1475; x_wconf 76' lang='lat'>35</span> <span class='ocrx_word' id='word_1_758' title='bbox 1331 1444 1392 1470; x_wconf 90' lang='lat' dir='ltr'>Liu.</span> <span class='ocrx_word' id='word_1_759' title='bbox 1405 1452 1452 1478; x_wconf 80' lang='lat'>27,</span> <span class='ocrx_word' id='word_1_760' title='bbox 1466 1453 1482 1470; x_wconf 88' lang='lat'>2</span> <span class='ocrx_word' id='word_1_761' title='bbox 1512 1443 1652 1470; x_wconf 74' lang='lat' dir='ltr'>Marcellus</span> <span class='ocrx_word' id='word_1_762' title='bbox 1664 1442 1712 1469; x_wconf 88' lang='lat' dir='ltr'>vbi</span> <span class='ocrx_word' id='word_1_763' title='bbox 1723 1442 1768 1469; x_wconf 86' lang='lat' dir='ltr'>lux</span> <span class='ocrx_word' id='word_1_764' title='bbox 1780 1442 1871 1477; x_wconf 82' lang='lat' dir='ltr'>fugam</span> <span class='ocrx_word' id='word_1_765' title='bbox 1883 1442 2002 1477; x_wconf 82' lang='lat' dir='ltr'>aperuit,</span> <span class='ocrx_word' id='word_1_766' title='bbox 2018 1443 2096 1470; x_wconf 82' lang='lat' dir='ltr'>sociis</span> <span class='ocrx_word' id='word_1_767' title='bbox 2109 1452 2169 1470; x_wconf 91' lang='lat' dir='ltr'>cuin</span> <span class='ocrx_word' id='word_1_768' title='bbox 2182 1442 2384 1478; x_wconf 74' lang='lat' dir='ltr'>praefidiomo-</span> 
     </span>
     <span class='ocr_line' id='line_1_37' title="bbox 222 1476 2385 1520; baseline -0.004 -8"><span class='ocrx_word' id='word_1_769' title='bbox 222 1491 298 1512; x_wconf 82' lang='lat' dir='ltr'>tuum</span> <span class='ocrx_word' id='word_1_770' title='bbox 310 1492 388 1520; x_wconf 88' lang='lat' dir='ltr'>atque</span> <span class='ocrx_word' id='word_1_771' title='bbox 401 1482 526 1511; x_wconf 87' lang='lat' dir='ltr'>ordinum</span> <span class='ocrx_word' id='word_1_772' title='bbox 540 1481 634 1509; x_wconf 74' lang='lat' dir='ltr'>officiis</span> <span class='ocrx_word' id='word_1_773' title='bbox 647 1488 672 1508; x_wconf 87' lang='lat' dir='ltr'>et</span> <span class='ocrx_word' id='word_1_774' title='bbox 684 1481 827 1512; x_wconf 84' lang='lat' dir='ltr'>institutis;</span> <span class='ocrx_word' id='word_1_775' title='bbox 862 1490 887 1514; x_wconf 85' lang='lat'>2,</span> <span class='ocrx_word' id='word_1_776' title='bbox 902 1489 914 1513; x_wconf 87' lang='lat'><em>3</em></span> <span class='ocrx_word' id='word_1_777' title='bbox 945 1480 977 1507; x_wconf 89' lang='lat' dir='ltr'>de</span> <span class='ocrx_word' id='word_1_778' title='bbox 992 1479 1153 1507; x_wconf 80' lang='lat' dir='ltr'>militaribus</span> <span class='ocrx_word' id='word_1_779' title='bbox 1166 1479 1270 1506; x_wconf 81' lang='lat' dir='ltr'>institu-</span> <span class='ocrx_word' id='word_1_780' title='bbox 1330 1479 1391 1506; x_wconf 89' lang='lat' dir='ltr'>dico</span> <span class='ocrx_word' id='word_1_781' title='bbox 1405 1479 1581 1507; x_wconf 81' lang='lat' dir='ltr'>Numistrone</span> <span class='ocrx_word' id='word_1_782' title='bbox 1593 1477 1701 1510; x_wconf 66' lang='lat' dir='ltr'>relictis,</span> <span class='ocrx_word' id='word_1_783' title='bbox 1722 1477 1925 1513; x_wconf 76' lang='lat' dir='ltr'>praepositoque</span> <span class='ocrx_word' id='word_1_784' title='bbox 1938 1477 1980 1505; x_wconf 81' lang='lat' dir='ltr'>his</span> <span class='ocrx_word' id='word_1_785' title='bbox 1993 1478 2024 1505; x_wconf 91' lang='lat' dir='ltr'>L.</span> <span class='ocrx_word' id='word_1_786' title='bbox 2037 1479 2120 1506; x_wconf 86' lang='lat' dir='ltr'>Furio</span> <span class='ocrx_word' id='word_1_787' title='bbox 2134 1479 2302 1513; x_wconf 85' lang='lat' dir='ltr'>Purpurione</span> <span class='ocrx_word' id='word_1_788' title='bbox 2314 1476 2385 1504; x_wconf 76' lang='lat' dir='ltr'>Tri-</span> 
     </span>
     <span class='ocr_line' id='line_1_38' title="bbox 224 1512 2385 1553; baseline -0.004 -6"><span class='ocrx_word' id='word_1_789' title='bbox 224 1522 274 1552; x_wconf 87' lang='lat' dir='ltr'>tis;</span> <span class='ocrx_word' id='word_1_790' title='bbox 312 1530 334 1553; x_wconf 76' lang='lat'>2,</span> <span class='ocrx_word' id='word_1_791' title='bbox 350 1523 366 1547; x_wconf 89' lang='lat'><strong>6</strong></span> <span class='ocrx_word' id='word_1_792' title='bbox 392 1520 424 1546; x_wconf 90' lang='lat' dir='ltr'>de</span> <span class='ocrx_word' id='word_1_793' title='bbox 439 1518 551 1545; x_wconf 84' lang='lat' dir='ltr'>externis</span> <span class='ocrx_word' id='word_1_794' title='bbox 567 1517 702 1544; x_wconf 57' lang='lat' dir='ltr'>institutis</span> <span class='ocrx_word' id='word_1_795' title='bbox 768 1517 824 1544; x_wconf 87' lang='lat' dir='ltr'>Cic.</span> <span class='ocrx_word' id='word_1_796' title='bbox 840 1516 918 1543; x_wconf 84' lang='lat' dir='ltr'>Acad.</span> <span class='ocrx_word' id='word_1_797' title='bbox 933 1524 960 1550; x_wconf 87' lang='lat'>1,</span> <span class='ocrx_word' id='word_1_798' title='bbox 973 1523 1002 1551; x_wconf 88' lang='lat'>17</span> <span class='ocrx_word' id='word_1_799' title='bbox 1021 1525 1042 1542; x_wconf 88' lang='lat' dir='ltr'>c.</span> <span class='ocrx_word' id='word_1_800' title='bbox 1058 1524 1077 1549; x_wconf 85' lang='lat'>4</span> <span class='ocrx_word' id='word_1_801' title='bbox 1107 1515 1152 1542; x_wconf 89' lang='lat' dir='ltr'>Illi</span> <span class='ocrx_word' id='word_1_802' title='bbox 1165 1520 1251 1541; x_wconf 85' lang='lat' dir='ltr'>autem</span> <span class='ocrx_word' id='word_1_803' title='bbox 1261 1534 1270 1548; x_wconf 85' lang='lat'>‚</span> <span class='ocrx_word' id='word_1_804' title='bbox 1330 1515 1403 1543; x_wconf 87' lang='lat' dir='ltr'>buno</span> <span class='ocrx_word' id='word_1_805' title='bbox 1419 1515 1553 1549; x_wconf 74' lang='lat' dir='ltr'>militum,</span> <span class='ocrx_word' id='word_1_806' title='bbox 1570 1514 1690 1548; x_wconf 84' lang='lat' dir='ltr'>vestigiis</span> <span class='ocrx_word' id='word_1_807' title='bbox 1704 1513 1800 1542; x_wconf 81' lang='lat' dir='ltr'>institit</span> <span class='ocrx_word' id='word_1_808' title='bbox 1813 1514 1897 1550; x_wconf 88' lang='lat' dir='ltr'>sequi.</span> <span class='ocrx_word' id='word_1_809' title='bbox 1975 1516 2051 1552; x_wconf 77' lang='lat' dir='ltr'>Iunge</span> <span class='ocrx_word' id='word_1_810' title='bbox 2063 1514 2181 1541; x_wconf 85' lang='lat' dir='ltr'>Instituit</span> <span class='ocrx_word' id='word_1_811' title='bbox 2193 1513 2284 1548; x_wconf 84' lang='lat' dir='ltr'>sequi,</span> <span class='ocrx_word' id='word_1_812' title='bbox 2308 1518 2331 1538; x_wconf 78' lang='lat' dir='ltr'>et</span> <span class='ocrx_word' id='word_1_813' title='bbox 2344 1512 2385 1538; x_wconf 89' lang='lat' dir='ltr'>se-</span> 
     </span>
     <span class='ocr_line' id='line_1_39' title="bbox 224 1547 2386 1591; baseline -0.004 -8"><span class='ocrx_word' id='word_1_814' title='bbox 224 1557 272 1591; x_wconf 86' lang='lat' dir='ltr'>qui</span> <span class='ocrx_word' id='word_1_815' title='bbox 290 1555 403 1583; x_wconf 76' lang='lat' dir='ltr'>Platonis</span> <span class='ocrx_word' id='word_1_816' title='bbox 426 1555 545 1581; x_wconf 79' lang='lat' dir='ltr'>instituto</span> <span class='ocrx_word' id='word_1_817' title='bbox 554 1574 562 1587; x_wconf 96' lang='lat'>,</span> <span class='ocrx_word' id='word_1_818' title='bbox 588 1554 616 1580; x_wconf 89' lang='lat' dir='ltr'>in</span> <span class='ocrx_word' id='word_1_819' title='bbox 629 1552 769 1579; x_wconf 76' lang='lat' dir='ltr'>Academia</span> <span class='ocrx_word' id='word_1_820' title='bbox 788 1558 878 1579; x_wconf 73' lang='lat' dir='ltr'>coetus</span> <span class='ocrx_word' id='word_1_821' title='bbox 899 1558 972 1579; x_wconf 86' lang='lat' dir='ltr'>erant</span> <span class='ocrx_word' id='word_1_822' title='bbox 985 1557 1010 1578; x_wconf 85' lang='lat' dir='ltr'>et</span> <span class='ocrx_word' id='word_1_823' title='bbox 1025 1552 1157 1578; x_wconf 81' lang='lat' dir='ltr'>sermones</span> <span class='ocrx_word' id='word_1_824' title='bbox 1172 1550 1270 1578; x_wconf 85' lang='lat' dir='ltr'>habere</span> <span class='ocrx_word' id='word_1_825' title='bbox 1331 1552 1379 1586; x_wconf 87' lang='lat' dir='ltr'>qui</span> <span class='ocrx_word' id='word_1_826' title='bbox 1393 1551 1521 1586; x_wconf 79' lang='lat' dir='ltr'>vestigiis.</span> <span class='ocrx_word' id='word_1_827' title='bbox 1593 1549 1650 1578; x_wconf 80' lang='lat' dir='ltr'>Cic.</span> <span class='ocrx_word' id='word_1_828' title='bbox 1662 1550 1717 1579; x_wconf 84' lang='lat' dir='ltr'>Att.</span> <span class='ocrx_word' id='word_1_829' title='bbox 1730 1559 1763 1583; x_wconf 85' lang='lat'>2,</span> <span class='ocrx_word' id='word_1_830' title='bbox 1778 1558 1788 1578; x_wconf 85' lang='lat' dir='ltr'>i</span> <span class='ocrx_word' id='word_1_831' title='bbox 1800 1556 1841 1587; x_wconf 75' lang='lat' dir='ltr'>pr.</span> <span class='ocrx_word' id='word_1_832' title='bbox 1872 1551 1912 1578; x_wconf 82' lang='lat' dir='ltr'>Ita</span> <span class='ocrx_word' id='word_1_833' title='bbox 1923 1550 2016 1586; x_wconf 81' lang='lat' dir='ltr'>vulgo,</span> <span class='ocrx_word' id='word_1_834' title='bbox 2029 1549 2077 1585; x_wconf 87' lang='lat' dir='ltr'>qui</span> <span class='ocrx_word' id='word_1_835' title='bbox 2090 1549 2232 1582; x_wconf 77' lang='lat' dir='ltr'>instabant,</span> <span class='ocrx_word' id='word_1_836' title='bbox 2248 1553 2277 1576; x_wconf 88' lang='lat' dir='ltr'>vt</span> <span class='ocrx_word' id='word_1_837' title='bbox 2291 1547 2386 1574; x_wconf 77' lang='lat' dir='ltr'>darem</span> 
     </span>
     <span class='ocr_line' id='line_1_40' title="bbox 224 1583 2387 1624; baseline -0.004 -6"><span class='ocrx_word' id='word_1_838' title='bbox 224 1592 306 1619; x_wconf 82' lang='lat' dir='ltr'>soliti.</span> <span class='ocrx_word' id='word_1_839' title='bbox 377 1590 416 1617; x_wconf 88' lang='lat' dir='ltr'>Id.</span> <span class='ocrx_word' id='word_1_840' title='bbox 430 1591 482 1617; x_wconf 89' lang='lat' dir='ltr'>Att.</span> <span class='ocrx_word' id='word_1_841' title='bbox 496 1598 529 1622; x_wconf 91' lang='lat'>4,</span> <span class='ocrx_word' id='word_1_842' title='bbox 548 1597 577 1624; x_wconf 86' lang='lat'>17</span> <span class='ocrx_word' id='word_1_843' title='bbox 609 1590 674 1615; x_wconf 88' lang='lat' dir='ltr'>Puto</span> <span class='ocrx_word' id='word_1_844' title='bbox 691 1594 715 1615; x_wconf 89' lang='lat' dir='ltr'>te</span> <span class='ocrx_word' id='word_1_845' title='bbox 728 1587 878 1615; x_wconf 82' lang='lat' dir='ltr'>existimare</span> <span class='ocrx_word' id='word_1_846' title='bbox 897 1597 939 1614; x_wconf 88' lang='lat' dir='ltr'>me</span> <span class='ocrx_word' id='word_1_847' title='bbox 952 1596 1020 1614; x_wconf 78' lang='lat' dir='ltr'>nun:</span> <span class='ocrx_word' id='word_1_848' title='bbox 1032 1586 1149 1614; x_wconf 85' lang='lat' dir='ltr'>oblitum</span> <span class='ocrx_word' id='word_1_849' title='bbox 1163 1587 1270 1613; x_wconf 89' lang='lat' dir='ltr'>consue·</span> <span class='ocrx_word' id='word_1_850' title='bbox 1330 1585 1380 1613; x_wconf 82' lang='lat' dir='ltr'>fibi</span> <span class='ocrx_word' id='word_1_851' title='bbox 1395 1587 1466 1622; x_wconf 91' lang='lat' dir='ltr'>quod</span> <span class='ocrx_word' id='word_1_852' title='bbox 1479 1592 1620 1620; x_wconf 88' lang='lat' dir='ltr'>ornarent,</span> <span class='ocrx_word' id='word_1_853' title='bbox 1645 1587 1700 1615; x_wconf 88' lang='lat' dir='ltr'>iam</span> <span class='ocrx_word' id='word_1_854' title='bbox 1717 1587 1846 1615; x_wconf 83' lang='lat' dir='ltr'>exhibere</span> <span class='ocrx_word' id='word_1_855' title='bbox 1860 1587 1930 1614; x_wconf 88' lang='lat' dir='ltr'>mihi</span> <span class='ocrx_word' id='word_1_856' title='bbox 1942 1587 2090 1614; x_wconf 71' lang='lat' dir='ltr'>molestiam</span> <span class='ocrx_word' id='word_1_857' title='bbox 2104 1584 2268 1613; x_wconf 88' lang='lat' dir='ltr'>destiterunt.</span> <span class='ocrx_word' id='word_1_858' title='bbox 2340 1583 2387 1611; x_wconf 67' lang='lat' dir='ltr'>sie</span> 
     </span>
     <span class='ocr_line' id='line_1_41' title="bbox 225 1620 2388 1660; baseline -0.004 -7"><span class='ocrx_word' id='word_1_859' title='bbox 225 1626 326 1658; x_wconf 83' lang='lat' dir='ltr'>tudinis</span> <span class='ocrx_word' id='word_1_860' title='bbox 350 1632 427 1660; x_wconf 82' lang='lat' dir='ltr'>atque</span> <span class='ocrx_word' id='word_1_861' title='bbox 451 1625 564 1651; x_wconf 87' lang='lat' dir='ltr'>instituti</span> <span class='ocrx_word' id='word_1_862' title='bbox 585 1624 653 1656; x_wconf 88' lang='lat' dir='ltr'>inei,</span> <span class='ocrx_word' id='word_1_863' title='bbox 685 1624 771 1650; x_wconf 84' lang='lat' dir='ltr'>rarius</span> <span class='ocrx_word' id='word_1_864' title='bbox 791 1623 823 1650; x_wconf 90' lang='lat' dir='ltr'>ad</span> <span class='ocrx_word' id='word_1_865' title='bbox 846 1629 872 1650; x_wconf 88' lang='lat' dir='ltr'>te</span> <span class='ocrx_word' id='word_1_866' title='bbox 893 1622 1020 1656; x_wconf 85' lang='lat' dir='ltr'>scribere,</span> <span class='ocrx_word' id='word_1_867' title='bbox 1042 1631 1122 1657; x_wconf 88' lang='lat' dir='ltr'>quam</span> <span class='ocrx_word' id='word_1_868' title='bbox 1145 1622 1315 1653; x_wconf 79' lang='lat' dir='ltr'>solebam.40</span> <span class='ocrx_word' id='word_1_869' title='bbox 1330 1631 1354 1655; x_wconf 88' lang='lat'>3,</span> <span class='ocrx_word' id='word_1_870' title='bbox 1368 1630 1393 1656; x_wconf 76' lang='grc' dir='ltr'>ις</span> <span class='ocrx_word' id='word_1_871' title='bbox 1420 1623 1466 1650; x_wconf 87' lang='lat' dir='ltr'>Te</span> <span class='ocrx_word' id='word_1_872' title='bbox 1479 1623 1592 1650; x_wconf 85' lang='lat' dir='ltr'>instante</span> <span class='ocrx_word' id='word_1_873' title='bbox 1605 1624 1711 1650; x_wconf 84' lang='lat' dir='ltr'>facient.</span> <span class='ocrx_word' id='word_1_874' title='bbox 1767 1623 1842 1659; x_wconf 78' lang='lat' dir='ltr'>Cous.</span> <span class='ocrx_word' id='word_1_875' title='bbox 1856 1623 1933 1650; x_wconf 82' lang='lat' dir='ltr'>Curt.</span> <span class='ocrx_word' id='word_1_876' title='bbox 1947 1625 1972 1655; x_wconf 87' lang='lat'>6,</span> <span class='ocrx_word' id='word_1_877' title='bbox 1984 1630 2012 1658; x_wconf 80' lang='lat'>7,</span> <span class='ocrx_word' id='word_1_878' title='bbox 2025 1627 2065 1653; x_wconf 82' lang='lat'>28.</span> <span class='ocrx_word' id='word_1_879' title='bbox 2135 1621 2219 1648; x_wconf 85' lang='lat' dir='ltr'>Plaut.</span> <span class='ocrx_word' id='word_1_880' title='bbox 2233 1620 2388 1659; x_wconf 48' lang='lat' dir='ltr'>Cana-53</span> 
     </span>
     <span class='ocr_line' id='line_1_42' title="bbox 226 1654 2383 1699; baseline -0.003 -11"><span class='ocrx_word' id='word_1_881' title='bbox 226 1662 309 1696; x_wconf 80' lang='lat' dir='ltr'>Leges</span> <span class='ocrx_word' id='word_1_882' title='bbox 322 1667 347 1687; x_wconf 86' lang='lat' dir='ltr'>et</span> <span class='ocrx_word' id='word_1_883' title='bbox 360 1661 481 1687; x_wconf 75' lang='lat' dir='ltr'>instituta</span> <span class='ocrx_word' id='word_1_884' title='bbox 491 1659 556 1685; x_wconf 79' lang='lat' dir='ltr'>iuris</span> <span class='ocrx_word' id='word_1_885' title='bbox 570 1658 670 1693; x_wconf 84' lang='lat' dir='ltr'>publici</span> <span class='ocrx_word' id='word_1_886' title='bbox 695 1660 752 1686; x_wconf 85' lang='lat' dir='ltr'>Cic.</span> <span class='ocrx_word' id='word_1_887' title='bbox 767 1658 799 1685; x_wconf 85' lang='lat' dir='ltr'>de</span> <span class='ocrx_word' id='word_1_888' title='bbox 812 1659 882 1698; x_wconf 77' lang='lat' dir='ltr'>Clar.</span> <span class='ocrx_word' id='word_1_889' title='bbox 895 1659 970 1699; x_wconf 75' lang='lat' dir='ltr'>Orat.</span> <span class='ocrx_word' id='word_1_890' title='bbox 981 1661 1028 1687; x_wconf 83' lang='lat'>268</span> <span class='ocrx_word' id='word_1_891' title='bbox 1049 1668 1070 1685; x_wconf 89' lang='lat' dir='ltr'>c.</span> <span class='ocrx_word' id='word_1_892' title='bbox 1082 1665 1126 1693; x_wconf 89' lang='lat'>77.</span> <span class='ocrx_word' id='word_1_893' title='bbox 1196 1657 1271 1685; x_wconf 86' lang='lat' dir='ltr'>Idem</span> <span class='ocrx_word' id='word_1_894' title='bbox 1330 1666 1358 1691; x_wconf 86' lang='lat'>33</span> <span class='ocrx_word' id='word_1_895' title='bbox 1395 1658 1460 1686; x_wconf 89' lang='lat' dir='ltr'>Non</span> <span class='ocrx_word' id='word_1_896' title='bbox 1478 1668 1520 1685; x_wconf 91' lang='lat' dir='ltr'>me</span> <span class='ocrx_word' id='word_1_897' title='bbox 1539 1659 1628 1686; x_wconf 87' lang='lat' dir='ltr'>hercle</span> <span class='ocrx_word' id='word_1_898' title='bbox 1646 1660 1745 1694; x_wconf 85' lang='lat' dir='ltr'>opinor</span> <span class='ocrx_word' id='word_1_899' title='bbox 1757 1659 1841 1695; x_wconf 83' lang='lat' dir='ltr'>posse,</span> <span class='ocrx_word' id='word_1_900' title='bbox 1860 1659 1898 1686; x_wconf 89' lang='lat' dir='ltr'>ita</span> <span class='ocrx_word' id='word_1_901' title='bbox 1910 1667 1979 1686; x_wconf 84' lang='lat' dir='ltr'>vxor</span> <span class='ocrx_word' id='word_1_902' title='bbox 1995 1658 2093 1685; x_wconf 86' lang='lat' dir='ltr'>acriter</span> <span class='ocrx_word' id='word_1_903' title='bbox 2105 1662 2148 1684; x_wconf 87' lang='lat' dir='ltr'>tua</span> <span class='ocrx_word' id='word_1_904' title='bbox 2163 1656 2250 1690; x_wconf 87' lang='lat' dir='ltr'>instat,</span> <span class='ocrx_word' id='word_1_905' title='bbox 2263 1664 2297 1682; x_wconf 90' lang='lat' dir='ltr'>ne</span> <span class='ocrx_word' id='word_1_906' title='bbox 2310 1654 2383 1682; x_wconf 77' lang='lat' dir='ltr'>mihi.</span> 
     </span>
    </p>
   </div>
   <div class='ocr_carea' id='block_1_8' title="bbox 226 1688 2447 1729">
    <p class='ocr_par' dir='ltr' id='par_1_11' title="bbox 226 1688 2447 1729">
     <span class='ocr_line' id='line_1_43' title="bbox 226 1688 2447 1729; baseline -0.004 -5"><span class='ocrx_word' id='word_1_907' title='bbox 226 1698 257 1725; x_wconf 84' lang='lat' dir='ltr'>in</span> <span class='ocrx_word' id='word_1_908' title='bbox 269 1698 388 1723; x_wconf 86' lang='lat' dir='ltr'>Pisonem</span> <span class='ocrx_word' id='word_1_909' title='bbox 403 1705 434 1728; x_wconf 80' lang='lat'>30</span> <span class='ocrx_word' id='word_1_910' title='bbox 464 1694 519 1728; x_wconf 62' lang='lat' dir='ltr'>Qui</span> <span class='ocrx_word' id='word_1_911' title='bbox 532 1694 587 1720; x_wconf 89' lang='lat' dir='ltr'>eius</span> <span class='ocrx_word' id='word_1_912' title='bbox 602 1695 717 1719; x_wconf 84' lang='lat' dir='ltr'>ciuitatis</span> <span class='ocrx_word' id='word_1_913' title='bbox 726 1713 734 1727; x_wconf 86' lang='lat'>,</span> <span class='ocrx_word' id='word_1_914' title='bbox 755 1694 783 1719; x_wconf 87' lang='lat' dir='ltr'>in</span> <span class='ocrx_word' id='word_1_915' title='bbox 797 1703 848 1728; x_wconf 87' lang='lat' dir='ltr'>qua</span> <span class='ocrx_word' id='word_1_916' title='bbox 862 1703 890 1718; x_wconf 88' lang='lat' dir='ltr'>in</span> <span class='ocrx_word' id='word_1_917' title='bbox 904 1694 1051 1728; x_wconf 81' lang='lat' dir='ltr'>principum</span> <span class='ocrx_word' id='word_1_918' title='bbox 1065 1702 1178 1721; x_wconf 87' lang='lat' dir='ltr'>numero</span> <span class='ocrx_word' id='word_1_919' title='bbox 1189 1694 1272 1720; x_wconf 81' lang='lat' dir='ltr'>vultis</span> <span class='ocrx_word' id='word_1_920' title='bbox 1332 1694 1419 1722; x_wconf 83' lang='lat' dir='ltr'>detur.</span> <span class='ocrx_word' id='word_1_921' title='bbox 1490 1695 1560 1722; x_wconf 86' lang='lat' dir='ltr'>Ter.</span> <span class='ocrx_word' id='word_1_922' title='bbox 1574 1696 1672 1722; x_wconf 86' lang='lat' dir='ltr'>Heaut.</span> <span class='ocrx_word' id='word_1_923' title='bbox 1687 1703 1717 1729; x_wconf 81' lang='lat'>5,</span> <span class='ocrx_word' id='word_1_924' title='bbox 1729 1703 1761 1728; x_wconf 87' lang='lat'>2,</span> <span class='ocrx_word' id='word_1_925' title='bbox 1773 1703 1807 1722; x_wconf 86' lang='lat'>22</span> <span class='ocrx_word' id='word_1_926' title='bbox 1840 1695 1924 1729; x_wconf 78' lang='lat' dir='ltr'>Magis</span> <span class='ocrx_word' id='word_1_927' title='bbox 1937 1703 2021 1721; x_wconf 88' lang='lat' dir='ltr'>vnum</span> <span class='ocrx_word' id='word_1_928' title='bbox 2035 1694 2116 1721; x_wconf 88' lang='lat' dir='ltr'>etiam</span> <span class='ocrx_word' id='word_1_929' title='bbox 2129 1692 2243 1725; x_wconf 86' lang='lat' dir='ltr'>instare,</span> <span class='ocrx_word' id='word_1_930' title='bbox 2261 1696 2291 1718; x_wconf 85' lang='lat' dir='ltr'>vt</span> <span class='ocrx_word' id='word_1_931' title='bbox 2303 1688 2386 1717; x_wconf 83' lang='lat' dir='ltr'>confi·</span> <span class='ocrx_word' id='word_1_932' title='bbox 2424 1716 2427 1718; x_wconf 78' lang='grc'>,</span> <span class='ocrx_word' id='word_1_933' title='bbox 2441 1700 2447 1712; x_wconf 90' lang='grc'>·-</span> 
     </span>
    </p>
   </div>
   <div class='ocr_carea' id='block_1_9' title="bbox 226 1728 2386 1765">
    <p class='ocr_par' dir='ltr' id='par_1_12' title="bbox 226 1728 2386 1765">
     <span class='ocr_line' id='line_1_44' title="bbox 226 1728 2386 1765; baseline -0.003 -6"><span class='ocrx_word' id='word_1_934' title='bbox 226 1734 278 1759; x_wconf 78' lang='lat' dir='ltr'>esse</span> <span class='ocrx_word' id='word_1_935' title='bbox 287 1752 295 1763; x_wconf 92' lang='lat'><em>‚</em></span> <span class='ocrx_word' id='word_1_936' title='bbox 318 1741 372 1757; x_wconf 88' lang='lat' dir='ltr'>non</span> <span class='ocrx_word' id='word_1_937' title='bbox 385 1731 469 1765; x_wconf 82' lang='lat' dir='ltr'>leges,</span> <span class='ocrx_word' id='word_1_938' title='bbox 489 1738 543 1755; x_wconf 91' lang='lat' dir='ltr'>non</span> <span class='ocrx_word' id='word_1_939' title='bbox 556 1729 672 1755; x_wconf 81' lang='lat' dir='ltr'>instituta</span> <span class='ocrx_word' id='word_1_940' title='bbox 681 1748 689 1760; x_wconf 90' lang='lat'>‚</span> <span class='ocrx_word' id='word_1_941' title='bbox 709 1737 763 1755; x_wconf 93' lang='lat' dir='ltr'>non</span> <span class='ocrx_word' id='word_1_942' title='bbox 777 1737 872 1758; x_wconf 85' lang='lat' dir='ltr'>mores,</span> <span class='ocrx_word' id='word_1_943' title='bbox 885 1737 939 1754; x_wconf 83' lang='lat' dir='ltr'>non</span> <span class='ocrx_word' id='word_1_944' title='bbox 951 1729 1010 1754; x_wconf 88' lang='lat' dir='ltr'>iura</span> <span class='ocrx_word' id='word_1_945' title='bbox 1024 1729 1138 1755; x_wconf 77' lang='lat' dir='ltr'>noritis3</span> <span class='ocrx_word' id='word_1_946' title='bbox 1198 1729 1271 1755; x_wconf 83' lang='lat' dir='ltr'>Caes.</span> <span class='ocrx_word' id='word_1_947' title='bbox 1332 1737 1456 1758; x_wconf 85' lang='lat' dir='ltr'>cerentur</span> <span class='ocrx_word' id='word_1_948' title='bbox 1469 1731 1585 1765; x_wconf 83' lang='lat' dir='ltr'>nuptiae.</span> <span class='ocrx_word' id='word_1_949' title='bbox 1658 1731 1756 1758; x_wconf 78' lang='lat' dir='ltr'>Instare</span> <span class='ocrx_word' id='word_1_950' title='bbox 1769 1739 1852 1765; x_wconf 88' lang='lat' dir='ltr'>vsque</span> <span class='ocrx_word' id='word_1_951' title='bbox 1865 1730 1932 1757; x_wconf 84' lang='lat' dir='ltr'>adeo</span> <span class='ocrx_word' id='word_1_952' title='bbox 1947 1730 2031 1757; x_wconf 88' lang='lat' dir='ltr'>donec</span> <span class='ocrx_word' id='word_1_953' title='bbox 2056 1728 2138 1756; x_wconf 85' lang='lat' dir='ltr'>Plaut.</span> <span class='ocrx_word' id='word_1_954' title='bbox 2152 1728 2240 1755; x_wconf 77' lang='lat' dir='ltr'>Cistel.</span> <span class='ocrx_word' id='word_1_955' title='bbox 2254 1735 2287 1760; x_wconf 92' lang='lat'>2,</span> <span class='ocrx_word' id='word_1_956' title='bbox 2299 1735 2332 1759; x_wconf 85' lang='lat'>3,</span> <span class='ocrx_word' id='word_1_957' title='bbox 2341 1734 2386 1758; x_wconf 83' lang='lat'>40.</span> 
     </span>
    </p>
   </div>
   <div class='ocr_carea' id='block_1_10' title="bbox 227 1763 2388 1802">
    <p class='ocr_par' dir='ltr' id='par_1_13' title="bbox 227 1763 2450 1807">
     <span class='ocr_line' id='line_1_45' title="bbox 227 1763 2388 1802; baseline -0.004 -8"><span class='ocrx_word' id='word_1_958' title='bbox 227 1769 255 1794; x_wconf 79' lang='grc' dir='ltr'>Β.</span> <span class='ocrx_word' id='word_1_959' title='bbox 269 1768 301 1793; x_wconf 92' lang='lat' dir='ltr'>G.</span> <span class='ocrx_word' id='word_1_960' title='bbox 315 1776 344 1798; x_wconf 82' lang='lat'>1,</span> <span class='ocrx_word' id='word_1_961' title='bbox 366 1774 376 1792; x_wconf 89' lang='grc' dir='ltr'>ι</span> <span class='ocrx_word' id='word_1_962' title='bbox 414 1766 451 1792; x_wconf 87' lang='lat' dir='ltr'>Hi</span> <span class='ocrx_word' id='word_1_963' title='bbox 471 1773 562 1791; x_wconf 86' lang='lat' dir='ltr'>omnes</span> <span class='ocrx_word' id='word_1_964' title='bbox 581 1764 688 1798; x_wconf 77' lang='lat' dir='ltr'>lingua,</span> <span class='ocrx_word' id='word_1_965' title='bbox 713 1763 856 1795; x_wconf 86' lang='lat' dir='ltr'>institutis,</span> <span class='ocrx_word' id='word_1_966' title='bbox 881 1763 982 1797; x_wconf 77' lang='lat' dir='ltr'>legibus</span> <span class='ocrx_word' id='word_1_967' title='bbox 1002 1763 1073 1789; x_wconf 86' lang='lat' dir='ltr'>inter</span> <span class='ocrx_word' id='word_1_968' title='bbox 1092 1764 1117 1789; x_wconf 84' lang='lat' dir='ltr'>se</span> <span class='ocrx_word' id='word_1_969' title='bbox 1136 1763 1272 1790; x_wconf 81' lang='lat' dir='ltr'>differunt.</span> <span class='ocrx_word' id='word_1_970' title='bbox 1333 1763 1355 1800; x_wconf 57' lang='grc' dir='ltr'><strong>Ἴ</strong></span> <span class='ocrx_word' id='word_1_971' title='bbox 1375 1773 1392 1791; x_wconf 89' lang='lat'>2</span> <span class='ocrx_word' id='word_1_972' title='bbox 1427 1767 1556 1792; x_wconf 78' lang='lat' dir='ltr'>Interdum</span> <span class='ocrx_word' id='word_1_973' title='bbox 1567 1775 1617 1793; x_wconf 76' lang='lat' dir='ltr'>non</span> <span class='ocrx_word' id='word_1_974' title='bbox 1634 1768 1710 1793; x_wconf 84' lang='lat' dir='ltr'>multo</span> <span class='ocrx_word' id='word_1_975' title='bbox 1720 1768 1778 1802; x_wconf 82' lang='lat' dir='ltr'>plus</span> <span class='ocrx_word' id='word_1_976' title='bbox 1790 1765 1841 1799; x_wconf 74' lang='lat' dir='ltr'>est,</span> <span class='ocrx_word' id='word_1_977' title='bbox 1860 1775 1933 1801; x_wconf 80' lang='lat' dir='ltr'>quam</span> <span class='ocrx_word' id='word_1_978' title='bbox 1946 1767 2047 1801; x_wconf 80' lang='lat' dir='ltr'>alloqui.</span> <span class='ocrx_word' id='word_1_979' title='bbox 2113 1764 2189 1799; x_wconf 82' lang='lat' dir='ltr'>Virg.</span> <span class='ocrx_word' id='word_1_980' title='bbox 2203 1764 2269 1790; x_wconf 91' lang='lat' dir='ltr'>Aen.</span> <span class='ocrx_word' id='word_1_981' title='bbox 2283 1770 2326 1794; x_wconf 77' lang='lat' dir='ltr'>iz,</span> <span class='ocrx_word' id='word_1_982' title='bbox 2347 1768 2388 1796; x_wconf 82' lang='lat'>47</span> 
     </span>
    </p>
   </div>
   <div class='ocr_carea' id='block_1_11' title="bbox 225 1799 2389 2118">
    <p class='ocr_par' dir='ltr' id='par_1_14' title="bbox 225 1799 2389 2118">
     <span class='ocr_line' id='line_1_46' title="bbox 226 1799 2387 1834; baseline -0.004 -5"><span class='ocrx_word' id='word_1_983' title='bbox 226 1803 304 1830; x_wconf 87' lang='lat' dir='ltr'>More</span> <span class='ocrx_word' id='word_1_984' title='bbox 317 1801 490 1834; x_wconf 83' lang='lat' dir='ltr'>institutoque</span> <span class='ocrx_word' id='word_1_985' title='bbox 504 1799 637 1826; x_wconf 84' lang='lat' dir='ltr'>maiorum</span> <span class='ocrx_word' id='word_1_986' title='bbox 663 1799 719 1825; x_wconf 86' lang='lat' dir='ltr'>Cic.</span> <span class='ocrx_word' id='word_1_987' title='bbox 733 1807 782 1832; x_wconf 88' lang='lat' dir='ltr'>pro</span> <span class='ocrx_word' id='word_1_988' title='bbox 795 1799 914 1825; x_wconf 84' lang='lat' dir='ltr'>Muraen.</span> <span class='ocrx_word' id='word_1_989' title='bbox 924 1807 943 1824; x_wconf 92' lang='lat'>1.</span> <span class='ocrx_word' id='word_1_990' title='bbox 1002 1799 1062 1824; x_wconf 89' lang='lat' dir='ltr'>Mos</span> <span class='ocrx_word' id='word_1_991' title='bbox 1074 1800 1101 1823; x_wconf 81' lang='lat' dir='ltr'>in</span> <span class='ocrx_word' id='word_1_992' title='bbox 1132 1805 1231 1823; x_wconf 76' lang='lat' dir='ltr'>uantum</span> <span class='ocrx_word' id='word_1_993' title='bbox 1245 1801 1272 1824; x_wconf 85' lang='lat' dir='ltr'>in</span> <span class='ocrx_word' id='word_1_994' title='bbox 1284 1800 1318 1825; x_wconf 77' lang='lat'>45</span> <span class='ocrx_word' id='word_1_995' title='bbox 1333 1800 1368 1825; x_wconf 90' lang='lat' dir='ltr'>Vt</span> <span class='ocrx_word' id='word_1_996' title='bbox 1380 1799 1497 1833; x_wconf 88' lang='lat' dir='ltr'>primum</span> <span class='ocrx_word' id='word_1_997' title='bbox 1509 1801 1561 1827; x_wconf 84' lang='lat' dir='ltr'>fari</span> <span class='ocrx_word' id='word_1_998' title='bbox 1575 1802 1664 1834; x_wconf 89' lang='lat' dir='ltr'>potuit</span> <span class='ocrx_word' id='word_1_999' title='bbox 1677 1801 1710 1826; x_wconf 86' lang='lat' dir='ltr'>fic</span> <span class='ocrx_word' id='word_1_1000' title='bbox 1724 1801 1823 1827; x_wconf 85' lang='lat' dir='ltr'>institit</span> <span class='ocrx_word' id='word_1_1001' title='bbox 1835 1810 1892 1828; x_wconf 87' lang='lat' dir='ltr'>ore.</span> <span class='ocrx_word' id='word_1_1002' title='bbox 1949 1802 1997 1829; x_wconf 76' lang='lat' dir='ltr'>Sed</span> <span class='ocrx_word' id='word_1_1003' title='bbox 2009 1803 2126 1827; x_wconf 81' lang='lat' dir='ltr'>nimirum</span> <span class='ocrx_word' id='word_1_1004' title='bbox 2144 1803 2194 1826; x_wconf 80' lang='lat' dir='ltr'>iam</span> <span class='ocrx_word' id='word_1_1005' title='bbox 2213 1807 2272 1826; x_wconf 75' lang='lat' dir='ltr'>anie</span> <span class='ocrx_word' id='word_1_1006' title='bbox 2289 1800 2387 1825; x_wconf 73' lang='lat' dir='ltr'>locutus</span> 
     </span>
     <span class='ocr_line' id='line_1_47' title="bbox 225 1807 2388 1873; baseline -0.006 4"><span class='ocrx_word' id='word_1_1007' title='bbox 225 1838 270 1873; x_wconf 63' lang='lat' dir='ltr'>&#39;Jfi‘</span> <span class='ocrx_word' id='word_1_1008' title='bbox 283 1835 326 1869; x_wconf 59' lang='lat' dir='ltr'>‘st’</span> <span class='ocrx_word' id='word_1_1009' title='bbox 346 1835 496 1862; x_wconf 64' lang='lat' dir='ltr'>Instimmm</span> <span class='ocrx_word' id='word_1_1010' title='bbox 511 1836 538 1859; x_wconf 62' lang='lat' dir='ltr'>in</span> <span class='ocrx_word' id='word_1_1011' title='bbox 552 1840 668 1868; x_wconf 60' lang='lat' dir='ltr'><em>quantum</em></span> <span class='ocrx_word' id='word_1_1012' title='bbox 681 1843 696 1858; x_wconf 70' lang='lat' dir='ltr'><em>a</em></span> <span class='ocrx_word' id='word_1_1013' title='bbox 710 1837 775 1860; x_wconf 46' lang='lat'><em>”¹7¹3</em></span> <span class='ocrx_word' id='word_1_1014' title='bbox 783 1834 938 1868; x_wconf 60' lang='lat' dir='ltr'>saPifmibus</span> <span class='ocrx_word' id='word_1_1015' title='bbox 951 1843 990 1860; x_wconf 65' lang='lat'>⁶⁰⁶</span> <span class='ocrx_word' id='word_1_1016' title='bbox 1008 1836 1039 1860; x_wconf 83' lang='lat' dir='ltr'>it.</span> <span class='ocrx_word' id='word_1_1017' title='bbox 1110 1807 1167 1860; x_wconf 62' lang='lat' dir='ltr'>gic-</span> <span class='ocrx_word' id='word_1_1018' title='bbox 1181 1832 1232 1860; x_wconf 72' lang='lat' dir='ltr'>Off</span> <span class='ocrx_word' id='word_1_1019' title='bbox 1248 1841 1275 1866; x_wconf 72' lang='lat'>¹2</span> <span class='ocrx_word' id='word_1_1020' title='bbox 1326 1833 1420 1870; x_wconf 81' lang='lat' dir='ltr'>fuerat</span> <span class='ocrx_word' id='word_1_1021' title='bbox 1437 1835 1558 1867; x_wconf 76' lang='lat' dir='ltr'>Turum.-</span> <span class='ocrx_word' id='word_1_1022' title='bbox 1577 1842 1601 1861; x_wconf 79' lang='lat' dir='ltr'>et</span> <span class='ocrx_word' id='word_1_1023' title='bbox 1616 1836 1769 1862; x_wconf 80' lang='lat' dir='ltr'>vehementer</span> <span class='ocrx_word' id='word_1_1024' title='bbox 1787 1836 1893 1870; x_wconf 69' lang='lat' dir='ltr'>quidem.</span> <span class='ocrx_word' id='word_1_1025' title='bbox 1972 1837 2063 1862; x_wconf 81' lang='lat' dir='ltr'>Verum</span> <span class='ocrx_word' id='word_1_1026' title='bbox 2076 1835 2134 1861; x_wconf 88' lang='lat' dir='ltr'>Val.</span> <span class='ocrx_word' id='word_1_1027' title='bbox 2150 1835 2189 1861; x_wconf 85' lang='lat' dir='ltr'>Fl.</span> <span class='ocrx_word' id='word_1_1028' title='bbox 2204 1843 2231 1866; x_wconf 87' lang='lat'>1,</span> <span class='ocrx_word' id='word_1_1029' title='bbox 2247 1842 2289 1866; x_wconf 80' lang='lat'>30¹</span> <span class='ocrx_word' id='word_1_1030' title='bbox 2318 1833 2388 1859; x_wconf 63' lang='lat' dir='ltr'><strong>Ecce</strong></span> 
     </span>
     <span class='ocr_line' id='line_1_48' title="bbox 228 1841 2388 1903; baseline -0.003 -3"><span class='ocrx_word' id='word_1_1031' title='bbox 228 1882 239 1900; x_wconf 88' lang='lat'>1</span> <span class='ocrx_word' id='word_1_1032' title='bbox 272 1873 316 1900; x_wconf 87' lang='lat' dir='ltr'>Te</span> <span class='ocrx_word' id='word_1_1033' title='bbox 337 1871 470 1898; x_wconf 81' lang='lat' dir='ltr'>abundare</span> <span class='ocrx_word' id='word_1_1034' title='bbox 490 1874 597 1903; x_wconf 82' lang='lat' dir='ltr'>oportet</span> <span class='ocrx_word' id='word_1_1035' title='bbox 610 1868 754 1901; x_wconf 79' lang='lat' dir='ltr'>Praeceptis</span> <span class='ocrx_word' id='word_1_1036' title='bbox 775 1868 954 1902; x_wconf 77' lang='lat' dir='ltr'>institutisque</span> <span class='ocrx_word' id='word_1_1037' title='bbox 969 1841 1161 1902; x_wconf 61' lang='lat' dir='ltr'>pliilosophiae.</span> <span class='ocrx_word' id='word_1_1038' title='bbox 1233 1868 1273 1895; x_wconf 88' lang='lat' dir='ltr'>Id.</span> <span class='ocrx_word' id='word_1_1039' title='bbox 1333 1874 1475 1895; x_wconf 82' lang='lat' dir='ltr'>coronatae</span> <span class='ocrx_word' id='word_1_1040' title='bbox 1488 1869 1542 1895; x_wconf 83' lang='lat' dir='ltr'>visa</span> <span class='ocrx_word' id='word_1_1041' title='bbox 1556 1869 1591 1895; x_wconf 83' lang='lat' dir='ltr'>cst</span> <span class='ocrx_word' id='word_1_1042' title='bbox 1611 1871 1692 1897; x_wconf 87' lang='lat' dir='ltr'>tutela</span> <span class='ocrx_word' id='word_1_1043' title='bbox 1705 1870 1808 1897; x_wconf 86' lang='lat' dir='ltr'>carinae</span> <span class='ocrx_word' id='word_1_1044' title='bbox 1828 1869 1948 1897; x_wconf 84' lang='lat' dir='ltr'>Vocibus</span> <span class='ocrx_word' id='word_1_1045' title='bbox 1967 1869 2009 1897; x_wconf 81' lang='lat' dir='ltr'>his</span> <span class='ocrx_word' id='word_1_1046' title='bbox 2029 1869 2126 1896; x_wconf 85' lang='lat' dir='ltr'>instare</span> <span class='ocrx_word' id='word_1_1047' title='bbox 2143 1869 2213 1896; x_wconf 86' lang='lat' dir='ltr'>duci.</span> <span class='ocrx_word' id='word_1_1048' title='bbox 2254 1871 2272 1894; x_wconf 90' lang='lat' dir='ltr'>i.</span> <span class='ocrx_word' id='word_1_1049' title='bbox 2292 1869 2388 1903; x_wconf 68' lang='lat' dir='ltr'>alloqui</span> 
     </span>
     <span class='ocr_line' id='line_1_49' title="bbox 228 1902 2385 1940; baseline -0.005 -4"><span class='ocrx_word' id='word_1_1050' title='bbox 228 1909 299 1937; x_wconf 81' lang='lat' dir='ltr'>Fam.</span> <span class='ocrx_word' id='word_1_1051' title='bbox 313 1916 344 1939; x_wconf 86' lang='lat'>2,</span> <span class='ocrx_word' id='word_1_1052' title='bbox 366 1914 393 1933; x_wconf 80' lang='lat' dir='ltr'>iz</span> <span class='ocrx_word' id='word_1_1053' title='bbox 433 1906 520 1930; x_wconf 88' lang='lat' dir='ltr'>Genus</span> <span class='ocrx_word' id='word_1_1054' title='bbox 538 1902 722 1929; x_wconf 86' lang='lat' dir='ltr'>institutorum</span> <span class='ocrx_word' id='word_1_1055' title='bbox 741 1906 768 1928; x_wconf 87' lang='lat' dir='ltr'>et</span> <span class='ocrx_word' id='word_1_1056' title='bbox 780 1902 914 1928; x_wconf 87' lang='lat' dir='ltr'>rationum</span> <span class='ocrx_word' id='word_1_1057' title='bbox 928 1911 1064 1934; x_wconf 83' lang='lat' dir='ltr'>mearum,</span> <span class='ocrx_word' id='word_1_1058' title='bbox 1086 1903 1273 1939; x_wconf 75' lang='lat' dir='ltr'>diffimilitudi-</span> <span class='ocrx_word' id='word_1_1059' title='bbox 1333 1904 1425 1929; x_wconf 80' lang='lat' dir='ltr'>ducem.</span> <span class='ocrx_word' id='word_1_1060' title='bbox 1480 1904 1526 1930; x_wconf 86' lang='lat' dir='ltr'>Sil.</span> <span class='ocrx_word' id='word_1_1061' title='bbox 1543 1912 1575 1938; x_wconf 88' lang='lat'>7,</span> <span class='ocrx_word' id='word_1_1062' title='bbox 1588 1910 1636 1938; x_wconf 79' lang='lat'>458</span> <span class='ocrx_word' id='word_1_1063' title='bbox 1666 1906 1791 1939; x_wconf 87' lang='lat' dir='ltr'>Dumque</span> <span class='ocrx_word' id='word_1_1064' title='bbox 1804 1905 1848 1931; x_wconf 84' lang='lat' dir='ltr'>hic</span> <span class='ocrx_word' id='word_1_1065' title='bbox 1869 1906 1913 1940; x_wconf 86' lang='lat' dir='ltr'>(f.</span> <span class='ocrx_word' id='word_1_1066' title='bbox 1928 1906 2007 1936; x_wconf 84' lang='lat' dir='ltr'>haec)</span> <span class='ocrx_word' id='word_1_1067' title='bbox 2027 1905 2135 1938; x_wconf 82' lang='lat' dir='ltr'>aligeris</span> <span class='ocrx_word' id='word_1_1068' title='bbox 2150 1905 2227 1930; x_wconf 81' lang='lat' dir='ltr'>instat</span> <span class='ocrx_word' id='word_1_1069' title='bbox 2243 1903 2385 1935; x_wconf 79' lang='lat' dir='ltr'>Cytherea.</span> 
     </span>
     <span class='ocr_line' id='line_1_50' title="bbox 227 1936 2388 1998; baseline -0.004 -28"><span class='ocrx_word' id='word_1_1070' title='bbox 227 1953 289 1971; x_wconf 85' lang='lat' dir='ltr'>nem</span> <span class='ocrx_word' id='word_1_1071' title='bbox 307 1941 460 1970; x_wconf 85' lang='lat' dir='ltr'>nonnullam</span> <span class='ocrx_word' id='word_1_1072' title='bbox 481 1938 559 1966; x_wconf 80' lang='lat' dir='ltr'>habet</span> <span class='ocrx_word' id='word_1_1073' title='bbox 579 1947 637 1964; x_wconf 90' lang='lat' dir='ltr'>cum</span> <span class='ocrx_word' id='word_1_1074' title='bbox 657 1937 730 1963; x_wconf 85' lang='lat' dir='ltr'>illius</span> <span class='ocrx_word' id='word_1_1075' title='bbox 748 1936 977 1963; x_wconf 85' lang='lat' dir='ltr'>administratione</span> <span class='ocrx_word' id='word_1_1076' title='bbox 998 1936 1162 1970; x_wconf 84' lang='lat' dir='ltr'>prouinciae.</span> <span class='ocrx_word' id='word_1_1077' title='bbox 1233 1937 1272 1963; x_wconf 90' lang='lat' dir='ltr'>Id.</span> <span class='ocrx_word' id='word_1_1078' title='bbox 1335 1941 1354 1963; x_wconf 80' lang='lat' dir='ltr'>i.</span> <span class='ocrx_word' id='word_1_1079' title='bbox 1373 1937 1507 1998; x_wconf 53' lang='lat' dir='ltr'>Cukpidines</span> <span class='ocrx_word' id='word_1_1080' title='bbox 1519 1939 1654 1974; x_wconf 63' lang='lat' dir='ltr'>alloquitur</span> <span class='ocrx_word' id='word_1_1081' title='bbox 1668 1946 1691 1963; x_wconf 79' lang='lat' dir='ltr'>et</span> <span class='ocrx_word' id='word_1_1082' title='bbox 1711 1939 1837 1965; x_wconf 81' lang='lat' dir='ltr'>hortatur.</span> <span class='ocrx_word' id='word_1_1083' title='bbox 1908 1939 1991 1964; x_wconf 87' lang='lat' dir='ltr'>Plaut.</span> <span class='ocrx_word' id='word_1_1084' title='bbox 2012 1940 2090 1964; x_wconf 86' lang='lat' dir='ltr'>Cure.</span> <span class='ocrx_word' id='word_1_1085' title='bbox 2111 1947 2141 1970; x_wconf 88' lang='lat'>3,</span> <span class='ocrx_word' id='word_1_1086' title='bbox 2161 1941 2178 1964; x_wconf 92' lang='lat'>6</span> <span class='ocrx_word' id='word_1_1087' title='bbox 2205 1939 2233 1964; x_wconf 90' lang='lat' dir='ltr'>Si</span> <span class='ocrx_word' id='word_1_1088' title='bbox 2247 1938 2329 1971; x_wconf 78' lang='lat' dir='ltr'>magis</span> <span class='ocrx_word' id='word_1_1089' title='bbox 2342 1945 2388 1963; x_wconf 86' lang='lat' dir='ltr'>ine</span> 
     </span>
     <span class='ocr_line' id='line_1_51' title="bbox 226 1971 2389 2012; baseline -0.005 -5"><span class='ocrx_word' id='word_1_1090' title='bbox 226 1979 293 2008; x_wconf 84' lang='lat' dir='ltr'>ibid.</span> <span class='ocrx_word' id='word_1_1091' title='bbox 302 1986 324 2012; x_wconf 80' lang='grc' dir='ltr'>ς,</span> <span class='ocrx_word' id='word_1_1092' title='bbox 339 1985 367 2012; x_wconf 91' lang='lat'>17</span> <span class='ocrx_word' id='word_1_1093' title='bbox 387 1977 452 2004; x_wconf 86' lang='lat' dir='ltr'>Non</span> <span class='ocrx_word' id='word_1_1094' title='bbox 465 1975 557 2010; x_wconf 86' lang='lat' dir='ltr'>putaui</span> <span class='ocrx_word' id='word_1_1095' title='bbox 570 1974 617 2000; x_wconf 85' lang='lat' dir='ltr'>esse</span> <span class='ocrx_word' id='word_1_1096' title='bbox 631 1973 748 1999; x_wconf 86' lang='lat' dir='ltr'>alienum</span> <span class='ocrx_word' id='word_1_1097' title='bbox 762 1971 889 1999; x_wconf 84' lang='lat' dir='ltr'>institutis</span> <span class='ocrx_word' id='word_1_1098' title='bbox 901 1972 975 2004; x_wconf 85' lang='lat' dir='ltr'>uicis,</span> <span class='ocrx_word' id='word_1_1099' title='bbox 990 1971 1053 1998; x_wconf 91' lang='lat' dir='ltr'>haec</span> <span class='ocrx_word' id='word_1_1100' title='bbox 1064 1971 1097 1997; x_wconf 91' lang='lat' dir='ltr'>ad</span> <span class='ocrx_word' id='word_1_1101' title='bbox 1110 1978 1137 1997; x_wconf 86' lang='lat' dir='ltr'>te</span> <span class='ocrx_word' id='word_1_1102' title='bbox 1147 1971 1272 1998; x_wconf 88' lang='lat' dir='ltr'>scribere.</span> <span class='ocrx_word' id='word_1_1103' title='bbox 1286 1973 1319 1999; x_wconf 67' lang='grc' dir='ltr'>ΞΟ</span> <span class='ocrx_word' id='word_1_1104' title='bbox 1334 1972 1400 1998; x_wconf 81' lang='lat' dir='ltr'>insta</span> <span class='ocrx_word' id='word_1_1105' title='bbox 1423 1978 1469 1998; x_wconf 88' lang='lat' dir='ltr'>unt</span> <span class='ocrx_word' id='word_1_1106' title='bbox 1483 1973 1515 1998; x_wconf 85' lang='lat' dir='ltr'>ad</span> <span class='ocrx_word' id='word_1_1107' title='bbox 1528 1973 1696 2005; x_wconf 82' lang='lat' dir='ltr'>Praetorem,</span> <span class='ocrx_word' id='word_1_1108' title='bbox 1716 1972 1846 1998; x_wconf 85' lang='lat' dir='ltr'>sufferam.</span> <span class='ocrx_word' id='word_1_1109' title='bbox 1902 1974 1974 1999; x_wconf 75' lang='lat' dir='ltr'>Forte</span> <span class='ocrx_word' id='word_1_1110' title='bbox 1981 1972 2042 2010; x_wconf 81' lang='lat' dir='ltr'>fuit</span> <span class='ocrx_word' id='word_1_1111' title='bbox 2054 1974 2109 2005; x_wconf 90' lang='lat' dir='ltr'>mi,</span> <span class='ocrx_word' id='word_1_1112' title='bbox 2127 1977 2145 2000; x_wconf 87' lang='lat' dir='ltr'>i.</span> <span class='ocrx_word' id='word_1_1113' title='bbox 2166 1973 2237 1999; x_wconf 74' lang='lat' dir='ltr'>mihi.</span> <span class='ocrx_word' id='word_1_1114' title='bbox 2295 1974 2389 2008; x_wconf 73' lang='lat' dir='ltr'>Qatn-</span> 
     </span>
     <span class='ocr_line' id='line_1_52' title="bbox 226 2007 2388 2070; baseline -0.012 -28"><span class='ocrx_word' id='word_1_1115' title='bbox 226 2015 362 2042; x_wconf 70' lang='lat' dir='ltr'>Maioruni</span> <span class='ocrx_word' id='word_1_1116' title='bbox 376 2012 494 2038; x_wconf 83' lang='lat' dir='ltr'>instituta</span> <span class='ocrx_word' id='word_1_1117' title='bbox 516 2010 586 2044; x_wconf 87' lang='lat' dir='ltr'>Nep.</span> <span class='ocrx_word' id='word_1_1118' title='bbox 601 2009 683 2036; x_wconf 81' lang='lat' dir='ltr'>Praef.</span> <span class='ocrx_word' id='word_1_1119' title='bbox 695 2017 720 2034; x_wconf 90' lang='lat' dir='ltr'>n.</span> <span class='ocrx_word' id='word_1_1120' title='bbox 734 2016 756 2040; x_wconf 91' lang='lat'>3.</span> <span class='ocrx_word' id='word_1_1121' title='bbox 829 2007 885 2034; x_wconf 85' lang='lat' dir='ltr'>Cic.</span> <span class='ocrx_word' id='word_1_1122' title='bbox 899 2016 947 2041; x_wconf 90' lang='lat' dir='ltr'>pro</span> <span class='ocrx_word' id='word_1_1123' title='bbox 962 2007 1034 2033; x_wconf 84' lang='lat' dir='ltr'>Cael.</span> <span class='ocrx_word' id='word_1_1124' title='bbox 1048 2014 1080 2039; x_wconf 81' lang='lat'>50</span> <span class='ocrx_word' id='word_1_1125' title='bbox 1112 2007 1137 2032; x_wconf 87' lang='lat' dir='ltr'>Si</span> <span class='ocrx_word' id='word_1_1126' title='bbox 1152 2016 1203 2040; x_wconf 87' lang='lat' dir='ltr'>qua</span> <span class='ocrx_word' id='word_1_1127' title='bbox 1216 2015 1273 2033; x_wconf 82' lang='lat' dir='ltr'>mu-</span> <span class='ocrx_word' id='word_1_1128' title='bbox 1331 2015 1403 2042; x_wconf 80' lang='lat' dir='ltr'>quam</span> <span class='ocrx_word' id='word_1_1129' title='bbox 1416 2016 1459 2033; x_wconf 81' lang='lat' dir='ltr'>nec</span> <span class='ocrx_word' id='word_1_1130' title='bbox 1471 2007 1637 2043; x_wconf 49' lang='lat' dir='ltr'>Accu-sarium</span> <span class='ocrx_word' id='word_1_1131' title='bbox 1650 2011 1677 2033; x_wconf 68' lang='lat' dir='ltr'>i„</span> <span class='ocrx_word' id='word_1_1132' title='bbox 1690 2008 1737 2034; x_wconf 60' lang='lat' dir='ltr'>hoc.</span> <span class='ocrx_word' id='word_1_1133' title='bbox 1749 2008 2027 2070; x_wconf 49' lang='lat' dir='ltr'>„ffboffaminfhlims</span> <span class='ocrx_word' id='word_1_1134' title='bbox 2040 2007 2082 2042; x_wconf 64' lang='lat' dir='ltr'>‘st-</span> <span class='ocrx_word' id='word_1_1135' title='bbox 2155 2009 2238 2035; x_wconf 53' lang='lat' dir='ltr'>Pkfflt.</span> <span class='ocrx_word' id='word_1_1136' title='bbox 2253 2008 2343 2035; x_wconf 63' lang='lat' dir='ltr'>CisteL</span> <span class='ocrx_word' id='word_1_1137' title='bbox 2356 2016 2388 2041; x_wconf 56' lang='lat'>4,</span> 
     </span>
     <span class='ocr_line' id='line_1_53' title="bbox 228 2042 2386 2080; baseline -0.007 -3"><span class='ocrx_word' id='word_1_1138' title='bbox 228 2051 278 2078; x_wconf 88' lang='lat' dir='ltr'>lier</span> <span class='ocrx_word' id='word_1_1139' title='bbox 292 2049 322 2076; x_wconf 82' lang='lat' dir='ltr'>fit</span> <span class='ocrx_word' id='word_1_1140' title='bbox 336 2047 499 2077; x_wconf 87' lang='lat' dir='ltr'>huiusmodi,</span> <span class='ocrx_word' id='word_1_1141' title='bbox 514 2046 619 2080; x_wconf 89' lang='lat' dir='ltr'>qualem</span> <span class='ocrx_word' id='word_1_1142' title='bbox 629 2053 678 2078; x_wconf 85' lang='lat' dir='ltr'>ego</span> <span class='ocrx_word' id='word_1_1143' title='bbox 691 2043 780 2078; x_wconf 87' lang='lat' dir='ltr'>paullo</span> <span class='ocrx_word' id='word_1_1144' title='bbox 792 2048 851 2071; x_wconf 87' lang='lat' dir='ltr'>ante</span> <span class='ocrx_word' id='word_1_1145' title='bbox 865 2042 996 2076; x_wconf 81' lang='lat' dir='ltr'>descripsi,</span> <span class='ocrx_word' id='word_1_1146' title='bbox 1015 2043 1056 2069; x_wconf 88' lang='lat' dir='ltr'>tui</span> <span class='ocrx_word' id='word_1_1147' title='bbox 1070 2042 1208 2075; x_wconf 84' lang='lat' dir='ltr'>dissimilis,</span> <span class='ocrx_word' id='word_1_1148' title='bbox 1217 2042 1274 2069; x_wconf 86' lang='lat' dir='ltr'>vita</span> <span class='ocrx_word' id='word_1_1149' title='bbox 1333 2050 1359 2073; x_wconf 87' lang='lat'>2,</span> <span class='ocrx_word' id='word_1_1150' title='bbox 1373 2050 1394 2068; x_wconf 91' lang='grc' dir='ltr'>ιι</span> <span class='ocrx_word' id='word_1_1151' title='bbox 1422 2043 1524 2076; x_wconf 85' lang='lat' dir='ltr'>Qiisue</span> <span class='ocrx_word' id='word_1_1152' title='bbox 1538 2042 1659 2069; x_wconf 68' lang='lat' dir='ltr'>sustulit?</span> <span class='ocrx_word' id='word_1_1153' title='bbox 1685 2049 1711 2070; x_wconf 85' lang='lat' dir='ltr'>et</span> <span class='ocrx_word' id='word_1_1154' title='bbox 1726 2049 1815 2070; x_wconf 88' lang='lat' dir='ltr'>vtrum</span> <span class='ocrx_word' id='word_1_1155' title='bbox 1849 2052 1887 2076; x_wconf 85' lang='lat' dir='ltr'>ac,</span> <span class='ocrx_word' id='word_1_1156' title='bbox 1906 2044 2006 2071; x_wconf 73' lang='lat' dir='ltr'>anillac</span> <span class='ocrx_word' id='word_1_1157' title='bbox 2018 2045 2069 2071; x_wconf 74' lang='lat' dir='ltr'>iter</span> <span class='ocrx_word' id='word_1_1158' title='bbox 2081 2044 2194 2071; x_wconf 71' lang='lat' dir='ltr'>institit3</span> <span class='ocrx_word' id='word_1_1159' title='bbox 2264 2042 2386 2071; x_wconf 66' lang='lat' dir='ltr'>1d‚Afin‚</span> 
     </span>
     <span class='ocr_line' id='line_1_54' title="bbox 226 2077 2388 2118; baseline -0.004 -6"><span class='ocrx_word' id='word_1_1160' title='bbox 226 2086 401 2118; x_wconf 78' lang='lat' dir='ltr'>institutoque</span> <span class='ocrx_word' id='word_1_1161' title='bbox 414 2081 581 2109; x_wconf 86' lang='lat' dir='ltr'>meretricio:</span> <span class='ocrx_word' id='word_1_1162' title='bbox 618 2089 678 2106; x_wconf 85' lang='lat' dir='ltr'>curn</span> <span class='ocrx_word' id='word_1_1163' title='bbox 693 2080 755 2112; x_wconf 91' lang='lat' dir='ltr'>hac,</span> <span class='ocrx_word' id='word_1_1164' title='bbox 783 2085 828 2105; x_wconf 79' lang='lat' dir='ltr'>etc.</span> <span class='ocrx_word' id='word_1_1165' title='bbox 899 2078 937 2105; x_wconf 88' lang='lat' dir='ltr'>Id.</span> <span class='ocrx_word' id='word_1_1166' title='bbox 959 2079 1035 2105; x_wconf 84' lang='lat' dir='ltr'>Vcrr.</span> <span class='ocrx_word' id='word_1_1167' title='bbox 1053 2077 1110 2104; x_wconf 65' lang='lat' dir='ltr'>Aet.</span> <span class='ocrx_word' id='word_1_1168' title='bbox 1125 2087 1151 2110; x_wconf 87' lang='lat'>1,</span> <span class='ocrx_word' id='word_1_1169' title='bbox 1168 2087 1192 2110; x_wconf 77' lang='lat'>13</span> <span class='ocrx_word' id='word_1_1170' title='bbox 1231 2079 1274 2104; x_wconf 93' lang='grc' dir='ltr'>Ιιι-</span> <span class='ocrx_word' id='word_1_1171' title='bbox 1334 2086 1357 2110; x_wconf 87' lang='grc' dir='ltr'>ι,</span> <span class='ocrx_word' id='word_1_1172' title='bbox 1372 2086 1381 2104; x_wconf 93' lang='grc' dir='ltr'>ι</span> <span class='ocrx_word' id='word_1_1173' title='bbox 1394 2096 1402 2109; x_wconf 87' lang='grc'>,</span> <span class='ocrx_word' id='word_1_1174' title='bbox 1415 2086 1444 2111; x_wconf 79' lang='lat'>39</span> <span class='ocrx_word' id='word_1_1175' title='bbox 1468 2078 1543 2104; x_wconf 79' lang='lat' dir='ltr'>Estne</span> <span class='ocrx_word' id='word_1_1176' title='bbox 1556 2078 1607 2106; x_wconf 88' lang='lat' dir='ltr'>hoc</span> <span class='ocrx_word' id='word_1_1177' title='bbox 1618 2084 1648 2106; x_wconf 89' lang='lat' dir='ltr'>vt</span> <span class='ocrx_word' id='word_1_1178' title='bbox 1661 2079 1721 2105; x_wconf 87' lang='lat' dir='ltr'>dico</span> <span class='ocrx_word' id='word_1_1179' title='bbox 1735 2079 1848 2106; x_wconf 75' lang='lat' dir='ltr'>Litane3</span> <span class='ocrx_word' id='word_1_1180' title='bbox 1879 2086 1907 2106; x_wconf 84' lang='lat'>1..</span> <span class='ocrx_word' id='word_1_1181' title='bbox 1925 2079 2025 2107; x_wconf 69' lang='lat' dir='ltr'>re&amp;am</span> <span class='ocrx_word' id='word_1_1182' title='bbox 2039 2080 2117 2106; x_wconf 70' lang='lat' dir='ltr'>instas</span> <span class='ocrx_word' id='word_1_1183' title='bbox 2130 2081 2211 2107; x_wconf 83' lang='lat' dir='ltr'>viani.</span> <span class='ocrx_word' id='word_1_1184' title='bbox 2246 2082 2265 2106; x_wconf 82' lang='grc' dir='ltr'>ι’.</span> <span class='ocrx_word' id='word_1_1185' title='bbox 2290 2080 2332 2107; x_wconf 88' lang='lat' dir='ltr'>Sic</span> <span class='ocrx_word' id='word_1_1186' title='bbox 2345 2087 2388 2105; x_wconf 77' lang='lat' dir='ltr'>res</span> 
     </span>
    </p>
   </div>
   <div class='ocr_carea' id='block_1_12' title="bbox 227 2112 2389 2295">
    <p class='ocr_par' dir='ltr' id='par_1_15' title="bbox 227 2112 2389 2295">
     <span class='ocr_line' id='line_1_55' title="bbox 227 2112 2388 2152; baseline -0.009 -4"><span class='ocrx_word' id='word_1_1187' title='bbox 227 2119 404 2149; x_wconf 80' lang='lat' dir='ltr'>numerabiles</span> <span class='ocrx_word' id='word_1_1188' title='bbox 425 2117 552 2152; x_wconf 83' lang='lat' dir='ltr'>pecuniae</span> <span class='ocrx_word' id='word_1_1189' title='bbox 574 2124 605 2142; x_wconf 84' lang='lat' dir='ltr'>ex</span> <span class='ocrx_word' id='word_1_1190' title='bbox 626 2120 762 2142; x_wconf 86' lang='lat' dir='ltr'>aratorum</span> <span class='ocrx_word' id='word_1_1191' title='bbox 788 2114 866 2141; x_wconf 79' lang='lat' dir='ltr'>bonis</span> <span class='ocrx_word' id='word_1_1192' title='bbox 888 2122 961 2140; x_wconf 92' lang='lat' dir='ltr'>nouo</span> <span class='ocrx_word' id='word_1_1193' title='bbox 981 2114 1139 2147; x_wconf 86' lang='lat' dir='ltr'>nefarioque</span> <span class='ocrx_word' id='word_1_1194' title='bbox 1152 2113 1274 2139; x_wconf 85' lang='lat' dir='ltr'>instituto</span> <span class='ocrx_word' id='word_1_1195' title='bbox 1332 2112 1419 2144; x_wconf 81' lang='lat' dir='ltr'>habet,</span> <span class='ocrx_word' id='word_1_1196' title='bbox 1440 2120 1470 2140; x_wconf 87' lang='lat' dir='ltr'>vt</span> <span class='ocrx_word' id='word_1_1197' title='bbox 1488 2113 1561 2140; x_wconf 81' lang='lat' dir='ltr'>dicis.</span> <span class='ocrx_word' id='word_1_1198' title='bbox 1643 2114 1776 2150; x_wconf 57' lang='lat' dir='ltr'>Absolute,</span> <span class='ocrx_word' id='word_1_1199' title='bbox 1812 2114 1911 2141; x_wconf 66' lang='lat' dir='ltr'>Saflust,</span> <span class='ocrx_word' id='word_1_1200' title='bbox 1927 2115 2008 2142; x_wconf 42' lang='lat' dir='ltr'>Catil.</span> <span class='ocrx_word' id='word_1_1201' title='bbox 2028 2125 2050 2143; x_wconf 51' lang='lat' dir='ltr'>c·</span> <span class='ocrx_word' id='word_1_1202' title='bbox 2071 2117 2104 2142; x_wconf 67' lang='lat'>60</span> <span class='ocrx_word' id='word_1_1203' title='bbox 2137 2115 2265 2142; x_wconf 85' lang='lat' dir='ltr'>Veterani</span> <span class='ocrx_word' id='word_1_1204' title='bbox 2278 2114 2388 2142; x_wconf 61' lang='lat' dir='ltr'>virum,</span> 
     </span>
     <span class='ocr_line' id='line_1_56' title="bbox 229 2147 2387 2186; baseline -0.01 11"><span class='ocrx_word' id='word_1_1205' title='bbox 229 2157 344 2184; x_wconf 37' lang='lat' dir='ltr'>magiae·</span> <span class='ocrx_word' id='word_1_1206' title='bbox 413 2154 513 2181; x_wconf 59' lang='lat' dir='ltr'>Patriae</span> <span class='ocrx_word' id='word_1_1207' title='bbox 528 2151 648 2179; x_wconf 58' lang='lat' dir='ltr'>instituta</span> <span class='ocrx_word' id='word_1_1208' title='bbox 680 2150 750 2184; x_wconf 66' lang='lat' dir='ltr'>Nep·</span> <span class='ocrx_word' id='word_1_1209' title='bbox 766 2157 803 2184; x_wconf 71' lang='lat'>¹7³</span> <span class='ocrx_word' id='word_1_1210' title='bbox 816 2159 843 2183; x_wconf 73' lang='lat'>4³</span> <span class='ocrx_word' id='word_1_1211' title='bbox 856 2157 878 2181; x_wconf 82' lang='lat'>3·</span> <span class='ocrx_word' id='word_1_1212' title='bbox 949 2148 1120 2181; x_wconf 86' lang='lat' dir='ltr'>Nefandum,</span> <span class='ocrx_word' id='word_1_1213' title='bbox 1146 2149 1199 2174; x_wconf 83' lang='lat' dir='ltr'>vid.</span> <span class='ocrx_word' id='word_1_1214' title='bbox 1215 2154 1236 2173; x_wconf 80' lang='lat' dir='ltr'>N</span> <span class='ocrx_word' id='word_1_1215' title='bbox 1246 2155 1274 2175; x_wconf 81' lang='lat' dir='ltr'>E·</span> <span class='ocrx_word' id='word_1_1216' title='bbox 1290 2147 1319 2175; x_wconf 77' lang='lat'>55</span> <span class='ocrx_word' id='word_1_1217' title='bbox 1334 2148 1460 2182; x_wconf 67' lang='lat' dir='ltr'>pristinae</span> <span class='ocrx_word' id='word_1_1218' title='bbox 1472 2157 1619 2181; x_wconf 69' lang='lat' dir='ltr'>memoreti,</span> <span class='ocrx_word' id='word_1_1219' title='bbox 1636 2150 1757 2176; x_wconf 81' lang='lat' dir='ltr'>cominus</span> <span class='ocrx_word' id='word_1_1220' title='bbox 1770 2151 1867 2177; x_wconf 82' lang='lat' dir='ltr'>acriter</span> <span class='ocrx_word' id='word_1_1221' title='bbox 1880 2150 1992 2186; x_wconf 89' lang='lat' dir='ltr'>instare,</span> <span class='ocrx_word' id='word_1_1222' title='bbox 2011 2151 2055 2178; x_wconf 83' lang='lat' dir='ltr'>illi</span> <span class='ocrx_word' id='word_1_1223' title='bbox 2067 2150 2138 2178; x_wconf 86' lang='lat' dir='ltr'>haud</span> <span class='ocrx_word' id='word_1_1224' title='bbox 2151 2151 2240 2178; x_wconf 89' lang='lat' dir='ltr'>timidi</span> <span class='ocrx_word' id='word_1_1225' title='bbox 2257 2150 2387 2178; x_wconf 85' lang='lat' dir='ltr'>resistunt.</span> 
     </span>
     <span class='ocr_line' id='line_1_57' title="bbox 229 2183 2386 2221; baseline -0.004 -2"><span class='ocrx_word' id='word_1_1226' title='bbox 229 2199 277 2221; x_wconf 77' lang='lat' dir='ltr'>1=A</span> <span class='ocrx_word' id='word_1_1227' title='bbox 287 2200 307 2221; x_wconf 79' lang='lat' dir='ltr'>N</span> <span class='ocrx_word' id='word_1_1228' title='bbox 318 2197 336 2218; x_wconf 86' lang='lat' dir='ltr'>D</span> <span class='ocrx_word' id='word_1_1229' title='bbox 347 2196 368 2216; x_wconf 90' lang='lat' dir='ltr'>V</span> <span class='ocrx_word' id='word_1_1230' title='bbox 379 2197 402 2217; x_wconf 88' lang='lat' dir='ltr'>S.</span> <span class='ocrx_word' id='word_1_1231' title='bbox 490 2188 556 2215; x_wconf 88' lang='lat' dir='ltr'>Plin.</span> <span class='ocrx_word' id='word_1_1232' title='bbox 579 2208 582 2211; x_wconf 61' lang='lat'>.</span> <span class='ocrx_word' id='word_1_1233' title='bbox 600 2206 606 2213; x_wconf 96' lang='lat'>.</span> <span class='ocrx_word' id='word_1_1234' title='bbox 649 2206 655 2212; x_wconf 96' lang='lat'>.</span> <span class='ocrx_word' id='word_1_1235' title='bbox 698 2186 770 2212; x_wconf 83' lang='lat' dir='ltr'>Hace</span> <span class='ocrx_word' id='word_1_1236' title='bbox 787 2186 846 2211; x_wconf 87' lang='lat' dir='ltr'>sunt</span> <span class='ocrx_word' id='word_1_1237' title='bbox 865 2191 954 2210; x_wconf 88' lang='lat' dir='ltr'>rerum</span> <span class='ocrx_word' id='word_1_1238' title='bbox 973 2184 1105 2219; x_wconf 86' lang='lat' dir='ltr'>principia</span> <span class='ocrx_word' id='word_1_1239' title='bbox 1117 2190 1141 2210; x_wconf 90' lang='lat' dir='ltr'>et</span> <span class='ocrx_word' id='word_1_1240' title='bbox 1154 2184 1274 2210; x_wconf 84' lang='lat' dir='ltr'>instituta</span> <span class='ocrx_word' id='word_1_1241' title='bbox 1334 2183 1434 2211; x_wconf 79' lang='lat' dir='ltr'>Instare</span> <span class='ocrx_word' id='word_1_1242' title='bbox 1446 2184 1562 2216; x_wconf 69' lang='lat' dir='ltr'>facium,</span> <span class='ocrx_word' id='word_1_1243' title='bbox 1586 2185 1736 2212; x_wconf 76' lang='lat' dir='ltr'>Contendere</span> <span class='ocrx_word' id='word_1_1244' title='bbox 1751 2186 1846 2219; x_wconf 78' lang='lat' dir='ltr'>rcmstc</span> <span class='ocrx_word' id='word_1_1245' title='bbox 1854 2186 1883 2221; x_wconf 81' lang='lat' dir='ltr'><em>fi</em></span> <span class='ocrx_word' id='word_1_1246' title='bbox 1894 2187 1997 2220; x_wconf 75' lang='lat' dir='ltr'>habere,</span> <span class='ocrx_word' id='word_1_1247' title='bbox 2013 2194 2043 2214; x_wconf 83' lang='lat' dir='ltr'>vt</span> <span class='ocrx_word' id='word_1_1248' title='bbox 2056 2186 2162 2214; x_wconf 70' lang='lat' dir='ltr'>dicimus</span> <span class='ocrx_word' id='word_1_1249' title='bbox 2201 2186 2283 2214; x_wconf 83' lang='lat' dir='ltr'>Plaut.</span> <span class='ocrx_word' id='word_1_1250' title='bbox 2301 2187 2386 2213; x_wconf 87' lang='lat' dir='ltr'>Merc.</span> 
     </span>
     <span class='ocr_line' id='line_1_58' title="bbox 228 2219 2389 2260; baseline -0.003 -5"><span class='ocrx_word' id='word_1_1251' title='bbox 228 2234 352 2255; x_wconf 83' lang='lat' dir='ltr'>naturae:</span> <span class='ocrx_word' id='word_1_1252' title='bbox 386 2231 468 2260; x_wconf 78' lang='lat' dir='ltr'>nempe</span> <span class='ocrx_word' id='word_1_1253' title='bbox 481 2231 510 2250; x_wconf 87' lang='lat' dir='ltr'>vt</span> <span class='ocrx_word' id='word_1_1254' title='bbox 524 2225 587 2260; x_wconf 61' lang='lat' dir='ltr'>leges</span> <span class='ocrx_word' id='word_1_1255' title='bbox 601 2229 679 2249; x_wconf 82' lang='lat' dir='ltr'>motus</span> <span class='ocrx_word' id='word_1_1256' title='bbox 692 2227 716 2247; x_wconf 78' lang='lat' dir='ltr'>et</span> <span class='ocrx_word' id='word_1_1257' title='bbox 728 2227 833 2247; x_wconf 79' lang='lat' dir='ltr'>naturae</span> <span class='ocrx_word' id='word_1_1258' title='bbox 843 2220 956 2246; x_wconf 79' lang='lat' dir='ltr'>dicimus.</span> <span class='ocrx_word' id='word_1_1259' title='bbox 1028 2220 1088 2245; x_wconf 88' lang='lat' dir='ltr'>Liu.</span> <span class='ocrx_word' id='word_1_1260' title='bbox 1104 2221 1129 2250; x_wconf 87' lang='lat'>6,</span> <span class='ocrx_word' id='word_1_1261' title='bbox 1144 2227 1173 2245; x_wconf 88' lang='lat'>10</span> <span class='ocrx_word' id='word_1_1262' title='bbox 1201 2219 1275 2245; x_wconf 85' lang='lat' dir='ltr'>Mili·</span> <span class='ocrx_word' id='word_1_1263' title='bbox 1335 2227 1362 2251; x_wconf 86' lang='lat'>2,</span> <span class='ocrx_word' id='word_1_1264' title='bbox 1378 2227 1397 2250; x_wconf 89' lang='lat' dir='ltr'>i,</span> <span class='ocrx_word' id='word_1_1265' title='bbox 1410 2225 1444 2248; x_wconf 68' lang='grc' dir='ltr'>ιε.</span> <span class='ocrx_word' id='word_1_1266' title='bbox 1515 2220 1584 2247; x_wconf 90' lang='lat' dir='ltr'>Ter.</span> <span class='ocrx_word' id='word_1_1267' title='bbox 1598 2220 1681 2247; x_wconf 70' lang='lat' dir='ltr'>Andr.</span> <span class='ocrx_word' id='word_1_1268' title='bbox 1699 2229 1718 2254; x_wconf 83' lang='lat'>1,</span> <span class='ocrx_word' id='word_1_1269' title='bbox 1734 2228 1753 2253; x_wconf 88' lang='lat'>1,</span> <span class='ocrx_word' id='word_1_1270' title='bbox 1770 2230 1814 2247; x_wconf 78' lang='lat'>120</span> <span class='ocrx_word' id='word_1_1271' title='bbox 1840 2222 1896 2257; x_wconf 84' lang='lat' dir='ltr'>Ego</span> <span class='ocrx_word' id='word_1_1272' title='bbox 1909 2222 1976 2249; x_wconf 90' lang='lat' dir='ltr'>illud</span> <span class='ocrx_word' id='word_1_1273' title='bbox 1990 2222 2080 2249; x_wconf 89' lang='lat' dir='ltr'>sedulo</span> <span class='ocrx_word' id='word_1_1274' title='bbox 2092 2231 2187 2258; x_wconf 81' lang='lat' dir='ltr'>negare</span> <span class='ocrx_word' id='word_1_1275' title='bbox 2202 2223 2317 2249; x_wconf 72' lang='lat' dir='ltr'>faenum:</span> <span class='ocrx_word' id='word_1_1276' title='bbox 2336 2222 2389 2257; x_wconf 72' lang='lat' dir='ltr'>ille</span> 
     </span>
     <span class='ocr_line' id='line_1_59' title="bbox 229 2253 2386 2295; baseline -0.004 -4"><span class='ocrx_word' id='word_1_1277' title='bbox 229 2269 282 2291; x_wconf 84' lang='lat' dir='ltr'>tem</span> <span class='ocrx_word' id='word_1_1278' title='bbox 296 2271 327 2289; x_wconf 85' lang='lat' dir='ltr'>ex</span> <span class='ocrx_word' id='word_1_1279' title='bbox 341 2261 462 2288; x_wconf 87' lang='lat' dir='ltr'>instituto</span> <span class='ocrx_word' id='word_1_1280' title='bbox 476 2259 545 2286; x_wconf 88' lang='lat' dir='ltr'>dare.</span> <span class='ocrx_word' id='word_1_1281' title='bbox 581 2261 599 2284; x_wconf 87' lang='lat' dir='ltr'>i.</span> <span class='ocrx_word' id='word_1_1282' title='bbox 619 2266 648 2283; x_wconf 76' lang='lat' dir='ltr'>ex</span> <span class='ocrx_word' id='word_1_1283' title='bbox 658 2254 744 2292; x_wconf 63' lang='lat' dir='ltr'>pasta,</span> <span class='ocrx_word' id='word_1_1284' title='bbox 755 2258 796 2282; x_wconf 83' lang='lat' dir='ltr'>cui</span> <span class='ocrx_word' id='word_1_1285' title='bbox 804 2254 1155 2292; x_wconf 75' lang='lat' dir='ltr'>satisfacerealiasfhlcbant.</span> <span class='ocrx_word' id='word_1_1286' title='bbox 1221 2253 1276 2280; x_wconf 82' lang='lat' dir='ltr'>Ab.</span> <span class='ocrx_word' id='word_1_1287' title='bbox 1334 2253 1414 2280; x_wconf 82' lang='lat' dir='ltr'>instat</span> <span class='ocrx_word' id='word_1_1288' title='bbox 1434 2254 1544 2281; x_wconf 66' lang='lat' dir='ltr'>factum.</span> <span class='ocrx_word' id='word_1_1289' title='bbox 1635 2255 1716 2282; x_wconf 79' lang='lat' dir='ltr'>Instat</span> <span class='ocrx_word' id='word_1_1290' title='bbox 1729 2257 1768 2284; x_wconf 87' lang='lat' dir='ltr'>ire</span> <span class='ocrx_word' id='word_1_1291' title='bbox 1783 2257 1814 2283; x_wconf 88' lang='lat' dir='ltr'>ad</span> <span class='ocrx_word' id='word_1_1292' title='bbox 1827 2265 1904 2291; x_wconf 84' lang='lat' dir='ltr'>euin,</span> <span class='ocrx_word' id='word_1_1293' title='bbox 1934 2261 1953 2285; x_wconf 83' lang='lat' dir='ltr'>i.</span> <span class='ocrx_word' id='word_1_1294' title='bbox 1972 2259 2117 2295; x_wconf 75' lang='lat' dir='ltr'>Perseucrat</span> <span class='ocrx_word' id='word_1_1295' title='bbox 2143 2258 2225 2286; x_wconf 84' lang='lat' dir='ltr'>Plaut.</span> <span class='ocrx_word' id='word_1_1296' title='bbox 2237 2258 2297 2285; x_wconf 89' lang='lat' dir='ltr'>Mil.</span> <span class='ocrx_word' id='word_1_1297' title='bbox 2335 2277 2343 2284; x_wconf 90' lang='lat'>.</span> <span class='ocrx_word' id='word_1_1298' title='bbox 2376 2276 2386 2284; x_wconf 86' lang='lat'>.</span> 
     </span>
    </p>
   </div>
   <div class='ocr_carea' id='block_1_13' title="bbox 230 2289 2386 2401">
    <p class='ocr_par' dir='ltr' id='par_1_16' title="bbox 230 2289 2386 2401">
     <span class='ocr_line' id='line_1_60' title="bbox 230 2289 2385 2330; baseline -0.003 -5"><span class='ocrx_word' id='word_1_1299' title='bbox 230 2298 295 2325; x_wconf 84' lang='lat' dir='ltr'>duci</span> <span class='ocrx_word' id='word_1_1300' title='bbox 307 2297 339 2325; x_wconf 88' lang='lat' dir='ltr'>ab</span> <span class='ocrx_word' id='word_1_1301' title='bbox 353 2296 479 2323; x_wconf 81' lang='lat' dir='ltr'>institutis</span> <span class='ocrx_word' id='word_1_1302' title='bbox 491 2295 543 2321; x_wconf 75' lang='lat' dir='ltr'>suis</span> <span class='ocrx_word' id='word_1_1303' title='bbox 557 2293 681 2328; x_wconf 84' lang='lat' dir='ltr'>pecunia,</span> <span class='ocrx_word' id='word_1_1304' title='bbox 714 2292 739 2318; x_wconf 80' lang='lat' dir='ltr'>h.</span> <span class='ocrx_word' id='word_1_1305' title='bbox 752 2301 771 2318; x_wconf 73' lang='lat' dir='ltr'>e.</span> <span class='ocrx_word' id='word_1_1306' title='bbox 789 2289 966 2330; x_wconf 64' lang='lat' dir='ltr'>Api-opofim,</span> <span class='ocrx_word' id='word_1_1307' title='bbox 986 2297 1010 2316; x_wconf 84' lang='lat' dir='ltr'>et</span> <span class='ocrx_word' id='word_1_1308' title='bbox 1017 2292 1153 2326; x_wconf 67' lang='lat' dir='ltr'>Ji’ruentia.</span> <span class='ocrx_word' id='word_1_1309' title='bbox 1218 2291 1275 2317; x_wconf 89' lang='lat' dir='ltr'>Cic.</span> <span class='ocrx_word' id='word_1_1310' title='bbox 1333 2290 1414 2316; x_wconf 85' lang='lat' dir='ltr'>Instat</span> <span class='ocrx_word' id='word_1_1311' title='bbox 1427 2291 1484 2324; x_wconf 87' lang='lat' dir='ltr'>capi</span> <span class='ocrx_word' id='word_1_1312' title='bbox 1497 2290 1634 2322; x_wconf 80' lang='lat' dir='ltr'>stationes,</span> <span class='ocrx_word' id='word_1_1313' title='bbox 1665 2294 1684 2318; x_wconf 86' lang='lat' dir='ltr'>i.</span> <span class='ocrx_word' id='word_1_1314' title='bbox 1710 2293 1744 2318; x_wconf 78' lang='lat' dir='ltr'>Vt</span> <span class='ocrx_word' id='word_1_1315' title='bbox 1760 2296 1893 2328; x_wconf 79' lang='lat' dir='ltr'>capiantur</span> <span class='ocrx_word' id='word_1_1316' title='bbox 1917 2293 1978 2320; x_wconf 85' lang='lat' dir='ltr'>Liu.</span> <span class='ocrx_word' id='word_1_1317' title='bbox 1992 2302 2035 2325; x_wconf 87' lang='lat'>32,</span> <span class='ocrx_word' id='word_1_1318' title='bbox 2052 2302 2074 2320; x_wconf 88' lang='grc' dir='ltr'>ιι</span> <span class='ocrx_word' id='word_1_1319' title='bbox 2088 2301 2152 2320; x_wconf 76' lang='lat' dir='ltr'>extr.</span> <span class='ocrx_word' id='word_1_1320' title='bbox 2328 2289 2351 2330; x_wconf 59' lang='lat' dir='ltr'>fl</span> <span class='ocrx_word' id='word_1_1321' title='bbox 2370 2301 2385 2324; x_wconf 82' lang='lat'>3</span> 
     </span>
     <span class='ocr_line' id='line_1_61' title="bbox 230 2324 2386 2367; baseline -0.003 -7"><span class='ocrx_word' id='word_1_1322' title='bbox 230 2336 307 2361; x_wconf 81' lang='lat' dir='ltr'>verr.</span> <span class='ocrx_word' id='word_1_1323' title='bbox 322 2343 355 2367; x_wconf 87' lang='lat'>4,</span> <span class='ocrx_word' id='word_1_1324' title='bbox 375 2341 399 2358; x_wconf 84' lang='lat'>12</span> <span class='ocrx_word' id='word_1_1325' title='bbox 432 2332 612 2358; x_wconf 86' lang='lat' dir='ltr'>Veruntamen</span> <span class='ocrx_word' id='word_1_1326' title='bbox 627 2328 792 2355; x_wconf 87' lang='lat' dir='ltr'>abducuntur</span> <span class='ocrx_word' id='word_1_1327' title='bbox 805 2327 927 2353; x_wconf 82' lang='lat' dir='ltr'>homines</span> <span class='ocrx_word' id='word_1_1328' title='bbox 938 2334 1130 2366; x_wconf 74' lang='lat' dir='ltr'>nonnunquam</span> <span class='ocrx_word' id='word_1_1329' title='bbox 1148 2325 1229 2352; x_wconf 83' lang='lat' dir='ltr'>etiam</span> <span class='ocrx_word' id='word_1_1330' title='bbox 1242 2325 1275 2352; x_wconf 86' lang='lat' dir='ltr'>ab</span> <span class='ocrx_word' id='word_1_1331' title='bbox 1282 2326 1318 2352; x_wconf 90' lang='lat'>60</span> <span class='ocrx_word' id='word_1_1332' title='bbox 1333 2324 1436 2366; x_wconf 48' lang='lat' dir='ltr'>Adesse,</span> <span class='ocrx_word' id='word_1_1333' title='bbox 1449 2329 1618 2362; x_wconf 77' lang='lat' dir='ltr'>propinquum</span> <span class='ocrx_word' id='word_1_1334' title='bbox 1631 2328 1820 2362; x_wconf 77' lang='lat' dir='ltr'>vclproximum</span> <span class='ocrx_word' id='word_1_1335' title='bbox 1832 2327 1897 2361; x_wconf 49' lang='lat' dir='ltr'>effen</span> <span class='ocrx_word' id='word_1_1336' title='bbox 1932 2328 2032 2355; x_wconf 87' lang='lat' dir='ltr'>Sallust.</span> <span class='ocrx_word' id='word_1_1337' title='bbox 2047 2329 2076 2354; x_wconf 92' lang='lat' dir='ltr'>in</span> <span class='ocrx_word' id='word_1_1338' title='bbox 2090 2328 2168 2355; x_wconf 86' lang='lat' dir='ltr'>Catil.</span> <span class='ocrx_word' id='word_1_1339' title='bbox 2187 2337 2209 2354; x_wconf 88' lang='lat' dir='ltr'>c.</span> <span class='ocrx_word' id='word_1_1340' title='bbox 2225 2335 2251 2360; x_wconf 76' lang='grc' dir='ltr'>ις</span> <span class='ocrx_word' id='word_1_1341' title='bbox 2285 2326 2386 2366; x_wconf 78' lang='lat' dir='ltr'>Consul</span> 
     </span>
     <span class='ocr_line' id='line_1_62' title="bbox 230 2361 2383 2401; baseline -0.004 -5"><span class='ocrx_word' id='word_1_1342' title='bbox 230 2369 356 2397; x_wconf 81' lang='lat' dir='ltr'>institutis</span> <span class='ocrx_word' id='word_1_1343' title='bbox 368 2367 419 2394; x_wconf 84' lang='lat' dir='ltr'>suis</span> <span class='ocrx_word' id='word_1_1344' title='bbox 439 2365 622 2401; x_wconf 75' lang='lat' dir='ltr'>magnitudine</span> <span class='ocrx_word' id='word_1_1345' title='bbox 640 2364 772 2399; x_wconf 84' lang='lat' dir='ltr'>pecuniae.</span> <span class='ocrx_word' id='word_1_1346' title='bbox 827 2362 901 2397; x_wconf 85' lang='lat' dir='ltr'>Conf.</span> <span class='ocrx_word' id='word_1_1347' title='bbox 922 2361 960 2388; x_wconf 86' lang='lat' dir='ltr'>Id.</span> <span class='ocrx_word' id='word_1_1348' title='bbox 982 2362 1102 2387; x_wconf 84' lang='lat' dir='ltr'>Diuinat.</span> <span class='ocrx_word' id='word_1_1349' title='bbox 1121 2362 1198 2388; x_wconf 82' lang='lat' dir='ltr'>Verr.</span> <span class='ocrx_word' id='word_1_1350' title='bbox 1217 2371 1238 2387; x_wconf 87' lang='lat' dir='ltr'>c.</span> <span class='ocrx_word' id='word_1_1351' title='bbox 1251 2370 1276 2387; x_wconf 87' lang='lat'>2.</span> <span class='ocrx_word' id='word_1_1352' title='bbox 1335 2366 1468 2395; x_wconf 83' lang='lat' dir='ltr'>optimum</span> <span class='ocrx_word' id='word_1_1353' title='bbox 1483 2361 1555 2388; x_wconf 61' lang='lat' dir='ltr'>factu</span> <span class='ocrx_word' id='word_1_1354' title='bbox 1569 2368 1640 2389; x_wconf 82' lang='lat' dir='ltr'>ratus</span> <span class='ocrx_word' id='word_1_1355' title='bbox 1653 2362 1778 2396; x_wconf 74' lang='grc' dir='ltr'>ηοᾶὶειη,</span> <span class='ocrx_word' id='word_1_1356' title='bbox 1799 2372 1870 2398; x_wconf 81' lang='lat' dir='ltr'>quae</span> <span class='ocrx_word' id='word_1_1357' title='bbox 1887 2363 2015 2396; x_wconf 82' lang='lat' dir='ltr'>instabat,</span> <span class='ocrx_word' id='word_1_1358' title='bbox 2033 2369 2204 2397; x_wconf 82' lang='lat' dir='ltr'>antecapere,</span> <span class='ocrx_word' id='word_1_1359' title='bbox 2223 2370 2256 2388; x_wconf 89' lang='lat' dir='ltr'>ne</span> <span class='ocrx_word' id='word_1_1360' title='bbox 2269 2361 2336 2397; x_wconf 82' lang='lat' dir='ltr'>quid</span> <span class='ocrx_word' id='word_1_1361' title='bbox 2347 2370 2383 2388; x_wconf 85' lang='lat' dir='ltr'>eo</span> 
     </span>
    </p>
   </div>
   <div class='ocr_carea' id='block_1_14' title="bbox 228 2396 2430 2790">
    <p class='ocr_par' dir='ltr' id='par_1_17' title="bbox 228 2396 2430 2790">
     <span class='ocr_line' id='line_1_63' title="bbox 228 2396 2384 2436; baseline -0.003 -5"><span class='ocrx_word' id='word_1_1362' title='bbox 228 2406 381 2434; x_wconf 87' lang='lat' dir='ltr'>Institutuni</span> <span class='ocrx_word' id='word_1_1363' title='bbox 401 2403 471 2429; x_wconf 85' lang='lat' dir='ltr'>vitae</span> <span class='ocrx_word' id='word_1_1364' title='bbox 488 2400 658 2436; x_wconf 82' lang='lat' dir='ltr'>capiendum,</span> <span class='ocrx_word' id='word_1_1365' title='bbox 692 2400 716 2426; x_wconf 83' lang='lat' dir='ltr'>h.</span> <span class='ocrx_word' id='word_1_1366' title='bbox 737 2408 756 2426; x_wconf 77' lang='lat' dir='ltr'>c.</span> <span class='ocrx_word' id='word_1_1367' title='bbox 788 2397 895 2425; x_wconf 80' lang='lat' dir='ltr'>Viuendi</span> <span class='ocrx_word' id='word_1_1368' title='bbox 913 2400 982 2424; x_wconf 82' lang='lat' dir='ltr'>ritus</span> <span class='ocrx_word' id='word_1_1369' title='bbox 993 2396 1047 2429; x_wconf 80' lang='lat' dir='ltr'>flue</span> <span class='ocrx_word' id='word_1_1370' title='bbox 1066 2399 1132 2422; x_wconf 82' lang='lat' dir='ltr'>ratio</span> <span class='ocrx_word' id='word_1_1371' title='bbox 1149 2403 1173 2422; x_wconf 78' lang='lat' dir='ltr'>et</span> <span class='ocrx_word' id='word_1_1372' title='bbox 1191 2396 1276 2422; x_wconf 75' lang='lat' dir='ltr'>modus</span> <span class='ocrx_word' id='word_1_1373' title='bbox 1333 2396 1418 2430; x_wconf 85' lang='lat' dir='ltr'>spatio</span> <span class='ocrx_word' id='word_1_1374' title='bbox 1434 2403 1594 2430; x_wconf 85' lang='lat' dir='ltr'>nouaretur,</span> <span class='ocrx_word' id='word_1_1375' title='bbox 1618 2405 1664 2425; x_wconf 84' lang='lat' dir='ltr'>etc.</span> <span class='ocrx_word' id='word_1_1376' title='bbox 1772 2400 1845 2426; x_wconf 83' lang='lat' dir='ltr'>Caes.</span> <span class='ocrx_word' id='word_1_1377' title='bbox 1862 2399 1890 2426; x_wconf 90' lang='grc' dir='ltr'>Β.</span> <span class='ocrx_word' id='word_1_1378' title='bbox 1905 2400 1935 2426; x_wconf 85' lang='lat' dir='ltr'>C.</span> <span class='ocrx_word' id='word_1_1379' title='bbox 1952 2407 1980 2431; x_wconf 89' lang='lat'>1,</span> <span class='ocrx_word' id='word_1_1380' title='bbox 1994 2403 2025 2428; x_wconf 84' lang='lat'>80</span> <span class='ocrx_word' id='word_1_1381' title='bbox 2056 2399 2168 2425; x_wconf 85' lang='lat' dir='ltr'>Instabat</span> <span class='ocrx_word' id='word_1_1382' title='bbox 2181 2406 2274 2431; x_wconf 75' lang='lat' dir='ltr'>agmen</span> <span class='ocrx_word' id='word_1_1383' title='bbox 2289 2397 2384 2424; x_wconf 78' lang='lat' dir='ltr'>Caesa-</span> 
     </span>
     <span class='ocr_line' id='line_1_64' title="bbox 230 2432 2384 2471; baseline -0.004 -4"><span class='ocrx_word' id='word_1_1384' title='bbox 230 2441 288 2468; x_wconf 85' lang='lat' dir='ltr'>Cic.</span> <span class='ocrx_word' id='word_1_1385' title='bbox 303 2440 334 2466; x_wconf 86' lang='lat' dir='ltr'>dc</span> <span class='ocrx_word' id='word_1_1386' title='bbox 348 2439 404 2465; x_wconf 87' lang='lat' dir='ltr'>Fiu.</span> <span class='ocrx_word' id='word_1_1387' title='bbox 423 2448 454 2471; x_wconf 86' lang='lat'>4,</span> <span class='ocrx_word' id='word_1_1388' title='bbox 473 2446 519 2471; x_wconf 88' lang='lat'>40.</span> <span class='ocrx_word' id='word_1_1389' title='bbox 604 2434 739 2470; x_wconf 83' lang='lat' dir='ltr'>Consequi</span> <span class='ocrx_word' id='word_1_1390' title='bbox 757 2434 922 2465; x_wconf 83' lang='lat' dir='ltr'>institutum,</span> <span class='ocrx_word' id='word_1_1391' title='bbox 953 2432 1007 2460; x_wconf 79' lang='lat' dir='ltr'>vid.</span> <span class='ocrx_word' id='word_1_1392' title='bbox 1025 2438 1043 2459; x_wconf 89' lang='lat' dir='ltr'>C</span> <span class='ocrx_word' id='word_1_1393' title='bbox 1053 2438 1071 2458; x_wconf 94' lang='lat' dir='ltr'>O</span> <span class='ocrx_word' id='word_1_1394' title='bbox 1081 2438 1102 2457; x_wconf 83' lang='lat' dir='ltr'>N</span> <span class='ocrx_word' id='word_1_1395' title='bbox 1111 2438 1123 2471; x_wconf 67' lang='lat' dir='ltr'>s</span> <span class='ocrx_word' id='word_1_1396' title='bbox 1132 2437 1148 2457; x_wconf 82' lang='grc' dir='ltr'><strong>Ε</strong></span> <span class='ocrx_word' id='word_1_1397' title='bbox 1157 2437 1206 2470; x_wconf 61' lang='lat' dir='ltr'>qv</span> <span class='ocrx_word' id='word_1_1398' title='bbox 1217 2438 1236 2457; x_wconf 95' lang='grc' dir='ltr'>Ο</span> <span class='ocrx_word' id='word_1_1399' title='bbox 1245 2437 1275 2470; x_wconf 57' lang='lat'>13:</span> <span class='ocrx_word' id='word_1_1400' title='bbox 1337 2432 1389 2463; x_wconf 73' lang='grc' dir='ltr'>τίς,</span> <span class='ocrx_word' id='word_1_1401' title='bbox 1403 2437 1483 2467; x_wconf 85' lang='lat' dir='ltr'>atque</span> <span class='ocrx_word' id='word_1_1402' title='bbox 1496 2433 1651 2459; x_wconf 77' lang='lat' dir='ltr'>vniucrsutn</span> <span class='ocrx_word' id='word_1_1403' title='bbox 1664 2434 1831 2462; x_wconf 86' lang='lat' dir='ltr'>imminebat.</span> <span class='ocrx_word' id='word_1_1404' title='bbox 1902 2434 2005 2462; x_wconf 87' lang='lat' dir='ltr'>Bellum</span> <span class='ocrx_word' id='word_1_1405' title='bbox 2018 2433 2114 2460; x_wconf 81' lang='lat' dir='ltr'>instans</span> <span class='ocrx_word' id='word_1_1406' title='bbox 2149 2433 2206 2460; x_wconf 90' lang='lat' dir='ltr'>Cic.</span> <span class='ocrx_word' id='word_1_1407' title='bbox 2221 2432 2331 2466; x_wconf 82' lang='lat' dir='ltr'>Philipp.</span> <span class='ocrx_word' id='word_1_1408' title='bbox 2343 2440 2384 2464; x_wconf 86' lang='grc' dir='ltr'>ιι,</span> 
     </span>
     <span class='ocr_line' id='line_1_65' title="bbox 231 2465 2386 2505; baseline -0.005 -1"><span class='ocrx_word' id='word_1_1409' title='bbox 231 2475 363 2504; x_wconf 76' lang='lat' dir='ltr'>Decedere</span> <span class='ocrx_word' id='word_1_1410' title='bbox 378 2473 499 2500; x_wconf 79' lang='lat' dir='ltr'>instituto</span> <span class='ocrx_word' id='word_1_1411' title='bbox 528 2472 588 2499; x_wconf 86' lang='lat' dir='ltr'>Liu.</span> <span class='ocrx_word' id='word_1_1412' title='bbox 602 2481 643 2504; x_wconf 87' lang='lat'>37,</span> <span class='ocrx_word' id='word_1_1413' title='bbox 657 2478 697 2505; x_wconf 80' lang='lat'>54.</span> <span class='ocrx_word' id='word_1_1414' title='bbox 769 2470 826 2497; x_wconf 87' lang='lat' dir='ltr'>Cic.</span> <span class='ocrx_word' id='word_1_1415' title='bbox 841 2469 913 2496; x_wconf 84' lang='lat' dir='ltr'>Fam.</span> <span class='ocrx_word' id='word_1_1416' title='bbox 927 2476 950 2500; x_wconf 84' lang='lat'>13</span> <span class='ocrx_word' id='word_1_1417' title='bbox 959 2487 967 2499; x_wconf 91' lang='lat'>‚</span> <span class='ocrx_word' id='word_1_1418' title='bbox 980 2470 1011 2501; x_wconf 82' lang='lat'>56</span> <span class='ocrx_word' id='word_1_1419' title='bbox 1044 2465 1132 2493; x_wconf 83' lang='lat' dir='ltr'>Nobis</span> <span class='ocrx_word' id='word_1_1420' title='bbox 1146 2474 1233 2492; x_wconf 88' lang='lat' dir='ltr'>autem</span> <span class='ocrx_word' id='word_1_1421' title='bbox 1248 2475 1277 2491; x_wconf 91' lang='lat' dir='ltr'>in</span> <span class='ocrx_word' id='word_1_1422' title='bbox 1336 2475 1381 2499; x_wconf 88' lang='lat'>24.</span> <span class='ocrx_word' id='word_1_1423' title='bbox 1452 2467 1525 2494; x_wconf 80' lang='lat' dir='ltr'>Bona</span> <span class='ocrx_word' id='word_1_1424' title='bbox 1544 2469 1627 2494; x_wconf 86' lang='lat' dir='ltr'>multa</span> <span class='ocrx_word' id='word_1_1425' title='bbox 1640 2469 1736 2495; x_wconf 82' lang='lat' dir='ltr'>instant</span> <span class='ocrx_word' id='word_1_1426' title='bbox 1749 2479 1764 2496; x_wconf 86' lang='lat' dir='ltr'>a</span> <span class='ocrx_word' id='word_1_1427' title='bbox 1777 2480 1819 2497; x_wconf 86' lang='lat' dir='ltr'>ine</span> <span class='ocrx_word' id='word_1_1428' title='bbox 1832 2470 1899 2503; x_wconf 90' lang='lat' dir='ltr'>tibi,</span> <span class='ocrx_word' id='word_1_1429' title='bbox 1929 2472 2071 2497; x_wconf 77' lang='lat' dir='ltr'>Proximum</span> <span class='ocrx_word' id='word_1_1430' title='bbox 2084 2468 2133 2502; x_wconf 70' lang='lat' dir='ltr'>est,</span> <span class='ocrx_word' id='word_1_1431' title='bbox 2149 2475 2179 2495; x_wconf 85' lang='lat' dir='ltr'>vt</span> <span class='ocrx_word' id='word_1_1432' title='bbox 2191 2477 2233 2504; x_wconf 82' lang='lat' dir='ltr'>ego</span> <span class='ocrx_word' id='word_1_1433' title='bbox 2245 2474 2269 2494; x_wconf 79' lang='lat' dir='ltr'>te</span> <span class='ocrx_word' id='word_1_1434' title='bbox 2282 2468 2386 2494; x_wconf 73' lang='lat' dir='ltr'>diuitem</span> 
     </span>
     <span class='ocr_line' id='line_1_66' title="bbox 230 2496 2386 2542; baseline -0.005 -4"><span class='ocrx_word' id='word_1_1435' title='bbox 230 2513 278 2540; x_wconf 88' lang='lat' dir='ltr'>hac</span> <span class='ocrx_word' id='word_1_1436' title='bbox 291 2510 364 2538; x_wconf 80' lang='lat' dir='ltr'>causa</span> <span class='ocrx_word' id='word_1_1437' title='bbox 377 2509 446 2535; x_wconf 88' lang='lat' dir='ltr'>nihil</span> <span class='ocrx_word' id='word_1_1438' title='bbox 459 2508 530 2535; x_wconf 85' lang='lat' dir='ltr'>aliud</span> <span class='ocrx_word' id='word_1_1439' title='bbox 546 2516 611 2542; x_wconf 84' lang='lat' dir='ltr'>opus</span> <span class='ocrx_word' id='word_1_1440' title='bbox 625 2507 660 2533; x_wconf 82' lang='lat' dir='ltr'>est</span> <span class='ocrx_word' id='word_1_1441' title='bbox 669 2527 677 2539; x_wconf 87' lang='lat'>,</span> <span class='ocrx_word' id='word_1_1442' title='bbox 695 2505 744 2533; x_wconf 84' lang='lat' dir='ltr'>nisi</span> <span class='ocrx_word' id='word_1_1443' title='bbox 757 2510 783 2532; x_wconf 89' lang='lat' dir='ltr'>te</span> <span class='ocrx_word' id='word_1_1444' title='bbox 796 2506 837 2532; x_wconf 88' lang='lat' dir='ltr'>ius</span> <span class='ocrx_word' id='word_1_1445' title='bbox 851 2504 973 2531; x_wconf 83' lang='lat' dir='ltr'>instituto</span> <span class='ocrx_word' id='word_1_1446' title='bbox 985 2508 1033 2529; x_wconf 89' lang='lat' dir='ltr'>tuo</span> <span class='ocrx_word' id='word_1_1447' title='bbox 1044 2502 1141 2529; x_wconf 85' lang='lat' dir='ltr'>dicere.</span> <span class='ocrx_word' id='word_1_1448' title='bbox 1211 2502 1277 2542; x_wconf 61' lang='lat' dir='ltr'>Por·</span> <span class='ocrx_word' id='word_1_1449' title='bbox 1289 2496 1322 2529; x_wconf 74' lang='lat'>63</span> <span class='ocrx_word' id='word_1_1450' title='bbox 1329 2501 1432 2535; x_wconf 76' lang='lat' dir='ltr'>faciam</span> <span class='ocrx_word' id='word_1_1451' title='bbox 1459 2501 1623 2541; x_wconf 45' lang='lat' dir='ltr'>Plant3Pers.</span> <span class='ocrx_word' id='word_1_1452' title='bbox 1637 2512 1666 2536; x_wconf 83' lang='lat'>4,</span> <span class='ocrx_word' id='word_1_1453' title='bbox 1679 2514 1707 2536; x_wconf 79' lang='lat'>3,</span> <span class='ocrx_word' id='word_1_1454' title='bbox 1721 2513 1755 2529; x_wconf 85' lang='lat'>22.</span> <span class='ocrx_word' id='word_1_1455' title='bbox 1829 2506 1928 2532; x_wconf 73' lang='lat' dir='ltr'>Caedes</span> <span class='ocrx_word' id='word_1_1456' title='bbox 1941 2506 2036 2532; x_wconf 71' lang='lat' dir='ltr'>instant</span> <span class='ocrx_word' id='word_1_1457' title='bbox 2049 2505 2153 2531; x_wconf 79' lang='lat' dir='ltr'>miseris</span> <span class='ocrx_word' id='word_1_1458' title='bbox 2184 2505 2260 2538; x_wconf 71' lang='lat' dir='ltr'>erg.</span> <span class='ocrx_word' id='word_1_1459' title='bbox 2274 2504 2339 2534; x_wconf 72' lang='lat' dir='ltr'>Aen.</span> <span class='ocrx_word' id='word_1_1460' title='bbox 2353 2506 2386 2534; x_wconf 81' lang='lat'>8,</span> 
     </span>
     <span class='ocr_line' id='line_1_67' title="bbox 232 2536 2386 2575; baseline -0.006 0"><span class='ocrx_word' id='word_1_1461' title='bbox 232 2556 303 2575; x_wconf 84' lang='lat' dir='ltr'>marc</span> <span class='ocrx_word' id='word_1_1462' title='bbox 316 2551 430 2572; x_wconf 81' lang='lat' dir='ltr'>mentem</span> <span class='ocrx_word' id='word_1_1463' title='bbox 442 2543 567 2572; x_wconf 78' lang='lat' dir='ltr'>institutis</span> <span class='ocrx_word' id='word_1_1464' title='bbox 593 2542 723 2575; x_wconf 65' lang='lat' dir='ltr'>Quinctil.</span> <span class='ocrx_word' id='word_1_1465' title='bbox 739 2550 758 2572; x_wconf 88' lang='lat'>1,</span> <span class='ocrx_word' id='word_1_1466' title='bbox 772 2549 793 2567; x_wconf 86' lang='lat'>2.</span> <span class='ocrx_word' id='word_1_1467' title='bbox 865 2539 957 2566; x_wconf 90' lang='lat' dir='ltr'>Tacit.</span> <span class='ocrx_word' id='word_1_1468' title='bbox 971 2541 1039 2564; x_wconf 86' lang='lat' dir='ltr'>Ann.</span> <span class='ocrx_word' id='word_1_1469' title='bbox 1056 2540 1081 2569; x_wconf 89' lang='lat'>6,</span> <span class='ocrx_word' id='word_1_1470' title='bbox 1093 2546 1123 2570; x_wconf 86' lang='lat'>32</span> <span class='ocrx_word' id='word_1_1471' title='bbox 1155 2536 1276 2563; x_wconf 82' lang='lat' dir='ltr'>Instituta</span> <span class='ocrx_word' id='word_1_1472' title='bbox 1335 2544 1390 2571; x_wconf 77' lang='lat'>537.</span> <span class='ocrx_word' id='word_1_1473' title='bbox 1460 2537 1523 2564; x_wconf 74' lang='lat' dir='ltr'>Dies</span> <span class='ocrx_word' id='word_1_1474' title='bbox 1543 2537 1655 2565; x_wconf 82' lang='lat' dir='ltr'>instabat</span> <span class='ocrx_word' id='word_1_1475' title='bbox 1688 2539 1785 2565; x_wconf 87' lang='lat' dir='ltr'>Lucan.</span> <span class='ocrx_word' id='word_1_1476' title='bbox 1798 2547 1830 2573; x_wconf 81' lang='grc' dir='ltr'>ς,</span> <span class='ocrx_word' id='word_1_1477' title='bbox 1850 2548 1872 2572; x_wconf 83' lang='grc' dir='ltr'>ς.</span> <span class='ocrx_word' id='word_1_1478' title='bbox 1946 2541 2063 2566; x_wconf 80' lang='lat' dir='ltr'>Exitium</span> <span class='ocrx_word' id='word_1_1479' title='bbox 2079 2550 2139 2567; x_wconf 87' lang='lat' dir='ltr'>eum</span> <span class='ocrx_word' id='word_1_1480' title='bbox 2159 2539 2227 2575; x_wconf 79' lang='lat' dir='ltr'>(pro</span> <span class='ocrx_word' id='word_1_1481' title='bbox 2246 2538 2290 2570; x_wconf 84' lang='lat' dir='ltr'>ei)</span> <span class='ocrx_word' id='word_1_1482' title='bbox 2308 2537 2386 2564; x_wconf 81' lang='lat' dir='ltr'>instat</span> 
     </span>
     <span class='ocr_line' id='line_1_68' title="bbox 232 2572 2386 2610; baseline -0.005 0"><span class='ocrx_word' id='word_1_1483' title='bbox 232 2582 389 2610; x_wconf 83' lang='lat' dir='ltr'>Parthorum</span> <span class='ocrx_word' id='word_1_1484' title='bbox 402 2580 521 2607; x_wconf 81' lang='lat' dir='ltr'>insumit.</span> <span class='ocrx_word' id='word_1_1485' title='bbox 592 2577 719 2605; x_wconf 72' lang='lat' dir='ltr'>perficere</span> <span class='ocrx_word' id='word_1_1486' title='bbox 734 2577 854 2603; x_wconf 86' lang='lat' dir='ltr'>instituta</span> <span class='ocrx_word' id='word_1_1487' title='bbox 890 2575 945 2602; x_wconf 86' lang='lat' dir='ltr'>Cic.</span> <span class='ocrx_word' id='word_1_1488' title='bbox 960 2574 992 2601; x_wconf 86' lang='lat' dir='ltr'>de</span> <span class='ocrx_word' id='word_1_1489' title='bbox 1007 2574 1100 2601; x_wconf 88' lang='lat' dir='ltr'>Diuin.</span> <span class='ocrx_word' id='word_1_1490' title='bbox 1114 2582 1136 2606; x_wconf 83' lang='lat'>2,</span> <span class='ocrx_word' id='word_1_1491' title='bbox 1149 2580 1171 2606; x_wconf 78' lang='lat'>5.</span> <span class='ocrx_word' id='word_1_1492' title='bbox 1237 2572 1276 2599; x_wconf 90' lang='lat' dir='ltr'>Id.</span> <span class='ocrx_word' id='word_1_1493' title='bbox 1334 2572 1417 2599; x_wconf 78' lang='lat' dir='ltr'>Plaut.</span> <span class='ocrx_word' id='word_1_1494' title='bbox 1430 2572 1509 2599; x_wconf 90' lang='lat' dir='ltr'>Poen.</span> <span class='ocrx_word' id='word_1_1495' title='bbox 1522 2582 1551 2607; x_wconf 88' lang='lat'>4,</span> <span class='ocrx_word' id='word_1_1496' title='bbox 1564 2582 1588 2605; x_wconf 86' lang='lat'>2,</span> <span class='ocrx_word' id='word_1_1497' title='bbox 1602 2575 1646 2606; x_wconf 77' lang='lat'>96.</span> <span class='ocrx_word' id='word_1_1498' title='bbox 1718 2573 1787 2601; x_wconf 90' lang='lat' dir='ltr'>Ludi</span> <span class='ocrx_word' id='word_1_1499' title='bbox 1800 2574 2047 2609; x_wconf 71' lang='lat' dir='ltr'>magnificentissimi</span> <span class='ocrx_word' id='word_1_1500' title='bbox 2061 2576 2156 2602; x_wconf 83' lang='lat' dir='ltr'>instant</span> <span class='ocrx_word' id='word_1_1501' title='bbox 2182 2575 2239 2601; x_wconf 89' lang='lat' dir='ltr'>Cic.</span> <span class='ocrx_word' id='word_1_1502' title='bbox 2254 2574 2283 2600; x_wconf 87' lang='lat' dir='ltr'>in</span> <span class='ocrx_word' id='word_1_1503' title='bbox 2298 2573 2386 2601; x_wconf 86' lang='lat' dir='ltr'>Pison.</span> 
     </span>
     <span class='ocr_line' id='line_1_69' title="bbox 233 2607 2388 2649; baseline -0.005 -3"><span class='ocrx_word' id='word_1_1504' title='bbox 233 2620 304 2646; x_wconf 85' lang='lat' dir='ltr'>Fam.</span> <span class='ocrx_word' id='word_1_1505' title='bbox 317 2627 337 2648; x_wconf 80' lang='grc' dir='ltr'>ς,</span> <span class='ocrx_word' id='word_1_1506' title='bbox 351 2625 378 2643; x_wconf 86' lang='lat'>12</span> <span class='ocrx_word' id='word_1_1507' title='bbox 391 2622 456 2642; x_wconf 81' lang='lat' dir='ltr'>extr.</span> <span class='ocrx_word' id='word_1_1508' title='bbox 486 2616 522 2643; x_wconf 84' lang='lat' dir='ltr'>Ea</span> <span class='ocrx_word' id='word_1_1509' title='bbox 533 2623 600 2649; x_wconf 87' lang='lat' dir='ltr'>quae</span> <span class='ocrx_word' id='word_1_1510' title='bbox 615 2613 694 2639; x_wconf 81' lang='lat' dir='ltr'>habes</span> <span class='ocrx_word' id='word_1_1511' title='bbox 709 2612 828 2638; x_wconf 80' lang='lat' dir='ltr'>instituta</span> <span class='ocrx_word' id='word_1_1512' title='bbox 842 2610 984 2646; x_wconf 80' lang='lat' dir='ltr'>perpolies.</span> <span class='ocrx_word' id='word_1_1513' title='bbox 1054 2609 1147 2636; x_wconf 87' lang='lat' dir='ltr'>Tacit.</span> <span class='ocrx_word' id='word_1_1514' title='bbox 1162 2608 1229 2634; x_wconf 78' lang='lat' dir='ltr'>Hist.</span> <span class='ocrx_word' id='word_1_1515' title='bbox 1244 2616 1277 2641; x_wconf 86' lang='lat'>4,</span> <span class='ocrx_word' id='word_1_1516' title='bbox 1336 2609 1377 2640; x_wconf 75' lang='lat'>65.</span> <span class='ocrx_word' id='word_1_1517' title='bbox 1449 2608 1488 2634; x_wconf 88' lang='lat' dir='ltr'>Id.</span> <span class='ocrx_word' id='word_1_1518' title='bbox 1503 2609 1575 2635; x_wconf 85' lang='lat' dir='ltr'>Fam.</span> <span class='ocrx_word' id='word_1_1519' title='bbox 1589 2617 1623 2641; x_wconf 85' lang='lat'>12,</span> <span class='ocrx_word' id='word_1_1520' title='bbox 1638 2618 1668 2642; x_wconf 89' lang='lat'>¹4</span> <span class='ocrx_word' id='word_1_1521' title='bbox 1693 2610 1723 2636; x_wconf 88' lang='lat' dir='ltr'>Et</span> <span class='ocrx_word' id='word_1_1522' title='bbox 1737 2619 1807 2637; x_wconf 88' lang='lat' dir='ltr'>nunc</span> <span class='ocrx_word' id='word_1_1523' title='bbox 1819 2619 1874 2637; x_wconf 86' lang='lat' dir='ltr'>non</span> <span class='ocrx_word' id='word_1_1524' title='bbox 1884 2611 1990 2638; x_wconf 88' lang='lat' dir='ltr'>minora</span> <span class='ocrx_word' id='word_1_1525' title='bbox 2003 2611 2120 2638; x_wconf 86' lang='lat' dir='ltr'>Pericula</span> <span class='ocrx_word' id='word_1_1526' title='bbox 2135 2611 2210 2646; x_wconf 78' lang='lat' dir='ltr'>Reip.</span> <span class='ocrx_word' id='word_1_1527' title='bbox 2224 2607 2388 2636; x_wconf 73' lang='lat' dir='ltr'>aDolabella</span> 
     </span>
     <span class='ocr_line' id='line_1_70' title="bbox 233 2642 2386 2686; baseline -0.004 -6"><span class='ocrx_word' id='word_1_1528' title='bbox 233 2657 266 2686; x_wconf 64' lang='lat'>64</span> <span class='ocrx_word' id='word_1_1529' title='bbox 293 2653 429 2683; x_wconf 83' lang='lat' dir='ltr'>Instituta,</span> <span class='ocrx_word' id='word_1_1530' title='bbox 447 2650 601 2684; x_wconf 87' lang='lat' dir='ltr'>cultumque</span> <span class='ocrx_word' id='word_1_1531' title='bbox 615 2649 728 2683; x_wconf 84' lang='lat' dir='ltr'>patrium</span> <span class='ocrx_word' id='word_1_1532' title='bbox 742 2647 886 2675; x_wconf 80' lang='lat' dir='ltr'>Resumite.</span> <span class='ocrx_word' id='word_1_1533' title='bbox 957 2646 1067 2672; x_wconf 87' lang='lat' dir='ltr'>Tenere</span> <span class='ocrx_word' id='word_1_1534' title='bbox 1083 2643 1194 2679; x_wconf 88' lang='lat' dir='ltr'>aliquod</span> <span class='ocrx_word' id='word_1_1535' title='bbox 1206 2644 1279 2670; x_wconf 86' lang='lat' dir='ltr'>insti·</span> <span class='ocrx_word' id='word_1_1536' title='bbox 1336 2642 1479 2676; x_wconf 84' lang='lat' dir='ltr'>instarent,</span> <span class='ocrx_word' id='word_1_1537' title='bbox 1500 2653 1579 2678; x_wconf 81' lang='lat' dir='ltr'>quain</span> <span class='ocrx_word' id='word_1_1538' title='bbox 1591 2644 1625 2671; x_wconf 85' lang='lat' dir='ltr'>ab</span> <span class='ocrx_word' id='word_1_1539' title='bbox 1638 2645 1768 2672; x_wconf 88' lang='lat' dir='ltr'>Antonio.</span> <span class='ocrx_word' id='word_1_1540' title='bbox 1861 2646 1900 2673; x_wconf 89' lang='lat' dir='ltr'>Id.</span> <span class='ocrx_word' id='word_1_1541' title='bbox 1915 2647 1944 2673; x_wconf 89' lang='lat' dir='ltr'>in</span> <span class='ocrx_word' id='word_1_1542' title='bbox 1957 2647 2036 2673; x_wconf 87' lang='lat' dir='ltr'>Catil.</span> <span class='ocrx_word' id='word_1_1543' title='bbox 2050 2655 2083 2679; x_wconf 86' lang='lat'>2,</span> <span class='ocrx_word' id='word_1_1544' title='bbox 2098 2655 2120 2673; x_wconf 88' lang='grc' dir='ltr'>ιι</span> <span class='ocrx_word' id='word_1_1545' title='bbox 2135 2656 2156 2673; x_wconf 94' lang='lat' dir='ltr'>c.</span> <span class='ocrx_word' id='word_1_1546' title='bbox 2171 2655 2184 2679; x_wconf 83' lang='grc' dir='ltr'><em>ς</em></span> <span class='ocrx_word' id='word_1_1547' title='bbox 2215 2644 2322 2679; x_wconf 77' lang='lat' dir='ltr'>Qiibus</span> <span class='ocrx_word' id='word_1_1548' title='bbox 2335 2653 2386 2679; x_wconf 86' lang='lat' dir='ltr'>ego</span> 
     </span>
     <span class='ocr_line' id='line_1_71' title="bbox 233 2678 2387 2717; baseline -0.004 -2"><span class='ocrx_word' id='word_1_1549' title='bbox 233 2695 320 2716; x_wconf 85' lang='lat' dir='ltr'>tutum</span> <span class='ocrx_word' id='word_1_1550' title='bbox 333 2689 361 2714; x_wconf 88' lang='lat' dir='ltr'>in</span> <span class='ocrx_word' id='word_1_1551' title='bbox 375 2686 499 2713; x_wconf 85' lang='lat' dir='ltr'>omuibus</span> <span class='ocrx_word' id='word_1_1552' title='bbox 530 2686 586 2712; x_wconf 87' lang='lat' dir='ltr'>Cic.</span> <span class='ocrx_word' id='word_1_1553' title='bbox 599 2686 676 2711; x_wconf 85' lang='lat' dir='ltr'>Verr.</span> <span class='ocrx_word' id='word_1_1554' title='bbox 691 2692 719 2716; x_wconf 88' lang='lat'>4,</span> <span class='ocrx_word' id='word_1_1555' title='bbox 732 2685 777 2716; x_wconf 82' lang='lat'>46.</span> <span class='ocrx_word' id='word_1_1556' title='bbox 847 2682 885 2709; x_wconf 90' lang='lat' dir='ltr'>Id.</span> <span class='ocrx_word' id='word_1_1557' title='bbox 899 2682 952 2708; x_wconf 85' lang='lat' dir='ltr'>Att.</span> <span class='ocrx_word' id='word_1_1558' title='bbox 967 2690 983 2714; x_wconf 90' lang='lat'>9</span> <span class='ocrx_word' id='word_1_1559' title='bbox 992 2701 1000 2714; x_wconf 75' lang='lat'>⁷</span> <span class='ocrx_word' id='word_1_1560' title='bbox 1021 2686 1034 2711; x_wconf 84' lang='lat'><em>8</em></span> <span class='ocrx_word' id='word_1_1561' title='bbox 1064 2680 1167 2707; x_wconf 84' lang='lat' dir='ltr'>Scilicet</span> <span class='ocrx_word' id='word_1_1562' title='bbox 1181 2685 1205 2705; x_wconf 90' lang='lat' dir='ltr'>et</span> <span class='ocrx_word' id='word_1_1563' title='bbox 1217 2688 1278 2705; x_wconf 85' lang='lat' dir='ltr'>meo</span> <span class='ocrx_word' id='word_1_1564' title='bbox 1286 2681 1322 2708; x_wconf 85' lang='lat'>70</span> <span class='ocrx_word' id='word_1_1565' title='bbox 1339 2678 1445 2706; x_wconf 87' lang='lat' dir='ltr'>confido</span> <span class='ocrx_word' id='word_1_1566' title='bbox 1458 2681 1555 2706; x_wconf 82' lang='lat' dir='ltr'>Poenas</span> <span class='ocrx_word' id='word_1_1567' title='bbox 1568 2686 1613 2707; x_wconf 91' lang='lat' dir='ltr'>aut</span> <span class='ocrx_word' id='word_1_1568' title='bbox 1626 2680 1723 2708; x_wconf 79' lang='lat' dir='ltr'>instare</span> <span class='ocrx_word' id='word_1_1569' title='bbox 1735 2681 1789 2708; x_wconf 88' lang='lat' dir='ltr'>iam</span> <span class='ocrx_word' id='word_1_1570' title='bbox 1802 2681 1887 2716; x_wconf 87' lang='lat' dir='ltr'>plane,</span> <span class='ocrx_word' id='word_1_1571' title='bbox 1907 2686 1952 2709; x_wconf 83' lang='lat' dir='ltr'>aut</span> <span class='ocrx_word' id='word_1_1572' title='bbox 1966 2687 2035 2709; x_wconf 87' lang='lat' dir='ltr'>certe</span> <span class='ocrx_word' id='word_1_1573' title='bbox 2046 2683 2268 2717; x_wconf 86' lang='lat' dir='ltr'>appropinquare.</span> <span class='ocrx_word' id='word_1_1574' title='bbox 2282 2714 2284 2716; x_wconf 21' lang='lat' dir='ltr'>v</span> <span class='ocrx_word' id='word_1_1575' title='bbox 2316 2680 2387 2707; x_wconf 81' lang='lat' dir='ltr'>Ter.</span> 
     </span>
     <span class='ocr_line' id='line_1_72' title="bbox 234 2714 2388 2754; baseline -0.004 -3"><span class='ocrx_word' id='word_1_1576' title='bbox 234 2725 355 2751; x_wconf 73' lang='lat' dir='ltr'>instituto</span> <span class='ocrx_word' id='word_1_1577' title='bbox 368 2723 434 2749; x_wconf 80' lang='lat' dir='ltr'>Vsus</span> <span class='ocrx_word' id='word_1_1578' title='bbox 448 2722 513 2748; x_wconf 88' lang='lat' dir='ltr'>suni.</span> <span class='ocrx_word' id='word_1_1579' title='bbox 549 2721 574 2747; x_wconf 86' lang='lat' dir='ltr'>h.</span> <span class='ocrx_word' id='word_1_1580' title='bbox 588 2728 609 2745; x_wconf 75' lang='lat' dir='ltr'>e.</span> <span class='ocrx_word' id='word_1_1581' title='bbox 637 2720 700 2749; x_wconf 76' lang='lat' dir='ltr'>Feci,</span> <span class='ocrx_word' id='word_1_1582' title='bbox 713 2716 910 2754; x_wconf 77' lang='lat' dir='ltr'>quemadmodum</span> <span class='ocrx_word' id='word_1_1583' title='bbox 926 2717 1103 2752; x_wconf 71' lang='lat' dir='ltr'>consueuerant.</span> <span class='ocrx_word' id='word_1_1584' title='bbox 1181 2714 1280 2742; x_wconf 81' lang='lat' dir='ltr'>Eodem</span> <span class='ocrx_word' id='word_1_1585' title='bbox 1339 2714 1451 2749; x_wconf 84' lang='lat' dir='ltr'>Adelph.</span> <span class='ocrx_word' id='word_1_1586' title='bbox 1465 2724 1486 2748; x_wconf 86' lang='lat'>3,</span> <span class='ocrx_word' id='word_1_1587' title='bbox 1502 2725 1522 2747; x_wconf 77' lang='lat'>2,</span> <span class='ocrx_word' id='word_1_1588' title='bbox 1536 2724 1553 2748; x_wconf 90' lang='lat'><em>9</em></span> <span class='ocrx_word' id='word_1_1589' title='bbox 1585 2717 1672 2749; x_wconf 67' lang='lat' dir='ltr'>Quem</span> <span class='ocrx_word' id='word_1_1590' title='bbox 1686 2725 1773 2751; x_wconf 89' lang='lat' dir='ltr'>neque</span> <span class='ocrx_word' id='word_1_1591' title='bbox 1786 2716 1868 2750; x_wconf 87' lang='lat' dir='ltr'>fides,</span> <span class='ocrx_word' id='word_1_1592' title='bbox 1887 2726 1974 2753; x_wconf 86' lang='lat' dir='ltr'>neque</span> <span class='ocrx_word' id='word_1_1593' title='bbox 1988 2718 2189 2750; x_wconf 72' lang='lat' dir='ltr'>iusiurandum,</span> <span class='ocrx_word' id='word_1_1594' title='bbox 2208 2724 2294 2752; x_wconf 90' lang='lat' dir='ltr'>neque</span> <span class='ocrx_word' id='word_1_1595' title='bbox 2308 2716 2388 2742; x_wconf 83' lang='lat' dir='ltr'>illum</span> 
     </span>
     <span class='ocr_line' id='line_1_73' title="bbox 234 2750 2430 2790; baseline -0.004 -4"><span class='ocrx_word' id='word_1_1596' title='bbox 234 2760 280 2787; x_wconf 88' lang='lat' dir='ltr'>Vti</span> <span class='ocrx_word' id='word_1_1597' title='bbox 295 2758 415 2785; x_wconf 81' lang='lat' dir='ltr'>instituto</span> <span class='ocrx_word' id='word_1_1598' title='bbox 446 2757 515 2790; x_wconf 86' lang='lat' dir='ltr'>Nep.</span> <span class='ocrx_word' id='word_1_1599' title='bbox 529 2754 614 2782; x_wconf 85' lang='lat' dir='ltr'>Praef.</span> <span class='ocrx_word' id='word_1_1600' title='bbox 633 2763 660 2780; x_wconf 81' lang='lat' dir='ltr'>n.</span> <span class='ocrx_word' id='word_1_1601' title='bbox 673 2763 701 2788; x_wconf 84' lang='lat'>4.</span> <span class='ocrx_word' id='word_1_1602' title='bbox 790 2753 945 2779; x_wconf 74' lang='lat' dir='ltr'>institutum</span> <span class='ocrx_word' id='word_1_1603' title='bbox 964 2759 987 2778; x_wconf 75' lang='lat' dir='ltr'>et</span> <span class='ocrx_word' id='word_1_1604' title='bbox 1004 2757 1098 2779; x_wconf 83' lang='lat' dir='ltr'>natura</span> <span class='ocrx_word' id='word_1_1605' title='bbox 1116 2756 1279 2787; x_wconf 78' lang='lat' dir='ltr'>opponuntur.</span> <span class='ocrx_word' id='word_1_1606' title='bbox 1338 2750 1522 2778; x_wconf 84' lang='lat' dir='ltr'>misericordia</span> <span class='ocrx_word' id='word_1_1607' title='bbox 1544 2751 1676 2785; x_wconf 82' lang='lat' dir='ltr'>rcpressit,</span> <span class='ocrx_word' id='word_1_1608' title='bbox 1701 2761 1787 2786; x_wconf 84' lang='lat' dir='ltr'>neque</span> <span class='ocrx_word' id='word_1_1609' title='bbox 1810 2753 1931 2780; x_wconf 81' lang='lat' dir='ltr'>reflexit:</span> <span class='ocrx_word' id='word_1_1610' title='bbox 1967 2762 2052 2789; x_wconf 84' lang='lat' dir='ltr'>neque</span> <span class='ocrx_word' id='word_1_1611' title='bbox 2071 2754 2142 2789; x_wconf 90' lang='lat' dir='ltr'>quod</span> <span class='ocrx_word' id='word_1_1612' title='bbox 2160 2755 2249 2780; x_wconf 84' lang='lat' dir='ltr'>Partus</span> <span class='ocrx_word' id='word_1_1613' title='bbox 2274 2751 2388 2779; x_wconf 79' lang='lat' dir='ltr'>instabat</span> <span class='ocrx_word' id='word_1_1614' title='bbox 2421 2773 2430 2784; x_wconf 39' lang='lat' dir='ltr'>x</span> 
     </span>
    </p>
   </div>
   <div class='ocr_carea' id='block_1_15' title="bbox 240 2787 2388 2823">
    <p class='ocr_par' dir='ltr' id='par_1_18' title="bbox 240 2787 2388 2823">
     <span class='ocr_line' id='line_1_74' title="bbox 240 2787 2388 2823; baseline -0.003 -3"><span class='ocrx_word' id='word_1_1615' title='bbox 240 2794 299 2823; x_wconf 73' lang='lat' dir='ltr'>Vici.</span> <span class='ocrx_word' id='word_1_1616' title='bbox 312 2803 367 2820; x_wconf 74' lang='lat' dir='ltr'>mox</span> <span class='ocrx_word' id='word_1_1617' title='bbox 381 2796 585 2819; x_wconf 65' lang='lat' dir='ltr'>INSTITVTIO</span> <span class='ocrx_word' id='word_1_1618' title='bbox 598 2798 623 2815; x_wconf 92' lang='lat' dir='ltr'>n.</span> <span class='ocrx_word' id='word_1_1619' title='bbox 633 2798 658 2815; x_wconf 87' lang='lat'>2.</span> <span class='ocrx_word' id='word_1_1620' title='bbox 1339 2795 1430 2821; x_wconf 84' lang='lat' dir='ltr'>prope.</span> <span class='ocrx_word' id='word_1_1621' title='bbox 1503 2787 1610 2813; x_wconf 74' lang='lat' dir='ltr'>Senecta</span> <span class='ocrx_word' id='word_1_1622' title='bbox 1622 2787 1719 2814; x_wconf 80' lang='lat' dir='ltr'>instans</span> <span class='ocrx_word' id='word_1_1623' title='bbox 1743 2789 1810 2815; x_wconf 86' lang='lat' dir='ltr'>Hor.</span> <span class='ocrx_word' id='word_1_1624' title='bbox 1825 2789 1912 2816; x_wconf 84' lang='lat' dir='ltr'>Carni.</span> <span class='ocrx_word' id='word_1_1625' title='bbox 1927 2797 1959 2822; x_wconf 87' lang='lat'>2,</span> <span class='ocrx_word' id='word_1_1626' title='bbox 1973 2797 2017 2822; x_wconf 87' lang='lat'>14,</span> <span class='ocrx_word' id='word_1_1627' title='bbox 2031 2798 2052 2821; x_wconf 83' lang='lat'>3.</span> <span class='ocrx_word' id='word_1_1628' title='bbox 2118 2790 2201 2816; x_wconf 85' lang='lat' dir='ltr'>Plaut.</span> <span class='ocrx_word' id='word_1_1629' title='bbox 2213 2789 2292 2815; x_wconf 84' lang='lat' dir='ltr'>Poen.</span> <span class='ocrx_word' id='word_1_1630' title='bbox 2306 2796 2340 2821; x_wconf 92' lang='lat'>4,</span> <span class='ocrx_word' id='word_1_1631' title='bbox 2353 2795 2388 2820; x_wconf 69' lang='grc' dir='ltr'>ι,</span> 
     </span>
    </p>
   </div>
   <div class='ocr_carea' id='block_1_16' title="bbox 272 2819 2448 2862">
    <p class='ocr_par' dir='ltr' id='par_1_19' title="bbox 272 2819 2448 2862">
     <span class='ocr_line' id='line_1_75' title="bbox 272 2819 2448 2862; baseline -0.004 -6"><span class='ocrx_word' id='word_1_1632' title='bbox 272 2832 547 2858; x_wconf 76' lang='lat' dir='ltr'>INsTiTVTio,</span> <span class='ocrx_word' id='word_1_1633' title='bbox 569 2824 637 2850; x_wconf 81' lang='lat' dir='ltr'>oniti.</span> <span class='ocrx_word' id='word_1_1634' title='bbox 673 2823 695 2850; x_wconf 83' lang='lat' dir='ltr'>f.</span> <span class='ocrx_word' id='word_1_1635' title='bbox 751 2819 916 2856; x_wconf 55' lang='grc' dir='ltr'>[παίδὲυσις]</span> <span class='ocrx_word' id='word_1_1636' title='bbox 970 2820 1111 2853; x_wconf 70' lang='lat' dir='ltr'>DoHri&#39;na,</span> <span class='ocrx_word' id='word_1_1637' title='bbox 1135 2819 1281 2854; x_wconf 64' lang='lat' dir='ltr'>Instruc‘iio.</span> <span class='ocrx_word' id='word_1_1638' title='bbox 1339 2830 1373 2857; x_wconf 89' lang='lat'>97</span> <span class='ocrx_word' id='word_1_1639' title='bbox 1412 2822 1487 2848; x_wconf 86' lang='lat' dir='ltr'>Prius</span> <span class='ocrx_word' id='word_1_1640' title='bbox 1512 2831 1592 2857; x_wconf 86' lang='lat' dir='ltr'>quam</span> <span class='ocrx_word' id='word_1_1641' title='bbox 1613 2832 1696 2849; x_wconf 90' lang='lat' dir='ltr'>vnum</span> <span class='ocrx_word' id='word_1_1642' title='bbox 1724 2823 1854 2851; x_wconf 63' lang='lat' dir='ltr'>iniectum</span> <span class='ocrx_word' id='word_1_1643' title='bbox 1875 2824 1958 2852; x_wconf 84' lang='lat' dir='ltr'>telum</span> <span class='ocrx_word' id='word_1_1644' title='bbox 1985 2825 2037 2858; x_wconf 86' lang='lat' dir='ltr'>est,</span> <span class='ocrx_word' id='word_1_1645' title='bbox 2069 2830 2126 2852; x_wconf 84' lang='lat' dir='ltr'>tum</span> <span class='ocrx_word' id='word_1_1646' title='bbox 2157 2824 2234 2851; x_wconf 85' lang='lat' dir='ltr'>instat</span> <span class='ocrx_word' id='word_1_1647' title='bbox 2264 2824 2387 2850; x_wconf 89' lang='lat' dir='ltr'>alterum.</span> <span class='ocrx_word' id='word_1_1648' title='bbox 2431 2826 2448 2862; x_wconf 47' lang='lat'>‘¹</span> 
     </span>
    </p>
   </div>
   <div class='ocr_carea' id='block_1_17' title="bbox 234 2855 2387 2929">
    <p class='ocr_par' dir='ltr' id='par_1_20' title="bbox 234 2855 2387 2929">
     <span class='ocr_line' id='line_1_76' title="bbox 235 2855 2387 2897; baseline -0.005 -4"><span class='ocrx_word' id='word_1_1649' title='bbox 235 2866 293 2893; x_wconf 89' lang='lat' dir='ltr'>Cic.</span> <span class='ocrx_word' id='word_1_1650' title='bbox 308 2863 361 2891; x_wconf 86' lang='lat' dir='ltr'>Off.</span> <span class='ocrx_word' id='word_1_1651' title='bbox 377 2872 404 2896; x_wconf 91' lang='lat' dir='ltr'>i,</span> <span class='ocrx_word' id='word_1_1652' title='bbox 418 2870 435 2897; x_wconf 81' lang='lat'>7</span> <span class='ocrx_word' id='word_1_1653' title='bbox 465 2861 550 2895; x_wconf 84' lang='lat' dir='ltr'>Magis</span> <span class='ocrx_word' id='word_1_1654' title='bbox 563 2859 594 2886; x_wconf 87' lang='lat' dir='ltr'>ad</span> <span class='ocrx_word' id='word_1_1655' title='bbox 607 2858 801 2886; x_wconf 86' lang='lat' dir='ltr'>institutionem</span> <span class='ocrx_word' id='word_1_1656' title='bbox 815 2858 885 2884; x_wconf 87' lang='lat' dir='ltr'>vitae</span> <span class='ocrx_word' id='word_1_1657' title='bbox 899 2858 1046 2884; x_wconf 87' lang='lat' dir='ltr'>communis</span> <span class='ocrx_word' id='word_1_1658' title='bbox 1061 2857 1176 2891; x_wconf 59' lang='lat' dir='ltr'>specstare</span> <span class='ocrx_word' id='word_1_1659' title='bbox 1188 2856 1279 2884; x_wconf 84' lang='lat' dir='ltr'>viden·</span> <span class='ocrx_word' id='word_1_1660' title='bbox 1291 2863 1323 2892; x_wconf 76' lang='lat'>75⁴</span> <span class='ocrx_word' id='word_1_1661' title='bbox 1338 2855 1360 2895; x_wconf 55' lang='lat' dir='ltr'><strong>ff</strong></span> <span class='ocrx_word' id='word_1_1662' title='bbox 1380 2866 1398 2890; x_wconf 84' lang='lat'>4</span> <span class='ocrx_word' id='word_1_1663' title='bbox 1434 2859 1483 2884; x_wconf 88' lang='lat' dir='ltr'>Pro</span> <span class='ocrx_word' id='word_1_1664' title='bbox 1498 2856 1640 2891; x_wconf 76' lang='lat' dir='ltr'>instituere,</span> <span class='ocrx_word' id='word_1_1665' title='bbox 1659 2861 1677 2886; x_wconf 82' lang='lat' dir='ltr'>i.</span> <span class='ocrx_word' id='word_1_1666' title='bbox 1691 2862 1808 2894; x_wconf 75' lang='lat' dir='ltr'>incipere.</span> <span class='ocrx_word' id='word_1_1667' title='bbox 1867 2860 1924 2888; x_wconf 88' lang='lat' dir='ltr'>Cic.</span> <span class='ocrx_word' id='word_1_1668' title='bbox 1937 2861 2009 2888; x_wconf 81' lang='lat' dir='ltr'>Fam.</span> <span class='ocrx_word' id='word_1_1669' title='bbox 2023 2870 2067 2894; x_wconf 82' lang='lat'>10,</span> <span class='ocrx_word' id='word_1_1670' title='bbox 2080 2863 2109 2888; x_wconf 82' lang='lat'>16</span> <span class='ocrx_word' id='word_1_1671' title='bbox 2133 2860 2272 2896; x_wconf 67' lang='lat' dir='ltr'>‘Flagitare</span> <span class='ocrx_word' id='word_1_1672' title='bbox 2284 2859 2387 2885; x_wconf 77' lang='lat' dir='ltr'>senatus</span> 
     </span>
     <span class='ocr_line' id='line_1_77' title="bbox 234 2892 1816 2929; baseline -0.005 0"><span class='ocrx_word' id='word_1_1673' title='bbox 234 2908 288 2929; x_wconf 75' lang='lat' dir='ltr'>tur.</span> <span class='ocrx_word' id='word_1_1674' title='bbox 358 2899 433 2925; x_wconf 83' lang='lat' dir='ltr'>Idem</span> <span class='ocrx_word' id='word_1_1675' title='bbox 446 2897 525 2924; x_wconf 80' lang='lat' dir='ltr'>Acad.</span> <span class='ocrx_word' id='word_1_1676' title='bbox 540 2905 574 2929; x_wconf 91' lang='lat'>4,</span> <span class='ocrx_word' id='word_1_1677' title='bbox 610 2914 616 2921; x_wconf 98' lang='lat'>.</span> <span class='ocrx_word' id='word_1_1678' title='bbox 653 2914 660 2920; x_wconf 94' lang='lat'>.</span> <span class='ocrx_word' id='word_1_1679' title='bbox 695 2894 758 2920; x_wconf 89' lang='lat' dir='ltr'>Sunt</span> <span class='ocrx_word' id='word_1_1680' title='bbox 773 2895 843 2920; x_wconf 81' lang='lat' dir='ltr'>enim</span> <span class='ocrx_word' id='word_1_1681' title='bbox 857 2893 926 2920; x_wconf 87' lang='lat' dir='ltr'>inihi</span> <span class='ocrx_word' id='word_1_1682' title='bbox 940 2899 1018 2924; x_wconf 86' lang='lat' dir='ltr'>nota,</span> <span class='ocrx_word' id='word_1_1683' title='bbox 1037 2899 1192 2927; x_wconf 84' lang='lat' dir='ltr'>propterea,</span> <span class='ocrx_word' id='word_1_1684' title='bbox 1207 2892 1279 2928; x_wconf 84' lang='lat' dir='ltr'>quod</span> <span class='ocrx_word' id='word_1_1685' title='bbox 1338 2892 1434 2920; x_wconf 84' lang='lat' dir='ltr'>institit</span> <span class='ocrx_word' id='word_1_1686' title='bbox 1447 2894 1606 2920; x_wconf 83' lang='lat' dir='ltr'>Cornutum.</span> <span class='ocrx_word' id='word_1_1687' title='bbox 1648 2894 1707 2921; x_wconf 81' lang='lat' dir='ltr'>Vid.</span> <span class='ocrx_word' id='word_1_1688' title='bbox 1725 2896 1816 2922; x_wconf 79' lang='lat' dir='ltr'>Graeu.</span> 
     </span>
    </p>
   </div>
   <div class='ocr_carea' id='block_1_18' title="bbox 236 2916 2460 2968">
    <p class='ocr_par' dir='ltr' id='par_1_21' title="bbox 236 2916 2460 2968">
     <span class='ocr_line' id='line_1_78' title="bbox 236 2916 2460 2968; baseline -0.004 -7"><span class='ocrx_word' id='word_1_1689' title='bbox 236 2945 326 2964; x_wconf 78' lang='lat' dir='ltr'>tarum</span> <span class='ocrx_word' id='word_1_1690' title='bbox 341 2934 456 2968; x_wconf 87' lang='lat' dir='ltr'>ipsarum</span> <span class='ocrx_word' id='word_1_1691' title='bbox 469 2941 575 2963; x_wconf 87' lang='lat' dir='ltr'>rerum,</span> <span class='ocrx_word' id='word_1_1692' title='bbox 601 2930 633 2956; x_wconf 87' lang='lat' dir='ltr'>de</span> <span class='ocrx_word' id='word_1_1693' title='bbox 646 2929 742 2964; x_wconf 89' lang='lat' dir='ltr'>quibus</span> <span class='ocrx_word' id='word_1_1694' title='bbox 761 2929 877 2963; x_wconf 83' lang='lat' dir='ltr'>agimus,</span> <span class='ocrx_word' id='word_1_1695' title='bbox 909 2929 994 2963; x_wconf 87' lang='lat' dir='ltr'>prima</span> <span class='ocrx_word' id='word_1_1696' title='bbox 1013 2928 1145 2955; x_wconf 85' lang='lat' dir='ltr'>institutio</span> <span class='ocrx_word' id='word_1_1697' title='bbox 1165 2934 1190 2954; x_wconf 88' lang='lat' dir='ltr'>et</span> <span class='ocrx_word' id='word_1_1698' title='bbox 1209 2928 1280 2963; x_wconf 81' lang='lat' dir='ltr'>quasi</span> <span class='ocrx_word' id='word_1_1699' title='bbox 1377 2936 1388 2955; x_wconf 94' lang='lat'>1</span> <span class='ocrx_word' id='word_1_1700' title='bbox 1399 2934 1421 2954; x_wconf 85' lang='lat' dir='ltr'>N</span> <span class='ocrx_word' id='word_1_1701' title='bbox 1432 2934 1535 2956; x_wconf 80' lang='lat' dir='ltr'>STAT</span> <span class='ocrx_word' id='word_1_1702' title='bbox 1545 2935 1590 2955; x_wconf 85' lang='lat' dir='ltr'>VR</span> <span class='ocrx_word' id='word_1_1703' title='bbox 1600 2935 1659 2962; x_wconf 83' lang='lat' dir='ltr'>Vs,</span> <span class='ocrx_word' id='word_1_1704' title='bbox 1676 2938 1706 2963; x_wconf 88' lang='lat' dir='ltr'>a,</span> <span class='ocrx_word' id='word_1_1705' title='bbox 1727 2939 1782 2957; x_wconf 89' lang='lat' dir='ltr'>um.</span> <span class='ocrx_word' id='word_1_1706' title='bbox 1818 2929 1878 2964; x_wconf 86' lang='lat' dir='ltr'>Adi.</span> <span class='ocrx_word' id='word_1_1707' title='bbox 1915 2930 1976 2958; x_wconf 86' lang='lat' dir='ltr'>Liu.</span> <span class='ocrx_word' id='word_1_1708' title='bbox 1993 2930 2080 2964; x_wconf 45' lang='lat'>10‚⁷36</span> <span class='ocrx_word' id='word_1_1709' title='bbox 2110 2930 2150 2959; x_wconf 83' lang='lat' dir='ltr'>Ni</span> <span class='ocrx_word' id='word_1_1710' title='bbox 2164 2929 2265 2957; x_wconf 84' lang='lat' dir='ltr'>cedenti</span> <span class='ocrx_word' id='word_1_1711' title='bbox 2278 2927 2387 2954; x_wconf 79' lang='lat' dir='ltr'>instatu-</span> <span class='ocrx_word' id='word_1_1712' title='bbox 2425 2931 2429 2937; x_wconf 97' lang='grc'>’</span> <span class='ocrx_word' id='word_1_1713' title='bbox 2448 2916 2460 2936; x_wconf 59' lang='grc'>“’</span> 
     </span>
    </p>
   </div>
   <div class='ocr_carea' id='block_1_19' title="bbox 237 2963 2387 3078">
    <p class='ocr_par' dir='ltr' id='par_1_22' title="bbox 237 2963 2387 3078">
     <span class='ocr_line' id='line_1_79' title="bbox 238 2963 2386 3006; baseline -0.004 -8"><span class='ocrx_word' id='word_1_1714' title='bbox 238 2971 376 3006; x_wconf 87' lang='lat' dir='ltr'>disciplina</span> <span class='ocrx_word' id='word_1_1715' title='bbox 391 2969 440 2995; x_wconf 92' lang='lat' dir='ltr'>illo</span> <span class='ocrx_word' id='word_1_1716' title='bbox 452 2967 524 2995; x_wconf 88' lang='lat' dir='ltr'>libro</span> <span class='ocrx_word' id='word_1_1717' title='bbox 538 2967 696 3005; x_wconf 72' lang='lat' dir='ltr'>continetur.</span> <span class='ocrx_word' id='word_1_1718' title='bbox 750 2964 822 2991; x_wconf 77' lang='lat' dir='ltr'>Idem</span> <span class='ocrx_word' id='word_1_1719' title='bbox 835 2965 874 2998; x_wconf 87' lang='lat' dir='ltr'>Q</span> <span class='ocrx_word' id='word_1_1720' title='bbox 884 2965 952 2991; x_wconf 90' lang='lat' dir='ltr'>Frat.</span> <span class='ocrx_word' id='word_1_1721' title='bbox 967 2973 991 2996; x_wconf 87' lang='lat'>1,</span> <span class='ocrx_word' id='word_1_1722' title='bbox 1010 2973 1036 2996; x_wconf 91' lang='grc' dir='ltr'>ι,</span> <span class='ocrx_word' id='word_1_1723' title='bbox 1059 2967 1095 2991; x_wconf 90' lang='grc' dir='ltr'>ι6.</span> <span class='ocrx_word' id='word_1_1724' title='bbox 1168 2964 1281 2990; x_wconf 86' lang='lat' dir='ltr'>Puerilis</span> <span class='ocrx_word' id='word_1_1725' title='bbox 1338 2973 1400 2992; x_wconf 88' lang='lat' dir='ltr'>rum</span> <span class='ocrx_word' id='word_1_1726' title='bbox 1413 2963 1524 3004; x_wconf 80' lang='lat' dir='ltr'>alterum</span> <span class='ocrx_word' id='word_1_1727' title='bbox 1537 2964 1688 2992; x_wconf 68' lang='lat' dir='ltr'>timuissent.</span> <span class='ocrx_word' id='word_1_1728' title='bbox 1783 2966 1905 2994; x_wconf 74' lang='lat' dir='ltr'>Frontin.</span> <span class='ocrx_word' id='word_1_1729' title='bbox 1919 2968 1996 2994; x_wconf 90' lang='lat' dir='ltr'>Strat.</span> <span class='ocrx_word' id='word_1_1730' title='bbox 2009 2975 2040 2999; x_wconf 88' lang='lat'>2,</span> <span class='ocrx_word' id='word_1_1731' title='bbox 2055 2970 2088 2999; x_wconf 89' lang='lat'>6,</span> <span class='ocrx_word' id='word_1_1732' title='bbox 2101 2976 2128 2994; x_wconf 89' lang='grc' dir='ltr'>ιο</span> <span class='ocrx_word' id='word_1_1733' title='bbox 2159 2964 2331 3000; x_wconf 83' lang='lat' dir='ltr'>Fugientibus</span> <span class='ocrx_word' id='word_1_1734' title='bbox 2343 2964 2386 2990; x_wconf 90' lang='lat' dir='ltr'>in-</span> 
     </span>
     <span class='ocr_line' id='line_1_80' title="bbox 237 2999 1645 3041; baseline -0.006 -8"><span class='ocrx_word' id='word_1_1735' title='bbox 237 3005 370 3041; x_wconf 66' lang='lat' dir='ltr'>Qiine‘til.</span> <span class='ocrx_word' id='word_1_1736' title='bbox 386 3014 413 3037; x_wconf 90' lang='lat' dir='ltr'>i,</span> <span class='ocrx_word' id='word_1_1737' title='bbox 433 3013 451 3030; x_wconf 92' lang='lat'>1.</span> <span class='ocrx_word' id='word_1_1738' title='bbox 524 3003 563 3029; x_wconf 91' lang='lat' dir='ltr'>De</span> <span class='ocrx_word' id='word_1_1739' title='bbox 577 3001 744 3027; x_wconf 82' lang='lat' dir='ltr'>institutione</span> <span class='ocrx_word' id='word_1_1740' title='bbox 765 3001 890 3026; x_wconf 86' lang='lat' dir='ltr'>Oratoria</span> <span class='ocrx_word' id='word_1_1741' title='bbox 908 2999 959 3036; x_wconf 74' lang='lat' dir='ltr'>ipse</span> <span class='ocrx_word' id='word_1_1742' title='bbox 971 2999 1126 3039; x_wconf 70' lang='lat' dir='ltr'>titiaelzcmfico</span> <span class='ocrx_word' id='word_1_1743' title='bbox 1138 3000 1281 3039; x_wconf 62' lang='lat' dir='ltr'>operifcqi&#39;t</span> <span class='ocrx_word' id='word_1_1744' title='bbox 1339 3000 1452 3026; x_wconf 86' lang='lat' dir='ltr'>staturos</span> <span class='ocrx_word' id='word_1_1745' title='bbox 1472 2999 1596 3026; x_wconf 65' lang='lat' dir='ltr'>viciores.</span> <span class='ocrx_word' id='word_1_1746' title='bbox 1638 3035 1645 3041; x_wconf 85' lang='lat'>.</span> 
     </span>
     <span class='ocr_line' id='line_1_81' title="bbox 237 3034 2387 3078; baseline -0.003 -9"><span class='ocrx_word' id='word_1_1747' title='bbox 237 3041 437 3077; x_wconf 69' lang='lat' dir='ltr'>Quinftilianus</span> <span class='ocrx_word' id='word_1_1748' title='bbox 452 3040 479 3065; x_wconf 90' lang='lat' dir='ltr'>in</span> <span class='ocrx_word' id='word_1_1749' title='bbox 491 3038 632 3078; x_wconf 78' lang='lat' dir='ltr'>prooemio</span> <span class='ocrx_word' id='word_1_1750' title='bbox 645 3036 677 3063; x_wconf 90' lang='lat' dir='ltr'>ad</span> <span class='ocrx_word' id='word_1_1751' title='bbox 688 3035 874 3070; x_wconf 80' lang='lat' dir='ltr'>Tryphonem.</span> <span class='ocrx_word' id='word_1_1752' title='bbox 945 3036 1000 3061; x_wconf 89' lang='lat' dir='ltr'>Cic.</span> <span class='ocrx_word' id='word_1_1753' title='bbox 1014 3035 1046 3062; x_wconf 89' lang='lat' dir='ltr'>de</span> <span class='ocrx_word' id='word_1_1754' title='bbox 1058 3036 1131 3062; x_wconf 86' lang='lat' dir='ltr'>Orat.</span> <span class='ocrx_word' id='word_1_1755' title='bbox 1146 3044 1158 3067; x_wconf 90' lang='lat'>3</span> <span class='ocrx_word' id='word_1_1756' title='bbox 1167 3055 1175 3067; x_wconf 86' lang='lat'>,</span> <span class='ocrx_word' id='word_1_1757' title='bbox 1188 3043 1212 3067; x_wconf 87' lang='lat'>31</span> <span class='ocrx_word' id='word_1_1758' title='bbox 1234 3036 1280 3061; x_wconf 82' lang='lat' dir='ltr'>Iis·</span> <span class='ocrx_word' id='word_1_1759' title='bbox 1291 3040 1323 3067; x_wconf 87' lang='lat'>80</span> <span class='ocrx_word' id='word_1_1760' title='bbox 1377 3041 1387 3061; x_wconf 89' lang='lat'>1</span> <span class='ocrx_word' id='word_1_1761' title='bbox 1397 3042 1418 3061; x_wconf 84' lang='lat' dir='ltr'>N</span> <span class='ocrx_word' id='word_1_1762' title='bbox 1428 3041 1500 3062; x_wconf 80' lang='lat' dir='ltr'>STA</span> <span class='ocrx_word' id='word_1_1763' title='bbox 1510 3041 1532 3060; x_wconf 87' lang='lat' dir='ltr'>N</span> <span class='ocrx_word' id='word_1_1764' title='bbox 1543 3041 1555 3060; x_wconf 87' lang='lat' dir='ltr'>S</span> <span class='ocrx_word' id='word_1_1765' title='bbox 1564 3055 1572 3067; x_wconf 89' lang='lat'>,</span> <span class='ocrx_word' id='word_1_1766' title='bbox 1591 3041 1667 3062; x_wconf 86' lang='lat' dir='ltr'>antis.</span> <span class='ocrx_word' id='word_1_1767' title='bbox 1703 3036 1797 3064; x_wconf 80' lang='lat' dir='ltr'>Partic.</span> <span class='ocrx_word' id='word_1_1768' title='bbox 1833 3035 1946 3071; x_wconf 69' lang='grc' dir='ltr'>[ἕης-ὦς,</span> <span class='ocrx_word' id='word_1_1769' title='bbox 1964 3037 2072 3073; x_wconf 77' lang='grc' dir='ltr'><strong><em>οἷκαρής]</em></strong></span> <span class='ocrx_word' id='word_1_1770' title='bbox 2125 3034 2199 3062; x_wconf 79' lang='lat' dir='ltr'>Onod</span> <span class='ocrx_word' id='word_1_1771' title='bbox 2211 3037 2338 3067; x_wconf 80' lang='lat' dir='ltr'>imminet,</span> <span class='ocrx_word' id='word_1_1772' title='bbox 2361 3040 2387 3062; x_wconf 73' lang='lat' dir='ltr'>et</span> 
     </span>
    </p>
   </div>
   <div class='ocr_carea' id='block_1_20' title="bbox 238 3062 2426 3111">
    <p class='ocr_par' dir='ltr' id='par_1_23' title="bbox 238 3050 2453 3111">
     <span class='ocr_line' id='line_1_82' title="bbox 238 3062 2426 3111; baseline -0.004 -6"><span class='ocrx_word' id='word_1_1773' title='bbox 238 3078 297 3105; x_wconf 87' lang='lat' dir='ltr'>deui</span> <span class='ocrx_word' id='word_1_1774' title='bbox 313 3075 456 3111; x_wconf 81' lang='lat' dir='ltr'>praeceptis</span> <span class='ocrx_word' id='word_1_1775' title='bbox 468 3081 548 3109; x_wconf 84' lang='lat' dir='ltr'>atque</span> <span class='ocrx_word' id='word_1_1776' title='bbox 563 3081 591 3099; x_wconf 91' lang='lat' dir='ltr'>in</span> <span class='ocrx_word' id='word_1_1777' title='bbox 604 3081 655 3099; x_wconf 88' lang='lat' dir='ltr'>vna</span> <span class='ocrx_word' id='word_1_1778' title='bbox 667 3071 834 3098; x_wconf 81' lang='lat' dir='ltr'>institutione</span> <span class='ocrx_word' id='word_1_1779' title='bbox 849 3070 969 3097; x_wconf 79' lang='lat' dir='ltr'>formari.</span> <span class='ocrx_word' id='word_1_1780' title='bbox 1054 3071 1195 3097; x_wconf 83' lang='lat' dir='ltr'>Rationem</span> <span class='ocrx_word' id='word_1_1781' title='bbox 1209 3070 1282 3097; x_wconf 87' lang='lat' dir='ltr'>insti·</span> <span class='ocrx_word' id='word_1_1782' title='bbox 1340 3077 1429 3106; x_wconf 78' lang='lat' dir='ltr'>urget,</span> <span class='ocrx_word' id='word_1_1783' title='bbox 1447 3077 1512 3097; x_wconf 80' lang='lat' dir='ltr'>certe</span> <span class='ocrx_word' id='word_1_1784' title='bbox 1520 3071 1637 3106; x_wconf 68' lang='lat' dir='ltr'>praescus</span> <span class='ocrx_word' id='word_1_1785' title='bbox 1650 3069 1691 3104; x_wconf 77' lang='lat' dir='ltr'>est.</span> <span class='ocrx_word' id='word_1_1786' title='bbox 1761 3072 1865 3099; x_wconf 89' lang='lat' dir='ltr'>Bellum</span> <span class='ocrx_word' id='word_1_1787' title='bbox 1892 3073 1965 3100; x_wconf 89' lang='lat' dir='ltr'>Caes.</span> <span class='ocrx_word' id='word_1_1788' title='bbox 1980 3074 2008 3100; x_wconf 89' lang='lat' dir='ltr'>B.</span> <span class='ocrx_word' id='word_1_1789' title='bbox 2022 3073 2054 3099; x_wconf 92' lang='lat' dir='ltr'>G.</span> <span class='ocrx_word' id='word_1_1790' title='bbox 2069 3075 2095 3104; x_wconf 89' lang='lat'>6,</span> <span class='ocrx_word' id='word_1_1791' title='bbox 2105 3062 2159 3105; x_wconf 53' lang='lat'>4:¹⁵</span> <span class='ocrx_word' id='word_1_1792' title='bbox 2193 3071 2295 3097; x_wconf 81' lang='lat' dir='ltr'>Milites</span> <span class='ocrx_word' id='word_1_1793' title='bbox 2313 3070 2394 3098; x_wconf 19' lang='lat' dir='ltr'>Ibid..</span> <span class='ocrx_word' id='word_1_1794' title='bbox 2421 3086 2426 3090; x_wconf 74' lang='grc'><em>·</em></span> 
     </span>
    </p>
   </div>
   <div class='ocr_carea' id='block_1_21' title="bbox 236 3105 2386 3290">
    <p class='ocr_par' dir='ltr' id='par_1_24' title="bbox 236 3105 2386 3290">
     <span class='ocr_line' id='line_1_83' title="bbox 236 3105 2383 3146; baseline -0.004 -8"><span class='ocrx_word' id='word_1_1795' title='bbox 236 3114 422 3146; x_wconf 67' lang='lat' dir='ltr'>ultionemque</span> <span class='ocrx_word' id='word_1_1796' title='bbox 441 3111 513 3137; x_wconf 80' lang='lat' dir='ltr'>suam</span> <span class='ocrx_word' id='word_1_1797' title='bbox 533 3110 688 3135; x_wconf 81' lang='lat' dir='ltr'>conseruare</span> <span class='ocrx_word' id='word_1_1798' title='bbox 719 3106 759 3133; x_wconf 85' lang='lat' dir='ltr'>Id.</span> <span class='ocrx_word' id='word_1_1799' title='bbox 772 3107 825 3132; x_wconf 87' lang='lat' dir='ltr'>Att.</span> <span class='ocrx_word' id='word_1_1800' title='bbox 847 3114 873 3138; x_wconf 88' lang='lat'>1,</span> <span class='ocrx_word' id='word_1_1801' title='bbox 894 3114 931 3138; x_wconf 86' lang='lat'>14.</span> <span class='ocrx_word' id='word_1_1802' title='bbox 1002 3105 1041 3131; x_wconf 90' lang='lat' dir='ltr'>Id.</span> <span class='ocrx_word' id='word_1_1803' title='bbox 1055 3106 1087 3132; x_wconf 87' lang='lat' dir='ltr'>de</span> <span class='ocrx_word' id='word_1_1804' title='bbox 1101 3107 1136 3132; x_wconf 76' lang='lat' dir='ltr'>N.</span> <span class='ocrx_word' id='word_1_1805' title='bbox 1155 3107 1184 3133; x_wconf 89' lang='lat' dir='ltr'>D.</span> <span class='ocrx_word' id='word_1_1806' title='bbox 1200 3115 1231 3138; x_wconf 87' lang='lat'>2,</span> <span class='ocrx_word' id='word_1_1807' title='bbox 1253 3114 1280 3138; x_wconf 80' lang='lat'>33</span> <span class='ocrx_word' id='word_1_1808' title='bbox 1342 3111 1373 3138; x_wconf 88' lang='lat'>8,</span> <span class='ocrx_word' id='word_1_1809' title='bbox 1391 3115 1429 3138; x_wconf 86' lang='lat'>14.</span> <span class='ocrx_word' id='word_1_1810' title='bbox 1500 3106 1648 3132; x_wconf 89' lang='lat' dir='ltr'>Periculum</span> <span class='ocrx_word' id='word_1_1811' title='bbox 1676 3107 1745 3141; x_wconf 84' lang='lat' dir='ltr'>Nep.</span> <span class='ocrx_word' id='word_1_1812' title='bbox 1758 3117 1792 3141; x_wconf 87' lang='lat'>4,</span> <span class='ocrx_word' id='word_1_1813' title='bbox 1814 3118 1838 3139; x_wconf 87' lang='lat'>3,</span> <span class='ocrx_word' id='word_1_1814' title='bbox 1860 3116 1882 3141; x_wconf 80' lang='grc' dir='ltr'>ς,</span> <span class='ocrx_word' id='word_1_1815' title='bbox 1953 3107 2009 3135; x_wconf 66' lang='grc' dir='ltr'>αἱς,</span> <span class='ocrx_word' id='word_1_1816' title='bbox 2027 3107 2109 3134; x_wconf 83' lang='lat' dir='ltr'>Tusc.</span> <span class='ocrx_word' id='word_1_1817' title='bbox 2121 3115 2155 3139; x_wconf 88' lang='lat'>4,</span> <span class='ocrx_word' id='word_1_1818' title='bbox 2171 3115 2194 3132; x_wconf 85' lang='lat' dir='ltr'>ii</span> <span class='ocrx_word' id='word_1_1819' title='bbox 2221 3107 2298 3140; x_wconf 78' lang='lat' dir='ltr'>Qae</span> <span class='ocrx_word' id='word_1_1820' title='bbox 2310 3106 2383 3133; x_wconf 68' lang='lat' dir='ltr'>enim&#39;</span> 
     </span>
     <span class='ocr_line' id='line_1_84' title="bbox 239 3140 2385 3181; baseline -0.003 -6"><span class='ocrx_word' id='word_1_1821' title='bbox 239 3159 261 3175; x_wconf 89' lang='lat' dir='ltr'>c.</span> <span class='ocrx_word' id='word_1_1822' title='bbox 278 3158 301 3179; x_wconf 61' lang='grc' dir='ltr'>ις</span> <span class='ocrx_word' id='word_1_1823' title='bbox 332 3147 428 3181; x_wconf 77' lang='lat' dir='ltr'>Neque</span> <span class='ocrx_word' id='word_1_1824' title='bbox 442 3146 514 3172; x_wconf 85' lang='lat' dir='ltr'>enim</span> <span class='ocrx_word' id='word_1_1825' title='bbox 528 3143 581 3171; x_wconf 86' lang='lat' dir='ltr'>dici</span> <span class='ocrx_word' id='word_1_1826' title='bbox 594 3143 692 3178; x_wconf 89' lang='lat' dir='ltr'>potest,</span> <span class='ocrx_word' id='word_1_1827' title='bbox 710 3142 740 3168; x_wconf 86' lang='lat' dir='ltr'>in</span> <span class='ocrx_word' id='word_1_1828' title='bbox 759 3141 811 3169; x_wconf 91' lang='lat' dir='ltr'>vlla</span> <span class='ocrx_word' id='word_1_1829' title='bbox 824 3140 1092 3169; x_wconf 78' lang='lat' dir='ltr'>rerum&#39;institutionc</span> <span class='ocrx_word' id='word_1_1830' title='bbox 1104 3151 1157 3168; x_wconf 91' lang='lat' dir='ltr'>non</span> <span class='ocrx_word' id='word_1_1831' title='bbox 1174 3142 1222 3168; x_wconf 78' lang='lat' dir='ltr'>esl&#39;e</span> <span class='ocrx_word' id='word_1_1832' title='bbox 1235 3142 1284 3168; x_wconf 81' lang='lat' dir='ltr'>ali-</span> <span class='ocrx_word' id='word_1_1833' title='bbox 1341 3141 1477 3168; x_wconf 84' lang='lat' dir='ltr'>venientia</span> <span class='ocrx_word' id='word_1_1834' title='bbox 1489 3147 1653 3173; x_wconf 84' lang='lat' dir='ltr'>metuuntur,</span> <span class='ocrx_word' id='word_1_1835' title='bbox 1674 3143 1765 3169; x_wconf 86' lang='lat' dir='ltr'>eadem</span> <span class='ocrx_word' id='word_1_1836' title='bbox 1775 3142 1892 3170; x_wconf 84' lang='lat' dir='ltr'>efficiunt</span> <span class='ocrx_word' id='word_1_1837' title='bbox 1903 3142 2236 3178; x_wconf 83' lang='lat' dir='ltr'>aegritudinetninstantia.</span> <span class='ocrx_word' id='word_1_1838' title='bbox 2307 3142 2385 3169; x_wconf 86' lang='lat' dir='ltr'>Idem</span> 
     </span>
     <span class='ocr_line' id='line_1_85' title="bbox 239 3176 2385 3219; baseline -0.003 -9"><span class='ocrx_word' id='word_1_1839' title='bbox 239 3178 304 3219; x_wconf 80' lang='lat' dir='ltr'>quid</span> <span class='ocrx_word' id='word_1_1840' title='bbox 320 3189 467 3210; x_wconf 83' lang='lat' dir='ltr'>extremuni</span> <span class='ocrx_word' id='word_1_1841' title='bbox 486 3186 563 3215; x_wconf 87' lang='lat' dir='ltr'>atque</span> <span class='ocrx_word' id='word_1_1842' title='bbox 582 3178 745 3214; x_wconf 63' lang='lat' dir='ltr'>perfee‘tum,</span> <span class='ocrx_word' id='word_1_1843' title='bbox 783 3180 802 3204; x_wconf 73' lang='grc' dir='ltr'>ι’.</span> <span class='ocrx_word' id='word_1_1844' title='bbox 825 3180 853 3203; x_wconf 84' lang='lat' dir='ltr'>in</span> <span class='ocrx_word' id='word_1_1845' title='bbox 871 3177 922 3202; x_wconf 81' lang='lat' dir='ltr'>vlla</span> <span class='ocrx_word' id='word_1_1846' title='bbox 938 3186 1020 3203; x_wconf 72' lang='lat' dir='ltr'>rerum</span> <span class='ocrx_word' id='word_1_1847' title='bbox 1038 3176 1108 3209; x_wconf 67' lang='lat' dir='ltr'>claffo</span> <span class='ocrx_word' id='word_1_1848' title='bbox 1126 3183 1170 3203; x_wconf 84' lang='lat' dir='ltr'>aut</span> <span class='ocrx_word' id='word_1_1849' title='bbox 1189 3186 1282 3217; x_wconf 73' lang='lat' dir='ltr'>genere.</span> <span class='ocrx_word' id='word_1_1850' title='bbox 1342 3177 1373 3204; x_wconf 90' lang='lat' dir='ltr'>de</span> <span class='ocrx_word' id='word_1_1851' title='bbox 1388 3178 1453 3203; x_wconf 88' lang='lat' dir='ltr'>Fato</span> <span class='ocrx_word' id='word_1_1852' title='bbox 1471 3186 1492 3203; x_wconf 92' lang='lat' dir='ltr'>c.</span> <span class='ocrx_word' id='word_1_1853' title='bbox 1508 3185 1533 3203; x_wconf 88' lang='lat'>12</span> <span class='ocrx_word' id='word_1_1854' title='bbox 1566 3177 1602 3203; x_wconf 89' lang='lat' dir='ltr'>Vt</span> <span class='ocrx_word' id='word_1_1855' title='bbox 1615 3179 1757 3211; x_wconf 85' lang='lat' dir='ltr'>praeterita</span> <span class='ocrx_word' id='word_1_1856' title='bbox 1771 3187 1800 3205; x_wconf 86' lang='lat' dir='ltr'>ea</span> <span class='ocrx_word' id='word_1_1857' title='bbox 1812 3188 1875 3205; x_wconf 88' lang='lat' dir='ltr'>vera</span> <span class='ocrx_word' id='word_1_1858' title='bbox 1889 3179 2017 3210; x_wconf 78' lang='lat' dir='ltr'>dicimus,</span> <span class='ocrx_word' id='word_1_1859' title='bbox 2041 3185 2156 3212; x_wconf 88' lang='lat' dir='ltr'>quorum</span> <span class='ocrx_word' id='word_1_1860' title='bbox 2170 3177 2305 3212; x_wconf 88' lang='lat' dir='ltr'>superiore</span> <span class='ocrx_word' id='word_1_1861' title='bbox 2318 3183 2385 3204; x_wconf 88' lang='lat' dir='ltr'>tem-</span> 
     </span>
     <span class='ocr_line' id='line_1_86' title="bbox 238 3211 2384 3251; baseline -0.004 -4"><span class='ocrx_word' id='word_1_1862' title='bbox 238 3220 295 3247; x_wconf 86' lang='lat' dir='ltr'>Cic.</span> <span class='ocrx_word' id='word_1_1863' title='bbox 313 3220 390 3245; x_wconf 86' lang='lat' dir='ltr'>Verr.</span> <span class='ocrx_word' id='word_1_1864' title='bbox 410 3225 438 3251; x_wconf 80' lang='grc' dir='ltr'>ς,</span> <span class='ocrx_word' id='word_1_1865' title='bbox 460 3221 503 3247; x_wconf 88' lang='lat'>180</span> <span class='ocrx_word' id='word_1_1866' title='bbox 535 3217 640 3242; x_wconf 83' lang='lat' dir='ltr'>Horum</span> <span class='ocrx_word' id='word_1_1867' title='bbox 658 3222 706 3240; x_wconf 90' lang='lat' dir='ltr'>nos</span> <span class='ocrx_word' id='word_1_1868' title='bbox 724 3212 865 3240; x_wconf 85' lang='lat' dir='ltr'>hominum</span> <span class='ocrx_word' id='word_1_1869' title='bbox 887 3211 982 3238; x_wconf 58' lang='lat' dir='ltr'>scetem</span> <span class='ocrx_word' id='word_1_1870' title='bbox 995 3217 1074 3245; x_wconf 89' lang='lat' dir='ltr'>atque</span> <span class='ocrx_word' id='word_1_1871' title='bbox 1089 3211 1282 3238; x_wconf 79' lang='lat' dir='ltr'>institutionem</span> <span class='ocrx_word' id='word_1_1872' title='bbox 1297 3219 1326 3248; x_wconf 78' lang='lat'>85</span> <span class='ocrx_word' id='word_1_1873' title='bbox 1342 3221 1407 3247; x_wconf 86' lang='lat' dir='ltr'>pore</span> <span class='ocrx_word' id='word_1_1874' title='bbox 1420 3221 1481 3239; x_wconf 85' lang='lat' dir='ltr'>vera</span> <span class='ocrx_word' id='word_1_1875' title='bbox 1493 3212 1594 3238; x_wconf 88' lang='lat' dir='ltr'>fuerint</span> <span class='ocrx_word' id='word_1_1876' title='bbox 1607 3212 1742 3240; x_wconf 83' lang='lat' dir='ltr'>instantia:</span> <span class='ocrx_word' id='word_1_1877' title='bbox 1778 3214 1810 3240; x_wconf 83' lang='lat' dir='ltr'>fic</span> <span class='ocrx_word' id='word_1_1878' title='bbox 1825 3215 1926 3247; x_wconf 86' lang='lat' dir='ltr'>futura,</span> <span class='ocrx_word' id='word_1_1879' title='bbox 1945 3221 2057 3249; x_wconf 87' lang='lat' dir='ltr'>quorum</span> <span class='ocrx_word' id='word_1_1880' title='bbox 2075 3213 2247 3247; x_wconf 82' lang='lat' dir='ltr'>consequenti</span> <span class='ocrx_word' id='word_1_1881' title='bbox 2262 3219 2384 3247; x_wconf 86' lang='lat' dir='ltr'>tempore</span> 
     </span>
     <span class='ocr_line' id='line_1_87' title="bbox 239 3247 2386 3290; baseline -0.003 -9"><span class='ocrx_word' id='word_1_1882' title='bbox 239 3254 430 3290; x_wconf 86' lang='lat' dir='ltr'>persequimur.</span> <span class='ocrx_word' id='word_1_1883' title='bbox 469 3253 545 3279; x_wconf 79' lang='lat' dir='ltr'>Vetus</span> <span class='ocrx_word' id='word_1_1884' title='bbox 558 3251 679 3285; x_wconf 81' lang='lat' dir='ltr'>exemplar</span> <span class='ocrx_word' id='word_1_1885' title='bbox 691 3249 762 3276; x_wconf 78' lang='lat' dir='ltr'>habet</span> <span class='ocrx_word' id='word_1_1886' title='bbox 778 3248 906 3274; x_wconf 78' lang='lat' dir='ltr'>Instituta.</span> <span class='ocrx_word' id='word_1_1887' title='bbox 976 3247 1063 3274; x_wconf 84' lang='lat' dir='ltr'>Stoica</span> <span class='ocrx_word' id='word_1_1888' title='bbox 1087 3247 1182 3272; x_wconf 87' lang='lat' dir='ltr'>Sen.de</span> <span class='ocrx_word' id='word_1_1889' title='bbox 1190 3248 1233 3273; x_wconf 59' lang='lat' dir='ltr'>Bet</span> <span class='ocrx_word' id='word_1_1890' title='bbox 1247 3248 1281 3274; x_wconf 87' lang='lat' dir='ltr'>cf.</span> <span class='ocrx_word' id='word_1_1891' title='bbox 1341 3256 1404 3275; x_wconf 87' lang='lat' dir='ltr'>vcra</span> <span class='ocrx_word' id='word_1_1892' title='bbox 1419 3254 1496 3275; x_wconf 89' lang='lat' dir='ltr'>erunt</span> <span class='ocrx_word' id='word_1_1893' title='bbox 1507 3248 1643 3279; x_wconf 88' lang='lat' dir='ltr'>instantia,</span> <span class='ocrx_word' id='word_1_1894' title='bbox 1668 3257 1697 3274; x_wconf 87' lang='lat' dir='ltr'>ea</span> <span class='ocrx_word' id='word_1_1895' title='bbox 1708 3257 1771 3276; x_wconf 85' lang='lat' dir='ltr'>vera</span> <span class='ocrx_word' id='word_1_1896' title='bbox 1785 3249 1908 3276; x_wconf 87' lang='lat' dir='ltr'>dicemus.</span> <span class='ocrx_word' id='word_1_1897' title='bbox 2002 3247 2131 3281; x_wconf 63' lang='lat' dir='ltr'>Qtinciil.</span> <span class='ocrx_word' id='word_1_1898' title='bbox 2146 3258 2175 3281; x_wconf 74' lang='grc' dir='ltr'>ς,</span> <span class='ocrx_word' id='word_1_1899' title='bbox 2195 3256 2224 3274; x_wconf 86' lang='grc' dir='ltr'>ιο</span> <span class='ocrx_word' id='word_1_1900' title='bbox 2257 3248 2386 3275; x_wconf 80' lang='lat' dir='ltr'>Praeteri-</span> 
     </span>
    </p>
   </div>
   <div class='ocr_carea' id='block_1_22' title="bbox 240 3282 2467 3849">
    <p class='ocr_par' dir='ltr' id='par_1_25' title="bbox 240 3282 2437 3466">
     <span class='ocr_line' id='line_1_88' title="bbox 240 3282 2384 3323; baseline -0.004 -8"><span class='ocrx_word' id='word_1_1901' title='bbox 240 3299 266 3323; x_wconf 76' lang='lat'>2,</span> <span class='ocrx_word' id='word_1_1902' title='bbox 281 3299 322 3316; x_wconf 88' lang='lat'>20.</span> <span class='ocrx_word' id='word_1_1903' title='bbox 392 3289 459 3315; x_wconf 86' lang='lat' dir='ltr'>Plin.</span> <span class='ocrx_word' id='word_1_1904' title='bbox 473 3289 512 3319; x_wconf 86' lang='lat'>16,</span> <span class='ocrx_word' id='word_1_1905' title='bbox 524 3296 542 3319; x_wconf 91' lang='lat'>4</span> <span class='ocrx_word' id='word_1_1906' title='bbox 567 3285 688 3319; x_wconf 82' lang='lat' dir='ltr'>Longum</span> <span class='ocrx_word' id='word_1_1907' title='bbox 701 3284 745 3315; x_wconf 84' lang='lat' dir='ltr'>est,</span> <span class='ocrx_word' id='word_1_1908' title='bbox 765 3293 811 3310; x_wconf 87' lang='lat' dir='ltr'>uec</span> <span class='ocrx_word' id='word_1_1909' title='bbox 825 3292 856 3309; x_wconf 80' lang='lat' dir='ltr'>ex</span> <span class='ocrx_word' id='word_1_1910' title='bbox 865 3282 1031 3310; x_wconf 84' lang='lat' dir='ltr'>institutione</span> <span class='ocrx_word' id='word_1_1911' title='bbox 1038 3282 1136 3316; x_wconf 87' lang='lat' dir='ltr'>operis,</span> <span class='ocrx_word' id='word_1_1912' title='bbox 1151 3282 1282 3315; x_wconf 77' lang='lat' dir='ltr'>disserere,</span> <span class='ocrx_word' id='word_1_1913' title='bbox 1340 3289 1417 3316; x_wconf 88' lang='lat' dir='ltr'>tum,</span> <span class='ocrx_word' id='word_1_1914' title='bbox 1437 3283 1548 3316; x_wconf 82' lang='lat' dir='ltr'>instans,</span> <span class='ocrx_word' id='word_1_1915' title='bbox 1567 3283 1696 3311; x_wconf 85' lang='lat' dir='ltr'>futurum.</span> <span class='ocrx_word' id='word_1_1916' title='bbox 1732 3284 1800 3311; x_wconf 78' lang='lat' dir='ltr'>Add.</span> <span class='ocrx_word' id='word_1_1917' title='bbox 1815 3286 1883 3313; x_wconf 73' lang='lat' dir='ltr'>Tac„</span> <span class='ocrx_word' id='word_1_1918' title='bbox 1898 3283 1966 3310; x_wconf 85' lang='lat' dir='ltr'>Hist.</span> <span class='ocrx_word' id='word_1_1919' title='bbox 1977 3292 1998 3315; x_wconf 80' lang='lat'>3,</span> <span class='ocrx_word' id='word_1_1920' title='bbox 2014 3285 2059 3315; x_wconf 80' lang='lat'>36,</span> <span class='ocrx_word' id='word_1_1921' title='bbox 2074 3292 2091 3309; x_wconf 90' lang='lat'>1.</span> <span class='ocrx_word' id='word_1_1922' title='bbox 2163 3285 2203 3311; x_wconf 87' lang='lat' dir='ltr'>De</span> <span class='ocrx_word' id='word_1_1923' title='bbox 2224 3283 2384 3310; x_wconf 60' lang='lat' dir='ltr'>instantibus</span> 
     </span>
     <span class='ocr_line' id='line_1_89' title="bbox 241 3317 2384 3359; baseline -0.003 -7"><span class='ocrx_word' id='word_1_1924' title='bbox 241 3326 360 3359; x_wconf 84' lang='lat' dir='ltr'>quisnam</span> <span class='ocrx_word' id='word_1_1925' title='bbox 375 3324 557 3350; x_wconf 81' lang='lat' dir='ltr'>Romanorum</span> <span class='ocrx_word' id='word_1_1926' title='bbox 570 3321 671 3355; x_wconf 85' lang='lat' dir='ltr'>primus</span> <span class='ocrx_word' id='word_1_1927' title='bbox 685 3320 822 3354; x_wconf 82' lang='lat' dir='ltr'>acceperit.</span> <span class='ocrx_word' id='word_1_1928' title='bbox 884 3319 959 3345; x_wconf 79' lang='lat' dir='ltr'>Vetus</span> <span class='ocrx_word' id='word_1_1929' title='bbox 972 3318 1046 3345; x_wconf 50' lang='lat' dir='ltr'>codex</span> <span class='ocrx_word' id='word_1_1930' title='bbox 1058 3317 1146 3351; x_wconf 67' lang='lat' dir='ltr'>habet,</span> <span class='ocrx_word' id='word_1_1931' title='bbox 1171 3317 1229 3344; x_wconf 81' lang='lat' dir='ltr'>Nec</span> <span class='ocrx_word' id='word_1_1932' title='bbox 1244 3318 1284 3344; x_wconf 83' lang='lat' dir='ltr'>in·</span> <span class='ocrx_word' id='word_1_1933' title='bbox 1342 3318 1472 3346; x_wconf 80' lang='lat' dir='ltr'>verissime</span> <span class='ocrx_word' id='word_1_1934' title='bbox 1487 3318 1605 3346; x_wconf 84' lang='lat' dir='ltr'>iudicare</span> <span class='ocrx_word' id='word_1_1935' title='bbox 1627 3319 1697 3353; x_wconf 87' lang='lat' dir='ltr'>Nep.</span> <span class='ocrx_word' id='word_1_1936' title='bbox 1711 3328 1737 3351; x_wconf 85' lang='lat'>2,</span> <span class='ocrx_word' id='word_1_1937' title='bbox 1753 3328 1779 3352; x_wconf 90' lang='lat'>1,</span> <span class='ocrx_word' id='word_1_1938' title='bbox 1792 3329 1819 3354; x_wconf 88' lang='lat'>4.</span> <span class='ocrx_word' id='word_1_1939' title='bbox 1896 3319 2009 3346; x_wconf 81' lang='lat' dir='ltr'>Sustinet</span> <span class='ocrx_word' id='word_1_1940' title='bbox 2022 3319 2144 3345; x_wconf 85' lang='lat' dir='ltr'>instantes</span> <span class='ocrx_word' id='word_1_1941' title='bbox 2176 3319 2257 3346; x_wconf 90' lang='lat' dir='ltr'>Ouid.</span> <span class='ocrx_word' id='word_1_1942' title='bbox 2272 3319 2337 3345; x_wconf 85' lang='lat' dir='ltr'>Met.</span> <span class='ocrx_word' id='word_1_1943' title='bbox 2354 3325 2384 3352; x_wconf 80' lang='grc'>5,</span> 
     </span>
     <span class='ocr_line' id='line_1_90' title="bbox 241 3353 2437 3394; baseline -0.001 -11"><span class='ocrx_word' id='word_1_1944' title='bbox 241 3360 324 3387; x_wconf 85' lang='lat' dir='ltr'>stituti</span> <span class='ocrx_word' id='word_1_1945' title='bbox 336 3360 432 3394; x_wconf 82' lang='lat' dir='ltr'>operis.</span> <span class='ocrx_word' id='word_1_1946' title='bbox 503 3357 559 3385; x_wconf 84' lang='lat' dir='ltr'>Cic.</span> <span class='ocrx_word' id='word_1_1947' title='bbox 568 3356 621 3383; x_wconf 85' lang='lat' dir='ltr'>Off.</span> <span class='ocrx_word' id='word_1_1948' title='bbox 634 3365 654 3388; x_wconf 88' lang='grc' dir='ltr'>ι,</span> <span class='ocrx_word' id='word_1_1949' title='bbox 667 3363 684 3390; x_wconf 87' lang='lat'><strong>7</strong></span> <span class='ocrx_word' id='word_1_1950' title='bbox 697 3365 718 3381; x_wconf 88' lang='lat' dir='ltr'>c.</span> <span class='ocrx_word' id='word_1_1951' title='bbox 728 3363 743 3381; x_wconf 88' lang='lat'>2</span> <span class='ocrx_word' id='word_1_1952' title='bbox 769 3354 863 3382; x_wconf 84' lang='lat' dir='ltr'>Omnis</span> <span class='ocrx_word' id='word_1_1953' title='bbox 877 3354 964 3386; x_wconf 81' lang='lat' dir='ltr'>enim,</span> <span class='ocrx_word' id='word_1_1954' title='bbox 982 3362 1047 3388; x_wconf 90' lang='lat' dir='ltr'>quae</span> <span class='ocrx_word' id='word_1_1955' title='bbox 1061 3362 1075 3379; x_wconf 90' lang='lat' dir='ltr'>a</span> <span class='ocrx_word' id='word_1_1956' title='bbox 1089 3353 1192 3379; x_wconf 81' lang='lat' dir='ltr'>ratione</span> <span class='ocrx_word' id='word_1_1957' title='bbox 1207 3354 1283 3380; x_wconf 88' lang='lat' dir='ltr'>susci·</span> <span class='ocrx_word' id='word_1_1958' title='bbox 1343 3357 1398 3380; x_wconf 89' lang='lat'>162.</span> <span class='ocrx_word' id='word_1_1959' title='bbox 1433 3357 1451 3380; x_wconf 89' lang='lat' dir='ltr'>i.</span> <span class='ocrx_word' id='word_1_1960' title='bbox 1473 3362 1597 3390; x_wconf 72' lang='lat' dir='ltr'>urgentes.</span> <span class='ocrx_word' id='word_1_1961' title='bbox 1701 3355 1813 3390; x_wconf 79' lang='lat' dir='ltr'>Compar.</span> <span class='ocrx_word' id='word_1_1962' title='bbox 1868 3353 1997 3388; x_wconf 65' lang='lat' dir='ltr'>Qiinetil.</span> <span class='ocrx_word' id='word_1_1963' title='bbox 2013 3363 2045 3387; x_wconf 91' lang='lat'>9,</span> <span class='ocrx_word' id='word_1_1964' title='bbox 2068 3363 2080 3387; x_wconf 83' lang='lat'>3</span> <span class='ocrx_word' id='word_1_1965' title='bbox 2105 3355 2174 3381; x_wconf 79' lang='lat' dir='ltr'>Fons</span> <span class='ocrx_word' id='word_1_1966' title='bbox 2182 3354 2293 3389; x_wconf 24' lang='lat' dir='ltr'>&gt;quidem</span> <span class='ocrx_word' id='word_1_1967' title='bbox 2308 3363 2386 3387; x_wconf 84' lang='lat' dir='ltr'>vnus,</span> <span class='ocrx_word' id='word_1_1968' title='bbox 2425 3367 2437 3381; x_wconf 58' lang='lat'>.&gt;</span> 
     </span>
     <span class='ocr_line' id='line_1_91' title="bbox 242 3389 2386 3430; baseline -0.003 -10"><span class='ocrx_word' id='word_1_1969' title='bbox 242 3397 313 3430; x_wconf 83' lang='lat' dir='ltr'>pitnr</span> <span class='ocrx_word' id='word_1_1970' title='bbox 325 3396 356 3422; x_wconf 78' lang='lat' dir='ltr'>de</span> <span class='ocrx_word' id='word_1_1971' title='bbox 370 3395 459 3429; x_wconf 86' lang='lat' dir='ltr'>aliqua</span> <span class='ocrx_word' id='word_1_1972' title='bbox 471 3402 500 3420; x_wconf 89' lang='lat' dir='ltr'>re</span> <span class='ocrx_word' id='word_1_1973' title='bbox 518 3393 665 3423; x_wconf 83' lang='lat' dir='ltr'>institutio,</span> <span class='ocrx_word' id='word_1_1974' title='bbox 692 3390 769 3417; x_wconf 87' lang='lat' dir='ltr'>debet</span> <span class='ocrx_word' id='word_1_1975' title='bbox 787 3399 801 3416; x_wconf 85' lang='lat' dir='ltr'>a</span> <span class='ocrx_word' id='word_1_1976' title='bbox 820 3390 976 3416; x_wconf 84' lang='lat' dir='ltr'>definitione</span> <span class='ocrx_word' id='word_1_1977' title='bbox 996 3389 1139 3423; x_wconf 66' lang='lat' dir='ltr'>proficisci.</span> <span class='ocrx_word' id='word_1_1978' title='bbox 1169 3391 1188 3414; x_wconf 89' lang='lat' dir='ltr'>i.</span> <span class='ocrx_word' id='word_1_1979' title='bbox 1210 3390 1325 3421; x_wconf 77' lang='lat' dir='ltr'>Prae-90</span> <span class='ocrx_word' id='word_1_1980' title='bbox 1342 3390 1390 3423; x_wconf 89' lang='lat' dir='ltr'>qui</span> <span class='ocrx_word' id='word_1_1981' title='bbox 1404 3389 1507 3416; x_wconf 84' lang='lat' dir='ltr'>acriora</span> <span class='ocrx_word' id='word_1_1982' title='bbox 1519 3390 1583 3416; x_wconf 85' lang='lat' dir='ltr'>facit</span> <span class='ocrx_word' id='word_1_1983' title='bbox 1595 3394 1620 3416; x_wconf 87' lang='lat' dir='ltr'>et</span> <span class='ocrx_word' id='word_1_1984' title='bbox 1633 3389 1797 3422; x_wconf 81' lang='lat' dir='ltr'>instantiora,</span> <span class='ocrx_word' id='word_1_1985' title='bbox 1812 3399 1878 3426; x_wconf 87' lang='lat' dir='ltr'>quae</span> <span class='ocrx_word' id='word_1_1986' title='bbox 1889 3389 2010 3415; x_wconf 87' lang='lat' dir='ltr'>dicimus.</span> <span class='ocrx_word' id='word_1_1987' title='bbox 2081 3390 2169 3418; x_wconf 67' lang='lat' dir='ltr'>Tacit,</span> <span class='ocrx_word' id='word_1_1988' title='bbox 2184 3389 2251 3416; x_wconf 83' lang='lat' dir='ltr'>Hist.</span> <span class='ocrx_word' id='word_1_1989' title='bbox 2266 3399 2295 3424; x_wconf 75' lang='lat'>4,</span> <span class='ocrx_word' id='word_1_1990' title='bbox 2310 3395 2352 3421; x_wconf 80' lang='lat'>8³,</span> <span class='ocrx_word' id='word_1_1991' title='bbox 2367 3390 2386 3416; x_wconf 88' lang='lat'>6</span> 
     </span>
     <span class='ocr_line' id='line_1_92' title="bbox 242 3422 2383 3466; baseline -0.003 -9"><span class='ocrx_word' id='word_1_1992' title='bbox 242 3435 319 3466; x_wconf 66' lang='lat' dir='ltr'>ceptio</span> <span class='ocrx_word' id='word_1_1993' title='bbox 332 3438 355 3456; x_wconf 70' lang='lat' dir='ltr'>ct</span> <span class='ocrx_word' id='word_1_1994' title='bbox 367 3429 513 3465; x_wconf 74' lang='lat' dir='ltr'>propositum</span> <span class='ocrx_word' id='word_1_1995' title='bbox 526 3428 554 3455; x_wconf 71' lang='lat' dir='ltr'>de</span> <span class='ocrx_word' id='word_1_1996' title='bbox 566 3429 650 3463; x_wconf 82' lang='lat' dir='ltr'>aliqua</span> <span class='ocrx_word' id='word_1_1997' title='bbox 662 3436 689 3453; x_wconf 84' lang='lat' dir='ltr'>re</span> <span class='ocrx_word' id='word_1_1998' title='bbox 700 3435 715 3452; x_wconf 82' lang='lat' dir='ltr'>a</span> <span class='ocrx_word' id='word_1_1999' title='bbox 735 3425 805 3457; x_wconf 77' lang='lat' dir='ltr'>endi,</span> <span class='ocrx_word' id='word_1_2000' title='bbox 828 3427 868 3452; x_wconf 80' lang='lat' dir='ltr'>vc!</span> <span class='ocrx_word' id='word_1_2001' title='bbox 878 3425 1023 3460; x_wconf 78' lang='lat' dir='ltr'>Disputatio</span> <span class='ocrx_word' id='word_1_2002' title='bbox 1036 3431 1060 3451; x_wconf 81' lang='lat' dir='ltr'>et</span> <span class='ocrx_word' id='word_1_2003' title='bbox 1078 3422 1200 3451; x_wconf 64' lang='lat' dir='ltr'>traffatio</span> <span class='ocrx_word' id='word_1_2004' title='bbox 1220 3424 1283 3460; x_wconf 79' lang='lat' dir='ltr'>ipsa.</span> <span class='ocrx_word' id='word_1_2005' title='bbox 1341 3424 1446 3458; x_wconf 79' lang='lat' dir='ltr'>Species</span> <span class='ocrx_word' id='word_1_2006' title='bbox 1461 3425 1610 3452; x_wconf 87' lang='lat' dir='ltr'>terribilior</span> <span class='ocrx_word' id='word_1_2007' title='bbox 1622 3431 1648 3451; x_wconf 89' lang='lat' dir='ltr'>et</span> <span class='ocrx_word' id='word_1_2008' title='bbox 1663 3426 1810 3453; x_wconf 77' lang='lat' dir='ltr'>instantior.</span> <span class='ocrx_word' id='word_1_2009' title='bbox 1879 3423 1953 3450; x_wconf 88' lang='lat' dir='ltr'>Idem</span> <span class='ocrx_word' id='word_1_2010' title='bbox 1972 3425 2041 3451; x_wconf 84' lang='lat' dir='ltr'>Ann.</span> <span class='ocrx_word' id='word_1_2011' title='bbox 2060 3433 2092 3457; x_wconf 85' lang='lat'>2,</span> <span class='ocrx_word' id='word_1_2012' title='bbox 2109 3428 2153 3458; x_wconf 79' lang='lat'>56,</span> <span class='ocrx_word' id='word_1_2013' title='bbox 2174 3434 2192 3451; x_wconf 88' lang='lat'>1.</span> <span class='ocrx_word' id='word_1_2014' title='bbox 2226 3432 2250 3451; x_wconf 84' lang='grc' dir='ltr'>ει</span> <span class='ocrx_word' id='word_1_2015' title='bbox 2270 3425 2383 3452; x_wconf 87' lang='lat' dir='ltr'>Paullin.</span> 
     </span>
    </p>

    <p class='ocr_par' dir='ltr' id='par_1_26' title="bbox 243 3459 2383 3501">
     <span class='ocr_line' id='line_1_93' title="bbox 243 3459 2383 3501; baseline -0.003 -9"><span class='ocrx_word' id='word_1_2016' title='bbox 243 3464 265 3501; x_wconf 55' lang='lat' dir='ltr'>q</span> <span class='ocrx_word' id='word_1_2017' title='bbox 286 3476 301 3492; x_wconf 75' lang='lat'><em>2</em></span> <span class='ocrx_word' id='word_1_2018' title='bbox 336 3466 485 3497; x_wconf 80' lang='lat' dir='ltr'>institutio,</span> <span class='ocrx_word' id='word_1_2019' title='bbox 502 3471 531 3490; x_wconf 83' lang='lat' dir='ltr'>vt</span> <span class='ocrx_word' id='word_1_2020' title='bbox 546 3465 692 3490; x_wconf 78' lang='lat' dir='ltr'>Graecorum</span> <span class='ocrx_word' id='word_1_2021' title='bbox 707 3471 793 3495; x_wconf 72' lang='grc' dir='ltr'>νομος,</span> <span class='ocrx_word' id='word_1_2022' title='bbox 813 3466 921 3487; x_wconf 82' lang='lat' dir='ltr'>naturae</span> <span class='ocrx_word' id='word_1_2023' title='bbox 937 3462 1078 3496; x_wconf 78' lang='lat' dir='ltr'>opponitur.</span> <span class='ocrx_word' id='word_1_2024' title='bbox 1138 3459 1194 3485; x_wconf 88' lang='lat' dir='ltr'>Cic.</span> <span class='ocrx_word' id='word_1_2025' title='bbox 1208 3459 1283 3493; x_wconf 64' lang='lat' dir='ltr'>Top.</span> <span class='ocrx_word' id='word_1_2026' title='bbox 1342 3460 1475 3487; x_wconf 88' lang='lat' dir='ltr'>Petrocor.</span> <span class='ocrx_word' id='word_1_2027' title='bbox 1488 3462 1542 3487; x_wconf 89' lang='lat' dir='ltr'>Vit.</span> <span class='ocrx_word' id='word_1_2028' title='bbox 1557 3461 1663 3487; x_wconf 87' lang='lat' dir='ltr'>Martin.</span> <span class='ocrx_word' id='word_1_2029' title='bbox 1677 3469 1699 3493; x_wconf 81' lang='grc' dir='ltr'>ς,</span> <span class='ocrx_word' id='word_1_2030' title='bbox 1713 3463 1771 3495; x_wconf 76' lang='lat'>659.</span> <span class='ocrx_word' id='word_1_2031' title='bbox 1873 3460 1968 3495; x_wconf 76' lang='lat' dir='ltr'>Supcrl.</span> <span class='ocrx_word' id='word_1_2032' title='bbox 2004 3460 2110 3496; x_wconf 82' lang='lat' dir='ltr'>August.</span> <span class='ocrx_word' id='word_1_2033' title='bbox 2123 3460 2237 3488; x_wconf 71' lang='lat' dir='ltr'>Retraei.</span> <span class='ocrx_word' id='word_1_2034' title='bbox 2247 3469 2267 3493; x_wconf 89' lang='lat' dir='ltr'>i,</span> <span class='ocrx_word' id='word_1_2035' title='bbox 2281 3469 2309 3493; x_wconf 91' lang='lat'>19</span> <span class='ocrx_word' id='word_1_2036' title='bbox 2316 3467 2383 3488; x_wconf 74' lang='lat' dir='ltr'>extr.</span> 
     </span>
    </p>

    <p class='ocr_par' dir='ltr' id='par_1_27' title="bbox 245 3494 1999 3535">
     <span class='ocr_line' id='line_1_94' title="bbox 245 3494 1999 3535; baseline -0.002 -9"><span class='ocrx_word' id='word_1_2037' title='bbox 245 3509 279 3533; x_wconf 85' lang='lat'>90</span> <span class='ocrx_word' id='word_1_2038' title='bbox 291 3509 311 3526; x_wconf 87' lang='lat' dir='ltr'>c.</span> <span class='ocrx_word' id='word_1_2039' title='bbox 322 3509 346 3532; x_wconf 76' lang='lat'>23</span> <span class='ocrx_word' id='word_1_2040' title='bbox 372 3499 517 3535; x_wconf 85' lang='lat' dir='ltr'>Aequitatis</span> <span class='ocrx_word' id='word_1_2041' title='bbox 531 3498 582 3526; x_wconf 90' lang='lat' dir='ltr'>loci</span> <span class='ocrx_word' id='word_1_2042' title='bbox 597 3502 739 3525; x_wconf 85' lang='lat' dir='ltr'>cernuntur</span> <span class='ocrx_word' id='word_1_2043' title='bbox 752 3496 895 3530; x_wconf 87' lang='lat' dir='ltr'>bipartito,</span> <span class='ocrx_word' id='word_1_2044' title='bbox 915 3502 1006 3521; x_wconf 82' lang='lat' dir='ltr'>natura</span> <span class='ocrx_word' id='word_1_2045' title='bbox 1019 3502 1044 3521; x_wconf 92' lang='lat' dir='ltr'>et</span> <span class='ocrx_word' id='word_1_2046' title='bbox 1057 3494 1185 3522; x_wconf 86' lang='lat' dir='ltr'>instituto.</span> <span class='ocrx_word' id='word_1_2047' title='bbox 1228 3495 1283 3522; x_wconf 84' lang='lat' dir='ltr'>Na·</span> <span class='ocrx_word' id='word_1_2048' title='bbox 1343 3495 1385 3522; x_wconf 86' lang='lat' dir='ltr'>Ad</span> <span class='ocrx_word' id='word_1_2049' title='bbox 1399 3496 1601 3523; x_wconf 71' lang='lat' dir='ltr'>instantissimam</span> <span class='ocrx_word' id='word_1_2050' title='bbox 1615 3496 1782 3530; x_wconf 86' lang='lat' dir='ltr'>petitionem.</span> <span class='ocrx_word' id='word_1_2051' title='bbox 1995 3522 1999 3525; x_wconf 18' lang='grc' dir='ltr'>μ</span> 
     </span>
    </p>

    <p class='ocr_par' dir='ltr' id='par_1_28' title="bbox 243 3529 2463 3676">
     <span class='ocr_line' id='line_1_95' title="bbox 245 3529 2382 3568; baseline -0.001 -8"><span class='ocrx_word' id='word_1_2052' title='bbox 245 3542 303 3561; x_wconf 83' lang='lat' dir='ltr'>tura</span> <span class='ocrx_word' id='word_1_2053' title='bbox 317 3541 398 3568; x_wconf 83' lang='lat' dir='ltr'>partes</span> <span class='ocrx_word' id='word_1_2054' title='bbox 412 3536 489 3562; x_wconf 84' lang='lat' dir='ltr'>habet</span> <span class='ocrx_word' id='word_1_2055' title='bbox 502 3535 581 3566; x_wconf 84' lang='lat' dir='ltr'>duas,</span> <span class='ocrx_word' id='word_1_2056' title='bbox 604 3533 747 3560; x_wconf 86' lang='lat' dir='ltr'>tuitionem</span> <span class='ocrx_word' id='word_1_2057' title='bbox 766 3532 820 3563; x_wconf 85' lang='lat' dir='ltr'>sui,</span> <span class='ocrx_word' id='word_1_2058' title='bbox 845 3537 870 3558; x_wconf 88' lang='lat' dir='ltr'>et</span> <span class='ocrx_word' id='word_1_2059' title='bbox 889 3531 1030 3557; x_wconf 82' lang='lat' dir='ltr'>vlciscendi</span> <span class='ocrx_word' id='word_1_2060' title='bbox 1046 3531 1094 3557; x_wconf 86' lang='lat' dir='ltr'>ius.</span> <span class='ocrx_word' id='word_1_2061' title='bbox 1148 3529 1282 3556; x_wconf 85' lang='lat' dir='ltr'>Institutio</span> <span class='ocrx_word' id='word_1_2062' title='bbox 1383 3538 1393 3557; x_wconf 90' lang='lat'>1</span> <span class='ocrx_word' id='word_1_2063' title='bbox 1403 3538 1425 3557; x_wconf 86' lang='lat' dir='ltr'>N</span> <span class='ocrx_word' id='word_1_2064' title='bbox 1434 3538 1447 3558; x_wconf 86' lang='lat' dir='ltr'>s</span> <span class='ocrx_word' id='word_1_2065' title='bbox 1459 3537 1481 3558; x_wconf 85' lang='lat' dir='ltr'>T</span> <span class='ocrx_word' id='word_1_2066' title='bbox 1490 3539 1514 3559; x_wconf 83' lang='grc' dir='ltr'>Α</span> <span class='ocrx_word' id='word_1_2067' title='bbox 1525 3538 1546 3557; x_wconf 86' lang='grc' dir='ltr'><strong>Ν</strong></span> <span class='ocrx_word' id='word_1_2068' title='bbox 1559 3539 1580 3558; x_wconf 85' lang='grc' dir='ltr'><em>Τ</em></span> <span class='ocrx_word' id='word_1_2069' title='bbox 1589 3538 1598 3557; x_wconf 89' lang='lat'>1</span> <span class='ocrx_word' id='word_1_2070' title='bbox 1607 3537 1643 3562; x_wconf 84' lang='lat' dir='ltr'>A,</span> <span class='ocrx_word' id='word_1_2071' title='bbox 1664 3540 1701 3558; x_wconf 87' lang='lat' dir='ltr'>ae.</span> <span class='ocrx_word' id='word_1_2072' title='bbox 1732 3532 1752 3558; x_wconf 88' lang='lat' dir='ltr'>f.</span> <span class='ocrx_word' id='word_1_2073' title='bbox 1792 3529 1917 3565; x_wconf 65' lang='grc' dir='ltr'>[ἓίνςασις]</span> <span class='ocrx_word' id='word_1_2074' title='bbox 1958 3531 2080 3557; x_wconf 76' lang='lat' dir='ltr'>Continuo</span> <span class='ocrx_word' id='word_1_2075' title='bbox 2092 3534 2197 3558; x_wconf 74' lang='lat' dir='ltr'>intentio</span> <span class='ocrx_word' id='word_1_2076' title='bbox 2208 3536 2233 3557; x_wconf 82' lang='lat' dir='ltr'>et</span> <span class='ocrx_word' id='word_1_2077' title='bbox 2243 3530 2382 3565; x_wconf 75' lang='lat' dir='ltr'>assiduitas.</span> 
     </span>
     <span class='ocr_line' id='line_1_96' title="bbox 243 3565 2385 3605; baseline -0.002 -9"><span class='ocrx_word' id='word_1_2078' title='bbox 243 3577 331 3596; x_wconf 86' lang='lat' dir='ltr'>autem</span> <span class='ocrx_word' id='word_1_2079' title='bbox 344 3572 479 3604; x_wconf 86' lang='lat' dir='ltr'>aequitatis</span> <span class='ocrx_word' id='word_1_2080' title='bbox 493 3569 626 3605; x_wconf 84' lang='lat' dir='ltr'>tripartita</span> <span class='ocrx_word' id='word_1_2081' title='bbox 637 3569 681 3595; x_wconf 88' lang='lat' dir='ltr'>cst.</span> <span class='ocrx_word' id='word_1_2082' title='bbox 747 3569 806 3593; x_wconf 87' lang='lat' dir='ltr'>Vna</span> <span class='ocrx_word' id='word_1_2083' title='bbox 820 3576 877 3601; x_wconf 87' lang='lat' dir='ltr'>pars</span> <span class='ocrx_word' id='word_1_2084' title='bbox 890 3566 1007 3601; x_wconf 81' lang='lat' dir='ltr'>legitima</span> <span class='ocrx_word' id='word_1_2085' title='bbox 1021 3566 1057 3592; x_wconf 82' lang='lat' dir='ltr'>est</span> <span class='ocrx_word' id='word_1_2086' title='bbox 1066 3586 1074 3598; x_wconf 94' lang='lat'><strong>‚</strong></span> <span class='ocrx_word' id='word_1_2087' title='bbox 1094 3565 1174 3592; x_wconf 85' lang='lat' dir='ltr'>altera</span> <span class='ocrx_word' id='word_1_2088' title='bbox 1187 3574 1282 3592; x_wconf 83' lang='lat' dir='ltr'>conuc-</span> <span class='ocrx_word' id='word_1_2089' title='bbox 1294 3574 1328 3601; x_wconf 77' lang='lat'>95</span> <span class='ocrx_word' id='word_1_2090' title='bbox 1343 3566 1412 3592; x_wconf 87' lang='lat' dir='ltr'>Gell.</span> <span class='ocrx_word' id='word_1_2091' title='bbox 1427 3570 1452 3598; x_wconf 85' lang='lat'>6,</span> <span class='ocrx_word' id='word_1_2092' title='bbox 1465 3576 1481 3593; x_wconf 81' lang='lat'>2.</span> <span class='ocrx_word' id='word_1_2093' title='bbox 1505 3567 1530 3593; x_wconf 87' lang='lat' dir='ltr'>Si</span> <span class='ocrx_word' id='word_1_2094' title='bbox 1545 3567 1600 3593; x_wconf 86' lang='lat' dir='ltr'>fato</span> <span class='ocrx_word' id='word_1_2095' title='bbox 1611 3568 1702 3593; x_wconf 84' lang='lat' dir='ltr'>onmia</span> <span class='ocrx_word' id='word_1_2096' title='bbox 1717 3571 1858 3593; x_wconf 86' lang='lat' dir='ltr'>mouentur</span> <span class='ocrx_word' id='word_1_2097' title='bbox 1892 3580 1937 3585; x_wconf 90' lang='lat'>—-</span> <span class='ocrx_word' id='word_1_2098' title='bbox 1959 3573 2062 3600; x_wconf 82' lang='lat' dir='ltr'>peccata</span> <span class='ocrx_word' id='word_1_2099' title='bbox 2074 3576 2181 3601; x_wconf 89' lang='lat' dir='ltr'>quoque</span> <span class='ocrx_word' id='word_1_2100' title='bbox 2194 3567 2344 3599; x_wconf 85' lang='lat' dir='ltr'>hominum,</span> <span class='ocrx_word' id='word_1_2101' title='bbox 2357 3571 2385 3593; x_wconf 85' lang='lat' dir='ltr'>et</span> 
     </span>
     <span class='ocr_line' id='line_1_97' title="bbox 243 3600 2463 3638; baseline -0.001 -7"><span class='ocrx_word' id='word_1_2102' title='bbox 243 3606 334 3637; x_wconf 74' lang='lat' dir='ltr'>niens,</span> <span class='ocrx_word' id='word_1_2103' title='bbox 353 3606 429 3632; x_wconf 83' lang='lat' dir='ltr'>tertia</span> <span class='ocrx_word' id='word_1_2104' title='bbox 444 3607 525 3632; x_wconf 82' lang='lat' dir='ltr'>moris</span> <span class='ocrx_word' id='word_1_2105' title='bbox 539 3606 665 3632; x_wconf 81' lang='lat' dir='ltr'>vctullatc</span> <span class='ocrx_word' id='word_1_2106' title='bbox 679 3602 841 3630; x_wconf 81' lang='lat' dir='ltr'>confirmata.</span> <span class='ocrx_word' id='word_1_2107' title='bbox 1012 3600 1032 3638; x_wconf 57' lang='lat' dir='ltr'><strong>ff</strong></span> <span class='ocrx_word' id='word_1_2108' title='bbox 1054 3610 1065 3633; x_wconf 83' lang='lat'>3</span> <span class='ocrx_word' id='word_1_2109' title='bbox 1103 3601 1284 3627; x_wconf 78' lang='lat' dir='ltr'>institutiones</span> <span class='ocrx_word' id='word_1_2110' title='bbox 1344 3602 1442 3628; x_wconf 66' lang='lat' dir='ltr'>delicia</span> <span class='ocrx_word' id='word_1_2111' title='bbox 1456 3611 1510 3628; x_wconf 91' lang='lat' dir='ltr'>non</span> <span class='ocrx_word' id='word_1_2112' title='bbox 1522 3602 1707 3635; x_wconf 69' lang='lat' dir='ltr'>succensendo,</span> <span class='ocrx_word' id='word_1_2113' title='bbox 1725 3610 1811 3636; x_wconf 84' lang='lat' dir='ltr'>neque</span> <span class='ocrx_word' id='word_1_2114' title='bbox 1825 3601 1970 3628; x_wconf 88' lang='lat' dir='ltr'>inducenda</span> <span class='ocrx_word' id='word_1_2115' title='bbox 1983 3603 2042 3628; x_wconf 89' lang='lat' dir='ltr'>sunt</span> <span class='ocrx_word' id='word_1_2116' title='bbox 2055 3602 2130 3636; x_wconf 83' lang='lat' dir='ltr'>ipsis,</span> <span class='ocrx_word' id='word_1_2117' title='bbox 2149 3601 2384 3637; x_wconf 82' lang='lat' dir='ltr'>voluntatibusque</span> <span class='ocrx_word' id='word_1_2118' title='bbox 2429 3622 2436 3638; x_wconf 47' lang='lat'>‚¹</span> <span class='ocrx_word' id='word_1_2119' title='bbox 2461 3603 2463 3608; x_wconf 61' lang='lat'><strong>¹</strong></span> 
     </span>
     <span class='ocr_line' id='line_1_98' title="bbox 243 3635 2383 3676; baseline -0.001 -10"><span class='ocrx_word' id='word_1_2120' title='bbox 243 3648 339 3667; x_wconf 71' lang='lat' dir='ltr'>uocauit</span> <span class='ocrx_word' id='word_1_2121' title='bbox 352 3641 401 3676; x_wconf 62' lang='lat' dir='ltr'>ips}</span> <span class='ocrx_word' id='word_1_2122' title='bbox 416 3642 569 3668; x_wconf 80' lang='lat' dir='ltr'>Iustinianus</span> <span class='ocrx_word' id='word_1_2123' title='bbox 584 3640 789 3675; x_wconf 66' lang='lat' dir='ltr'>compendiariam</span> <span class='ocrx_word' id='word_1_2124' title='bbox 803 3639 870 3664; x_wconf 80' lang='lat' dir='ltr'>illam</span> <span class='ocrx_word' id='word_1_2125' title='bbox 882 3639 946 3663; x_wconf 83' lang='lat' dir='ltr'>iuris</span> <span class='ocrx_word' id='word_1_2126' title='bbox 959 3635 1115 3668; x_wconf 67' lang='grc' dir='ltr'>ἅοέἶνιήαηι,</span> <span class='ocrx_word' id='word_1_2127' title='bbox 1134 3635 1195 3669; x_wconf 73' lang='lat' dir='ltr'>iuffic</span> <span class='ocrx_word' id='word_1_2128' title='bbox 1207 3637 1283 3671; x_wconf 75' lang='lat' dir='ltr'>ipsius</span> <span class='ocrx_word' id='word_1_2129' title='bbox 1343 3646 1453 3670; x_wconf 85' lang='lat' dir='ltr'>eorum,</span> <span class='ocrx_word' id='word_1_2130' title='bbox 1480 3637 1522 3664; x_wconf 85' lang='lat' dir='ltr'>sed</span> <span class='ocrx_word' id='word_1_2131' title='bbox 1538 3637 1674 3664; x_wconf 73' lang='lat' dir='ltr'>necessitati</span> <span class='ocrx_word' id='word_1_2132' title='bbox 1688 3637 1790 3663; x_wconf 86' lang='lat' dir='ltr'>cuidam</span> <span class='ocrx_word' id='word_1_2133' title='bbox 1804 3642 1829 3663; x_wconf 84' lang='lat' dir='ltr'>et</span> <span class='ocrx_word' id='word_1_2134' title='bbox 1842 3637 1994 3670; x_wconf 78' lang='lat' dir='ltr'>instantiae,</span> <span class='ocrx_word' id='word_1_2135' title='bbox 2020 3646 2087 3672; x_wconf 90' lang='lat' dir='ltr'>quac</span> <span class='ocrx_word' id='word_1_2136' title='bbox 2101 3638 2188 3664; x_wconf 85' lang='lat' dir='ltr'>oritur</span> <span class='ocrx_word' id='word_1_2137' title='bbox 2207 3646 2237 3663; x_wconf 85' lang='lat' dir='ltr'>ex</span> <span class='ocrx_word' id='word_1_2138' title='bbox 2255 3637 2326 3668; x_wconf 87' lang='lat' dir='ltr'>fato,</span> <span class='ocrx_word' id='word_1_2139' title='bbox 2361 3639 2383 3664; x_wconf 85' lang='lat' dir='ltr'>i.</span> 
     </span>
    </p>

    <p class='ocr_par' dir='ltr' id='par_1_29' title="bbox 244 3671 2467 3849">
     <span class='ocr_line' id='line_1_99' title="bbox 244 3671 2467 3709; baseline -0.001 -9"><span class='ocrx_word' id='word_1_2140' title='bbox 244 3679 269 3701; x_wconf 83' lang='grc' dir='ltr'><strong>ιή</strong></span> <span class='ocrx_word' id='word_1_2141' title='bbox 284 3677 327 3702; x_wconf 77' lang='lat'>11⁷</span> <span class='ocrx_word' id='word_1_2142' title='bbox 337 3677 411 3702; x_wconf 73' lang='lat' dir='ltr'>libros</span> <span class='ocrx_word' id='word_1_2143' title='bbox 423 3677 541 3702; x_wconf 66' lang='lat' dir='ltr'>collatam.</span> <span class='ocrx_word' id='word_1_2144' title='bbox 602 3675 659 3702; x_wconf 82' lang='lat' dir='ltr'>Vid.</span> <span class='ocrx_word' id='word_1_2145' title='bbox 674 3674 843 3701; x_wconf 86' lang='lat' dir='ltr'>Prooemium</span> <span class='ocrx_word' id='word_1_2146' title='bbox 860 3671 983 3699; x_wconf 85' lang='lat' dir='ltr'>Institutt.</span> <span class='ocrx_word' id='word_1_2147' title='bbox 1003 3671 1148 3705; x_wconf 74' lang='lat' dir='ltr'>vndefimul</span> <span class='ocrx_word' id='word_1_2148' title='bbox 1165 3678 1283 3706; x_wconf 79' lang='lat' dir='ltr'>apparet,</span> <span class='ocrx_word' id='word_1_2149' title='bbox 1343 3676 1445 3709; x_wconf 76' lang='lat' dir='ltr'>urgenti</span> <span class='ocrx_word' id='word_1_2150' title='bbox 1456 3672 1606 3707; x_wconf 70' lang='grc' dir='ltr'>ηεεςζῙῐιαεὶ,</span> <span class='ocrx_word' id='word_1_2151' title='bbox 1629 3679 1652 3698; x_wconf 81' lang='lat' dir='ltr'>et</span> <span class='ocrx_word' id='word_1_2152' title='bbox 1665 3672 1810 3707; x_wconf 74' lang='lat' dir='ltr'>irnpulfioni.</span> <span class='ocrx_word' id='word_1_2153' title='bbox 1879 3672 1945 3699; x_wconf 89' lang='lat' dir='ltr'>Plin.</span> <span class='ocrx_word' id='word_1_2154' title='bbox 1958 3680 1982 3705; x_wconf 83' lang='lat'>3,</span> <span class='ocrx_word' id='word_1_2155' title='bbox 1995 3680 2018 3705; x_wconf 84' lang='grc' dir='ltr'>ς,</span> <span class='ocrx_word' id='word_1_2156' title='bbox 2031 3678 2055 3702; x_wconf 84' lang='lat'>18</span> <span class='ocrx_word' id='word_1_2157' title='bbox 2076 3672 2150 3706; x_wconf 71' lang='lat' dir='ltr'>Quid</span> <span class='ocrx_word' id='word_1_2158' title='bbox 2163 3673 2199 3699; x_wconf 84' lang='lat' dir='ltr'>est</span> <span class='ocrx_word' id='word_1_2159' title='bbox 2212 3672 2294 3704; x_wconf 84' lang='lat' dir='ltr'>enim,</span> <span class='ocrx_word' id='word_1_2160' title='bbox 2309 3671 2382 3706; x_wconf 84' lang='lat' dir='ltr'>qnod</span> <span class='ocrx_word' id='word_1_2161' title='bbox 2432 3686 2446 3708; x_wconf 58' lang='lat' dir='ltr'>{f</span> <span class='ocrx_word' id='word_1_2162' title='bbox 2466 3687 2467 3693; x_wconf 48' lang='grc' dir='ltr'>ι</span> 
     </span>
     <span class='ocr_line' id='line_1_100' title="bbox 246 3705 2457 3744; baseline 0 -10"><span class='ocrx_word' id='word_1_2163' title='bbox 246 3714 405 3744; x_wconf 72' lang='lat' dir='ltr'>antiquiorem</span> <span class='ocrx_word' id='word_1_2164' title='bbox 424 3716 497 3738; x_wconf 70' lang='lat' dir='ltr'>ctiam</span> <span class='ocrx_word' id='word_1_2165' title='bbox 515 3710 556 3744; x_wconf 72' lang='lat' dir='ltr'>effe</span> <span class='ocrx_word' id='word_1_2166' title='bbox 574 3711 640 3736; x_wconf 87' lang='lat' dir='ltr'>illum</span> <span class='ocrx_word' id='word_1_2167' title='bbox 659 3711 757 3736; x_wconf 79' lang='lat' dir='ltr'>titulum</span> <span class='ocrx_word' id='word_1_2168' title='bbox 765 3720 772 3734; x_wconf 92' lang='lat'><em>:</em></span> <span class='ocrx_word' id='word_1_2169' title='bbox 809 3709 895 3743; x_wconf 78' lang='lat' dir='ltr'>Igitur</span> <span class='ocrx_word' id='word_1_2170' title='bbox 916 3707 971 3740; x_wconf 83' lang='lat' dir='ltr'>post</span> <span class='ocrx_word' id='word_1_2171' title='bbox 990 3706 1073 3733; x_wconf 80' lang='lat' dir='ltr'>libros</span> <span class='ocrx_word' id='word_1_2172' title='bbox 1094 3707 1284 3741; x_wconf 86' lang='lat' dir='ltr'>quinquaginta</span> <span class='ocrx_word' id='word_1_2173' title='bbox 1343 3723 1389 3728; x_wconf 89' lang='lat'>—</span> <span class='ocrx_word' id='word_1_2174' title='bbox 1412 3708 1476 3735; x_wconf 85' lang='lat' dir='ltr'>haec</span> <span class='ocrx_word' id='word_1_2175' title='bbox 1495 3708 1615 3735; x_wconf 80' lang='lat' dir='ltr'>instantia</span> <span class='ocrx_word' id='word_1_2176' title='bbox 1633 3716 1687 3733; x_wconf 91' lang='lat' dir='ltr'>non</span> <span class='ocrx_word' id='word_1_2177' title='bbox 1704 3706 1776 3741; x_wconf 83' lang='lat' dir='ltr'>poffit</span> <span class='ocrx_word' id='word_1_2178' title='bbox 1796 3705 1906 3734; x_wconf 85' lang='lat' dir='ltr'>efficere.</span> <span class='ocrx_word' id='word_1_2179' title='bbox 1998 3708 2120 3735; x_wconf 74' lang='lat' dir='ltr'>Instantia</span> <span class='ocrx_word' id='word_1_2180' title='bbox 2136 3708 2164 3734; x_wconf 90' lang='lat' dir='ltr'>in</span> <span class='ocrx_word' id='word_1_2181' title='bbox 2177 3709 2314 3739; x_wconf 87' lang='lat' dir='ltr'>oratione,</span> <span class='ocrx_word' id='word_1_2182' title='bbox 2333 3716 2384 3741; x_wconf 87' lang='lat' dir='ltr'>pro</span> <span class='ocrx_word' id='word_1_2183' title='bbox 2401 3713 2404 3718; x_wconf 93' lang='grc'><em>“</em></span> <span class='ocrx_word' id='word_1_2184' title='bbox 2426 3710 2457 3738; x_wconf 46' lang='grc' dir='ltr'>«Ε</span> 
     </span>
     <span class='ocr_line' id='line_1_101' title="bbox 247 3740 2452 3780; baseline -0.001 -11"><span class='ocrx_word' id='word_1_2185' title='bbox 247 3745 404 3778; x_wconf 62' lang='lat' dir='ltr'>digestorum</span> <span class='ocrx_word' id='word_1_2186' title='bbox 423 3762 466 3766; x_wconf 87' lang='lat'>-——</span> <span class='ocrx_word' id='word_1_2187' title='bbox 485 3748 513 3772; x_wconf 90' lang='lat' dir='ltr'>in</span> <span class='ocrx_word' id='word_1_2188' title='bbox 526 3752 638 3780; x_wconf 87' lang='lat' dir='ltr'>quatuor</span> <span class='ocrx_word' id='word_1_2189' title='bbox 652 3745 734 3771; x_wconf 82' lang='lat' dir='ltr'>libros</span> <span class='ocrx_word' id='word_1_2190' title='bbox 749 3744 851 3770; x_wconf 82' lang='lat' dir='ltr'>easdem</span> <span class='ocrx_word' id='word_1_2191' title='bbox 861 3743 1037 3769; x_wconf 80' lang='lat' dir='ltr'>institutiones</span> <span class='ocrx_word' id='word_1_2192' title='bbox 1049 3742 1143 3777; x_wconf 87' lang='lat' dir='ltr'>partiri</span> <span class='ocrx_word' id='word_1_2193' title='bbox 1157 3743 1519 3775; x_wconf 82' lang='lat' dir='ltr'>iuffirnus‚100Vehenieiitia</span> <span class='ocrx_word' id='word_1_2194' title='bbox 1533 3743 1573 3769; x_wconf 89' lang='lat' dir='ltr'>vel</span> <span class='ocrx_word' id='word_1_2195' title='bbox 1589 3742 1698 3769; x_wconf 83' lang='lat' dir='ltr'>elatiore</span> <span class='ocrx_word' id='word_1_2196' title='bbox 1712 3743 1780 3769; x_wconf 76' lang='lat' dir='ltr'>stilo.</span> <span class='ocrx_word' id='word_1_2197' title='bbox 1859 3744 1933 3770; x_wconf 83' lang='lat' dir='ltr'>Idem</span> <span class='ocrx_word' id='word_1_2198' title='bbox 1946 3742 2024 3777; x_wconf 81' lang='lat' dir='ltr'>Epist.</span> <span class='ocrx_word' id='word_1_2199' title='bbox 2037 3751 2065 3776; x_wconf 77' lang='lat'>5,</span> <span class='ocrx_word' id='word_1_2200' title='bbox 2084 3749 2114 3775; x_wconf 86' lang='lat'>8,</span> <span class='ocrx_word' id='word_1_2201' title='bbox 2130 3752 2157 3769; x_wconf 89' lang='lat' dir='ltr'>io</span> <span class='ocrx_word' id='word_1_2202' title='bbox 2190 3744 2261 3768; x_wconf 80' lang='lat' dir='ltr'>Haec</span> <span class='ocrx_word' id='word_1_2203' title='bbox 2273 3743 2315 3768; x_wconf 89' lang='lat' dir='ltr'>vel</span> <span class='ocrx_word' id='word_1_2204' title='bbox 2329 3752 2382 3769; x_wconf 84' lang='lat' dir='ltr'>ma-</span> <span class='ocrx_word' id='word_1_2205' title='bbox 2416 3761 2418 3765; x_wconf 89' lang='lat'>.</span> <span class='ocrx_word' id='word_1_2206' title='bbox 2431 3740 2452 3767; x_wconf 54' lang='grc' dir='ltr'>ἑ·</span> 
     </span>
     <span class='ocr_line' id='line_1_102' title="bbox 247 3777 2431 3814; baseline -0 -10"><span class='ocrx_word' id='word_1_2207' title='bbox 247 3786 275 3804; x_wconf 73' lang='lat' dir='ltr'>vt</span> <span class='ocrx_word' id='word_1_2208' title='bbox 290 3780 335 3805; x_wconf 83' lang='lat' dir='ltr'>sint</span> <span class='ocrx_word' id='word_1_2209' title='bbox 350 3784 428 3807; x_wconf 76' lang='lat' dir='ltr'>totius</span> <span class='ocrx_word' id='word_1_2210' title='bbox 442 3781 575 3814; x_wconf 75' lang='lat' dir='ltr'>legitimae</span> <span class='ocrx_word' id='word_1_2211' title='bbox 590 3779 711 3805; x_wconf 76' lang='lat' dir='ltr'>scientiae</span> <span class='ocrx_word' id='word_1_2212' title='bbox 725 3780 809 3813; x_wconf 89' lang='lat' dir='ltr'>prima</span> <span class='ocrx_word' id='word_1_2213' title='bbox 822 3779 948 3805; x_wconf 82' lang='lat' dir='ltr'>elementa</span> <span class='ocrx_word' id='word_1_2214' title='bbox 967 3793 1013 3798; x_wconf 86' lang='lat'>—-</span> <span class='ocrx_word' id='word_1_2215' title='bbox 1066 3779 1138 3811; x_wconf 78' lang='lat' dir='ltr'>Qias</span> <span class='ocrx_word' id='word_1_2216' title='bbox 1153 3787 1183 3803; x_wconf 76' lang='lat' dir='ltr'>ex</span> <span class='ocrx_word' id='word_1_2217' title='bbox 1197 3779 1283 3804; x_wconf 85' lang='lat' dir='ltr'>omni·</span> <span class='ocrx_word' id='word_1_2218' title='bbox 1343 3779 1415 3806; x_wconf 81' lang='lat' dir='ltr'>xime</span> <span class='ocrx_word' id='word_1_2219' title='bbox 1429 3779 1472 3810; x_wconf 88' lang='lat' dir='ltr'>vi,</span> <span class='ocrx_word' id='word_1_2220' title='bbox 1492 3778 1684 3809; x_wconf 82' lang='lat' dir='ltr'>amaritudine,</span> <span class='ocrx_word' id='word_1_2221' title='bbox 1702 3777 1835 3804; x_wconf 78' lang='lat' dir='ltr'>instantia:</span> <span class='ocrx_word' id='word_1_2222' title='bbox 1870 3779 1915 3805; x_wconf 88' lang='lat' dir='ltr'>illa</span> <span class='ocrx_word' id='word_1_2223' title='bbox 1929 3779 2014 3805; x_wconf 72' lang='lat' dir='ltr'>traeiu</span> <span class='ocrx_word' id='word_1_2224' title='bbox 2029 3785 2054 3804; x_wconf 89' lang='lat' dir='ltr'>et</span> <span class='ocrx_word' id='word_1_2225' title='bbox 2067 3779 2195 3804; x_wconf 87' lang='lat' dir='ltr'>suauitate</span> <span class='ocrx_word' id='word_1_2226' title='bbox 2207 3784 2285 3811; x_wconf 88' lang='lat' dir='ltr'>atque</span> <span class='ocrx_word' id='word_1_2227' title='bbox 2300 3778 2382 3804; x_wconf 87' lang='lat' dir='ltr'>ctiam</span> <span class='ocrx_word' id='word_1_2228' title='bbox 2426 3800 2431 3811; x_wconf 75' lang='grc'>,</span> 
     </span>
     <span class='ocr_line' id='line_1_103' title="bbox 248 3813 2383 3849; baseline -0 -10"><span class='ocrx_word' id='word_1_2229' title='bbox 248 3814 296 3839; x_wconf 69' lang='lat' dir='ltr'>bns</span> <span class='ocrx_word' id='word_1_2230' title='bbox 314 3816 480 3849; x_wconf 73' lang='lat' dir='ltr'>antiquorum</span> <span class='ocrx_word' id='word_1_2231' title='bbox 501 3814 728 3845; x_wconf 78' lang='lat' dir='ltr'>institutionibus,</span> <span class='ocrx_word' id='word_1_2232' title='bbox 752 3820 777 3840; x_wconf 80' lang='lat' dir='ltr'>et</span> <span class='ocrx_word' id='word_1_2233' title='bbox 798 3816 936 3849; x_wconf 85' lang='lat' dir='ltr'>praecipue</span> <span class='ocrx_word' id='word_1_2234' title='bbox 955 3822 986 3840; x_wconf 80' lang='lat' dir='ltr'>ex</span> <span class='ocrx_word' id='word_1_2235' title='bbox 1007 3814 1204 3840; x_wconf 79' lang='lat' dir='ltr'>commentariis</span> <span class='ocrx_word' id='word_1_2236' title='bbox 1221 3814 1281 3841; x_wconf 89' lang='lat' dir='ltr'>Caii</span> <span class='ocrx_word' id='word_1_2237' title='bbox 1341 3814 1481 3840; x_wconf 83' lang='lat' dir='ltr'>dulcedine</span> <span class='ocrx_word' id='word_1_2238' title='bbox 1494 3814 1584 3847; x_wconf 86' lang='lat' dir='ltr'>placet.</span> <span class='ocrx_word' id='word_1_2239' title='bbox 1673 3813 1757 3839; x_wconf 85' lang='lat' dir='ltr'>Mater</span> <span class='ocrx_word' id='word_1_2240' title='bbox 1771 3814 1907 3840; x_wconf 70' lang='lat' dir='ltr'>doeirinae</span> <span class='ocrx_word' id='word_1_2241' title='bbox 1922 3814 1959 3841; x_wconf 85' lang='lat' dir='ltr'>est</span> <span class='ocrx_word' id='word_1_2242' title='bbox 1972 3814 2107 3844; x_wconf 78' lang='lat' dir='ltr'>inflantia,</span> <span class='ocrx_word' id='word_1_2243' title='bbox 2127 3821 2240 3839; x_wconf 83' lang='lat' dir='ltr'>nouerca</span> <span class='ocrx_word' id='word_1_2244' title='bbox 2254 3813 2383 3839; x_wconf 81' lang='lat' dir='ltr'>eruditio·</span> 
     </span>
    </p>
   </div>
   <div class='ocr_carea' id='block_1_23' title="bbox 247 3847 2382 3991">
    <p class='ocr_par' dir='ltr' id='par_1_30' title="bbox 247 3847 2382 3991">
     <span class='ocr_line' id='line_1_104' title="bbox 249 3847 2381 3885; baseline 0.001 -11"><span class='ocrx_word' id='word_1_2245' title='bbox 249 3850 344 3881; x_wconf 80' lang='lat' dir='ltr'>nostri,</span> <span class='ocrx_word' id='word_1_2246' title='bbox 362 3857 413 3876; x_wconf 87' lang='lat' dir='ltr'>tam</span> <span class='ocrx_word' id='word_1_2247' title='bbox 426 3851 635 3879; x_wconf 79' lang='lat' dir='ltr'>institutionum,</span> <span class='ocrx_word' id='word_1_2248' title='bbox 655 3858 732 3882; x_wconf 79' lang='lat' dir='ltr'>quam</span> <span class='ocrx_word' id='word_1_2249' title='bbox 746 3859 834 3875; x_wconf 80' lang='lat' dir='ltr'>rerum</span> <span class='ocrx_word' id='word_1_2250' title='bbox 849 3849 1137 3884; x_wconf 72' lang='lat' dir='ltr'>quotidianaruin,.—-—</span> <span class='ocrx_word' id='word_1_2251' title='bbox 1156 3849 1282 3884; x_wconf 83' lang='lat' dir='ltr'>composi·</span> <span class='ocrx_word' id='word_1_2252' title='bbox 1341 3850 1382 3876; x_wconf 91' lang='lat' dir='ltr'>nis</span> <span class='ocrx_word' id='word_1_2253' title='bbox 1396 3850 1432 3876; x_wconf 86' lang='lat' dir='ltr'>est</span> <span class='ocrx_word' id='word_1_2254' title='bbox 1444 3848 1603 3883; x_wconf 83' lang='lat' dir='ltr'>negligentia</span> <span class='ocrx_word' id='word_1_2255' title='bbox 1635 3847 1716 3876; x_wconf 80' lang='lat' dir='ltr'>Euod.</span> <span class='ocrx_word' id='word_1_2256' title='bbox 1730 3850 1812 3883; x_wconf 80' lang='lat' dir='ltr'>Episc.</span> <span class='ocrx_word' id='word_1_2257' title='bbox 1827 3850 1922 3876; x_wconf 87' lang='lat' dir='ltr'>Ticin.</span> <span class='ocrx_word' id='word_1_2258' title='bbox 1993 3851 2034 3876; x_wconf 71' lang='lat' dir='ltr'>Sic</span> <span class='ocrx_word' id='word_1_2259' title='bbox 2054 3849 2070 3876; x_wconf 86' lang='lat' dir='ltr'>l.</span> <span class='ocrx_word' id='word_1_2260' title='bbox 2086 3857 2116 3881; x_wconf 82' lang='lat'>32.</span> <span class='ocrx_word' id='word_1_2261' title='bbox 2135 3847 2188 3885; x_wconf 85' lang='lat'>§.1</span> <span class='ocrx_word' id='word_1_2262' title='bbox 2208 3847 2235 3874; x_wconf 80' lang='lat' dir='ltr'>ff.</span> <span class='ocrx_word' id='word_1_2263' title='bbox 2257 3848 2289 3874; x_wconf 88' lang='lat' dir='ltr'>de</span> <span class='ocrx_word' id='word_1_2264' title='bbox 2303 3849 2381 3876; x_wconf 83' lang='lat' dir='ltr'>Vsur.</span> 
     </span>
     <span class='ocr_line' id='line_1_105' title="bbox 250 3882 2382 3921; baseline 0 -12"><span class='ocrx_word' id='word_1_2265' title='bbox 250 3890 301 3913; x_wconf 84' lang='lat' dir='ltr'>tas,</span> <span class='ocrx_word' id='word_1_2266' title='bbox 317 3893 361 3909; x_wconf 69' lang='grc' dir='ltr'>«π.</span> <span class='ocrx_word' id='word_1_2267' title='bbox 513 3885 533 3921; x_wconf 52' lang='grc' dir='ltr'>ᾖ</span> <span class='ocrx_word' id='word_1_2268' title='bbox 554 3897 572 3919; x_wconf 87' lang='lat'>4</span> <span class='ocrx_word' id='word_1_2269' title='bbox 610 3884 787 3910; x_wconf 75' lang='lat' dir='ltr'>institutiones</span> <span class='ocrx_word' id='word_1_2270' title='bbox 801 3884 934 3910; x_wconf 80' lang='lat' dir='ltr'>stellarum</span> <span class='ocrx_word' id='word_1_2271' title='bbox 959 3885 1015 3911; x_wconf 84' lang='lat' dir='ltr'>Cic.</span> <span class='ocrx_word' id='word_1_2272' title='bbox 1030 3884 1111 3910; x_wconf 90' lang='lat' dir='ltr'>Tusc.</span> <span class='ocrx_word' id='word_1_2273' title='bbox 1126 3893 1145 3916; x_wconf 91' lang='lat'>1,</span> <span class='ocrx_word' id='word_1_2274' title='bbox 1160 3887 1193 3910; x_wconf 86' lang='lat'>62</span> <span class='ocrx_word' id='word_1_2275' title='bbox 1207 3895 1228 3911; x_wconf 94' lang='lat' dir='ltr'>c.</span> <span class='ocrx_word' id='word_1_2276' title='bbox 1241 3892 1280 3917; x_wconf 80' lang='lat'>23.</span> <span class='ocrx_word' id='word_1_2277' title='bbox 1343 3886 1411 3911; x_wconf 88' lang='lat' dir='ltr'>Cum</span> <span class='ocrx_word' id='word_1_2278' title='bbox 1424 3885 1514 3911; x_wconf 77' lang='lat' dir='ltr'>omissa</span> <span class='ocrx_word' id='word_1_2279' title='bbox 1527 3883 1563 3909; x_wconf 85' lang='lat' dir='ltr'>est</span> <span class='ocrx_word' id='word_1_2280' title='bbox 1576 3885 1711 3917; x_wconf 85' lang='lat' dir='ltr'>repetendi</span> <span class='ocrx_word' id='word_1_2281' title='bbox 1725 3884 1809 3911; x_wconf 84' lang='lat' dir='ltr'>debiti</span> <span class='ocrx_word' id='word_1_2282' title='bbox 1822 3885 1957 3915; x_wconf 82' lang='lat' dir='ltr'>instantia,</span> <span class='ocrx_word' id='word_1_2283' title='bbox 1985 3888 2004 3911; x_wconf 81' lang='lat' dir='ltr'>i.</span> <span class='ocrx_word' id='word_1_2284' title='bbox 2021 3884 2167 3918; x_wconf 74' lang='lat' dir='ltr'>Affidur‘tas.</span> <span class='ocrx_word' id='word_1_2285' title='bbox 2246 3884 2276 3909; x_wconf 92' lang='lat' dir='ltr'>L.</span> <span class='ocrx_word' id='word_1_2286' title='bbox 2292 3883 2336 3909; x_wconf 82' lang='lat' dir='ltr'>fin.</span> <span class='ocrx_word' id='word_1_2287' title='bbox 2357 3882 2382 3920; x_wconf 57' lang='grc' dir='ltr'>ᾗ.</span> 
     </span>
     <span class='ocr_line' id='line_1_106' title="bbox 250 3917 2382 3957; baseline 0 -16"><span class='ocrx_word' id='word_1_2288' title='bbox 250 3927 301 3942; x_wconf 78' lang='lat' dir='ltr'>cnm</span> <span class='ocrx_word' id='word_1_2289' title='bbox 315 3920 386 3944; x_wconf 74' lang='lat' dir='ltr'>nihili</span> <span class='ocrx_word' id='word_1_2290' title='bbox 390 3918 459 3951; x_wconf 76' lang='lat' dir='ltr'>sint,</span> <span class='ocrx_word' id='word_1_2291' title='bbox 482 3928 567 3945; x_wconf 65' lang='lat' dir='ltr'>merito</span> <span class='ocrx_word' id='word_1_2292' title='bbox 580 3918 732 3945; x_wconf 52' lang='lat' dir='ltr'>comcs—‘urae</span> <span class='ocrx_word' id='word_1_2293' title='bbox 748 3920 859 3945; x_wconf 44' lang='lat' dir='ltr'>Artanutii</span> <span class='ocrx_word' id='word_1_2294' title='bbox 886 3921 916 3945; x_wconf 64' lang='lat' dir='ltr'>ab</span> <span class='ocrx_word' id='word_1_2295' title='bbox 929 3920 967 3945; x_wconf 76' lang='lat' dir='ltr'>&#39;cri</span> <span class='ocrx_word' id='word_1_2296' title='bbox 979 3920 1034 3955; x_wconf 60' lang='lat' dir='ltr'>scre</span> <span class='ocrx_word' id='word_1_2297' title='bbox 1047 3919 1193 3954; x_wconf 69' lang='lat' dir='ltr'>posteriores</span> <span class='ocrx_word' id='word_1_2298' title='bbox 1204 3940 1212 3953; x_wconf 89' lang='lat'>,</span> <span class='ocrx_word' id='word_1_2299' title='bbox 1239 3921 1333 3957; x_wconf 79' lang='lat'><em>1¹¹-105</em></span> <span class='ocrx_word' id='word_1_2300' title='bbox 1343 3920 1388 3948; x_wconf 85' lang='lat' dir='ltr'>fin.</span> <span class='ocrx_word' id='word_1_2301' title='bbox 1400 3919 1428 3948; x_wconf 79' lang='lat' dir='ltr'>ff.</span> <span class='ocrx_word' id='word_1_2302' title='bbox 1443 3919 1475 3946; x_wconf 76' lang='lat' dir='ltr'>de</span> <span class='ocrx_word' id='word_1_2303' title='bbox 1488 3920 1619 3954; x_wconf 77' lang='lat' dir='ltr'>pignorat-</span> <span class='ocrx_word' id='word_1_2304' title='bbox 1634 3919 1685 3946; x_wconf 61' lang='grc' dir='ltr'>ἃᾶ.</span> <span class='ocrx_word' id='word_1_2305' title='bbox 1717 3921 1755 3946; x_wconf 82' lang='lat' dir='ltr'>Ac</span> <span class='ocrx_word' id='word_1_2306' title='bbox 1772 3920 1862 3955; x_wconf 71' lang='lat' dir='ltr'>postea</span> <span class='ocrx_word' id='word_1_2307' title='bbox 1878 3920 2002 3949; x_wconf 75' lang='lat' dir='ltr'>instantia</span> <span class='ocrx_word' id='word_1_2308' title='bbox 2016 3920 2078 3946; x_wconf 83' lang='lat' dir='ltr'>Gaii</span> <span class='ocrx_word' id='word_1_2309' title='bbox 2090 3918 2144 3948; x_wconf 76' lang='lat' dir='ltr'>Seii</span> <span class='ocrx_word' id='word_1_2310' title='bbox 2155 3917 2295 3947; x_wconf 75' lang='lat' dir='ltr'>creditoris</span> <span class='ocrx_word' id='word_1_2311' title='bbox 2307 3924 2382 3945; x_wconf 72' lang='lat' dir='ltr'>recu-</span> 
     </span>
     <span class='ocr_line' id='line_1_107' title="bbox 247 3922 2382 3991; baseline 0.002 -14"><span class='ocrx_word' id='word_1_2312' title='bbox 247 3951 377 3982; x_wconf 69' lang='lat' dir='ltr'>(titiones,</span> <span class='ocrx_word' id='word_1_2313' title='bbox 393 3951 520 3985; x_wconf 75' lang='lat' dir='ltr'>cumstare</span> <span class='ocrx_word' id='word_1_2314' title='bbox 533 3955 649 3981; x_wconf 70' lang='lat' dir='ltr'>uidentur</span> <span class='ocrx_word' id='word_1_2315' title='bbox 660 3953 686 3991; x_wconf 74' lang='lat' dir='ltr'>s.</span> <span class='ocrx_word' id='word_1_2316' title='bbox 699 3953 816 3989; x_wconf 65' lang='lat' dir='ltr'>insistere.</span> <span class='ocrx_word' id='word_1_2317' title='bbox 864 3922 1091 3991; x_wconf 44' lang='lat' dir='ltr'>bilihiiiitiosub</span> <span class='ocrx_word' id='word_1_2318' title='bbox 1106 3961 1115 3981; x_wconf 90' lang='lat'>1</span> <span class='ocrx_word' id='word_1_2319' title='bbox 1126 3961 1147 3981; x_wconf 91' lang='lat' dir='ltr'>N</span> <span class='ocrx_word' id='word_1_2320' title='bbox 1157 3961 1170 3983; x_wconf 83' lang='lat' dir='ltr'>S</span> <span class='ocrx_word' id='word_1_2321' title='bbox 1180 3962 1241 3984; x_wconf 77' lang='lat' dir='ltr'>ts&#39;r</span> <span class='ocrx_word' id='word_1_2322' title='bbox 1250 3961 1279 3984; x_wconf 88' lang='grc' dir='ltr'>Ο.</span> <span class='ocrx_word' id='word_1_2323' title='bbox 2295 3954 2382 3989; x_wconf 76' lang='lat' dir='ltr'>petati</span> 
     </span>
    </p>
   </div>
   <div class='ocr_carea' id='block_1_24' title="bbox 2384 0 2479 3878">
    <p class='ocr_par' dir='ltr' id='par_1_31' title="bbox 2384 0 2479 3878">
     <span class='ocr_line' id='line_1_108' title="bbox 2384 0 2479 3878; baseline 0 0"><span class='ocrx_word' id='word_1_2324' title='bbox 2384 0 2479 3878; x_wconf 95' lang='lat' dir='ltr'> </span> 
     </span>
    </p>
   </div>
  </div>
 </body>
</html>
