2479 4225
53 230 155 268 ⁵57-
435 213 469 254 E
555 214 593 255 x
671 214 708 253 v
1511 213 1672 282 E·X
1762 216 1800 256 v
2113 229 2182 275 553

52 306 93 334 Sic
107 304 160 331 Cic.
172 303 250 331 Acad.
258 312 269 335 3
280 303 347 339 apud
358 303 430 329 Non.
439 311 459 334 1,
473 309 514 336 333
539 303 569 330 Et
582 308 610 330 vt
623 312 669 330 nos
683 312 751 330 nunc
764 301 880 330 sedemus
890 300 922 327 ad
931 300 1082 334 Lucrinum,
1144 306 1192 331 208
1222 302 1301 328 Nunc
1313 301 1382 335 regis
1396 301 1484 336 iniqui
1498 302 1542 330 Ob
1555 312 1650 330 noxam
1659 324 1666 337 ,
1686 304 1833 331 immeritos
1842 326 1850 338 ‚
1874 311 1973 341 patriae
1989 316 2028 337 tot
2048 311 2164 338 culmina
2173 331 2180 342 ‚

34 332 37 342 ¹
53 340 238 376 pisciculosque
253 338 408 364 exsultantes
429 337 558 364 videmus.
612 339 658 366 Sat
676 340 773 366 Orator
791 338 918 364 exsultans
950 337 1080 378 Qiinelil.
1145 336 1225 376 Ciues
1261 338 1395 378 lixuimus..
1464 338 1629 378 ‘I*at;it.liilt.
1642 349 1669 374 4,
1682 343 1699 367 6
1726 341 1839 381 Qtando
1855 344 1933 382 ctiam
1955 346 2115 379 sapientibus
2128 348 2180 374 Cu.

0 398 1 402 ,
46 384 87 408 ,12,
101 384 137 408 10,
151 383 182 401 12.
253 374 414 400 peculiariter
429 381 507 400 autem
521 374 648 401 exsultare
661 375 748 400 oratio
761 374 801 399 vel
816 378 906 399 orator
925 371 1019 397 dicitur
1035 373 1080 399 l<a-
1143 372 1207 405 pido
1221 372 1320 406 gloriae
1334 371 1467 398 noutssima
1482 380 1595 403 exuitur.
1674 377 1752 402 Curis
1772 377 1928 404 mortalibus
1942 380 1993 405 sese
2007 391 2103 409 exuere
2135 383 2180 409 Sil,

4 429 5 432 =
51 411 107 443 bio,
124 419 175 437 cum
186 411 254 435 circa
266 418 390 435 numerum
403 415 426 434 et
438 409 628 444 compositionem
641 409 734 436 excedit
746 407 853 438 modum,
872 407 996 441 rhythmis
1008 414 1081 434 vtem·
1144 416 1163 437 ι,
1177 415 1212 438 κς.
1249 411 1267 434 i.
1287 412 1341 434 vita
1348 407 1458 443 Jblliclta
1465 408 1493 442 fi*
1501 413 1613 443 priuarc.
1684 412 1777 438 Enscm
1793 411 1904 439 humero
1930 415 2003 448 Virg.
2015 418 2077 442 Acn.
2087 426 2113 450 9,
2125 426 2180 450 303.

49 447 123 472 nimis
134 447 240 480 apertis,
259 446 340 480 quales
348 444 410 480 siant
422 446 476 475 illi,
494 445 527 471 ad
539 454 598 481 quor
609 445 728 480 fimatur.
769 442 825 468 Vni.
838 451 864 474 9,
878 453 905 476 4,
920 445 963 468 66.
997 451 1039 482 ιο,
1054 453 1079 476 z,
1103 456 1117 482 ς
1144 442 1236 482 ifnscm
1251 444 1345 483 vagi-na
1370 443 1432 468 Stat.
1445 443 1536 470 Theb.
1549 454 1572 477 9,
1587 447 1631 479 76.
1703 447 1791 473 Fastus
1815 447 1895 474 Ouid.
1911 448 1942 474 de
1953 450 2015 475 Arte
2025 452 2081 478 Am.
2095 463 2116 483 2,
2125 462 2178 485 ²4¹·

51 476 150 511 16..σ”ῑ.
164 485 191 511 8,
204 488 232 513 3,
245 481 286 512 36.
340 479 388 507 §etl
404 480 437 506 ad
456 489 547 506 omnem
566 482 688 506 luxuriam
706 480 826 504 orationis
841 481 953 513 pertinet
971 478 1027 504 Cic.
1047 479 1079 505 de
1142 478 1241 503 l-erttas
1251 486 1360 505 exuitur
1385 477 1423 504 Id.
1437 478 1502 504 Fast.
1518 488 1538 510 3,
1551 486 1604 509 281.
1673 482 1765 508 Tacit.
1779 484 1847 509 Anu.
1862 493 1893 516 2,
1906 492 1937 518 72
1968 486 2015 511 Per
2028 495 2179 514 communes

16 518 18 520 ’
50 517 141 547 01·at.3
155 524 200 548 c.9
233 515 352 542 Alterum
366 516 535 542 exsultantem
548 515 689 541 verborum
701 512 809 539 audacia
822 511 1000 548 reprimebat,
1018 514 1079 540 alte·
1141 512 1240 539 liberos
1254 515 1342 540 orauit
1354 521 1449 553 exuere
1464 515 1609 541 ferociam.
1680 518 1717 543 Id.
1734 518 1798 547 ibid.
1812 526 1834 551 ι,
1848 526 1875 552 3,-
1908 522 1942 546 At
1954 520 2001 546 ifle
2016 522 2178 550 moriturum

49 559 108 578 runt
125 551 288 577 cunetantem
311 557 337 576 et
357 551 427 585 quali
448 551 663 577 verecundantem
684 548 817 575 incitabat.
889 549 998 582 Sanguis
1028 550 1079 575 alte
1143 549 1246 581 potius,
1274 558 1352 584 quam
1374 548 1465 574 Fidem
1488 558 1611 584 exueret,
1637 551 1779 579 clamitans.
1869 553 1947 582 Flore
1977 556 2084 582 exuitur
2115 559 2178 584 vitis

46 585 161 613 exultans
172 596 187 612 e
198 587 417 620 corpore-emicat
442 587 545 613 Lucret.
554 594 579 618 2,
594 592 645 618 195.
716 583 832 610 Verbum
849 583 1078 612 exultantiss‘muun
1141 584 1245 610 Colum.
1260 594 1279 616 3,
1295 593 1318 617 2,
1332 593 1364 616 13.
1438 584 1539 623 Foedus
1565 586 1656 612 Claud.
1671 588 1702 613 de
1715 589 1743 614 B.
1758 590 1816 615 Get.
1830 592 1888 623 364.
1957 591 2100 624 Fortuna,
2123 593 2177 619 vul.

10 641 12 645 .
46 621 175 656 Qtine'til.
190 630 216 655 9,
229 630 258 654 4,
273 627 325 651 108.
740 616 741 623 ¹
1102 627 1164 654 rop.
1184 628 1207 644 a.
1227 621 1307 653 Agru.
1379 619 1497 645 Gratiam
1511 621 1638 647 nouitatis
1667 623 1732 649 Plin.
1745 625 1824 658 Epist.
1838 634 1864 658 1,
1884 634 1908 652 2.
1980 627 2094 653 Habitus
2107 636 2179 661 rega-

83 664 125 683 Ex
136 663 363 684 VLTANTER.
400 657 467 684 Adu.
502 654 680 690 [ἧγοελμένως]
716 654 782 680 Plin.
797 653 874 688 Epist.
889 663 917 686 3,
932 659 956 683 18
987 656 1077 688 Quini
1140 655 1177 680 les
1200 654 1261 680 Stat.
1274 654 1365 681 Theb.
1380 663 1416 686 11,
1429 663 1488 688 434.
1559 656 1640 683 Ouid.
1655 658 1718 685 Met.
1739 668 1783 692 10,
1806 668 1846 692 105
1880 675 1926 683 —-—
1949 661 2076 696 siquidem
2095 664 2178 694 Cybe-

12 695 13 698 ’
46 701 77 719 ea
97 692 193 727 potius,
216 701 283 726 quae
297 693 399 727 pressius
416 698 441 718 et
454 690 615 721 adstriclius,
633 698 711 723 quam
734 689 790 722 illa,
813 699 880 724 quae
903 690 1031 722 hilarius,
1052 698 1077 717 et
1140 689 1206 715 leius
1222 691 1283 721 Atys
1310 690 1388 716 Exuit
1401 689 1447 715 hac
1462 691 1621 724 Hominem,
1647 698 1795 729 truncoque
1808 696 1929 723 induruit
1942 696 1999 724 illo.
2035 701 2051 724 ι’.
2066 697 2180 734 figuram

47 727 116 762 quasi
131 728 287 754 exultantius
305 728 408 762 scripli,
433 726 523 762 poffint
535 725 621 752 videri
633 724 752 751 accertita
765 732 790 751 et
805 724 918 751 inducta.
990 727 1078 752 Exsul.
1139 725 1277 752 humanam.
1349 725 1404 751 Cic.
1420 724 1452 751 de
1466 726 1521 751 Fin.
1538 734 1565 759 5,
1585 735 1613 760 35
1633 737 1654 754 c.
1675 737 1699 754 1:
1738 731 1771 755 Vt
1784 730 1801 756 li
1822 738 1866 757 aut
1880 733 2001 759 manibus
2015 733 2179 768 ingrediatur

45 769 130 790 canter
140 763 286 798 accepimus
311 764 434 798 Cyprian.
453 760 531 795 Epist.
548 769 567 793 1,
583 769 602 786 1.
672 761 797 787 Incedere
816 760 985 787 exsultantius
1017 763 1077 788 Am-
1140 760 1217 794 quis,
1236 766 1280 786 aut
1302 769 1356 786 non
1369 766 1443 792 ante,
1471 761 1513 787 scd
1527 768 1599 788 retro
1613 763 1706 797 fugere
1718 766 1793 799 plane
1806 767 1831 792 se
1845 767 1915 800 ipse,
1944 774 1969 794 ct
1983 770 2127 796 Hominem
2143 777 2178 796 ex

47 797 125 824 mian.
139 807 183 831 23.
200 808 242 826 20.
1098 805 1122 830 ις
1141 795 1249 822 homine
1261 804 1371 827 exuens,
1391 802 1510 823 naturam
1522 798 1601 824 odiss‘e
1617 799 1747 827 videatur.
1837 803 2036 830 Humanitatem
2069 804 2108 831 Id.
2128 813 2177 839 pro

76 840 92 860 13
101 841 120 860 χ
129 841 150 860 v
159 841 176 860 L
186 841 266 861 TAT
275 842 284 861 1
293 840 312 860 o
322 854 330 866 ‚
353 832 416 859 finis.
445 830 464 857 f.
521 830 667 866 [γαυρίαμα
677 850 684 862 ,
699 831 823 864 καύχημα
832 851 839 863 ,
857 830 1013 864 α’γοιλλίαμα
1033 832 1075 860 Gl.
1140 831 1226 864 Ligur.
1238 839 1267 863 14
1280 840 1300 856 c.
1310 839 1331 863 5.
1367 838 1390 856 ct
1405 831 1457 857 Att.
1473 841 1507 864 13,
1522 841 1543 858 2.
1614 835 1706 869 Iugum
1721 843 1743 862 et
1756 836 1786 862 Se
1801 836 1864 871 iugo
1889 838 1948 864 ΜΗ,
1963 847 1999 872 33,
2013 848 2049 874 ¹7⁴
2068 848 2091 865 ct
2103 849 2146 874 34,
2154 848 2178 872 13

42 867 98 895 Lat,
113 869 158 895 Gr.
171 870 183 904 ]
238 870 302 895 Plin,
315 875 342 901 g,
362 876 394 901 54
426 867 497 892 Caua
509 866 570 892 luna
584 866 668 892 tristes
682 868 743 893 ess'e:
778 867 873 902 quibus
892 867 921 892 in
935 875 966 892 eo
981 876 1076 898 uenere
1139 873 1204 892 extr.
1228 873 1276 901 pro
1292 867 1319 893 Se
1331 866 1435 892 liberare
1449 871 1600 903 aJeruitutr.
1671 870 1762 898 Tacit.
1778 872 1845 898 Htst.
1855 881 1876 905 3,
1892 881 1905 906 5
1931 874 1968 900 Ac
1983 877 2084 902 maiore
2097 885 2128 902 ex
2139 875 2179 901 di-

42 904 124 930 canda
138 904 167 931 fit
177 926 184 938 ‚
204 914 301 931 nouam
313 903 474 929 exultatione
484 901 604 928 adorare.
646 901 780 935 Defimiis.
851 901 979 928 Indecora
993 904 1076 929 exsul·
1138 903 1216 927 verso
1228 900 1347 927 mercede
1357 921 1364 932 ,
1383 902 1424 927 lus
1439 903 1529 937 fasque
1543 911 1677 931 exuerent.
1749 907 1814 932 luffa
1844 908 1882 934 ld.
1895 910 1963 935 Ann.
1975 919 2014 943 -ιι,
2029 919 2065 943 19.
2137 910 2177 937 ld.

40 939 107 966 tatio
115 941 285 975 plaudentium
297 939 388 965 dicenti
419 936 549 970 Qunetil.
564 945 585 968 2,
600 945 622 968 2,
639 946 674 963 12.
1138 936 1203 963 ibid.
1217 945 1266 972 3,7
1292 937 1368 964 Tum
1378 945 1456 977 exuto
1470 939 1569 965 iustitio
1583 940 1696 966 reditum
1711 941 1742 966 ad
1762 943 1860 968 munia.
1933 945 2006 979 Virg.
2022 948 2087 973 Aen.
2098 954 2177 981 ,3423

78 972 357 1004 EXVLTAN‘1’1A‚
377 981 415 999 ac.
443 973 462 998 f.
498 972 687 1007 [ἓπιγοιύρωσις]
725 971 799 999 Idem.
842 972 909 999 Gell.
924 980 988 1006 12,5
1007 975 1073 1001 Cum
1084 984 1118 1003 20
1293 973 1365 998 Haec
1384 975 1452 999 tatus
1470 975 1600 1008 duplicem
1618 984 1649 1001 ex
1669 975 1786 1002 humeris
1807 978 1899 1004 reiecit
1918 980 2059 1007 amictum:

40 1010 186 1044 petulantia
208 1009 296 1037 morbi
319 1003 473 1042 'dolorisque
494 1008 650 1034 exsultantia
669 1007 862 1034 colluctantem.
897 1011 916 1034 i.
942 1006 1074 1044 Eruptionc
1292 1008 1323 1048 ξε
1341 1010 1448 1047 magnos
1465 1010 1647 1036 membrorum
1667 1019 1752 1042 artus,
1775 1020 1868 1046 magna
1885 1014 1960 1045 Offa,
1981 1016 2157 1051 Lat-ertosque

38 1047 157 1073 violenta.
243 1043 403 1071 Ludibrium
421 1043 522 1069 hostilis
543 1043 713 1070 exsultantiae
741 1043 853 1069 Paullin.
869 1042 901 1069 ad
921 1044 1026 1075 Cyther.
1046 1055 1072 1072 v.
1228 1076 1236 1082 ⁶
1292 1043 1379 1069 hxtnt.
1689 1047 1745 1073 Cic.
1760 1047 1836 1073 Verr.
1851 1056 1877 1079 ς,
1894 1056 1936 1080 150
1955 1059 1976 1075 c.
1989 1058 2017 1083 58
2049 1052 2075 1077 Si
2091 1061 2122 1080 ex
2136 1053 2178 1079 his

37 1083 98 1113 564.
167 1080 269 1107 Solinus
282 1086 343 1112 c.45
374 1080 474 1106 Verum
496 1087 601 1106 omnem
616 1079 725 1104 excelsus
739 1079 870 1113 originem
883 1079 915 1105 de
930 1080 982 1105 sole
996 1080 1053 1107 lieri
1064 1101 1073 1113 ‚
1137 1077 1249 1117 Laqueis
1264 1082 1289 1103 te
1302 1078 1416 1111 exueris,
1429 1088 1457 1119 ae
1470 1085 1495 1105 te
1514 1080 1603 1120 aliqua
1615 1081 1644 1106 vi
1658 1089 1687 1107 ac
1706 1082 1810 1108 ratione
1822 1082 1978 1116 explicatis,
2006 1086 2034 1112 in
2050 1087 2107 1112 illas
2127 1088 2179 1114 tibi

36 1116 202 1150 primamque
214 1115 384 1142 exultantiam
398 1114 512 1141 iunioris
527 1115 645 1148 concipi,
661 1122 742 1149 quum
761 1123 807 1149 per
824 1116 955 1141 Cancrum
974 1116 1010 1141 sol
1030 1125 1073 1143 ve·
1139 1122 1253 1139 11131οΓ68
1284 1113 1370 1148 plagas
1403 1114 1571 1141 inc¹denm¹¹¹¹
1605 1116 1649 1142 est·
1709 1120 1790 1143 briam
1819 1118 1861 1144 hic
1884 1124 2036 1146 contrarium
2058 1122 2180 1149 Induere-

7 1173 9 1179 ,
28 1150 124 1178 hatur.
177 1152 216 1177 De
228 1153 374 1176 incremento
390 1152 456 1177 Nili.
1091 1157 1121 1184 25
1138 1149 1229 1174 Tacit.
1244 1149 1310 1175 Anu.
1326 1158 1365 1182 14,
1380 1158 1410 1181 52
1434 1151 1533 1177 Exuere
1547 1151 1716 1185 Magistrum,
1736 1153 1795 1178 satis
1808 1153 1900 1188 amplis
1914 1155 2071 1182 docloribus
2085 1158 2178 1184 instru-

74 1192 171 1213 Exvr,
181 1192 288 1212 TABV
299 1193 320 1211 N
330 1192 348 1212 D
358 1193 378 1212 v
388 1193 415 1217 s,
434 1194 466 1218 a,
483 1194 538 1211 um.
573 1184 633 1211 Adi.
687 1184 779 1211 lustin.
794 1190 829 1218 18,
842 1192 878 1220 7,
894 1195 922 1212 ιο
946 1188 1073 1222 Lugentia
1137 1183 1192 1210 &us
1208 1185 1353 1210 maioribus
1368 1186 1430 1211 suis.
1501 1187 1574 1221 Virg.
1589 1189 1653 1212 Aen.
1668 1197 1703 1220 4,
1722 1197 1765 1221 319
1796 1189 1881 1223 Atque
1896 1189 1961 1217 hanc
1977 1191 2003 1217 Si
2018 1193 2076 1226 quis
2088 1192 2178 1219 adhuc

37 1221 116 1249 eastra
129 1220 202 1249 velut
214 1220 405 1247 exultabundus
419 1221 526 1248 intrare.
581 1219 655 1256 Conf.
671 1219 752 1247 Solin.
771 1229 792 1246 c.
806 1229 827 1254 5.
1135 1220 1251 1253 superest
1264 1221 1383 1254 precibus
1396 1221 1484 1253 locus,
1501 1230 1566 1248 exue
1580 1223 1705 1249 Mentem.
1777 1224 1838 1250 Stat.
1853 1225 1916 1251 Silu·
1930 1235 1957 1259 4,
1971 1235 1992 1259 3,
2007 1234 2038 1260 50
2071 1229 2107 1255 Hi
2122 1237 2180 1255 cac-

65 1263 190 1285 *EXSVL
200 1263 250 1283 ΤΑ
261 1262 285 1282 Μ
295 1263 311 1282 E
321 1264 342 1283 N
356 1276 364 1288 ‚
385 1257 444 1283 inis.
464 1266 490 1282 n.
527 1255 647 1282 Tertull.
1136 1255 1308 1287 duntnemus,
1327 1264 1478 1293 exuuntque
1493 1259 1606 1284 Montes.
1677 1259 1767 1285 Moras
1788 1260 1891 1287 Petron.
1906 1270 1927 1288 c.
1937 1270 1990 1288 122.
2061 1264 2179 1292 Martial.

1 1313 3 1318 .
73 1299 168 1320 EXVL
180 1297 265 1318 ΤΙΜ.
319 1292 386 1318 Adu.
441 1289 637 1326 [κεκνδιωμένως
648 1293 666 1326 J
716 1293 736 1317 i.
765 1292 903 1318 Exultando
920 1293 1072 1329 etfizlig-ndo,
1140 1299 1167 1323 1,
1184 1294 1229 1316 106
1262 1292 1341 1318 Exuit
1356 1294 1452 1318 annosa
1467 1293 1573 1325 Mores,
1593 1302 1743 1329 nomenque
1764 1295 1872 1322 seneen.
1965 1298 2024 1324 Liu.
2044 1307 2090 1333 27,
2126 1319 2133 1326 .

40 1327 203 1355 Hor-Canu.
215 1336 241 1359 3,
256 1335 295 1360 11,
320 1336 336 1359 9
1092 1327 1176 1365 301ta
1195 1334 1302 1360 repente
1321 1328 1395 1353 exuit
1417 1329 1541 1362 antiquos
1560 1329 1656 1355 Mores.
1762 1331 1854 1358 Munia
1899 1333 1990 1359 Tacit.
2004 1335 2071 1360 Λιιιι.
2084 1344 2117 1368 4,
2136 1344 2176 1368 39.

82 1359 85 1362 ’
190 1364 263 1397 Qae
283 1363 355 1389 velut
372 1363 431 1390 latis
447 1372 514 1398 equa
534 1362 613 1389 trima
633 1360 730 1396 campis
741 1382 750 1395 ‚
1137 1361 1302 1396 Obsequium
1316 1371 1376 1397 erga
1391 1363 1577 1398 imperatorem
1590 1365 1663 1391 exuit
1692 1364 1730 1391 Id.
1745 1365 1810 1393 ibid.
1823 1376 1845 1400 3,
1860 1376 1893 1394 12.
1989 1369 2028 1395 Id.
2048 1369 2114 1397 ibid.
2137 1380 2159 1397 ιι
2169 1391 2178 1404 ,

190 1397 269 1425 Ludit
287 1399 427 1431 exsultim,
447 1399 596 1432 metuitque
616 1398 701 1431 tangi,
1137 1405 1172 1425 20
1204 1399 1239 1424 Vt
1251 1404 1337 1424 tamen
1352 1399 1428 1425 miles
1451 1401 1544 1426 Otium
1559 1406 1673 1426 exueret.
1729 1402 1769 1427 Sic
1791 1403 1858 1438 Lips.
1883 1409 1906 1429 et
1929 1404 2035 1431 Gronau.
2052 1413 2101 1440 pro
2124 1406 2177 1434 Ne.

190 1434 352 1469 Nuptiarum
371 1443 462 1469 expers
472 1454 479 1464 ‚
497 1440 523 1461 et
542 1433 626 1460 adhuc
647 1439 774 1468 proteruo
1140 1432 1231 1459 Tacit.
1245 1433 1312 1460 Hist.
1321 1443 1343 1466 2,
1357 1437 1387 1463 86
1412 1435 1499 1461 Prima
1512 1435 1618 1461 iuuenta
1631 1436 1727 1470 quietis
1735 1437 1859 1472 cupidine
1872 1438 2037 1466 Senatorium
2049 1438 2181 1469 Ordinem

468 1469 555 1496 Cruda
575 1468 681 1494 marito.
1137 1475 1255 1495 exuerat.
1328 1471 1402 1502 Ofla,
1430 1470 1483 1496 vid.
1497 1470 1576 1510 supra
1593 1473 1620 1496 in
1639 1471 1761 1498 Lacertos
1786 1483 1891 1501 exuere.
1961 1475 2103 1503 Paedorem
2122 1487 2179 1504 non

71 1501 167 1531 Exx'fL
178 1502 268 1538 ὕιο,
289 1509 341 1533 are.
377 1504 552 1539 [ἒξαλολύζω]
594 1505 642 1530 Pro
662 1503 739 1530 Valde
753 1504 855 1531 ululare.
911 1503 991 1531 Ouid.
1008 1505 1072 1532 Met.
1090 1516 1117 1542 33
1136 1510 1257 1538 exuerat,
1276 1511 1305 1531 vt
1319 1506 1427 1540 vulgum
1443 1506 1611 1532 miseratione
1624 1506 1772 1535 aduerteret
1795 1509 1885 1536 Tacit.
1899 1510 1967 1536 Ann.
1982 1513 2008 1543 6,
2022 1521 2068 1545 44.
2131 1515 2178 1540 Pa-

33 1547 55 1570 1,
81 1548 124 1572 233
167 1541 294 1568 Territus
328 1541 382 1575 ipse
412 1540 498 1574 fugit,
528 1539 672 1573 nactusque
703 1539 804 1565 silentia
835 1539 905 1565 ruris
941 1541 1072 1567 Exululat.
1136 1549 1193 1566 cem
1219 1540 1258 1579 Id.
1273 1541 1338 1581 ibid.
1352 1553 1380 1577 4,
1393 1549 1436 1576 72.
1506 1541 1544 1568 Id.
1560 1541 1624 1568 ibid.
1640 1545 1714 1578 6,43
1746 1543 1826 1572 Dedit
1840 1545 1950 1580 spatium
1965 1547 2077 1574 exuendi
2090 1548 2175 1575 Paffia.

32 1575 124 1601 Comis
135 1575 208 1602 seinis
221 1576 356 1603 exululare
385 1575 467 1602 Ouid.
484 1575 563 1609 Epist.
573 1582 608 1607 15,
621 1582 671 1608 ¹¹4·
728 1574 800 1610 Cous.
816 1575 880 1601 Met.
895 1584 922 1607 4,
934 1580 990 1608 320.
1027 1577 1071 1603 Sil.
1137 1576 1175 1602 ld.
1189 1576 1256 1602 Hist.
1275 1585 1304 1609 ς,
1316 1586 1329 1611 5
1365 1577 1589 1618 Nec-quidquam
1615 1578 1688 1613 prius
1710 1579 1882 1613 imbuuntur,
1905 1590 1984 1615 quam
2006 1588 2175 1610 contemnere

34 1617 72 1642 12,
87 1619 142 1645 599.
171 1618 194 1637 et
203 1611 329 1638 Drakenb.
344 1611 378 1637 ad
388 1612 434 1636 loc.
1136 1611 1213 1642 deos,
1249 1621 1345 1639 exuere
1369 1614 1500 1647 Patriam,
1533 1622 1666 1649 parentes,
1696 1614 1811 1648 liberos,
1844 1617 1939 1642 fratres
1972 1617 2037 1642 vilia
2069 1617 2176 1645 habere.

68 1646 251 1673 EXVLVLA
261 1653 281 1672 T
291 1654 310 1671 v
320 1654 349 1678 S,
367 1655 398 1677 a,
413 1654 467 1672 um.
504 1643 596 1671 Partic.
634 1642 836 1679 [ἕξολολυγμᾶς]
891 1645 972 1672 Ouid.
985 1646 1071 1674 Trist.
1135 1647 1298 1675 Patrimonio
1311 1657 1407 1675 exuere
1439 1650 1506 1676 Suet.
1521 1650 1552 1676 de
1565 1651 1634 1677 Clar.
1649 1651 1738 1676 Gram.
1752 1660 1774 1677 c.
1782 1659 1813 1677 ιι.
1903 1650 1993 1677 Pec'lus
2012 1653 2082 1678 curis
2115 1654 2178 1679 Stat.

30 1689 60 1712 4,
75 1689 96 1712 1,
112 1689 142 1713 41
175 1683 262 1716 thue
282 1681 356 1708 suum
375 1681 473 1708 Bacche
493 1689 547 1707 non
564 1680 642 1707 sentit
657 1681 740 1706 tancia
759 1680 853 1707 vulnus
863 1700 872 1713 ‚
897 1681 968 1708 Dum
987 1681 1072 1717 stupet
1087 1691 1124 1717 40
1137 1682 1200 1708 Silu.
1215 1692 1242 1715 4,
1257 1693 1284 1716 4,
1300 1691 1336 1713 28·
1407 1684 1500 1710 Polum
1513 1692 1620 1711 exuerat
1633 1685 1782 1717 Tithonia,
1800 1688 1818 1711 i.
1830 1685 1931 1711 Aurora
1943 1688 2033 1712 caelum
2044 1688 2181 1722 reliquerat

32 1715 120 1742 ,Idaeis
132 1716 262 1743 exululata
277 1717 355 1751 iugis,
719 1736 721 1738 .
1133 1718 1221 1743 Valer.
1243 1719 1342 1752 Argon.
1362 1727 1390 1751 3,
1408 1728 1432 1745 2.
1522 1720 1613 1746 Tacit.
1628 1720 1696 1745 Ann.
1712 1729 1752 1751 13,
1765 1728 1803 1752 44
1834 1721 2000 1755 Repertaque
2015 1723 2057 1756 spe
2072 1723 2178 1750 ditioris

67 1757 85 1776 Ε
97 1759 114 1778 x
123 1757 169 1778 V1.
179 1759 224 1778 vs.
234 1759 256 1779 A
266 1758 288 1778 T
303 1759 312 1778 1
324 1759 358 1784 ο,
378 1752 446 1778 onis.
467 1751 488 1778 f.
523 1750 660 1786 Augustin.
1133 1752 1269 1784 coniugis,
1289 1754 1412 1779 Promissa
1424 1762 1529 1780 exuere.
1599 1754 1690 1787 Regno
1703 1754 1818 1788 aliquem
1827 1775 1835 1787 ,
1850 1762 1897 1789 pro
1911 1757 2024 1789 Priuare,
2044 1765 2067 1783 et
2075 1759 2178 1794 auferre

0 1805 2 1812 ,
65 1792 109 1812 Ex
119 1792 198 1812 VND
209 1794 245 1818 Ο,
264 1791 317 1813 ζει-ε.
353 1787 523 1820 [immotam]
559 1788 662 1812 Alaeum
675 1788 757 1816 exire,
777 1786 818 1810 vel
830 1791 902 1810 extra
914 1786 1009 1811 alueum
1023 1795 1068 1811 vn-
1132 1788 1153 1810 ei
1165 1794 1275 1823 rfgnum.
1349 1788 1439 1813 Tacit.
1453 1789 1521 1814 Hist.
1535 1797 1544 1814 1
1557 1808 1565 1820 ,
1580 1796 1608 1821 55
1632 1790 1668 1814 Ac
1692 1798 1724 1815 ne
1747 1791 1935 1818 Reuerentiam
1954 1792 2062 1826 imperii
2079 1803 2177 1821 exuere

28 1819 74 1845 das
82 1820 208 1854 proferre.
277 1822 343 1846 Plin.
360 1829 391 1851 2,
404 1828 446 1851 103
478 1821 508 1845 In
522 1820 637 1845 Tenedo
652 1819 736 1844 insula
749 1819 825 1850 som,
846 1820 948 1851 semper
960 1828 975 1844 a
989 1820 1068 1845 tertia
1129 1818 1296 1847 viderentur.
1368 1822 1406 1847 Id.
1420 1823 1487 1848 Ann.
1497 1832 1522 1855 2,
1536 1830 1564 1856 35
1598 1824 1656 1850 Nili
1677 1830 1775 1852 certam
1792 1832 1853 1853 ante
1873 1826 1943 1854 diem
1960 1829 2085 1861 profanos
2099 1831 2177 1856 Ritus

28 1854 113 1880 nouis
126 1856 192 1880 hora
206 1855 234 1880 in
247 1855 344 1879 sextam
362 1854 394 1879 ab
408 1854 507 1879 aestiuo
522 1853 634 1879 solstitio
647 1853 768 1878 exundat.
841 1853 971 1878 Columel.
987 1859 1016 1885 8,
1029 1861 1067 1888 17,
1083 1864 1116 1891 43
1132 1854 1267 1882 exuilleiit.
1337 1856 1377 1882 Id.
1392 1857 1460 1883 Hist.
1472 1867 1495 1890 3,
1509 1867 1543 1891 42
1568 1859 1651 1885 Cuius
1667 1861 1862 1888 Sacramentum
1875 1862 1975 1888 cunella
1988 1863 2056 1890 circa
2073 1864 2177 1892 hostili-

29 1891 47 1916 6
73 1889 151 1922 Riui,
170 1898 217 1923 per
229 1897 295 1923 quos
310 1888 422 1915 exundat
440 1888 546 1922 piscina.
635 1888 702 1921 Apes
720 1887 853 1914 exundant
872 1889 949 1914 nouis
968 1889 1067 1915 fetibus
1130 1889 1178 1915 bus
1192 1898 1246 1916 non
1260 1898 1378 1918 exuerat.
1452 1894 1562 1920 Sedibus
1575 1894 1692 1929 aliquem
1718 1896 1755 1922 Id.
1771 1898 1836 1922 Ann.
1851 1905 1884 1928 13,
1898 1904 1937 1929 39.
2009 1899 2074 1925 Plin.
2085 1909 2127 1932 zo,
2144 1909 2175 1933 23

27 1925 132 1952 Colum.
149 1933 165 1957 9
175 1943 183 1956 ,
196 1932 213 1957 9
224 1943 232 1956 ,
246 1932 265 1950 1.
350 1923 423 1950 Idem
442 1932 470 1950 ιο
480 1943 489 1955 ,
503 1931 549 1956 432
577 1923 714 1949 Exundent
728 1923 820 1957 pingui
834 1924 980 1957 spumantia
993 1924 1067 1950 dolia
1131 1925 1304 1952 Poeniculum
1327 1927 1505 1955 nobilitauere
1522 1930 1668 1963 serpentes,
1694 1931 1795 1964 gustatu
1820 1935 1866 1963 (vt
1879 1931 2012 1965 diximus)
2040 1935 2178 1963 Semelam

27 1960 121 1988 musto.
191 1960 288 1986 Lucan.
304 1968 321 1993 9
332 1979 340 1993 ‚
353 1964 402 1994 798
439 1959 563 1992 Spumeus
585 1960 692 1985 acccnso
713 1967 768 1985 non
791 1958 824 1985 sic
841 1959 957 1986 exundat
979 1959 1066 1986 aheno
1129 1961 1261 1987 exuendo.
1334 1963 1394 1988 Liu.
1408 1972 1458 1995 34,
1474 1971 1490 1997 7
1503 1971 1567 1990 extr.
1601 1965 1746 2000 Nunquam
1771 1966 1849 1993 saluis
1863 1969 1915 1994 suis
1937 1969 2043 1995 exuitur
2056 1971 2176 1998 Seruitus

27 1994 165 2023 ‘Vndar‘um
179 1995 308 2021 cumulus.
415 1995 475 2021 Val.
489 1994 570 2020 Flacc.
585 2004 617 2028 4,
640 2003 686 2027 595
722 1993 846 2020 Acheron
864 1995 935 2021 vasto
955 1995 1069 2021 exundat
1130 1995 1284 2027 muliebris,
1301 2000 1318 2023 i.
1333 2007 1380 2023 non
1394 1999 1531 2025 liberantur
1538 2001 1619 2026 aliena
1627 2000 1758 2035 potestate,
1772 2001 1819 2035 m'fi
1826 2006 1931 2029 mortuis
1939 2006 2057 2038 patribus
2069 2014 2112 2032 aut
2125 2017 2177 2033 ma-

0 2029 1 2033 *
27 2031 109 2058 hiatu.
178 2031 264 2057 Dolor
278 2029 390 2057 exundat
403 2030 454 2056 alte
469 2030 567 2056 mersus
602 2030 659 2056 Sen.
681 2029 776 2063 Oedip.
792 2038 854 2062 924.
927 2031 1018 2056 Tacit.
1033 2030 1066 2057 de
1078 2045 1110 2071 50
1130 2033 1199 2057 ritis.
1271 2032 1360 2058 Tacit.
1375 2033 1441 2059 Hist.
1450 2043 1478 2067 4,
1491 2042 1521 2067 25
1554 2035 1603 2061 Etfi
1617 2037 1741 2063 exuiffent
1762 2038 1906 2064 Seruitium
1925 2039 2049 2073 cupidine
2067 2042 2176 2076 imperi-

23 2067 100 2094 Orat.
108 2075 140 2100 30
160 2065 293 2099 Exundat,
314 2073 339 2092 et
351 2066 478 2092 exuberat
489 2065 534 2092 illa
549 2065 711 2091 admirabilis
719 2065 876 2099 eloquentia.
948 2065 1066 2092 Exundat
1127 2066 1210 2093 tandi.
1282 2067 1321 2094 ld.
1334 2068 1401 2094 ibid.
1416 2078 1444 2102 4,
1457 2077 1492 2103 70
1524 2071 1554 2095 In
1567 2071 1696 2103 ciuitates,
1709 2081 1776 2106 quae
1791 2074 1947 2100 Societatem
1961 2076 2105 2103 Romanam
2119 2088 2176 2105 non

31 2103 139 2129 Humum
150 2101 237 2137 piceus
251 2102 363 2136 caligine
377 2108 468 2133 vertex
503 2101 549 2127 Sil.
566 2109 588 2132 2,
601 2103 654 2132 631.
744 2101 831 2127 Furor
844 2100 975 2127 exundans
1003 2102 1065 2128 Stat.
1127 2108 1263 2129 exuerant.
1335 2104 1462 2138 Spiritum
1487 2105 1628 2132 inimicum
1642 2115 1724 2139 exue,
1763 2111 1780 2133 i.
1800 2110 1925 2138 Animum,
1943 2113 1986 2145 qui
2005 2118 2028 2137 te
2045 2117 2175 2141 excruciat.

31 2137 118 2165 Theb.
131 2146 167 2171 10,
180 2139 238 2170 603.
309 2137 414 2171 Pelagus
428 2142 596 2171 praeruptum
609 2135 721 2162 exundat
740 2135 786 2162 Sil.
801 2144 824 2168 3,
861 2155 868 2161 .
906 2156 913 2162 .
983 2137 1063 2163 Pestis
1127 2138 1185 2163 Sen.
1200 2137 1291 2164 Theb.
1307 2147 1326 2165 1.
1398 2139 1489 2165 Tacit.
1502 2141 1570 2167 Ann.
1586 2150 1613 2174 1,
1629 2151 1658 2174 59
1683 2143 1749 2169 Aliis
1763 2145 1886 2178 gentibus
1900 2146 2050 2180 ignorantia
2065 2149 2175 2183 imperii

33 2168 141 2200 exundat
161 2173 197 2200 Id.
212 2181 258 2208 17,
279 2181 334 2205 104.
420 2173 542 2199 Torrens
562 2172 726 2198 flammarum
752 2171 867 2197 exundat
895 2171 932 2197 Id.
953 2181 998 2206 14,
1019 2174 1061 2198 62.
1127 2173 1241 2199 Romani
1255 2174 1391 2208 inexperta
1403 2176 1451 2201 ess‘e
1465 2176 1608 2210 supplicia,
1630 2179 1715 2204 nescia
1734 2179 1869 2206 Tributa:
1906 2189 1972 2216 quae
1993 2183 2098 2216 quando
2112 2193 2174 2211 exu-

26 2209 119 2236 ,Terra
141 2208 282 2239 exundauit
304 2207 434 2240 chelydris
472 2208 510 2234 Id.
533 2217 562 2240 3,
598 2227 605 2233 .
643 2227 649 2233 .
735 2207 827 2241 Vapor
850 2207 964 2233 exundat
985 2214 1062 2234 antro
1082 2218 1110 2245 55·
1127 2208 1206 2240 erint,
1225 2215 1272 2236 ete.
1343 2210 1464 2236 Tunicas
1478 2219 1585 2239 exuerat
1609 2213 1691 2239 Ouid.
1705 2214 1805 2247 Fast.2‚
1820 2223 1871 2250 171.
1943 2217 2047 2244 Vestem
2069 2219 2174 2247 Lucret.

29 2242 83 2271 Sen.
96 2243 200 2279 Hippol.
213 2253 235 2270 2.
306 2245 347 2271 sic
366 2243 410 2270 Sil.
432 2252 474 2275 14,
496 2252 534 2275 3¹¹
569 2243 673 2276 Ingenti
693 2242 768 2268 fimul
787 2242 934 2268 exundante
954 2252 1062 2277 vapore.
1125 2253 1153 2276 4,
1169 2252 1208 2276 59.
1296 2245 1415 2272 Vetustas
1436 2247 1544 2273 exuitur
1567 2248 1697 2282 anguibus
1740 2251 1821 2286 Ouid.
1846 2251 1879 2277 de
1901 2252 1966 2277 Arte
1985 2254 2044 2279 Am.
2070 2263 2098 2287 3,
2127 2263 2172 2290 77.

27 2279 89 2306 Saxa
103 2279 265 2314 liquentibus
279 2279 348 2305 inter
363 2281 388 2305 se
412 2279 470 2305 salis
492 2278 566 2305 venis
588 2278 720 2304 exundant
741 2277 883 2305 humorem
906 2279 1062 2305 affluentissi-
1125 2280 1216 2306 Tacit.
1228 2280 1296 2306 Ann.
1312 2289 1337 2312 ι,
1358 2288 1389 2315 73
1420 2283 1507 2315 Quam
1527 2284 1659 2310 Virtutem
1674 2284 1720 2310 diu
1734 2286 1862 2319 retinuit,
1888 2296 1971 2321 quum
1986 2297 2098 2316 caeteras
2110 2300 2173 2317 exu-

24 2323 96 2342 mum
114 2315 195 2342 Solin.
205 2323 250 2350 47.
275 2314 322 2348 mfi
336 2321 416 2341 tamen
430 2314 556 2351 legendum
569 2311 602 2346 est
616 2313 750 2343 Exudant‚
776 2323 837 2349 quae
849 2313 924 2339 verba
937 2314 1061 2349 confundi
1125 2320 1190 2341 eret.
1262 2317 1363 2342 Exuere
1376 2318 1401 2343 se
1413 2318 1538 2344 omnibus
1551 2319 1630 2346 Vitiis
1657 2320 1800 2355 SenAEpist.
1809 2330 1840 2348 11.
1913 2323 2002 2350 Tacit.
2017 2327 2085 2352 Ann.
2098 2329 2124 2357 6,
2140 2336 2172 2353 20

23 2356 130 2377 monetur
143 2350 177 2377 ad
187 2351 291 2378 Colum.
307 2359 351 2381 10,
364 2359 421 2384 43²·
457 2354 488 2377 it.
511 2349 545 2376 ad
562 2349 687 2383 Calpurn.
707 2358 725 2381 4
737 2369 745 2381 ,
767 2358 823 2382 ¹04·
881 2350 913 2375 Et
935 2350 1060 2376 exludant
1124 2350 1260 2377 Virilibus
1282 2352 1351 2378 curis
1371 2353 1612 2382 feminarumVitia
1630 2362 1745 2383 exuerat.
1839 2357 1934 2385 Vultus
1954 2360 2058 2387 seueros
2089 2363 2171 2389 Ouid.

19 2385 71 2421 ipft
84 2386 197 2421 probauit
211 2385 348 2419 Salmafius.
419 2386 478 2412 Sen.
493 2385 524 2411 de
539 2386 580 2410 Ira
595 2393 616 2416 ι,
632 2392 648 2419 7
680 2385 818 2418 Optimum
832 2384 940 2419 quidam
954 2391 1061 2419 putant,
1078 2389 1114 2413 60
1126 2387 1217 2413 Amor.
1231 2395 1253 2419 3,
1267 2396 1299 2420 4,
1315 2396 1357 2420 43.

20 2428 166 2455 temperare
179 2421 262 2452 iram,
280 2430 334 2447 non
347 2420 458 2451 tollere;
493 2429 579 2454 eoque
593 2419 710 2446 aetraoo
720 2439 727 2451 ,
747 2420 820 2454 quod
834 2419 964 2453 exundat,
985 2421 1016 2447 ad
1024 2422 1060 2447 sa·
1159 2429 1175 2448 E
1186 2429 1203 2447 x
1213 2429 1232 2448 v
1242 2429 1258 2448 E
1270 2429 1312 2448 Ns
1324 2443 1332 2455 ‚
1354 2423 1384 2450 is.
1420 2424 1514 2452 Partic.
1570 2425 1626 2453 Cic.
1640 2426 1672 2452 de
1686 2427 1744 2454 Fin.
1760 2435 1788 2461 5,
1802 2436 1830 2462 35
1849 2438 1870 2456 c.
1885 2438 1910 2455 12
1942 2430 1973 2456 Et
1986 2430 2123 2458 hominem
2138 2441 2170 2459 ex

21 2456 132 2485 lutat-em
151 2455 262 2482 modum
282 2463 384 2489 cogere.
1124 2457 1234 2484 homine
1247 2467 1361 2491 exuens,
1389 2467 1509 2486 naturam
1528 2460 1609 2488 odisse
1626 2462 1758 2489 videatur.
1839 2465 1983 2491 Exuenttm
1996 2467 2021 2492 se
2042 2475 2070 2492 ac
2088 2467 2169 2494 nuda-

54 2498 126 2518 Exv
137 2495 157 2516 Ν
170 2497 266 2516 DATt
276 2496 311 2521 o,
331 2490 399 2515 onis.
420 2489 440 2515 f.
476 2488 655 2525 [ἒκκύμανσις]
691 2490 756 2516 Plin.
768 2499 806 2523 19,
821 2499 834 2517 2
853 2491 958 2526 Negant
972 2492 1059 2527 nasci,
1123 2499 1179 2520 tum
1194 2492 1283 2527 gladio
1297 2494 1397 2521 traiicit
1421 2495 1513 2522 lustin.
1525 2505 1536 2527 3
1547 2516 1554 2528 ‚
1569 2506 1589 2529 1,
1604 2502 1625 2527 8.

20 2526 69 2553 nifi
82 2524 258 2552 exundatione
272 2525 419 2551 fluminum.
1157 2536 1174 2555 E
1184 2535 1201 2554 x
1212 2529 1231 2556 <⁷
1240 2535 1261 2555 T
1272 2536 1293 2554 v
1302 2537 1314 2556 s
1323 2550 1330 2560 ‚
1351 2539 1365 2556 a
1374 2549 1381 2560 ,
1400 2540 1453 2557 um.
1488 2533 1581 2557 Partic.
1617 2533 1630 2565 [
1637 2530 1774 2566 α’ποδὶιθείς]
1809 2533 1918 2567 Uin-35,
1931 2542 1953 2561 ιι
1981 2536 2121 2564 Herculem
2133 2538 2167 2565 ab

56 2566 237 2593 EXVNGO,
256 2560 317 2591 uxi,
337 2559 443 2590 netum,
463 2561 515 2586 ere.
557 2560 688 2595 [εἶλείφω]
736 2561 839 2597 Vngere.
893 2561 975 2588 Plaut.
989 2562 1101 2597 Rud 65
1122 2564 1189 2590 Oeta
1210 2570 1301 2591 monte
1324 2565 1440 2591 Doridos
1461 2572 1537 2592 exuta
1562 2567 1722 2593 mortalitate
1739 2568 1864 2595 consensu
1886 2570 1998 2597 deorum
2019 2573 2047 2598 in
2066 2574 2167 2601 caelum

19 2606 43 2629 2,
58 2604 83 2631 7,
97 2604 129 2622 22
154 2595 229 2622 Eluas
242 2601 287 2628 tu,
306 2605 340 2622 an
353 2604 483 2630 exungare
497 2595 583 2622 ficcuS.
638 2597 719 2623 Trin.
733 2606 764 2628 2,
777 2606 811 2630 4,
837 2606 858 2627 5.
913 2599 1058 2624 Gulielmius
1121 2605 1235 2624 euntem.
1307 2601 1387 2626 Bonis
1401 2607 1495 2626 exutus
1520 2601 1612 2627 Tacit.
1626 2602 1731 2635 Ann.4‚
1744 2611 1781 2629 21.
1852 2603 1890 2631 Id.
1907 2605 1974 2633 ibid.
1987 2615 2022 2638 12,
2037 2616 2070 2641 43
2096 2610 2167 2637 Ter-

18 2634 96 2668 legit,
121 2632 278 2663 Comesum,
300 2637 441 2665 expotum,
467 2631 607 2657 exunehun
627 2632 727 2658 elotum
748 2633 777 2658 in
797 2632 895 2658 balneis
909 2640 957 2667 pro
983 2634 1056 2667 Valg.
1121 2634 1204 2659 ritum
1218 2639 1381 2668 exutumque
1399 2636 1504 2670 Campis
1527 2635 1720 2664 Mithridatem.
1793 2639 1946 2666 Diademate
1965 2649 2058 2668 exutus
2082 2645 2167 2672 crines

16 2673 138 2694 exutum:
173 2666 236 2702 quod
248 2670 339 2701 recepit
351 2668 452 2693 Parem.
506 2664 581 2691 Rec‘h
596 2672 675 2700 puto:
706 2670 791 2701 primo
805 2673 913 2692 exutum
932 2670 976 2692 vix
995 2676 1058 2691 com.
1121 2668 1182 2693 Stat.
1196 2668 1288 2694 Theb.
1303 2678 1336 2701 9,
1359 2672 1410 2701 163.
1501 2670 1547 2696 Sil.
1570 2676 1598 2703 8,
1635 2692 1641 2698 .
1679 2693 1686 2700 ,
1723 2674 1837 2700 Exutum
1859 2676 1955 2703 Forma
1975 2678 2088 2706 volitare
2120 2690 2166 2715 per

16 2703 85 2730 mode
93 2702 239 2738 fignificat,
258 2704 285 2727 in
299 2700 441 2735 vestimenta
454 2700 600 2735 impensam,
620 2700 704 2726 deinde
712 2704 791 2735 magis
804 2710 905 2735 nequam
919 2699 952 2733 4st
961 2701 1059 2735 santus
1121 2703 1225 2729 aethera
1240 2703 1315 2730 iuslit.
1387 2705 1518 2732 Pudorem
1531 2707 1628 2733 castum
1641 2714 1719 2734 exuta
1739 2708 1776 2734 Id.
1791 2717 1821 2741 5,
1858 2730 1865 2736 .
1903 2730 1909 2737 .
1980 2714 2074 2740 Pedem
2082 2725 2166 2742 vnum

15 2739 57 2766 ille
83 2738 223 2770 balnearis,
263 2737 364 2773 denique
388 2736 415 2762 de
435 2734 541 2769 tie-{stibus
567 2735 666 2762 aliunde
682 2734 841 2772 prospec7u7a
860 2735 919 2771 filio
936 2736 1056 2773 fimtilt‘as
1070 2749 1106 2777 70
1120 2744 1198 2764 exuta
1211 2739 1305 2765 vinclis
1340 2740 1414 2774 Virg.
1428 2742 1492 2767 Aen.
1507 2750 1541 2774 4,
1557 2748 1607 2774 518.
1680 2743 1761 2769 Victis
1773 2750 1849 2771 exuta
1863 2755 1966 2774 comam
1998 2749 2059 2776 Stat,
2073 2751 2165 2779 Theb.

15 2774 81 2801 domi
93 2774 164 2810 suae,
1120 2782 1152 2806 ιι,
1167 2777 1228 2806 460.
1301 2775 1400 2809 Anguis
1412 2782 1504 2802 exutus
1516 2777 1604 2808 anniS,
1630 2778 1696 2813 Qaein
1716 2778 1821 2815 deposita
1836 2782 1900 2816 pelle
1913 2783 2030 2811 dicuntur
2038 2786 2166 2821 serpentes

51 2815 124 2836 exv
134 2815 157 2835 N
167 2815 278 2840 CTIO,
297 2808 364 2834 onis.
384 2807 404 2834 f.
439 2805 518 2842 Apud
529 2805 635 2832 Celsum
651 2804 694 2838 effi’
706 2806 808 2832 dicitur.
1117 2811 1144 2834 in
1157 2813 1305 2835 iuuentutem
1327 2810 1409 2837 redire
1442 2812 1503 2838 Stat.
1518 2812 1610 2839 Theb.
1624 2822 1659 2846 4,
1671 2821 1710 2846 98.
1782 2815 1863 2843 Plaut.
1880 2818 1962 2845 Trin.
1983 2828 2013 2851 2,
2034 2831 2068 2855 4,
2088 2831 2100 2855 ς
2130 2822 2165 2849 ad

52 2852 69 2872 Ε
79 2850 126 2872 xv
136 2852 158 2871 N
168 2850 218 2871 GV
228 2850 237 2869 1
247 2850 259 2869 S
273 2864 281 2876 ,
301 2852 324 2870 e.
361 2843 420 2869 Adi.
458 2843 514 2870 Sine
527 2851 615 2877 vngue-
650 2842 766 2868 Tertull.
780 2842 812 2868 de
825 2841 887 2868 Pall.
901 2851 922 2868 c.
931 2849 945 2874 ς
970 2842 1054 2869 Bestia
1118 2842 1277 2880 quacjiioncm
1286 2865 1293 2877 ‚
1315 2846 1380 2880 quid
1393 2847 1493 2873 fafium
1507 2856 1539 2874 eo
1551 2851 1685 2884 Argenta?
1720 2850 1849 2886 respondet
1866 2856 1968 2889 ingenue
1982 2857 2087 2890 seruus,
2113 2859 2165 2885 Co-

13 2879 307 2913 *edentula‘etexunguis
321 2884 346 2905 et
361 2878 492 2905 excornis.
542 2876 697 2912 Depzfcibus
713 2879 833 2913 loquitur.
1118 2881 1234 2912 nit-sum,
1253 2888 1395 2915 expiatum,
1414 2890 1538 2915 exutum,
1563 2884 1664 2910 elotum
1683 2885 1712 2911 in
1732 2885 1847 2914 balneis:
1883 2896 1992 2916 exutum
2005 2892 2095 2927 suerit
2118 2897 2163 2920 im-

52 2923 70 2943 Ε
80 2922 189 2942 XVNG
199 2913 289 2946 VLO,
306 2918 358 2940 Ere.
396 2911 568 2948 [οέηοννχιξω]
610 2914 707 2947 Vngflcs
722 2913 831 2948 attferre.
867 2912 949 2938 Plaut.
965 2912 1052 2939 Truc-
1070 2925 1102 2952 75
1112 2916 1214 2951 pen-siim
1228 2919 1254 2941 in
1269 2915 1421 2949 uestimenta.
1477 2919 1524 2946 sed
1545 2919 1644 2946 videtur
1662 2923 1748 2947 melius
1766 2925 1816 2958 legi
1828 2925 1978 2952 exanthum.
2033 2929 2163 2955 Rationem

19 2958 46 2983 2,
59 2959 84 2983 2,
97 2957 128 2985 57
156 2952 242 2983 Hem,
260 2955 319 2976 tuos
333 2949 478 2983 exungula,
499 2948 566 2974 male
582 2947 684 2974 viuitis.
744 2948 823 2975 Editt.
836 2948 914 2980 aliae,
941 2949 1009 2974 Hem
1024 2955 1052 2974 tu
1116 2952 1243 2978 reddimus
1253 2953 1302 2987 sub
1318 2959 1366 2985 ‘Ex
1376 2960 1397 2979 V
1408 2959 1432 2979 N
1442 2960 1462 2979 G
1473 2961 1501 2981 O.
1574 2955 1654 2982 Arma
1667 2963 1744 2983 exuta
1770 2959 1841 2985 Caes.
1850 2961 1877 2986 B.
1892 2961 1923 2987 G.
1936 2970 1958 2994 3,
1972 2964 1997 2987 6.
2070 2964 2161 2992 Tacit.

20 2985 40 3011 ὂ
52 2987 206 3020 sexungula,
231 2985 296 3021 quod
305 2985 414 3020 probant
439 2983 542 3010 Taubm.
555 2990 578 3009 et
598 2985 745 3010 Grvnouiuf.
817 2982 925 3017 Paffiuc:
961 2985 1053 3018 Veget.
1118 2988 1186 3013 Anu.
1201 2996 1223 3019 3,
1237 2995 1265 3021 17
1291 2989 1329 3013 M.
1343 2988 1400 3014 Piso
1413 2996 1490 3015 exuta
1503 2989 1640 3024 dignitate.
1712 2993 1810 3019 Laetus
1823 2997 1895 3022 exuti
1909 3003 1994 3023 morte
2020 2998 2065 3024 Sil.
2080 3002 2104 3029 6,
2126 3020 2132 3026 .
2152 3020 2159 3027 .

25 3028 47 3052 2,
61 3028 92 3055 57
114 3021 140 3048 Si
153 3021 351 3055 exungulauerit
364 3021 522 3047 iumentum.
596 3019 757 3054 Exunglare,
783 3019 876 3046 Manil.
890 3026 994 3054 propter
1008 3029 1053 3045 me—
1118 3024 1192 3048 Mens
1208 3029 1283 3048 exuta
1298 3023 1372 3049 vitiis
1397 3025 1453 3054 Cic,
1467 3026 1549 3051 Tusc.
1564 3034 1585 3059 5,
1598 3034 1641 3061 70.
1714 3029 1803 3056 Mulae
1821 3038 1914 3057 exutae
1932 3032 2033 3066 laqueis
2063 3035 2158 3062 Claud.

21 3061 88 3082 trum
99 3055 130 3088 4,
140 3064 180 3089 ²35
203 3057 345 3091 Exunglare
361 3056 441 3091 tigres
453 3054 609 3089 rabiemque
621 3055 724 3082 auferre
740 3055 820 3082 leoni.
874 3055 920 3082 Sed
935 3055 994 3082 hae:
1008 3062 1053 3090 po·
1116 3058 1148 3084 de
1165 3057 1287 3084 Mulabus
1301 3059 1410 3085 Gallicis
1426 3063 1463 3086 16.
1535 3061 1636 3088 Palmae
1654 3069 1748 3090 exutae
1769 3065 1863 3092 vinclis
1898 3068 1970 3101 Virg.
1985 3068 2049 3094 Aen.
2064 3078 2094 3102 2,
2112 3078 2158 3103 153-

0 3112 1 3119 .
19 3093 72 3117 tiu]-
87 3090 223 3118 comestura
245 3093 371 3129 scaligeri.
429 3090 510 3125 Mffu:
536 3091 660 3117 Exorare.
715 3091 796 3118 Bentl.
817 3091 964 3124 Exarmare·
1023 3092 1053 3116 Et
1069 3098 1100 3124 8ο
1117 3093 1207 3119 Pec‘ius
1220 3100 1327 3120 exutum
1363 3095 1454 3121 Claud.
1469 3096 1496 3122 in
1509 3097 1622 3131 Epithal.
1636 3099 1730 3125 Pallad.
1745 3108 1770 3134 7.

19 3125 107 3161 quidni
126 3134 231 3154 exorare
242 3127 381 3162 verumfiae,
399 3130 417 3154 i.
431 3130 557 3163 mitigare,
576 3129 686 3153 cicurare
693 3129 705 3153 ,Ρ
741 3126 805 3162 quod
818 3127 867 3162 ipse
881 3126 1052 3161 elc·gant{s]1'me
1152 3136 1168 3155 Ε
1178 3137 1194 3155 x
1205 3136 1223 3155 V
1235 3136 1259 3154 M
1269 3149 1277 3161 ,
1293 3131 1334 3155 vel
1353 3136 1371 3155 Ε
1384 3137 1403 3156 x
1413 3137 1454 3158 SV
1464 3138 1506 3164 M,
1526 3133 1603 3159 Extra
1617 3134 1688 3160 Sum.
1725 3135 1765 3161 Sic
1778 3136 1849 3161 enim
1864 3134 1944 3164 1i6tor
1957 3138 1985 3164 in
1998 3139 2157 3172 quibusdam

20 3159 116 3188 distant
127 3163 165 3188 ait
180 3162 242 3189 scal,
1094 3178 1098 3180 -
1115 3165 1193 3190 sacris
1206 3164 1341 3191 clamitare
1362 3166 1476 3197 solebat,
1501 3168 1591 3194 Hostis
1610 3169 1713 3202 νίἑὶιις,
1729 3171 1841 3204 mulier,
1860 3172 1953 3206 virgo,
1978 3174 2081 3206 exello,
2106 3176 2156 3202 hoe

55 3204 72 3223 13
82 3204 101 3223 x
110 3203 131 3222 v
140 3203 175 3227 o,
189 3196 215 3231 s.
231 3204 351 3226 Exsvo
361 3218 369 3229 ,
388 3198 432 3229 ui,
450 3200 524 3225 situm
535 3218 542 3229 ‚
563 3198 616 3224 ere.
637 3194 763 3231 [a'miu'Q
783 3194 856 3223 ἕκδύω
865 3217 872 3229 ,
892 3194 1050 3231 λωποδυτέω]
1117 3201 1152 3226 est
1165 3209 1219 3225 non
1231 3201 1359 3232 introito,
1373 3203 1435 3236 quia
1446 3203 1546 3230 scilicet
1561 3204 1702 3238 ingrediea
1715 3207 1782 3232 sacra
1791 3207 2009 3241 prohibebantur.
2032 3212 2062 3235 kx
2073 3211 2156 3238 Festo.

19 3233 177 3259 Contrarium
188 3231 256 3258 habet
272 3232 417 3260 ivztelleflum
435 3234 506 3261 verbi
521 3233 606 3260 Induo
621 3243 627 3258 :
661 3239 685 3258 et
702 3235 802 3268 proprie
824 3232 857 3258 ad
878 3230 954 3264 vestes
972 3242 1051 3257 omms
1151 3241 1167 3261 E
1177 3242 1194 3261 x
1206 3243 1225 3261 v
1234 3243 1248 3261 P
1259 3235 1276 3262 133
1286 3242 1304 3261 R
1313 3243 1332 3263 o
1342 3257 1350 3268 ,
1369 3239 1423 3271 Jnte
1443 3245 1460 3264 Ε
1471 3247 1489 3265 x
1498 3246 1510 3265 s
1521 3245 1540 3265 v
1553 3246 1567 3265 P
1578 3240 1596 3266 fi
1607 3246 1626 3266 R
1640 3246 1659 3266 ο
1670 3261 1678 3273 ,
1704 3245 1756 3268 are.
1799 3242 1812 3276 [
1826 3241 1969 3278 ὁπερέαίνω,
1989 3243 2155 3282 ὗπερζαῖλλω]

18 3269 116 3303 generis
126 3269 243 3302 pertinet.
308 3269 408 3296 Exuere
422 3269 519 3296 vestem
534 3269 613 3295 alicui
639 3268 697 3294 Sen.
712 3268 789 3302 Epist.
799 3277 836 3300 91.
901 3274 925 3293 et
938 3267 1052 3303 abfhlutq
1068 3275 1097 3304 85
1117 3271 1182 3297 Idem
1197 3272 1260 3306 quod
1274 3272 1392 3306 superare
1405 3279 1428 3299 et
1442 3274 1563 3300 exceHere.
1631 3277 1686 3303 Cic.
1701 3277 1818 3310 Tusc.4,
1830 3285 1865 3313 77
1899 3279 1964 3312 Qiis
1978 3278 2059 3306 homo
2075 3287 2100 3307 te
2113 3291 2155 3308 ex-

19 3302 136 3330 Martial.
148 3304 218 3336 3,68
248 3302 379 3332 Exuimur.
432 3305 478 3333 Sed
500 3305 574 3331 multo
586 3305 663 3331 latim·
672 3310 744 3338 patet
762 3304 820 3339 ustas
835 3303 918 3333 verbi,
942 3306 985 3338 qui
1003 3312 1051 3328 non
1114 3307 1245 3340 superauit
1264 3316 1380 3342 vnquam
1401 3310 1519 3343 gentium
1539 3311 1720 3344 impudentia?
1775 3315 1810 3339 Ex
1836 3316 1919 3340 Poeta.
1991 3315 2069 3348 ond
2095 3318 2155 3344 fore

18 3339 120 3369 melius,
146 3346 216 3373 quam
233 3338 406 3366 enumeratione
420 3338 629 3374 Sufflantiuorum
648 3341 787 3372 nomnium,
811 3339 898 3375 quibus
918 3341 1051 3379 iungisum
1115 3348 1236 3376 paratum
1250 3342 1299 3373 est,
1318 3343 1346 3369 id
1360 3344 1489 3370 summum
1504 3346 1641 3380 exsuperat
1655 3349 1763 3374 Iouem:
1798 3352 1816 3375 i.
1829 3348 1934 3384 faHum
1948 3359 1976 3375 ne
1991 3352 2087 3385 Iupiter
2102 3357 2154 3388 qui-

12 3371 92 3409 poust
106 3372 222 3408 intelligi.
291 3373 346 3400 Cic,
359 3376 439 3402 Ture,
456 3386 479 3409 3,
493 3384 525 3410 27
551 3374 750 3410 Aegritudinern
765 3375 813 3401 nisi
828 3376 959 3405 extimum,
981 3376 1012 3399 hc
1022 3380 1051 3399 vt
1113 3377 1164 3403 dem
1178 3380 1307 3405 immutare
1315 3378 1404 3414 ponst.
1464 3381 1567 3406 Carmen
1581 3382 1723 3409 traduciani
1737 3394 1748 3410 c
1762 3385 1853 3410 Graeco
1868 3393 1882 3410 a
1903 3385 1958 3410 Cic.
1973 3385 2003 3411 de
2017 3387 2109 3414 Diuin.
2123 3398 2136 3414 2
2144 3409 2153 3422 ‚

16 3408 188 3440 abiiciamus,
208 3407 312 3434 miseria
325 3418 408 3436 carere
421 3420 474 3438 non
487 3412 624 3446 possumus.
713 3411 804 3437 Tacit.
817 3411 885 3436 Anu.
900 3418 911 3439 3
923 3430 930 3442 ,
950 3410 983 3435 26
1014 3410 1048 3449 At
1113 3421 1154 3445 25.
1226 3414 1263 3440 Id.
1281 3414 1338 3440 Post
1349 3414 1426 3441 redit.
1442 3416 1470 3441 in
1485 3416 1569 3442 Senat.
1579 3426 1610 3451 24
1624 3428 1646 3445 c.
1662 3427 1688 3444 10
1717 3421 1884 3453 Qiapropter
1899 3421 2055 3447 memoriam
2073 3424 2154 3452 vestri

18 3444 155 3479 postquam
168 3443 229 3470 exui
240 3443 392 3477 aequalitas,
407 3452 432 3472 et
444 3456 492 3481 pro
505 3446 631 3473 modestia
640 3466 648 3478 ,
667 3455 695 3472 ac
709 3447 811 3480 pudore
824 3446 952 3476 ambitio,
973 3450 1046 3484 εΜζιὸ
1058 3454 1094 3479 90
1112 3447 1235 3475 beneficii
1249 3449 1334 3475 colam
1347 3450 1532 3478 beneuolentia
1544 3453 1700 3488 sempiterna
1711 3474 1719 3486 ,
1738 3464 1790 3480 non
1805 3455 1887 3479 solum
1903 3454 1965 3481 dum
1978 3457 2066 3484 anima
2078 3460 2151 3486 exsu-

2 3479 165 3510 jncidebat,
182 3478 325 3512 prouenire
344 3479 542 3509 dominationes.
613 3483 684 3516 Agro
704 3488 813 3516 paterno
834 3482 908 3507 exuit
926 3489 966 3507 aes
986 3480 1049 3521 alie-
1112 3485 1211 3518 perabo
1225 3494 1298 3518 mea,
1317 3486 1359 3512 sed
1375 3487 1455 3513 etiam
1469 3496 1528 3513 cum
1542 3495 1650 3515 mortuo
1663 3490 1825 3515 monimenta
1839 3488 1917 3515 vestri
1929 3491 1957 3516 in
1971 3500 2013 3518 me
2028 3493 2153 3522 beneficii

14 3523 82 3542 num
94 3515 179 3542 vsuris
192 3514 367 3544 cumulatum,
393 3513 483 3546 deinde
498 3517 623 3545 Fortunis
640 3517 700 3543 aliis
730 3518 790 3543 Liu.
804 3526 836 3548 2,
850 3526 886 3549 23.
957 3517 1048 3543 Tacit.
1110 3520 1308 3553 permanebunt.
1368 3522 1417 3548 Vbi
1431 3531 1460 3548 cx
1474 3522 1566 3556 vetzfio
1579 3524 1661 3551 codice
1674 3527 1766 3560 legitur
1785 3526 1913 3558 Superero
1927 3527 2024 3554 anima.
2081 3532 2151 3557 Certe

17 3552 84 3578 Ann.
98 3553 125 3583 6,
137 3557 150 3580 3
178 3549 263 3576 Seiani
278 3549 428 3575 Amicitiam
441 3554 535 3580 caeteri
548 3553 613 3579 falso
626 3559 760 3579 exuerant.
839 3553 961 3579 Animam
974 3552 1050 3578 exuit
1104 3554 1231 3590 sententia
1245 3556 1324 3582 eadem
1337 3557 1425 3584 Ardua
1444 3558 1598 3592 exsuperare
1629 3559 1673 3585 Sil.
1688 3569 1716 3591 3,
1753 3579 1760 3585 .
1797 3579 1804 3585 .
1876 3559 1962 3589 Dolor
1980 3564 2152 3600 exsuperabat

19 3585 98 3613 Ouid.
112 3587 175 3613 Met.
189 3594 226 3618 14,
238 3592 312 3619 777·.
349 3619 354 3624 .
372 3584 464 3612 Anima
476 3595 570 3615 memet
587 3589 685 3623 pariter
698 3598 726 3615 ac
739 3588 841 3615 Scelere
863 3597 956 3615 exuam
990 3588 1048 3613 Seu.
1110 3590 1215 3617 Lucret.
1231 3593 1257 3623 6,
1274 3599 1341 3627 1275.
1413 3593 1545 3621 Flammae
1558 3596 1725 3629 exsuperant,
1745 3595 1811 3621 furit
1823 3595 1905 3622 aestus
1918 3596 1950 3623 ad
1965 3607 2039 3626 auras
2074 3601 2148 3636 Virg.

14 3616 125 3656 ,Hippoh
138 3623 199 3648 1212.
305 3620 431 3646 Animum
441 3620 580 3651 siluestrem
603 3625 678 3659 Virg.
692 3625 790 3659 Georg.
805 3633 820 3650 z
832 3644 839 3656 ,
853 3632 892 3656 52.
936 3623 965 3649 de
977 3622 1047 3648 arbo·
1062 3633 1094 3658 9,-
1110 3626 1174 3651 Aen.
1190 3634 1212 3658 2,
1225 3633 1283 3661 759.
1368 3629 1456 3655 Genus
1475 3631 1612 3664 exsuperat
1624 3629 1765 3655 nobilitate
1779 3639 1885 3657 morum
1918 3634 2000 3661 Ouid.
2015 3636 2100 3663 Trist.
2117 3647 2150 3670 4,

13 3657 94 3687 ribus.
163 3656 273 3683 Animus
286 3655 390 3681 exuitur
418 3655 477 3693 Stat.
488 3657 576 3686 Theb.
589 3668 626 3692 10,
640 3669 693 3692 932.
809 3659 906 3686 Tibul.
924 3667 947 3689 1,
969 3667 1003 3690 4,
1022 3666 1047 3697 ξι
1109 3669 1138 3693 4,
1155 3669 1178 3687 2.
1252 3662 1353 3690 Laudes
1366 3664 1476 3691 alicuius
1489 3667 1640 3699 exsuperare
1664 3664 1723 3690 Liu.
1737 3674 1745 3690 1
1755 3685 1763 3697 ,
1797 3685 1804 3692 .
1843 3686 1849 3694 .
1922 3668 1952 3694 Et
1966 3675 2007 3702 28,
2021 3680 2053 3704 43
2069 3673 2150 3706 Equi.

14 3692 123 3727 Serpens
134 3701 219 3720 nouus
231 3691 305 3718 exuit
318 3692 423 3723 Annos,
459 3693 477 3717 i.
495 3701 552 3731 fam,
570 3703 628 3730 quae
647 3693 756 3721 senecta
774 3702 885 3721 vocatur.
957 3695 1047 3719 Arnus
1110 3695 1169 3722 dem
1181 3695 1251 3722 haud
1265 3697 1394 3725 diffimulo
1403 3720 1411 3732 ‚
1431 3709 1473 3726 mc
1486 3706 1540 3726 tuas
1553 3702 1587 3733 Q
1600 3699 1680 3731 Fabi,
1696 3699 1785 3727 laudes
1796 3710 1850 3728 non
1863 3701 1970 3739 adsequi
1979 3706 2062 3733 solum
2070 3708 2149 3739 velle,

14 3727 132 3762 aliquem
164 3727 209 3755 Sil.
229 3736 260 3760 3,
296 3747 302 3753 .
339 3746 346 3754 .
427 3726 624 3766 Exun'Arcades
637 3731 724 3757 Armis
765 3731 840 3764 Virg.
855 3731 920 3756 Aen.
935 3738 972 3761 ιι,
992 3736 1046 3761 393.
1109 3731 1153 3757 sed
1179 3732 1266 3763 (bona
1278 3739 1322 3760 tua
1338 3735 1415 3762 venia
1429 3735 1561 3766 dixerim)
1589 3734 1607 3760 fi
1621 3733 1710 3769 poffim
1729 3736 1809 3763 etiam
1829 3738 1994 3773 exsuperare.
2066 3742 2147 3768 Ouid.

20 3763 199 3798 Arrogantiam
209 3783 218 3796 ‚
237 3768 264 3789 et
276 3762 424 3789 Auaritiam
447 3761 536 3801 Tacit.
549 3763 633 3797 Agric.
646 3775 671 3798 9.
747 3765 786 3792 Id.
802 3767 868 3792 Ann.
884 3767 920 3796 16,
937 3770 963 3795 28
994 3764 1045 3792 Ab·
1109 3765 1194 3793 Trist.
1209 3776 1228 3798 1,
1242 3776 1265 3801 5,
1279 3770 1311 3801 56
1333 3769 1398 3797 Non
1412 3777 1499 3797 tamen
1513 3770 1614 3797 idcirco
1628 3771 1821 3806 complecterer
1834 3775 1926 3802 onmia.
1939 3776 2044 3808 verbis,
2065 3778 2147 3803 Mate-

19 3802 146 3833 rumperet
158 3799 254 3830 vitam,
278 3807 307 3825 ac
320 3806 348 3824 ea
362 3798 469 3824 ciuitate
481 3805 554 3822 emus
566 3799 697 3827 caritatem
709 3801 774 3827 olim
784 3821 793 3834 ,
819 3810 887 3828 nunc
907 3806 932 3827 et
951 3800 1099 3834 Adspe-100
1106 3803 1146 3830 ria
1161 3803 1230 3829 vires
1244 3803 1413 3839 exsuperante
1432 3814 1508 3831 meas.
1626 3819 1637 3830 ο

20 3831 90 3860 &um
100 3835 217 3865 exuisset,
237 3840 283 3860 8¹0·
353 3833 427 3860 Astus
455 3832 499 3858 Sil·
514 3839 545 3866 7,
582 3851 601 3872 ο,
627 3853 633 3859 -
702 3837 797 3864 Castris
811 3837 922 3869 hostem,
936 3843 984 3871 pro
999 3838 1046 3862 Ex·
1143 3844 1159 3864 13
1169 3844 1357 3866 XVPERAN
1367 3849 1397 3874 s,
1414 3841 1444 3867 is.
1481 3840 1574 3866 Partic.
1617 3840 1717 3874 Ge11.6‚
1729 3848 1743 3872 8
1769 3843 1845 3871 Darii
1857 3854 1966 3872 vxoreni
1979 3846 2147 3880 extirpet-ante

11 3868 101 3902 pellere
123 3869 181 3897 Liu.
197 3878 239 3903 29,
253 3878 278 3897 2.
313 3877 336 3896 et
349 3878 377 3902 3,
392 3871 422 3898 68
459 3867 514 3894 Nifi
529 3876 615 3901 paucis
627 3868 776 3899 diebushos
807 3873 958 3908 epulatores
971 3881 1045 3906 agro·
1107 3872 1203 3900 forma.
1276 3875 1387 3911 Compar.
1442 3876 1505 3901 Vter
1518 3877 1577 3902 ess‘et
1588 3876 1788 3912 exsuperantior
1820 3880 1889 3906 Gell.
1902 3889 1945 3914 14,
1960 3889 1979 3912 3.
2051 3883 2145 3916 Superl.

17 3911 76 3930 rum
88 3904 156 3932 fusos
168 3906 321 3939 fugatosque
330 3905 426 3931 Castris
439 3912 546 3930 exnerO.
598 3903 664 3929 Add.
678 3883 819 3934 Aunvfft.
832 3909 863 3935 de
876 3908 935 3934 Vir.
948 3907 1044 3934 Illustr.
1108 3909 1185 3944 Apul.
1200 3908 1230 3935 de
1245 3909 1337 3937 Mund.
1360 3921 1385 3946 p.
1400 3918 1428 3945 71
1461 3912 1567 3939 Elmenh.
1582 3919 1605 3938 et
1620 3911 1714 3949 Dogm.
1730 3914 1791 3941 Plat.
1808 3923 1816 3941 ι
1837 3925 1861 3950 p.
1881 3921 1902 3945 8.
1938 3922 1961 3940 et
1981 3916 2059 3943 Inscr.
2081 3916 2148 3952 apud

17 3946 39 3964 c.
52 3947 87 3971 5¹-
154 3941 297 3967 Caritatem
310 3940 377 3967 modo
391 3939 500 3966 vidimus
511 3948 538 3964 ex
553 3938 643 3964 Tacit.
656 3939 723 3966 Ann.
736 3943 764 3967 16
770 3961 777 3973 ,
797 3949 834 3974 28·
904 3944 982 3970 Ciues
997 3952 1044 3969 no·
1109 3945 1181 3980 Spon.
1190 3944 1265 3979 Misc-
1275 3946 1349 3972 Erud.
1363 3949 1454 3982 Anu‘q.
1463 3954 1528 3982 p.71
1552 3946 1573 3974 1.
1591 3948 1624 3975 Ο.
1645 3948 1683 3975 M.
1702 3950 1820 3979 SVMM
1828 3952 1861 3977 O.
1882 3950 1929 3976 EX
1938 3950 1952 3976 S
1963 3951 1984 3975 V
1994 3952 2037 3976 PE
2046 3952 2066 3976 R
2075 3952 2096 3977 A
2107 3952 2146 3978 N-

14 3972 78 4002 stron
91 3975 227 4010 exuimus,
246 3978 264 4003 ι’.
275 3976 447 4010 Perdidimus,
464 3981 507 4004 aut
520 3974 610 4002 Orbati
616 3974 704 4010 fimus
715 3975 774 4008 illis.
788 4008 797 4019 X
843 3979 905 4006 Stat.
918 3978 1010 4008 Theb.
1021 3987 1046 4013 3,
1055 3987 1099 4016 105
1108 3981 1179 4009 TIS
1188 3980 1299 4042 SIMfi).
2005 4026 2025 4047 E

1301 4023 1316 4043 a
1328 4024 1342 4043 a
1354 4024 1369 4044 a
1403 4024 1420 4043 2
2035 4028 2054 4050 x
2064 4028 2084 4049 v
2093 4030 2108 4049 P
2118 4029 2145 4050 Ε-
