2479 4225
41 194 112 278 ,97'
426 218 463 260 D
552 220 568 260 ι
655 216 681 260 S

39 312 135 347 Topic.
150 315 178 342 28
189 320 210 338 c.
224 316 237 344 ς
266 310 350 345 Atque
362 309 441 336 etiam
453 308 620 335 definitiones
639 308 705 335 aliae
717 306 775 333 sunt
794 304 980 341 partitionum,
1001 306 1067 334 aliae

40 347 207 375 diuisionum.
232 346 423 380 partitionum,
448 353 529 379 quum
543 353 583 371 res
595 353 640 376 ea,
653 350 718 377 quae
729 341 861 376 proposita
877 341 928 375 est,
949 342 1019 377 qnasi
1038 343 1067 370 in

40 382 156 410 membra
169 381 333 415 discerpitur.
682 396 697 402 ..
906 411 910 415 ⁵

74 425 110 446 DI
121 424 133 444 s
143 423 161 443 C
172 423 188 443 Ε
197 422 239 443 RP
247 423 268 443 T
277 423 297 442 v
305 423 318 442 s
327 435 334 448 ,
349 424 373 447 a,
394 424 449 441 um.
483 415 575 442 Partic.
607 409 843 451 [ὤεσποιραγμξνος]
879 411 934 437 Cic.
948 411 980 438 de
990 413 1064 439 Orat.

40 462 62 486 3,
85 461 119 486 24
158 453 234 485 Quae
252 450 391 485 compleam
410 457 464 477 tota
476 453 620 485 nequeunt,
640 447 702 472 haec
716 446 819 472 facilius
837 446 938 473 diuulsa
956 453 981 474 et
995 448 1065 482 quasi

39 486 163 521 discerpta
176 486 346 513 contrectant.
388 485 508 512 Membra
520 485 643 516 discerpta
663 482 730 508 Hor.
744 481 824 508 Serm.
839 490 861 514 2,
874 487 895 513 8,
910 484 950 513 86.
991 483 1073 519 Conf.⁴

40 523 109 550 Flor.
126 528 146 554 1,
161 530 179 553 ι,
195 531 203 548 ι
224 542 231 549 .
561 532 563 535 ·

73 530 285 589 mser-sim,
307 562 461 583 mscrss
472 562 527 585 vs,
547 552 600 579 vid.
621 557 796 579 niscrno.

75 599 133 620 Dis
144 599 254 624 CEvs,
279 591 315 617 ei.
338 601 373 617 m.
410 588 533 625 [διακοπὴ]
567 588 647 627 Genus
666 593 769 613 cometae
786 586 829 620 effi
849 588 949 614 videtur
969 588 1066 620 Plinio,

1125 592 1256 624 proprium
1275 590 1341 615 velut
1355 589 1476 624 epitheton
1493 590 1687 619 Discinesorum
1705 595 1848 620 retulerunt.

1514 218 1552 260 D
1643 220 1658 261 1
1751 222 1776 262 S
2098 237 2165 279 198

1130 306 1180 337 Vt,
1210 302 1306 347 siquis
1324 305 1424 334 cincius
1443 306 1608 337 inueniretur
1626 308 1695 345 apud
1716 309 1867 345 Daphnem,
1900 314 2038 343 distinctus
2055 316 2164 344 rediret.

1137 341 1195 368 Vid.
1211 342 1355 377 Cingulum
1367 345 1393 368 in
1407 349 1442 370 ci
1455 350 1475 370 Ν
1485 351 1506 371 G
1516 351 1546 372 ο.
1603 346 1708 372 Seruius
1723 347 1756 372 ad
1767 347 1908 383 illudVirg.
1917 352 1979 378 Aen.
1993 357 2016 384 ῖς,
2031 360 2083 386 724
2106 355 2165 379 Dis-

1132 377 1231 417 cineios
1249 378 1342 418 Διὶ-9η
1361 378 1517 417 Discinctos,
1534 383 1628 416 inquit,
1641 381 1770 408 inhabiles
1784 382 1904 410 militiae.
1929 395 1989 412 nam
2004 397 2105 420 omncs,
2117 388 2166 423 qui

1133 412 1263 446 militant,
1287 411 1368 439 ειιιᾶι
1387 413 1452 440 sum.
1514 416 1588 443 Vulc.
1607 417 1699 443 Gallie.
1719 417 1796 443 Auid.
1818 427 1838 444 c.
1852 421 1869 444 6
1892 429 1981 446 narrat
2000 423 2029 448 ab
2048 424 2089 449 illo
2105 432 2168 458 pro-

1089 453 1103 482 ς
1132 456 1248 482 gramma
1266 447 1348 474 fixum
1361 448 1389 474 in
1405 449 1563 482 parictibus,
1592 457 1620 478 vt
1639 452 1729 487 siquis
1748 452 1848 479 cinctus
1868 454 1980 489 (miles)
2000 458 2167 486 inueniretur

1132 483 1198 525 apud
1214 483 1355 525 Daphnen,
1378 483 1516 525 discinchis
1537 486 1750 521 (exanaorams)
1771 488 1877 515 rediret.
1933 491 1980 516 Sed
1991 492 2114 526 Afrorum
2123 502 2165 529 pe-

1130 521 1235 545 culzarts
1247 525 1322 545 ratio.
1377 520 1426 545 H1s
1443 522 1520 549 enim,
1541 529 1569 546 vt
1580 525 1617 547 ait
1636 522 1680 548 Sil.
1695 531 1717 555 3,
1730 526 1778 553 236
1807 524 1881 550 Sinus
1893 525 1999 559 cingere
2013 530 2164 556 massuetum

1131 554 1297 580 militantibus
1315 555 1404 586 etiam,
1436 555 1499 590 quod
1520 559 1592 581 ctiam
1610 558 1715 584 Seruius
1735 558 1767 584 ad
1787 560 1804 584 l.
1823 569 1844 586 c.
1864 561 1989 596 agnoscit:
2020 559 2083 588 wide
2104 563 2166 590 mod

1909 595 1967 622 Vid.
1987 595 2118 625 Drakcnb.
2133 600 2164 626 ad

38 637 108 663 quum
120 631 203 664 inquit
214 634 277 660 2‚25
293 627 398 653 Easdem
412 624 543 653 breuiores
555 628 580 648 ct
592 631 619 649 in
632 631 785 649 mucronem
800 622 951 658 t'asiigiatas,
965 623 1066 658 xiphias
1083 633 1112 652 ιο
1131 624 1177 650 Sil.
1199 630 1223 656 t,
1243 630 1302 659 247.

38 671 181 696 vocauere,
201 671 266 696 quae
278 663 334 689 simt
351 662 468 688 omnium
481 657 673 692 pallidissimae,
696 662 721 683 et
742 657 856 691 quodam
876 658 957 693 gladii
970 660 1065 689 nitore,

39 707 67 725 ac
87 697 140 725 sine
159 698 220 725 vllis
238 697 330 724 radiis:
354 705 418 732 quos
436 694 532 720 discens
551 694 597 719 suo
616 692 719 719 nomini
739 693 846 724 similis,
872 694 961 720 colore
979 700 1065 721 autem

39 733 153 766 electro,
177 741 239 761 raro
251 742 265 759 e
277 732 392 767 margine
401 728 508 756 emittit.
551 730 640 764 Itaque
652 737 667 756 a
680 728 787 755 rotunda
804 728 868 755 disci
874 728 963 764 figura
981 739 1065 756 nomen

38 769 117 796 hahet.

75 808 312 835 niscmivm,
337 799 612 827 vid.n1sc1NDo.
1084 807 1109 832 ¹5

74 845 274 870 Discnuno,
297 836 342 867 idi,
366 834 448 866 issum,
473 834 526 860 ere.
563 833 703 871 [δὶαχιξω,
721 832 841 864 thuardus,
866 833 1066 887 ›coerap'f‘rlyrvptj'

38 873 153 900 scindere
166 877 191 900 in
206 873 266 899 duas
293 873 382 899 Iuresue
388 876 477 904 partes
483 887 491 901 ‚
512 870 629 896 lacerare.
667 870 734 896 Ter.
745 869 852 904 Adelph.
865 878 892 902 4,
901 878 925 901 2,
934 878 966 895 20
984 871 1065 896 Hem.

38 909 100 935 vide
113 915 141 935 vt
153 909 258 936 discidit
279 907 377 933 abtum.
398 920 403 923 .
431 903 504 931 Idem
519 905 582 931 Eun.
600 914 628 938 4,
643 913 665 937 3,
678 914 696 938 4
720 904 823 931 Vestem
837 914 944 931 omnem
958 905 1065 932 miserae

39 943 150 971 discidit.
204 942 318 971 nanetus
330 939 474 967 discindere
496 940 570 974 Virg.
585 940 648 966 Aen.
665 948 702 972 12,
715 942 774 966 602.
845 940 901 966 Cic.
916 940 948 966 de
962 941 1065 967 Amicit.

1166 664 1424 690 DISCIPLINA,
1459 664 1563 687 DisCI
1576 666 1715 695 PVLVS,
1751 669 2064 694 DISC1PL1NOSVS.

1131 701 1150 722 D
1166 700 1176 720 l
1191 701 1204 721 S
1220 701 1236 721 C
1252 701 1280 721 0.

1166 736 1186 756 D
1195 736 1203 754 1
1213 736 1250 756 SC
1260 737 1275 755 L
1285 730 1307 755 V
1316 735 1334 754 D
1342 735 1362 755 Ο
1370 746 1378 759 ,
1404 728 1431 760 si,
1458 728 1523 761 fiun,
1542 732 1593 757 ἔτθ.
1628 729 1735 768 [δισρῖξω
1744 754 1752 766 ,
1773 731 1861 769 δὶιίργω
1869 752 1877 765 ,
1895 732 2024 771 διακλεῖιιι]
2058 739 2165 765 Disiun-

1130 773 1197 801 gerr,
1215 763 1340 803 dfimcre,
1354 764 1481 798 separare.
1520 766 1590 791 Caes.
1605 766 1672 793 B.G.
1686 776 1712 802 7,
1726 775 1738 798 8
1759 770 1836 796 Mons
1850 769 1974 797 Gebenna
1987 774 2120 800 Aruernos
2132 774 2165 801 ab

1133 800 1263 826 Heluetiis
1276 798 1406 825 discludit.
1478 799 1550 827 Idem
1571 802 1597 827 Β.
1612 803 1643 828 G.
1662 811 1690 834 4,
1707 811 1736 837 17
1767 805 1796 830 de
1805 812 1880 840 ponte
1905 805 1963 841 {iper
1974 808 2086 834 Rhenum
2099 809 2166 846 obse

1131 833 1284 868 construbio,
1303 835 1374 861 Haec
1387 840 1498 869 Vtraque
1510 836 1623 871 insuper,
1637 837 1801 872 bipedalibus
1814 808 1932 867 trabibus
1946 841 2071 876 immiffis,
2086 854 2167 878 quan-

1132 876 1190 897 tum
1203 878 1295 896 eorum
1310 870 1446 904 tignorum
1461 871 1582 898 iunctura
1596 872 1720 905 distabat,
1746 873 1816 900 binis
1831 877 1955 910 vtrinque
1974 877 2063 904 fibulis
2074 879 2107 906 ab
2122 889 2166 906 ex—

1131 911 1213 933 trema
1231 912 1303 940 parte
1325 904 1525 933 distinebantur.
1580 907 1686 940 Quibus
1708 907 1837 941 disclusis,
1863 918 1942 945 atque
1960 913 1987 938 in
2006 916 2166 942 contrariam

1131 946 1230 976 partem
1243 941 1385 974 temnetis,
1406 946 1475 967 tanta
1489 947 1545 968 erat
1557 942 1644 976 operis
1657 942 1809 976 firmitudo,
1828 952 1872 971 ete.
1916 948 2053 975 Lucretius
2068 950 2098 976 de
2111 960 2167 977 con—

2106 668 2163 695 th.

40 986 71 1014 78
85 990 106 1006 c,
120 989 146 1007 21
170 980 250 1007 Tales
260 977 339 1011 igitur
354 975 492 1001 Amicitiae
508 976 566 1002 sunt
578 975 725 1002 remislione
742 975 800 1001 vsus
814 975 940 1002 leuandae
946 996 955 1008 ‚
975 982 1000 1001 ct
1020 980 1064 1008 (vt
1078 987 1113 1006 20
1123 976 1188 1013 fusa
1207 976 1251 1004 illa
1263 976 1415 1012 informique
1434 978 1493 1003 mole
1506 979 1673 1004 clementorum
1692 981 1800 1005 omnium
1819 980 1934 1015 loquens,
1952 984 2017 1018 quod
2034 985 2112 1012 Chaos
2124 993 2167 1022 ap-

39 1016 166 1041 Catonem
183 1014 267 1042 dicere
284 1010 393 1042 audiui)
428 1010 574 1037 dissuendae
594 1011 778 1045 magis,quam
799 1010 983 1037 discindendae
999 1012 1065 1039 sunt.

39 1050 113 1084 virg.
128 1051 191 1077 Aen,
209 1057 239 1082 9,
257 1056 291 1073 20
326 1045 479 1072 Discindere
498 1046 606 1072 Caelum
632 1045 729 1081 quidam
748 1047 832 1082 legunt
852 1053 899 1082 pro
918 1047 1064 1080 Discedere,

57 1086 104 1112 uod
113 1085 192 1121 Jblum
208 1082 299 1110 rectum
317 1081 361 1108 est.
432 1081 541 1116 Aliquid
565 1082 639 1108 ferro
658 1080 803 1108 discindere
823 1082 852 1107 in
871 1082 963 1108 multas
981 1089 1064 1116 partes

311 1117 402 1152 Aeque
415 1116 570 1143 discinditur
583 1117 611 1142 in
626 1116 720 1143 multas
740 1122 824 1150 partes
835 1135 843 1149 ,
863 1119 979 1143 Animam
993 1120 1065 1145 intel-

371 1153 465 1179 Cotem
480 1152 606 1178 discidisse
617 1151 762 1185 nouacula,
779 1152 859 1188 refert
876 1153 935 1178 Liu.
957 1153 1064 1179 Accium
1076 1162 1108 1189 ,ις

417 1189 484 1214 Item
498 1187 553 1214 Cic.
568 1187 599 1214 de
612 1187 704 1213 Diuin.
719 1196 739 1220 1,
751 1196 781 1220 32
806 1187 879 1222 ,Qori
887 1187 1002 1224 prodigii
1014 1191 1065 1216 loco

63 1126 142 1147 ucret.
154 1128 176 1152 3,
187 1120 244 1152 659.

38 1157 59 1183 li
76 1159 98 1182 it
121 1155 192 1182 Idem
210 1162 232 1186 3,
246 1155 301 1185 639.

69 1191 155 1218 auium
166 1197 289 1224 augurem
302 1196 321 1219 1,
331 1189 372 1220 36.

39 1227 144 1254 habitum
161 1223 202 1258 est.

74 1265 287 1291 Discissvs,
309 1267 415 1291 asum.
452 1257 544 1285 Partic.
581 1255 769 1294 [διικισμένος]

38 1297 112 1332 Virg.
125 1297 220 1330 Georg.
231 1303 254 1327 3,
269 1302 322 1327 514.
384 1294 505 1321 Discissae
518 1293 588 1319 canis
602 1293 701 1320 viscera
726 1294 801 1319 Curt.
816 1301 853 1325 10,
868 1302 892 1325 9,
906 1303 942 1321 12.

38 1332 101 1360 Silu.
121 1340 138 1363 ι,
156 1339 176 1364 1,
196 1339 218 1357 ιι
254 1330 330 1355 Hunc
343 1338 428 1365 neque
446 1329 548 1356 discissis
568 1328 707 1363 coepiffent
721 1329 843 1362 Pergama
855 1331 945 1356 muris.

810 1258 858 1289 Vt,
879 1259 957 1285 Areus
973 1258 1064 1286 discisli

1004 1296 1065 1322 Stat.

998 1331 1065 1357 Cels.
1078 1342 1110 1367 30

38 1375 59 1401 ς,
72 1369 105 1394 26
123 1364 231 1401 Aliquid
244 1365 272 1390 in
285 1365 400 1391 vulneris
413 1374 522 1399 genere,
542 1364 678 1398 figuraque
689 1364 733 1391 est.
769 1365 840 1391 Nam
856 1366 928 1399 peius
943 1365 978 1391 est
994 1366 1066 1400 quod

36 1403 114 1429 etiam
129 1402 245 1429 collisum
254 1420 263 1433 ,
283 1409 363 1435 quam
375 1400 447 1435 quod
459 1405 561 1427 tantum
574 1399 704 1426 disemum
716 1399 765 1430 est,
791 1399 856 1426 adeo
871 1406 899 1427 vt
912 1406 988 1427 acuto
1002 1410 1067 1436 quo-

35 1446 101 1472 que,
117 1446 194 1472 quam
207 1436 296 1464 retuso
313 1435 367 1462 telo
380 1436 514 1462 vulnerari
529 1435 692 1462 commodius
706 1435 743 1461 sit.

69 1479 88 1498 D
98 1479 152 1499 isc
165 1481 171 1498 ι
185 1480 237 1500 ssi
248 1477 267 1498 ο
278 1491 286 1504 ,
304 1472 371 1498 bnis.
388 1472 408 1498 f.
443 1471 600 1505 Augustinus
614 1471 646 1496 dc
661 1470 725 1497 Fide
739 1475 764 1496 et
777 1470 902 1503 Symbolo
915 1481 936 1498 c.
950 1480 978 1498 10
996 1471 1067 1498 Schi-

33 1507 133 1535 smatici
148 1506 336 1534 discissionibus
348 1507 450 1542 iniquis
464 1515 479 1533 a
491 1507 606 1535 fraterna
620 1507 726 1533 caritate
739 1506 872 1534 dissiliunt.

33 1545 80 1570 261
105 1543 189 1572 Plebis
205 1541 358 1569 discissione.

67 1584 316 1611 D18C1SSVRA,
341 1586 380 1605 ae.
407 1577 427 1604 f.
466 1577 541 1604 Idem.
576 1576 730 1604 Ambrosius
756 1577 839 1603 Scrm.
862 1585 886 1609 13
924 1578 1010 1604 Maria
1030 1578 1068 1605 ita

33 1614 153 1648 concepit
169 1613 332 1647 Dominum,
360 1618 390 1640 vt
406 1617 464 1640 toto
485 1621 582 1648 copore
601 1612 738 1645 hauriret,
762 1621 809 1640 nec
829 1612 887 1638 eins
908 1612 1067 1640 discissuram

32 1650 149 1684 corporis
160 1655 300 1684 pateretur.

68 1691 244 1713 DISCIDIV
254 1692 295 1717 M,
321 1684 352 1711 ii.
382 1694 408 1711 n.
463 1681 626 1718 [χωρισμός,
654 1680 761 1709 διάλυσις
785 1681 857 1715 γοίμε
880 1683 939 1708 Vet.
967 1683 1110 1718 Gloffi]40

32 1718 192 1752 Disiunetio,
212 1719 332 1752 dffl'olutio
341 1731 348 1744 .-
365 1729 414 1746 vox
426 1728 442 1746 a
454 1717 580 1745 Discindo
593 1725 670 1750 nata,
687 1727 734 1753 qua
741 1717 815 1753 saepe
825 1720 907 1743 utitur
920 1718 1068 1748 Lucretius,

35 1760 80 1786 vt,
100 1763 119 1787 ι,
130 1762 177 1788 453
196 1754 375 1780 Coniunctum
388 1755 424 1780 est
441 1754 479 1786 id,
499 1753 572 1789 quod
583 1762 716 1786 nunqnam
731 1754 782 1778 sine
797 1752 933 1785 perniciali
947 1752 1066 1777 Discidio

52 1789 102 1816 otis
114 1789 150 1815 est
163 1790 265 1822 seiungi
278 1791 357 1823 seque
374 1790 484 1823 gregari-
555 1789 587 1813 Et
599 1796 619 1818 ι,
639 1795 688 1813 220
708 1786 855 1812 Discidium
874 1794 967 1818 parere
986 1786 1067 1818 parti-

33 1798 95 1850 bus:
114 1830 138 1848 et
150 1831 171 1853 3,
182 1829 229 1856 348
241 1824 386 1849 Discidium
400 1830 428 1848 vt
436 1827 547 1855 nequeat
560 1821 619 1846 fieri
632 1821 683 1846 sine
689 1820 759 1853 peste
772 1819 902 1852 maloque.
939 1819 976 1844 1d.
986 1828 1005 1849 1,
1019 1827 1066 1852 250

31 1856 109 1884 Haud
122 1856 205 1890 igitur
215 1857 286 1882 redit
298 1857 330 1883 ad
342 1857 456 1881 nihilum
470 1864 510 1881 res
525 1855 600 1886 vlla,=
611 1855 654 1879 sed
673 1862 764 1879 omnes
779 1853 896 1879 Discidio
914 1853 1026 1880 redeunt
1038 1855 1065 1881 in
1072 1862 1106 1889 45

30 1899 141 1926 corpora
153 1891 282 1917 materiai.
337 1892 370 1917 Et
383 1899 408 1922 2,
424 1899 463 1922 ¹¹9
483 1890 511 1915 de
522 1889 664 1925 corporibus
676 1892 793 1920 minum,
815 1889 871 1914 Nec
885 1888 946 1915 dare
959 1890 1064 1923 pausam

30 1926 159 1954 Conciliis
172 1932 198 1953 et
211 1925 327 1952 discidiis
340 1925 454 1952 exercita
465 1924 572 1951 crebris.
625 1923 663 1950 Id.
676 1932 697 1956 3,
710 1929 749 1956 831
779 1925 906 1958 Corporis
919 1930 996 1959 atque
1009 1925 1064 1951 ani·

31 1962 85 1994 mai
97 1961 244 1988 Discidium
257 1964 275 1987 i.
289 1970 362 1987 mors.
396 1961 469 1988 Adde
482 1969 492 1987 1
506 1967 530 1986 et
544 1969 569 1992 2,
583 1968 631 1992 ¹¹9·
647 1966 670 1985 et
682 1961 706 1990 6,
721 1968 768 1992 292
783 1966 827 1985 etc.
853 1960 959 1986 ‘CatulL
975 1963 1019 1995 67,
1034 1968 1064 1986 22

31 1997 165 2025 Fratribus
178 1996 266 2023 flebile
278 1995 425 2022 discidium.
493 1995 596 2022 Plautus
609 1994 697 2020 Pseud.
713 2003 733 2026 1,
748 2003 768 2027 ι,
782 1996 813 2024 68
833 1996 934 2021 Harum
947 1995 1065 2030 volupta-

32 2040 88 2060 tum
107 2032 176 2059 mihi
194 2031 330 2062 omnium,
351 2037 429 2066 atque
448 2030 541 2057 itidem
564 2029 616 2057 tibi
634 2029 793 2061 Distrafflo,
812 2030 969 2062 discidium,
989 2031 1065 2057 vasti·
1077 2038 1109 2064 50

31 2069 84 2096 cies
97 2068 183 2095 venit:
202 2067 231 2094 de
254 2067 403 2093 amatoribus
426 2073 513 2093 contra
531 2067 680 2092 voluntatem
698 2062 841 2097 distractis.
879 2067 914 2092 Vt
928 2066 985 2092 Cic.
999 2066 1066 2092 Phil.

31 2113 57 2138 2,
70 2112 102 2138 45
115 2099 136 2130 c]
149 2108 174 2134 18
199 2103 255 2137 Ipse
273 2108 359 2129 autem
378 2110 469 2128 amore
486 2101 578 2128 ardens
600 2099 788 2133 confirmabat,
815 2100 886 2135 quod
907 2100 1064 2127 desiderium

32 2139 73 2168 tui
85 2139 189 2166 discidii
202 2139 272 2165 ferre
284 2146 337 2165 non
354 2138 447 2172 posset,
468 2137 494 2163 se
507 2138 535 2162 in
547 2135 665 2162 exsilium
679 2136 727 2162 esse
741 2136 850 2162 iturum.
906 2137 961 2168 Sic,
974 2136 1065 2162 lustin.

33 2183 73 2207 23,
86 2183 112 2206 2,
126 2183 149 2201 ιι
174 2174 256 2207 Regia
271 2173 373 2199 fletibus
386 2179 440 2199 tam
455 2171 568 2199 crudelis
581 2170 687 2197 discidii
705 2172 823 2206 impleta.
893 2171 1013 2197 Scribere
1026 2172 1066 2198 di-

34 2209 145 2237 scidium
169 2210 274 2235 quenc.
295 2208 362 2235 Hist.
381 2209 477 2242 Euang.
494 2216 515 2240 1,
528 2216 578 2240 533.
604 2206 632 2232 de
650 2206 766 2233 diuortio.
816 2206 886 2233 Add.
906 2206 944 2232 ib.
964 2216 986 2239 3,
1004 2214 1065 2241 475.
1081 2208 1108 2235 5⁴5

37 2245 95 2272 Vid.
113 2246 205 2272 Fab'rni
217 2251 267 2270 not.
280 2244 314 2270 ad
326 2244 393 2270 Ter.
406 2243 486 2270 Andr.
498 2253 527 2277 4,
540 2251 565 2277 2,
585 2251 615 2275 14
644 2242 756 2268 Valeant
774 2242 820 2276 qui
838 2243 908 2268 inter
928 2251 975 2268 nos
989 2242 1065 2268 disci-

31 2280 106 2306 dium
118 2279 228 2312 volunt,
255 2283 273 2305 i.
287 2277 394 2312 distrahi
408 2289 464 2311 nos,
489 2288 537 2305 non
549 2280 636 2304 coniun
656 2280 674 2303 i.
728 2278 787 2304 Liu.
803 2285 841 2310 23,
855 2283 890 2309 18,
904 2285 916 2310 ς
942 2278 1064 2304 Manente

31 2315 160 2342 memoria
172 2315 251 2342 etiam
264 2315 293 2340 in
305 2313 417 2341 discidio
429 2314 597 2349 publicorum
610 2287 729 2339 federum
745 2313 842 2347 priuati
855 2313 931 2346 iuris,
944 2317 962 2339 i.
974 2313 1064 2346 dillra-

31 2349 112 2378 [tione
124 2357 147 2376 et
157 2348 308 2385 abruptione.
352 2350 407 2377 Cic.
422 2353 474 2377 Att.
488 2359 516 2382 4,
531 2358 541 2376 1
560 2349 606 2376 Te
619 2348 778 2375 acerbissime
791 2348 932 2375 discidium
946 2349 1063 2375 nostrum

33 2386 132 2418 tulisse,
157 2389 174 2411 i.
188 2386 384 2422 separationem,
412 2384 543 2421 disi-efficta.
601 2386 692 2419 Nempe
711 2384 858 2410 Discidium
879 2383 1106 2416 dzstraftioncm60

31 2428 158 2456 corporum
175 2423 216 2447 vel
232 2420 299 2456 quast
315 2429 440 2456 corporum
465 2420 627 2454 (metaphora
645 2420 829 2454 intercedente)
853 2419 998 2456 fignificat,
1023 2420 1065 2445 ubi

25 2455 95 2490 stare
103 2454 183 2492 potes}
198 2460 333 2482 animorum
348 2454 504 2482 conizari-flio:
535 2455 671 2481 Dissidium
687 2454 730 2487 effe
751 2459 778 2481 in
793 2458 884 2481 animis
897 2452 992 2490 potest,
1016 2464 1066 2480 ma-

32 2499 103 2518 nente
121 2489 289 2518 coniunctione
306 2497 416 2518 externa.
486 2490 559 2517 Idem
577 2499 625 2524 pro
644 2490 748 2516 Cluent.
768 2499 814 2522 190
835 2500 857 2516 c.
876 2493 910 2524 67
939 2490 1065 2516 Diuortia

33 2535 112 2561 atque
126 2525 280 2553 affinitatum
294 2525 411 2552 discidia.
467 2525 593 2553 Interdum
613 2532 693 2551 tamen
706 2525 783 2561 ipsam
802 2526 962 2552 vehementem
973 2528 1066 2551 animo-

0 2577 7 2583 ·
33 2571 88 2590 rum
105 2559 301 2594 dislrablionem,
331 2561 481 2597 metaphora,
493 2570 542 2597 qua
554 2561 671 2592 diximus,
676 2560 813 2596 Jigyzfficat.
883 2561 915 2588 Et
930 2570 978 2595 pro
993 2561 1065 2587 Cael.
1078 2567 1109 2599 65

35 2606 61 2630 3ι
79 2606 101 2623 c.
121 2605 144 2628 13
170 2597 294 2631 Magnum
311 2596 403 2623 odium
423 2596 502 2623 video
520 2605 579 2622 cum
601 2595 775 2622 crudelissimo
802 2596 914 2622 discidio
935 2596 1064 2623 exstitisse.

0 2662 3 2665 f
36 2632 95 2659 Cic.
106 2640 153 2666 pro
171 2632 229 2665 Lig.
248 2641 268 2657 c.
282 2641 295 2658 2
326 2633 391 2658 Belli
405 2632 514 2658 discidio
535 2631 671 2658 distraetus
690 2641 704 2658 a
724 2631 857 2658 fratribus.
900 2649 902 2651 -
929 2631 1002 2658 Idem
1018 2641 1066 2665 pro

35 2667 117 2695 Balbo
128 2676 150 2693 c.
164 2675 188 2699 ι3
205 2667 313 2694 Nullam
323 2668 371 2693 esse
383 2671 486 2701 gentem
521 2682 567 2686 —-
601 2675 687 2700 neque
702 2672 754 2692 tam
766 2666 925 2692 diffidentem
939 2675 953 2692 a
967 2667 1065 2700 Populo

37 2704 114 2729 Rom.
128 2701 194 2728 odio
208 2702 329 2736 quodam
343 2707 421 2735 atque
439 2701 565 2731 discidio,
582 2709 667 2734 neque
689 2706 742 2727 tam
761 2700 812 2726 fide
834 2701 1066 2734 beniuolentiaqne

34 2737 211 2769 coniunfiam.
263 2735 332 2763 Adai
339 2734 420 2771 potest
441 2735 496 2762 Cic.
509 2736 562 2762 Att.
580 2743 614 2767 ις,
627 2743 669 2767 29.

33 2779 58 2800 et
73 2775 97 2799 6.
133 2775 186 2806 Qx.
203 2773 265 2800 Nat.
280 2781 319 2798 20.
333 2779 356 2798 et
370 2770 447 2806 Epist.
462 2779 501 2803 30.
538 2770 655 2797 Tertull.
671 2769 703 2796 de
716 2770 816 2796 Poenit.
831 2779 852 2796 c.
867 2779 900 2796 12.
943 2770 1066 2797 Brouckh.

34 2808 68 2836 ad
79 2807 186 2834 Tibull.
202 2816 220 2839 1,
236 2816 257 2840 ς,
271 2817 290 2834 1.
313 2813 338 2834 et
353 2806 385 2834 ad
400 2808 475 2840 Prop.
493 2814 515 2837 2,
530 2813 565 2836 19,
580 2808 615 2831 16.
672 2805 747 2832 Valde
758 2808 861 2841 proprie
881 2806 1025 2837 Symmach.
1039 2808 1065 2838 6,

34 2851 69 2878 70
89 2843 170 2870 Domi
182 2848 368 2877 corruptorum
382 2841 511 2878 parietum
524 2839 632 2867 discidia
647 2840 809 2874 sarciuntur,
837 2843 855 2866 i.
869 2842 959 2872 rimae,
977 2841 1065 2876 quibus

25 2878 163 2917 fifffimt
170 2881 289 2913 parietes.
302 2900 304 2903 ,

70 2921 199 2942 DISCIN
210 2919 273 2945 GO,
299 2913 354 2945 nxi,
380 2913 478 2944 nciam,
508 2914 561 2939 ere.
595 2909 740 2946 [δὶκξωννῦω
755 2913 768 2946 ]
802 2911 959 2938 Contrarium
979 2910 1065 2946 estfito
1076 2919 1108 2947 75

37 2949 144 2985 lintplici.
180 2948 294 2975 Martial.
312 2957 339 2981 9,
353 2956 395 2981 103
413 2953 439 2974 in
455 2949 571 2975 Herculis
582 2948 719 2980 laboribus,
744 2947 868 2974 Peltatam
881 2946 1003 2979 Scythico
1017 2947 1066 2973 dis-

37 2986 118 3015 cinxit
136 2982 268 3013 Amazone
288 2983 368 3010 nodo.
439 2984 483 3010 Sil.
501 2992 529 3018 7,
549 2991 587 3016 153
618 2983 746 3009 Discinxit
763 2983 867 3009 ratione
884 2982 976 3016 dolos,
994 2983 1065 3009 fran-

37 3020 132 3055 desque
144 3020 267 3052 resbluit,
286 3022 304 3046 i.
320 3021 471 3045 exarmauit:
493 3020 561 3046 Sicut
573 3018 644 3044 Idem
659 3023 681 3050 8,
690 3027 722 3051 34
740 3019 793 3044 Iam
807 3018 963 3052 discingitur
975 3019 1063 3052 armis.

39 3056 95 3083 Sen.
108 3057 152 3090 Ep.
166 3064 199 3088 92
216 3061 280 3082 extr.
311 3054 339 3080 de
351 3056 508 3087 Maecenate,
525 3064 579 3081 cum
593 3057 644 3080 eius
657 3055 731 3080 virile
749 3053 843 3080 diHum
854 3053 985 3087 laudasset,
1007 3053 1064 3080 Nec

41 3125 136 3153 dixisse.
160 3126 251 3152 habuit
264 3126 333 3152 enim
351 3126 487 3160 ingenium
507 3131 534 3152 et
550 3125 646 3159 grande
666 3130 692 3151 et
704 3125 799 3157 virile,
825 3124 872 3151 nisi
892 3124 958 3151 illud
977 3126 1064 3151 secum

42 3160 201 3188 discinxisset.
237 3161 342 3193 Secum,
364 3164 382 3187 i.
397 3171 444 3187 non
458 3163 540 3187 minus
552 3170 623 3196 quam
639 3161 668 3196 fi
679 3160 764 3196 ipficm.
799 3162 885 3196 Itaque
898 3170 946 3186 non
961 3167 1020 3195 opus
1033 3159 1065 3193 2st

43 3196 105 3229 apud
116 3197 198 3223 Silium
211 3195 361 3231 Diffinxits.
375 3196 493 3223 Discuslit
499 3196 654 3232 substituere.
679 3196 737 3222 Vid.
744 3205 799 3222 mox
815 3202 833 3221 D
843 3204 851 3222 1
862 3203 874 3222 s
884 3202 900 3222 C
910 3202 947 3222 1N
957 3203 974 3223 C
983 3203 1003 3222 T
1012 3202 1063 3222 VS.

45 3230 212 3265 Cic.QFrat.
227 3241 249 3264 2,
263 3240 286 3264 13
304 3232 462 3263 Mihierede
477 3232 506 3257 in
519 3231 626 3264 sinuest,
640 3240 724 3266 neque
739 3240 788 3266 ego
801 3231 942 3265 discingor.
960 3234 978 3257 i.
991 3240 1020 3257 ne
1037 3239 1064 3257 ue

45 3264 78 3297 eJt
89 3273 176 3298 metus,
192 3276 220 3293 ne
231 3268 293 3294 mihi
304 3267 410 3294 excidat.
463 3269 554 3303 Nempe
567 3267 632 3293 lucin
645 3270 671 3293 in
685 3277 723 3297 ro,
740 3266 805 3303 qnod
813 3266 897 3293 cinc‘hi
911 3266 978 3292 sinus
990 3240 1065 3301 effiqci-
1079 3275 1107 3303 83

45 3307 101 3332 tur,
116 3303 155 3335 qui
163 3305 227 3336 perit
242 3300 369 3338 discinc‘io.
564 3300 584 3340 q
606 3312 622 3329 2
641 3303 807 3337 Discingere,
824 3311 889 3337 quae
902 3302 929 3327 in
942 3302 1066 3337 discepta-

44 3335 145 3361 tionem
157 3337 275 3370 veniunt,
293 3338 404 3373 Metaph.
417 3337 506 3365 Sidon.
520 3347 546 3371 2,
558 3345 583 3373 7.
602 3342 619 3366 i.
634 3338 763 3370 dirimere,
784 3337 901 3364 decidere.
962 3337 999 3364 Id.
1015 3346 1036 3370 3,
1048 3345 1065 3369 9

45 3371 71 3397 Si
85 3370 153 3397 inter
164 3378 246 3397 coram
257 3373 351 3406 positos
365 3374 555 3408 aequanimiter
571 3373 675 3400 obieeta
696 3373 848 3408 discingitis.
884 3374 960 3399 Plura
967 3373 1015 3409 fid
1026 3376 1064 3398 in-

37 3406 148 3442 ferioris
165 3409 242 3432 omnia
252 3411 303 3434 aeui
310 3428 318 3440 ,
335 3408 368 3435 ad
381 3417 508 3446 utrumque
520 3411 596 3435 Iocum
612 3410 713 3436 Sauara.
766 3408 966 3444 Antiquissimum
979 3408 1066 3435 laudat

44 3441 120 3476 Apul.
134 3441 199 3466 Met.
213 3447 226 3479 ξ
249 3442 305 3469 Elm.
318 3452 342 3477 p.
356 3452 409 3479 127,
422 3452 462 3479 37.
487 3452 511 3471 et
526 3446 594 3471 Prie.
607 3453 654 3478 40,
665 3452 695 3477 25
723 3444 766 3470 vbi
780 3450 880 3480 vterque
895 3443 990 3476 edidit,
1013 3443 1061 3470 Sed
1073 3452 1109 3477 90

43 3476 109 3504 hanc
123 3480 297 3502 tornationem
314 3479 420 3513 sequens
433 3480 600 3507 adolescentis
618 3481 702 3506 sermo
716 3478 844 3506 distinxit.
876 3480 918 3507 Sic
929 3486 953 3505 et
964 3480 1064 3507 Beroal-

44 3511 99 3538 dus.
145 3511 191 3538 sed
204 3511 309 3543 Sauara,
323 3512 385 3540 rec'te
393 3520 454 3550 puto
468 3515 605 3547 discinxit,
622 3518 642 3541 i.
656 3515 764 3550 resoluit.

81 3553 117 3573 D1
127 3554 139 3573 s
150 3552 167 3573 c
179 3552 217 3572 IN
226 3552 242 3572 C
252 3551 337 3578 TVS,
360 3557 382 3579 a,
406 3559 459 3577 um.
495 3552 588 3578 Partic.
630 3551 643 3584 [
654 3548 801 3584 διεζωσμένος
813 3551 826 3584 ]
864 3551 921 3576 Fere
942 3551 1064 3577 translate

38 3581 146 3619 sumitur
155 3601 163 3613 5
183 3583 250 3607 '‘’st'rf
263 3586 286 3606 fl
299 3583 434 3618 nfgll'gens,
457 3592 480 3612 et
494 3589 536 3621 qui
548 3596 598 3613 rem
614 3586 742 3621 etfamam
754 3592 841 3621 parum
854 3592 945 3612 tuetur.

43 3659 135 3693 cena-te,
149 3655 191 3688 qui
198 3651 348 3688 sollemniter
360 3659 485 3692 copo-mine
498 3658 633 3693 accusatur.
674 3656 854 3686 Vid.Meibom.
868 3658 979 3683 Maeccn.
990 3665 1011 3682 c.
1027 3663 1064 3682 22.

45 3688 170 3715 Albmou.
186 3696 206 3720 1,
220 3696 247 3713 21
276 3686 355 3720 Qiod
369 3685 502 3717 chremetus
520 3701 576 3719 eras
593 3693 779 3727 (Maecenatem
798 3692 954 3727 alloquitur)
974 3692 1065 3717 animo

44 3732 166 3758 quoqne,
183 3723 299 3762 carpitur
311 3730 401 3753 vnum,
413 3729 463 3762 etc.
495 3725 534 3758 Est
546 3730 609 3755 mim
622 3728 706 3763 ibifht
719 3729 793 3764 longa
806 3726 920 3764 defensio.
963 3726 1065 3753 Discin-

44 3759 85 3785 &a
97 3759 188 3789 vestis,
219 3757 358 3784 discmetus
378 3765 494 3790 animus,
511 3769 543 3787 ne
554 3765 631 3797 ne'ga:
659 3763 739 3789 Accio
758 3763 825 3799 apud
843 3763 916 3789 Non.
934 3761 1064 3789 tribuitur.

44 3794 110 3820 Pers.
128 3803 149 3827 3,
167 3802 192 3826 31
220 3793 284 3819 Non
299 3792 377 3828 pudet
391 3792 422 3818 ad
443 3801 542 3821 morem
561 3797 678 3824 disc-ineu
690 3799 780 3825 viuere
801 3798 914 3825 Nattae3

31 3827 133 3865 ‘Nepos
145 3828 299 3861 discinctus,
318 3831 336 3854 i.
351 3829 426 3855 Omni
437 3829 535 3855 luxuria
548 3830 658 3865 diffluens
678 3835 743 3861 Hor.
760 3834 841 3868 Epod.
857 3841 875 3865 ῐ,
888 3841 929 3866 34-
981 3832 1062 3859 Ouid·

47 3863 135 3903 Amor.
154 3872 174 3897 1,
193 3873 219 3897 9,
238 3873 268 3897 41
308 3864 364 3898 lpse
385 3872 434 3897 ego
453 3864 537 3897 segnis
556 3874 639 3898 eram,
663 3867 837 3904 discinctaque
863 3869 891 3894 in
908 3868 963 3895 otia
981 3874 1064 3895 natus.

45 3897 185 3931 Dnstmffl,
204 3902 276 3925 etiam
295 3898 439 3926 dicebantur
453 3898 628 3933 Exaufforazi,
651 3909 674 3927 et
686 3904 763 3936 milli,
785 3914 838 3931 cum
853 3908 862 3930 i
882 3907 1004 3934 numium,
1021 3907 1066 3930 '711'-

42 3934 110 3960 litia.
147 3934 249 3960 Talibus
262 3937 324 3961 enim
337 3941 360 3960 et
370 3944 439 3960 arma
451 3941 474 3960 et
485 3936 607 3999 cingulum
619 3933 774 3965 adimeblitur.
821 3913 924 3966 Vuircat.
939 3939 1065 3966 Gallican.

42 3967 121 3996 Auid.
134 3976 156 3995 c.
168 3971 198 3997 6*
214 3969 256 3997 vbi
267 3969 412 4005 praefectus
426 3970 521 4000 Antioc

943 1508 974 1534 Et
988 1507 1066 1542 Epist.
1082 1517 1111 1544 ὃς

742 2735 799 2761 Sen.
814 2735 845 2761 de
859 2735 991 2761 Constant.
1005 2745 1026 2761 c.
1044 2741 1108 2771 8.70
1123 2734 1219 2775 solute,
1236 2733 1285 2768 est,
1304 2737 1404 2762 Literas
1416 2736 1524 2771 discere,
1546 2737 1643 2763 crudiri
1654 2739 1736 2763 literis
1749 2739 1891 2775 artibusque
1904 2741 2052 2769 liberalibus.

44 3617 131 3644 oratio
146 3617 201 3643 eius
212 3624 293 3650 aeque
307 3616 387 3643 soluta
399 3619 531 3655 est,quam
543 3622 597 3657 ipse
611 3621 750 3648 discindtns
764 3622 873 3656 Sen.Ep.
889 3629 940 3654 114.
958 3621 987 3648 de
995 3586 1065 3648 big}
1076 3627 1109 3654 95¹

1124 1011 1236 1048 pellant,
1250 1010 1289 1045 fic
1301 1015 1339 1038 ait
1353 1020 1374 1045 ς,
1388 1017 1437 1045 438

1236 1046 1369 1081 Diffugere
1392 1048 1453 1074 inde
1474 1046 1527 1074 loci
1547 1052 1632 1082 partes
1652 1056 1778 1081 coepere,
1799 1057 1925 1085 paresque

1235 1083 1302 1109 Cum
1324 1082 1430 1117 paribus
1451 1083 1528 1117 iungi
1551 1091 1605 1109 res:
1623 1087 1648 1109 et
1668 1082 1814 1110 discludere
1834 1086 1973 1117 mundum,

1235 1117 1408 1153 Membraque
1428 1117 1564 1150 diuidere,
1586 1124 1612 1145 et
1634 1126 1738 1153 magnas
1758 1118 1896 1155 disponere
1913 1122 2010 1156 parteis

1234 1153 1390 1188 Omnigenis
1412 1163 1425 1180 e
1445 1154 1601 1189 principiis,
1626 1159 1672 1180 etc.

1129 1186 1271 1223 Discludere
1279 1208 1287 1221 ,
1300 1189 1394 1224 insuar
1403 1196 1490 1224 partes
1504 1195 1528 1216 et
1539 1189 1644 1216 membra
1645 1188 1772 1251 (separare
1784 1199 1814 1216 ac
1820 1191 1877 1226 scor
1890 1202 1930 1218 um
1935 1192 2060 1227 formare.
2090 1193 2165 1229 Virg.

1130 1223 1182 1250 Ecl.
1195 1224 1221 1256 6,
1233 1232 1259 1258 53
1279 1224 1308 1250 de
1319 1224 1404 1251 mundi
1417 1228 1528 1261 origine,
1548 1225 1624 1251 Tum
1664 1233 1740 1251 urarc
1759 1225 1859 1259 solum,
1873 1233 1898 1253 et
1917 1226 2063 1256 discludere
2078 1229 2168 1256 Nerea

1131 1264 1213 1293 ponto
1250 1260 1392 1294 Coeperit3
1412 1266 1437 1287 et
1451 1269 1540 1287 rerum
1554 1260 1689 1295 paullatim
1701 1261 1804 1287 sumere
1817 1262 1924 1289 formas.
1960 1265 1992 1290 In
2006 1273 2074 1299 quem
2087 1266 2168 1291 locum

1109 1293 1163 1328 'fic
1174 1297 1212 1320 ait
1224 1295 1343 1322 Macrob.
1360 1296 1460 1322 Saturn.
1475 1298 1500 1328 6,
1514 1305 1532 1329 4
1558 1296 1631 1322 Ferit
1643 1305 1720 1323 aures
1734 1296 1832 1323 nostras
1846 1298 1894 1324 hoc
1912 1298 2025 1325 verbum
2039 1300 2167 1327 disclude—

1130 1338 1158 1356 re
1166 1349 1174 1362 ‚
1190 1335 1219 1356 vt
1230 1339 1347 1363 nouum3
1366 1331 1408 1357 sed
1422 1331 1496 1365 prior
1509 1331 1647 1358 Lucretius
1661 1339 1706 1358 etc.
1742 1332 1839 1358 hzzaedae
1856 1337 1920 1360 enim
1937 1335 2013 1360 Iocum
2026 1336 2094 1361 modo
2106 1336 2167 1363 alla·

1130 1371 1182 1391 tum
1195 1374 1224 1392 ex
1239 1375 1263 1400 5,
1279 1373 1334 1400 438·
1404 1367 1523 1400 Dispares
1543 1367 1666 1394 disclusos
1686 1367 1780 1394 habeat
1799 1367 1879 1402 pisces
1898 1370 1983 1396 Varro
1996 1369 2027 1397 R.
2042 1371 2074 1396 R.
2088 1379 2111 1403 3,
2128 1378 2166 1406 17.

1131 1401 1217 1427 Partes
1237 1403 1350 1428 semotae
1367 1406 1393 1428 et
1406 1402 1530 1429 disclusae
1549 1411 1564 1429 a
1578 1409 1665 1429 mente
1678 1404 1731 1429 Cic⁴
1748 1403 1830 1430 Tusc.
1846 1413 1866 1436 1,
1879 1409 1911 1434 80
1931 1413 1951 1431 c.
1964 1413 2000 1437 33.
2071 1407 2166 1441 Spatiis

1132 1435 1254 1463 disclusus
1267 1437 1380 1471 iniquis,
1399 1437 1529 1470 Inclusus,
1541 1443 1567 1463 et
1580 1438 1723 1465 mareiams
1739 1439 1814 1473 virg.
1829 1440 1925 1474 Georg.
1940 1449 1968 1473 4,
1981 1447 2037 1475 147.
2057 1443 2075 1468 i.
2095 1443 2166 1468 Con-

1132 1470 1235 1498 strictus
1251 1473 1338 1506 spatiis
1350 1473 1462 1507 angustis
1470 1492 1479 1505 ,
1493 1478 1519 1498 et
1533 1472 1664 1500 breuitate
1678 1474 1809 1505 carminis,
1830 1476 1866 1501 Ex
1880 1475 1980 1502 Seruio.
2035 1477 2165 1505 Semonere.

1132 1507 1188 1533 Cic.
1196 1507 1277 1535 Tusc.
1293 1517 1313 1540 1,
1322 1517 1356 1534 20
1368 1518 1389 1534 c.
1399 1517 1427 1534 10
1445 1509 1518 1534 Duas
1527 1514 1611 1542 partes
1624 1510 1741 1542 separare
1755 1509 1851 1542 voluit,
1864 1510 1931 1537 iram
1946 1517 1972 1536 et
1985 1511 2167 1545 cupiditatem,

1132 1551 1194 1576 quas
1209 1543 1273 1569 locis
1286 1544 1339 1569 suis
1353 1542 1478 1569 disclusit:
1496 1543 1564 1569 iram
1578 1544 1607 1569 in
1621 1543 1740 1578 peetore‚
1753 1545 1924 1578 cupiditatem
1945 1546 2033 1572 subter
2047 1556 2167 1581 praecor-

1131 1577 1174 1604 dia
1188 1578 1295 1604 locauit.
1367 1579 1442 1604 Varr.
1458 1578 1489 1603 de
1503 1579 1533 1604 R.
1549 1579 1579 1605 R.
1594 1587 1616 1611 3,
1630 1586 1658 1613 ι’]
1677 1579 1713 1605 Hi
1726 1579 1849 1606 loculatas
1862 1580 1958 1606 habent
1969 1582 2095 1614 piscinas,
2119 1583 2168 1608 vbi

1132 1611 1245 1646 dispares
1259 1612 1382 1640 disclusos
1395 1612 1492 1639 habent
1506 1614 1597 1647 pisces,
1615 1617 1633 1641 i.
1647 1615 1784 1648 SeJParatim
1798 1621 1821 1640 et
1826 1614 1936 1651 fior-fiam
1949 1617 1979 1641 ab
1992 1617 2052 1641 aliir
2065 1618 2168 1651 clausos.

1169 1654 1187 1673 D
1197 1655 1206 1673 1
1217 1655 1229 1674 s
1240 1654 1258 1674 c
1271 1654 1287 1673 L
1296 1655 1317 1674 v
1327 1654 1357 1674 Sl
1366 1655 1399 1679 o,
1420 1648 1486 1674 onis.
1506 1649 1525 1674 f.
1561 1649 1637 1683 Apul.
1651 1648 1681 1675 de
1694 1649 1751 1674 Deo
1763 1648 1875 1675 Socmtis
1891 1658 1915 1683 p.
1929 1652 1964 1682 96
1993 1650 2060 1677 Loci
2075 1650 2168 1678 disclu-

1132 1681 1184 1714 fio,
1201 1685 1219 1708 i.
1234 1684 1375 1718 Separatio,
1392 1682 1517 1718 discretio.

1168 1723 1187 1742 D
1199 1724 1208 1742 1
1216 1725 1228 1743 s
1238 1723 1254 1743 c
1263 1725 1282 1744 o
1290 1737 1297 1749 ‚
1318 1717 1411 1750 didici,
1430 1720 1482 1744 ere.
1519 1716 1674 1753 [μανθάνω]
1712 1718 1815 1753 Proprie
1827 1716 1861 1750 eli
1872 1719 1931 1745 Rem
1943 1722 2054 1756 ignotam
2067 1720 2169 1760 oſjequi,

1131 1751 1196 1785 quod
1214 1753 1256 1777 vel
1265 1753 1404 1779 meditando
1415 1753 1467 1789 fit,
1485 1754 1526 1779 vel
1544 1754 1593 1778 alio
1606 1752 1713 1779 docente.
1767 1754 1795 1780 A
1805 1751 1871 1786 θείω,
1890 1752 1984 1790 δάσκια,
2003 1756 2090 1789 disc0‚
2111 1765 2140 1784 vt
2151 1766 2169 1783 a

1132 1785 1191 1816 χεέω
1211 1785 1395 1825 ὴίοῆχαίσκω,
1420 1788 1495 1823 hisco.
1566 1787 1648 1814 Plaut.
1662 1787 1749 1814 Truc.
1767 1798 1795 1822 4,
1813 1797 1839 1821 2,
1856 1795 1883 1822 33
1914 1790 2015 1817 Literas
2036 1792 2168 1819 didicisti:

1131 1819 1236 1859 quando
1249 1821 1307 1852 scis,
1317 1822 1368 1847 fine
1382 1823 1448 1849 alios
1459 1823 1565 1849 discere.
1636 1823 1704 1850 Ter.
1718 1823 1791 1850 Adel.
1807 1833 1826 1856 1,
1840 1833 1865 1856 2,
1879 1832 1913 1858 45
1942 1827 2016 1852 Pater
2028 1828 2075 1853 csse
2088 1828 2168 1860 disce,

1130 1853 1163 1881 ab
1177 1854 1235 1880 alus
1256 1856 1302 1889 qui
1315 1865 1378 1882 vere
1396 1858 1487 1884 sciunt.
1557 1858 1622 1884 Eun.
1638 1867 1663 1891 2,
1676 1867 1701 1891 2,
1715 1867 1739 1891 31
1770 1860 1807 1885 Vt
1820 1859 1868 1885 sibi
1879 1860 1969 1886 liceret
1982 1860 2080 1887 discere
2094 1862 2121 1888 id
2135 1863 2168 1889 de

1130 1898 1181 1915 mc.
1202 1899 1227 1916 υ.
1242 1890 1266 1916 h.
1279 1892 1296 1917 l.
1310 1891 1405 1919 Donat.
1440 1894 1505 1920 Plin.
1515 1893 1594 1927 Epist.
1602 1902 1624 1926 3,
1638 1902 1655 1926 9
1673 1894 1849 1920 Indicauimus
1863 1895 1978 1928 Senatui,
1990 1905 2038 1923 nos
2051 1906 2082 1923 ex
2096 1898 2167 1924 Nor-

1130 1924 1199 1964 bano
1214 1925 1330 1952 didicisse
1347 1927 1479 1961 publicam
1497 1930 1607 1954 causam.
1676 1929 1753 1954 Disce
1771 1937 1836 1963 puer
1855 1930 1981 1957 virtutem
1999 1940 2030 1958 ex
2045 1941 2087 1958 me
2105 1942 2169 1967 pro-

1130 1969 1272 1995 priumque
1285 1961 1419 1993 laborem3
1437 1965 1580 1990 Fortunam
1592 1971 1624 1989 ex
1637 1963 1697 1989 aliis
1718 1964 1792 1998 Virg.
1807 1965 1873 1990 Aen.
1886 1974 1922 1995 12,
1935 1974 1989 1999 435¹.
2043 1968 2169 1995 Animad-

1131 1995 1201 2021 verti
1214 2001 1239 2021 et
1259 1996 1342 2023 didici
1360 2006 1391 2023 ex
1403 1999 1455 2024 tuis
1473 1998 1574 2030 literis,
1598 2003 1639 2030 te,
1661 2005 1705 2025 etc.
1725 1999 1781 2046 Οἳ.
1798 2000 1870 2025 Fam.
1883 2008 1907 2031 3,
1921 2008 1942 2032 ς.
2013 2002 2062 2028 Per
2074 2012 2117 2029 me
2130 2003 2170 2030 di-

1131 2030 1237 2057 scuntur
1251 2040 1352 2058 amores
1373 2033 1453 2060 Ouid.
1468 2033 1500 2059 de
1514 2034 1578 2060 Arte
1591 2034 1649 2059 Am.
1663 2042 1685 2065 3,
1697 2040 1740 2067 27.
1776 2034 1832 2060 Cic.
1846 2035 1877 2060 de
1889 2035 1964 2061 Orat.
1978 2044 2002 2068 3,
2017 2044 2067 2072 144
2087 2037 2168 2072 Qiod

1132 2074 1192 2092 eum
1206 2067 1319 2101 negasti,
1340 2068 1387 2101 qni
1406 2077 1460 2095 non
1473 2069 1526 2095 cito
1543 2068 1608 2102 quid
1623 2067 1759 2100 didicisset,
1774 2076 1890 2103 vnqnam
1906 2071 2015 2097 omnino
2028 2074 2097 2106 posse
2110 2084 2169 2108 per-

1131 2101 1237 2127 discere.
1310 2103 1436 2129 Hominis
1449 2112 1520 2129 mens
1534 2102 1655 2129 discendo
1669 2103 1750 2129 alitur
1769 2103 1842 2131 Idem
1855 2105 1907 2132 Off.
1924 2114 1933 2132 1
1946 2115 1968 2132 c.
1981 2115 2021 2138 3ο.
2094 2110 2169 2137 Tam

1131 2136 1176 2162 diu
1191 2136 1342 2163 discendum
1356 2137 1401 2170 est,
1416 2138 1542 2173 quamdiu
1554 2138 1661 2171 nescias,
1680 2144 1714 2169 et,
1734 2138 1751 2165 si
1764 2140 1909 2174 prouerbio
1923 2142 2063 2175 credimus,
2075 2152 2168 2179 quam-

1130 2170 1177 2210 diu
1190 2172 1265 2197 viuas
1294 2173 1350 2199 Sen.
1367 2174 1411 2207 Ep.
1432 2175 1476 2208 76.
1530 2173 1648 2208 Liquido
1661 2173 1774 2207 discere,
1796 2176 1847 2202 vid.
1875 2183 2037 2214 LIQVOR.
2093 2180 2168 2207 Serio

1130 2205 1230 2233 discere
1251 2208 1382 2241 Qrincffil.
1397 2217 1416 2241 1,
1431 2218 1455 2235 z.
1526 2210 1606 2243 Quod
1621 2209 1716 2244 cuique
1729 2209 1879 2238 discendum
1899 2212 1951 2245 est,
1970 2212 1999 2240 id
2011 2222 2044 2240 ne
2057 2215 2114 2242 sero
2128 2215 2169 2242 di-

1130 2243 1200 2268 scere
1214 2243 1323 2277 incipiat
1341 2244 1471 2277 Qiineiil.
1487 2253 1507 2277 1,
1520 2253 1545 2271 2.
1617 2245 1722 2271 Discere
1735 2246 1843 2273 auribus
1858 2252 1883 2273 et
1895 2248 1979 2275 oculis
2008 2250 2075 2276 Plin.
2087 2251 2169 2286 Epist.

1132 2282 1155 2317 8,
1170 2286 1210 2317 ¹4:
1281 2280 1347 2305 Hor.
1359 2279 1437 2313 Epist.
1452 2289 1476 2310 2,
1491 2289 1511 2313 1,
1527 2282 1574 2306 262
1603 2280 1687 2313 Discit
1699 2281 1771 2307 enim
1783 2282 1878 2314 citius,
1897 2285 2071 2320 meminitque
2083 2286 2170 2314 liben-

1130 2318 1183 2352 tius
1204 2312 1285 2345 illud,
1329 2314 1411 2348 Qiod
1432 2315 1491 2350 quis
1510 2315 1626 2347 deridet,
1662 2325 1741 2350 quam
1760 2317 1833 2351 quod
1855 2318 1950 2352 probat
1971 2326 1996 2346 et
2018 2329 2168 2350 veneratur.

1129 2347 1210 2374 Ouid.
1220 2357 1256 2388 'ex
1269 2350 1353 2376 Ponto
1365 2358 1391 2382 2,
1405 2359 1430 2383 9,
1445 2358 1495 2385 47-
1518 2350 1608 2383 Adde,
1627 2351 1698 2385 quod
1709 2351 1834 2386 ingenuas
1847 2353 1963 2381 didicisse
1976 2355 2089 2383 fideliter
2100 2364 2168 2384 artes

1130 2383 1239 2410 Emollit
1251 2393 1352 2415 mores,
1377 2394 1423 2411 nec
1437 2384 1496 2412 sinit
1509 2387 1557 2412 esse
1577 2386 1656 2412 feros.
1726 2389 1835 2415 Causam
1853 2388 1951 2416 discere
1970 2390 2065 2419 dicitur
2079 2394 2168 2419 Patro·-

1130 2428 1177 2444 nus
1185 2420 1209 2454 s.
1225 2427 1319 2452 orator,
1340 2429 1410 2455 quam
1424 2420 1500 2447 docet
1511 2421 1579 2447 illum
1592 2423 1709 2458 litigator
1727 2424 1782 2450 Cic.
1798 2424 1829 2450 de
1842 2425 1916 2451 Orat.
1930 2434 1955 2458 2,
1970 2434 2029 2460 247.
2093 2427 2168 2461 Virg-

1131 2455 1195 2480 Aen.
1216 2456 1243 2486 6,
1255 2459 1303 2488 488
1336 2456 1468 2482 Veniendi
1480 2456 1579 2484 discere
1597 2458 1692 2484 causas.
1728 2460 1744 2484 i.
1759 2459 1912 2496 Cognoscere.
1982 2461 2074 2487 Cultus
2086 2467 2168 2489 terra-

1129 2498 1189 2516 rum
1201 2490 1347 2524 generatim
1357 2490 1456 2518 discere
1485 2492 1558 2518 Idem
1575 2493 1671 2526 Georg.
1693 2501 1718 2525 2,
1732 2502 1767 2525 35.
1840 2495 1870 2520 Et
1882 2496 1945 2520 Aen.
1959 2503 1996 2527 ιι,
2010 2498 2059 2528 146
2091 2497 2169 2523 Disce

1129 2531 1205 2551 tuum
1218 2534 1250 2551 ne
1264 2535 1306 2552 me
1319 2527 1433 2556 incuses,
1458 2528 1566 2554 Iuturna
1585 2528 1720 2553 Dolorem.
1789 2529 1917 2555 Euentum
1932 2530 2033 2556 formae
2051 2530 2120 2558 disce
2133 2533 2168 2559 ti-

1130 2569 1202 2587 mere
1217 2567 1277 2587 tuae
1290 2562 1407 2595 Propert.
1422 2570 1446 2594 3,
1458 2570 1497 2594 25,
1510 2567 1544 2591 18.
1581 2563 1676 2587 Facere
1686 2561 1784 2594 didici,
1798 2565 1815 2589 i.
1832 2564 1987 2601 Solitusficm
1998 2566 2079 2593 Plaut.
2088 2569 2166 2595 Cure.

1131 2605 1157 2627 4,
1171 2605 1194 2627 3,
1208 2604 1231 2621 2.
1257 2596 1298 2621 vbi
1310 2596 1367 2621 vide
1384 2599 1538 2630 interpretes.
1592 2596 1701 2622 Fidibus
1716 2596 1813 2624 discere
1834 2599 1889 2625 Cic.
1902 2599 1934 2626 de
1949 2600 2049 2628 Senect.
2064 2605 2098 2629 26
2112 2612 2132 2630 c.
2144 2608 2168 2634 8.

1131 2630 1229 2656 Discite
1236 2630 1364 2656 Iustitiam
1379 2631 1475 2656 moniti
1488 2636 1576 2657 etnon
1589 2637 1705 2658 temnere
1718 2633 1802 2658 Diuos
1811 2634 1884 2669 Virg.
1894 2635 1958 2661 Aen.
1967 2638 1993 2668 6,
2001 2639 2060 2663 620.
2108 2639 2165 2665 Cic.

1131 2666 1202 2691 Fam.
1219 2673 1244 2696 9,
1260 2673 1288 2690 10
1308 2665 1365 2691 Nec
1379 2665 1552 2698 committam,
1573 2672 1601 2692 vt
1615 2666 1632 2692 si
1646 2675 1695 2700 ego
1708 2676 1769 2693 eum
1781 2669 1957 2697 condemnaro
1967 2691 1974 2703 ‚
1996 2677 2023 2698 tu
2037 2673 2167 2706 restituas,

1130 2708 1163 2725 ne
1177 2699 1270 2726 habeat
1283 2700 1390 2727 Plancus
1403 2702 1500 2734 Bursa,
1518 2701 1586 2736 apud
1598 2710 1677 2736 quem
1691 2702 1778 2729 literas
1792 2704 1881 2731 discat.
1927 2707 1992 2733 Item
2008 2708 2111 2736 Discere
2125 2709 2167 2734 ab·

2109 2745 2141 2770 Ci
2159 2764 2167 2771 .

1130 2778 1159 2796 m
1171 2771 1243 2796 Brut.
1257 2779 1309 2803 249
1337 2771 1365 2796 de
1380 2773 1418 2797 M.
1433 2771 1568 2804 Marcello,
1593 2772 1769 2800 Vehementer
1789 2774 1872 2808 placet
1895 2779 2036 2812 (tanquam
2049 2754 2166 2812 Oratore)

1130 2813 1177 2831 nec
1190 2805 1241 2830 sine
1255 2806 1342 2832 causa:
1363 2815 1424 2832 nam
1439 2806 1543 2838 didicit,
1558 2812 1583 2833 et
1596 2807 1692 2834 omiffis
1707 2810 1814 2836 caeteris
1828 2811 1910 2844 magis
1923 2812 1951 2837 id
1964 2814 2090 2840 idoneum
2104 2816 2167 2850 egit.

1128 2841 1214 2867 Partes
1233 2840 1331 2867 discere
1345 2838 1453 2867 Ardores
1466 2842 1611 2877 fabularum
1633 2843 1783 2871 dicebantur.
1855 2839 1923 2873 Ter.
1939 2849 2007 2874 Prol.
2021 2851 2116 2876 Heaut.
2138 2859 2168 2877 10

1129 2875 1209 2901 Nunc
1223 2875 1396 2910 quamobrem
1409 2877 1454 2903 has
1469 2884 1554 2911 partes
1567 2877 1718 2912 didicerim,
1731 2881 1817 2914 paucis
1830 2881 1908 2909 dabo.
1944 2883 2010 2911 Adai.
2027 2886 2090 2911 Hec.
2099 2886 2168 2920 prol.

1128 2919 1154 2937 v.
1176 2913 1215 2944 56.
1269 2911 1375 2938 Discere
1407 2922 1435 2938 ro
1448 2913 1585 2948 intelligere
1603 2914 1716 2948 Captum
1735 2916 1786 2942 sese
1804 2917 1850 2943 vix
1863 2924 1888 2944 et
1906 2926 1999 2953 aegre,
2029 2920 2167 2956 postquam

1129 2946 1295 2980 experrectus
1307 2947 1358 2980 est,

1130 2981 1221 3008 Theb.
1237 2984 1263 3014 6,
1301 3002 1307 3008 .
1343 3002 1349 3009 .

1130 3017 1220 3044 discite
1234 3017 1339 3044 vestras.

1401 2947 1478 2988 idicit
1511 2946 1583 2975 Fsor.
1598 2957 1620 2982 2,
1635 2958 1674 2982 ιο,
1688 2959 1710 2983 3.
1782 2953 1900 2980 Pericula
1920 2954 1964 2981 sua
1984 2955 2081 2982 discere
2103 2958 2166 2983 Stat.

1403 2984 1478 3018 Virg.
1493 2984 1558 3024 Aen.
1574 2993 1596 3016 3,
1617 2993 1657 3017 103
1686 2986 1789 3026 'Audite
1809 2987 1971 3022 ὅριοι-ατε,
1995 2992 2046 3022 ait,
2067 2998 2092 3018 et
2105 2993 2166 3026 Spes

1393 3019 1487 3046 Vultus
1497 3026 1651 3046 venientum
1665 3020 1765 3049 discere
1786 3024 1858 3057 Virg.
1868 3025 1931 3050 Aen.
1942 3027 1967 3056 6,
1975 3033 2029 3058 753.
2084 3027 2166 3059 Disci‚

1123 3053 1217 3088 paffiue
1226 3052 1311 3088 posuit
1324 3053 1414 3088 Nepos
1430 3054 1462 3081 de
1478 3055 1653 3089 Epaminond.
1667 3065 1690 3088 3,
1703 3065 1718 3083 2
1749 3057 1883 3084 Studiosus
1895 3060 2033 3087 audiendi:
2067 3062 2103 3088 Ex
2115 3063 2165 3088 hoc

40 3091 166 3117 tumulum
185 3099 265 3123 curo,
296 3090 386 3124 sepelit
403 3096 494 3117 natura
516 3089 639 3122 relictos,
666 3089 754 3116 addit:
780 3089 839 3116 Alte
857 3090 972 3115 cinblum
992 3096 1065 3124 putes
1076 3095 1108 3121 80
1128 3089 1200 3115 euim
1213 3088 1340 3114 facillime
1354 3089 1417 3116 disci
1428 3090 1614 3117 arbitrabatur.

1219 3125 1223 3128 ²
1369 3125 1373 3129 .
1405 3125 1410 3130 .
1669 3092 1725 3117 Sen.
1739 3093 1816 3128 Epist.
1832 3095 1868 3127 76
1881 3098 1965 3129 princ.
1991 3097 2020 3121 In
2033 3096 2081 3123 illo
2096 3098 2166 3129 ioco,

1129 3132 1185 3158 quo
1197 3133 1240 3150 vir
1252 3123 1336 3150 bonus
1348 3124 1466 3157 discitur,
1481 3126 1622 3161 paucislimi
1635 3127 1730 3154 sedent.
1765 3128 1833 3155 Add.
1848 3130 1913 3156 Cels.
1930 3139 1936 3156 1
1953 3132 2035 3165 praef.
2054 3132 2164 3158 Eodem-

1129 3168 1180 3194 que
1194 3159 1301 3186 auctore
1314 3159 1378 3186 disci
1392 3161 1484 3195 potest.

1143 3230 1148 3234 ι
1164 3201 1183 3221 D
1193 3202 1203 3220 1
1213 3201 1252 3222 sc
1263 3202 1279 3221 E
1289 3203 1346 3226 NS,
1366 3198 1441 3223 entis.
1469 3198 1535 3224 Part.
1571 3197 1737 3232 [μανθάνων]
1778 3199 1826 3231 Vt,
1847 3199 1886 3225 Ad
1901 3201 2049 3227 Mensuram
2065 3201 2163 3228 discen-

1128 3235 1163 3256 tis
1175 3231 1200 3256 se
1218 3230 1372 3258 submittere
1402 3233 1533 3266 Qiineiil.
1551 3241 1576 3265 2,
1589 3241 1612 3265 3,
1625 3240 1651 3267 7.
1722 3234 1838 3260 Currere
1859 3234 1955 3262 discens
1976 3236 2065 3263 sraelis
2083 3238 2164 3264 remis

1129 3266 1205 3300 Virg.
1219 3266 1283 3292 Aen.
1298 3274 1321 3299 ς,
1337 3275 1394 3294 222.
1421 3271 1438 3294 i.
1453 3275 1568 3300 tentans,
1577 3267 1692 3301 studens.
1762 3270 1883 3304 Fatigare
1895 3271 2036 3298 discentem
2049 3280 2096 3306 per
2110 3281 2165 3300 am-

1128 3301 1205 3336 bages
1223 3301 1351 3335 Qiinefil.
1366 3311 1386 3335 3,
1402 3311 1434 3330 ιι.

1164 3343 1412 3369 D1SC1TVRvs,
1432 3347 1462 3371 a,
1481 3347 1535 3365 um.
1571 3338 1650 3373 Apul.
1664 3345 1703 3374 ap.
1716 3339 1838 3366 Priscian.
1855 3346 1883 3367 ιο
1902 3350 1926 3375 p.
1940 3349 1995 3374 392.

1164 3378 1222 3399 Dis
1233 3378 1274 3399 CE
1285 3379 1401 3406 NTIA,
1419 3383 1457 3400 ae.
1475 3374 1494 3400 f.
1530 3374 1649 3409 Discendi
1666 3373 1753 3408 abias,
1766 3375 1819 3408 stuc
1839 3377 1868 3401 In
1888 3376 2001 3411 distendo
2021 3375 2164 3413 diligentia.

1129 3408 1246 3435 Tertull.
1261 3408 1293 3434 de
1306 3408 1401 3435 Anima
1415 3419 1433 3439 1,
1446 3417 1475 3441 23
1490 3416 1514 3434 et
1527 3418 1563 3442 24
1588 3409 1733 3438 Discentias
1751 3410 1955 3438 reminiscentias
1973 3414 2021 3439 effe
2037 3415 2078 3439 vel
2094 3414 2161 3441 fieri.

1165 3450 1183 3469 D
1193 3451 1202 3469 Ι
1210 3451 1223 3471 S
1232 3449 1247 3469 C
1257 3451 1266 3470 1
1276 3451 1291 3470 Ρ
1299 3449 1316 3469 1.
1326 3452 1335 3470 1
1343 3452 1394 3471 NA
1403 3463 1411 3476 ‚
1429 3452 1467 3471 ae.
1493 3445 1512 3470 f.
1549 3444 1689 3477 [μάθησιῃ
1709 3443 1804 3471 παιδεία
1813 3466 1821 3478 ,
1840 3446 1982 3478 palmula,
1995 3447 2095 3482 a'ywyaei]
2116 3451 2165 3476 Di-

1129 3482 1196 3505 citur
1211 3481 1315 3514 proprie
1331 3483 1359 3505 in
1377 3480 1512 3515 distipulo,
1524 3479 1593 3514 ficut
1605 3481 1726 3507 Domina
1742 3484 1768 3506 in
1787 3479 1920 3516 magtstro:
1938 3481 1971 3515 est
1984 3486 2047 3509 enim
2059 3488 2164 3519 proprie

1129 3514 1331 3550 Eruditio,quam
1345 3524 1360 3541 a
1366 3521 1524 3551 praeccPtore
1537 3515 1672 3551 discipulus
1682 3518 1780 3550 accipit.
1817 3516 1864 3543 Sed
1876 3526 1924 3543 nor:
1953 3517 2032 3554 'emper
2045 3520 2088 3546 illa
2099 3521 2164 3547 rela-

1129 3553 1164 3576 tio
1176 3550 1325 3585 obstruatur.
1397 3551 1453 3582 Cic.
1468 3550 1545 3577 Acad.
1557 3559 1585 3583 4,
1601 3559 1643 3576 102
1661 3559 1681 3576 c.
1696 3559 1725 3582 32
1746 3550 1773 3576 de
1784 3550 1867 3577 verbis
1886 3561 1915 3578 ex
1931 3520 1994 3580 libro
2007 3554 2164 3588 Clitomachi,

1129 3585 1192 3611 Sunt
1205 3585 1277 3611 enini
1291 3585 1360 3612 mihi
1373 3592 1435 3612 nota
1443 3606 1451 3618 ,
1470 3592 1607 3621 propterea
1621 3584 1691 3620 qnod
1709 3594 1798 3611 earum
1811 3586 1925 3620 ipsarum
1939 3597 2045 3622 rerum,
2057 3590 2089 3617 de
2104 3591 2163 3626 qui-

1128 3619 1177 3646 bus
1190 3620 1307 3654 agimus,
1327 3620 1411 3654 prima
1426 3621 1556 3648 institutio
1575 3627 1600 3647 et
1620 3620 1689 3654 quasi
1706 3620 1841 3655 disciplina
1855 3622 1904 3649 illo
1918 3624 1988 3651 libro
2003 3626 2162 3654 continetur.

1130 3655 1185 3681 Cic.
1201 3657 1254 3688 Qi.
1270 3656 1353 3682 Fratr.
1371 3665 1389 3691 1,
1405 3666 1413 3683 1
1444 3657 1531 3684 Studia
1545 3662 1569 3682 et
1585 3662 1667 3687 arm,
1689 3664 1756 3689 quae
1770 3656 1828 3683 sunt
1840 3658 1918 3685 nobis
1931 3660 2055 3687 Graeciae
2070 3655 2163 3688 monu'-

1129 3690 1223 3716 mentis
1237 3690 1434 3726 disciplinisque
1448 3692 1550 3719 tradita.
1608 3691 1714 3717 Vitrnu.
1728 3700 1748 3723 1,
1764 3700 1825 3727 [pr.
1842 3693 2026 3722 Architectura
2039 3696 2074 3722 est
2082 3697 2162 3723 scien-

1129 3726 1166 3752 tia
1179 3726 1298 3760 pluribus
1312 3727 1453 3761 disciplinis
1468 3734 1493 3753 et
1511 3726 1592 3753 variis
1611 3726 1807 3754 eruditionibus
1824 3735 1916 3756 ornata
1934 3744 1980 3750 ——-
1998 3733 2087 3765 Itaque
2100 3741 2160 3757 enm

1129 3766 1155 3788 et
1174 3762 1339 3796 ingeniosum
1355 3764 1403 3789 esse
1418 3768 1537 3796 oportet,
1552 3767 1578 3787 et
1597 3760 1630 3786 ad
1648 3761 1812 3796 disciplinam
1832 3765 1957 3791 docilem:
1985 3775 2069 3800 neque
2087 3768 2159 3792 enim

986 3798 1063 3829 Hinc,
1072 3807 1119 3825 100
1130 3797 1266 3832 ingenium
1280 3797 1332 3824 fine
1350 3797 1500 3831 disciplina,
1518 3802 1562 3822 aut
1580 3795 1717 3831 disciplina
1728 3798 1779 3824 sine
1798 3800 1907 3834 ingenio
1922 3802 2065 3835 pcrfeftnm
2080 3801 2160 3827 artifi-

1130 3842 1185 3859 cem
1200 3833 1282 3867 potest
1295 3832 1406 3860 efficere.
1461 3834 1492 3857 Et
1505 3841 1528 3866 p.
1543 3842 1561 3866 4
1588 3832 1651 3858 Non
1664 3840 1727 3867 puto
1739 3835 1807 3867 posse
1822 3836 1887 3862 iuste
1901 3843 2006 3870 repente
2019 3837 2047 3865 se,
2056 3836 2161 3870 profite-

1129 3869 1154 3895 ri
1173 3868 1344 3900 architeetos‚
1369 3866 1417 3893 nisi
1436 3868 1483 3902 qui
1502 3867 1534 3894 ab
1553 3874 1637 3894 aetate
1658 3870 1752 3902 puerili
1767 3869 1808 3896 his
1821 3871 1943 3905 gradibus
1963 3872 2160 3904 disciplinarum

1131 3903 1275 3930 scandendo
1291 3918 1335 3922 —
1354 3903 1523 3936 peruenerint
1536 3902 1567 3929 ad
1580 3903 1709 3930 sunm-ium
1722 3905 1848 3939 templum
1864 3906 2061 3932 archiscomii-ae.
2104 3906 2160 3930 Cic.

1130 3938 1207 3965 Acad.
1227 3947 1248 3970 ι,
1268 3947 1286 3970 4
1324 3938 1369 3964 Sin
1384 3947 1399 3963 a
1413 3938 1573 3965 Graecorum
1593 3939 1692 3965 artibus
1713 3946 1737 3966 ct
1757 3940 1902 3975 disciplinis
1920 3941 2105 3971 abhorrerent,
2127 3948 2160 3966 ne

540 3978 603 3998 enus
620 3979 782 4007 programma
795 3975 824 4002 in
840 3974 984 4011 parietibus
997 3974 1116 4014 fixit,105
1127 3974 1189 4003 haec
1203 3972 1312 4010 quidem
1324 3979 1467 4008 curaturos,
1487 3982 1554 4011 quae
1567 3974 1620 4002 sine
1634 3974 1784 4004 eruditione
1797 3976 1895 4003 Graeca
1909 3975 2023 4010 intelligi
2036 3984 2089 4001 non
2103 3976 2161 4008 pos-

1280 4007 1339 4037 Bb
1374 4016 1391 4036 z
2091 4010 2160 4038 sunt..
