2479 4225
31 3113 33 3116 ⁴
76 3111 109 3137 G.
123 3119 144 3142 3,
161 3117 196 3142 ις.

28 3145 34 3157 “
74 3145 108 3172 de
119 3144 310 3178 solutionibus.

16 3229 23 3257 ι
44 3231 46 3235 -
69 3215 210 3256 ,Ῐῑιλείιιτῃῑω
230 3215 248 3240 Ι.
261 3222 278 3249 7
290 3215 312 3252 6
325 3225 338 3248 3
351 3217 410 3250 Dig.
427 3216 458 3243 de
471 3216 631 3243 minoribus.

15 3310 27 3338 ς’·
69 3323 145 3359 pedit
156 3327 266 3358 agentem
278 3322 390 3356 aliquid,
411 3324 593 3358 Inte-pellatur.

2 3360 5 3370 ¹
33 3363 35 3368 ⁴
76 3359 165 3385 nostra
184 3357 213 3382 in
232 3355 274 3382 his
293 3356 531 3385 deliberationibus
550 3358 753 3385 consumebatur
770 3358 873 3389 oratio,
899 3357 979 3391 idque
1000 3364 1025 3383 et
1047 3359 1121 3392 saepe

93 206 278 246 11970⁷
487 196 505 234 Ι
590 191 770 249 ΝξΤ

93 286 113 313 ἰ.
133 281 192 317 pm
203 290 317 319 magnum
328 282 492 310 interuallum.
548 281 675 316 Accipere
689 281 829 310 interualla
840 280 943 308 maiora
964 280 1084 309 Sci-ibon.
1092 289 1136 314 99.

91 319 265 348 Interuallum
278 317 374 344 deinde
387 318 456 344 haud
470 326 594 352 magnum
608 317 826 351 populationibus
838 317 890 343 fuit
914 316 975 342 Liu.
992 325 1011 348 1,
1049 336 1055 342 .
1091 336 1098 342 .

91 357 114 381 ι’.
134 354 218 395 Paullo
229 350 284 389 pes?
289 354 406 389 populati
412 354 483 389 sum.
539 353 608 380 Cum
621 353 791 379 interuallum
805 362 819 380 a
833 353 926 379 somno
940 351 1053 390 fecerint
1068 352 1134 379 Scri-

91 389 156 417 bon.
169 397 224 416 100.
314 388 375 415 Liu.
390 397 412 419 2,
427 397 453 415 21
463 396 507 424 pr.
543 388 665 423 Regnalse
676 387 770 415 deinde
783 387 903 415 Seruium
917 386 1044 413 Tullium
1060 399 1066 414 :
1100 397 1134 414 ne

92 423 235 452 interuallo
260 423 369 458 quidem
394 424 466 450 faelo
488 423 604 450 oblitum
627 430 751 458 tanquam
769 424 883 450 alienum
897 422 971 456 regni
986 423 1130 457 Superbum
1155 433 1170 460 ς

46 486 50 495 ,
92 459 291 494 Tarquinium,
310 459 382 486 velut
397 459 570 486 hereditatem
583 459 682 493 gentis,
702 458 796 485 scelere
809 467 836 484 ac
848 458 877 483 vi
890 457 1017 491 repetiss'c.
1071 460 1130 485 Hoc

91 494 228 523 interualli
241 494 333 521 datum
358 495 418 521 Liu.
432 503 454 527 3,
469 503 507 527 25.
592 495 660 521 Dare
674 494 754 521 alicui
767 492 937 528 interuallum
952 493 1070 520 soluendi
1086 495 1131 521 Vl-

107 529 160 556 ian.
175 529 204 556 in
218 530 236 556 l.
251 530 269 556 ss
283 539 348 557 vero
363 528 387 567 §.
400 530 418 556 fi
431 530 486 564 post
502 531 534 557 D.
547 529 636 557 Mand.
650 530 702 556 vel.
716 536 785 556 cont.
861 528 990 554 Numeris
1005 530 1132 556 interual-

103 563 124 590 's
139 571 245 600 apparet
265 566 322 593 Cic.
333 566 362 593 in
375 566 449 593 Orat.
463 570 509 596 εει.
543 566 686 592 interualla
701 571 774 592 vocat
791 563 944 599 Syllabarum
960 570 1068 600 tempora
1079 565 1132 592 hre-

86 603 131 627 via
140 601 154 633 ‚'
167 603 295 637 longaque.
623 610 625 613 ·
867 605 869 607 '

130 641 141 662 1
155 641 177 662 N
188 643 210 662 T
220 644 235 662 r
245 644 264 663 R
273 642 294 662 v
303 643 352 671 ᾼι.
360 642 378 670 ι.
388 643 411 663 Λ
422 643 444 663 T
453 641 474 663 v
486 642 499 662 s
507 656 515 669 ,
537 646 567 669 a,
588 645 643 662 um.
683 634 743 661 Adi.
780 631 1011 669 [διαλελειμμέως]
1047 635 1132 663 Inter-

87 670 184 698 vallata
196 671 289 704 febris,
307 680 379 707 quam
388 672 596 698 Intermittcntem
609 669 632 697 ἐι
644 676 804 698 reuertentem
817 678 939 696 vocamus.
975 670 1042 696 Gell.
1053 679 1090 704 17,
1104 680 1132 697 ιι

87 707 160 734 Haec
174 706 259 734 biduo
271 707 364 734 medio
376 707 544 734 interuallata
557 707 651 734 febris.
723 704 861 740 Tempore
873 703 950 731 breui
963 705 1132 733 interuallato

87 742 220 768 Ammian.
235 745 274 775 26,
288 751 313 769 2..
355 742 414 769 Vid.
427 751 470 775 29,
486 750 523 777 ¹7·

1577 197 1598 243 Ι
1682 199 1727 240 Ν
1811 202 1856 243 Τ
2149 215 2236 260 Ιι98

1196 285 1258 313 dolo
1270 286 1479 315 interuerterint.
1583 288 1726 317 Orationes
1745 289 1803 315 sen.
1817 291 1885 318 Suas.
1899 301 1923 319 2.
1942 295 1961 320 τ’.
1974 303 2003 321 cx
2015 295 2075 322 aliis
2088 305 2116 322 ex
2129 296 2233 324 wibert.

1196 322 1334 361 Pecuniam
1353 324 1455 350 Petron.
1472 333 1492 350 c.
1507 332 1563 357 124.
1633 324 1809 351 Poll'essionem
1826 325 1997 355 inter-uertere
2022 296 2160 358 Marcelliis
2172 333 2200 358 in
2214 332 2241 358 l.'
2258 343 2261 345 ·

1195 357 1221 383 St
1235 359 1294 392 quis
1308 367 1379 392 rem,
1399 367 1477 393 quam
1492 359 1522 385 D.
1539 360 1570 386 de
1583 368 1638 394 acq.
1653 360 1693 386 vel
1706 361 1780 388 amit.
1794 361 1889 394 poss'cn:
1956 365 2011 390 Cic.
2028 365 2138 401 Philipp,
2154 376 2167 393 2
2177 387 2184 398 ‚
2197 376 2233 399 —9

1196 402 1218 419 c.
1233 402 1259 425 32
1277 393 1324 419 Ille
1338 393 1443 420 induxit
1458 401 1484 420 vt
1498 401 1617 428 peteret:
1653 395 1805 429 promiffiuu
1817 402 1843 422 et
1861 404 1993 431 receptum
2015 403 2176 433 unerucrtit,
2197 389 2230 430 :id

1194 428 1272 463 seque
1284 429 1422 468 transtulit.
1527 429 1686 463 Saburram,
1703 437 1828 458 euertere:
1864 432 1965 458 Paullus
1978 434 2005 459 in
2019 436 2034 461 l.
2043 437 2181 464 Amillione
2197 439 2229 464 D.

1195 463 1226 489 dc
1240 464 1333 497 capitis
1344 464 1540 496 (inminutione,
1559 466 1633 498 Qtae
1648 467 1715 492 salua
1730 467 1838 492 ciuitate
1850 466 1963 499 accidit,
1978 478 2022 500 per
2036 480 2111 504 quam
2126 473 2231 506 publica

1194 499 1250 526 iura
1263 508 1318 525 non
1334 500 1473 526 inter-uerti
1488 500 1593 527 constat.
1671 501 1743 527 idem
1757 502 1784 527 in
1799 501 1816 528 l.
1830 502 1942 528 Tutctas
1957 503 1988 528 1).
2003 504 2034 530 dc
2047 508 2137 539 capitis
2152 508 2230 535 dimi-

1193 534 1314 568 nutione,
1324 535 1468 569 Legitimae
1481 535 1577 562 tutelae
1592 545 1621 562 cx
1636 537 1683 563 ΧΠ
1693 537 1782 564 Tabb.
1791 537 2003 565 interuertuntur
2015 540 2105 567 eadem
2118 543 2230 575 ratione,

1194 579 1245 604 qua
1258 576 1284 596 et
1297 570 1464 596 hereditates,
1570 572 1619 597 Pro
1634 574 1697 598 Dcco
1715 582 1777 599 utre.
1814 573 1903 599 Tacit.
1917 572 1983 600 Hist.
1997 582 2023 605 2,
2035 582 2075 608 95,
2087 585 2106 609 4
2126 578 2230 605 Νομίας

1157 605 1289 632 iomillics
1301 605 1448 632 sestertium
1461 604 1613 639 pauciffimis
1627 616 1685 632 men
1699 609 1755 633 ibus
1768 608 1940 636 interuertifl‘e
1953 608 2078 636 creditur.

1231 648 1239 666 1
1250 647 1270 665 N
1280 647 1302 666 Τ
1311 647 1327 666 Ε
1336 648 1353 667 R
1362 647 1382 666 ν
1391 648 1406 666 r
1416 648 1434 667 R
1443 648 1455 667 s
1465 648 1484 667 v
1494 648 1518 672 S,
1539 649 1561 672 a,
1580 650 1633 667 um.
1656 644 1720 669 Part.
1758 643 1812 670 Cic.
1821 653 1869 677 pro
1878 644 2012 670 Dou10112
2035 645 2058 671 1⁸
2065 645 2232 681 posteaquam

1194 675 1341 708 intellexit,
1360 677 1428 710 poll'e
1442 676 1482 708 se,
1501 676 1644 703 interuersa
1659 677 1862 711 Aedilitate‚etc.
1934 680 2004 705 Idem
2013 681 2087 708 Verr.
2094 689 2122 714 4,
2130 683 2161 711 68
2171 692 2191 708 c.
2201 692 2232 715 3ο

1192 711 1248 744 Qti
1262 711 1279 737 si
1295 711 1490 743 intellexerint,
1511 711 1658 738 interuersa
1671 713 1752 747 regali
1768 713 1818 739 hoc
1828 713 1918 745 dono,
1937 716 2052 748 grauiter
2071 725 2118 742 vos
2137 718 2231 744 tulifl'e.

1191 746 1282 772 'facin
1299 747 1366 773 Anu.
1379 748 1414 777 16,
1429 755 1456 772 10
1475 746 1522 772 Sed
1534 747 1643 774 initium
1657 747 1815 782 detegendae
1827 750 1952 776 saeuitiae
1966 751 2086 784 praebuit
2104 751 2234 780 interuer-

124 784 134 803 1
143 784 166 804 N
176 783 251 804 TER
260 784 306 804 VE
315 785 332 804 L
341 784 357 803 L
369 783 388 804 Ο
397 798 407 811 ,
427 778 491 804 velli
505 778 545 804 vel
555 775 637 809 vulfi,
657 775 762 802 vulsum
772 794 779 807 ‚
799 776 853 806 ἕΐθ-
890 773 1056 810 [δ’ἔκῐὲλλω]
1092 778 1129 803 D¹2
1157 781 1221 814 15sis
1235 782 1339 815 patroni
1351 781 1429 808 rebus
1442 780 1473 807 ad
1486 783 1676 809 accusationem
1690 783 1895 818 transgrediens,
1915 792 1961 811 etc.

86 812 165 840 medio
181 812 279 849 aliquid
290 813 386 846 pellere.
434 812 500 839 Plinr.
515 820 552 846 17,
565 820 596 847 27
609 818 673 839 extr.
694 812 774 838 Poma
786 810 875 836 omnia
888 810 1021 837 interut-lli
1034 811 1129 838 melius

87 847 141 881 est,
164 853 193 874 vt
206 857 273 883 quae
285 849 344 875 sunt
355 847 448 876 relitSia
462 847 639 882 grandescant.
710 847 816 873 Colum.
830 853 915 885 4,.33,
928 854 939 878 3
965 846 1128 882 Simulatque

85 883 186 910 semina
200 884 373 914 minuerint,
393 883 473 909 etiam
486 882 558 910 bima
571 881 711 909 transferri
723 887 839 916 queunt,
859 882 1078 915 interuelluntur,
1099 892 1128 909 ac

86 918 146 945 bini
159 918 237 953 pedes
252 918 399 946 arbusculis
411 919 489 945 vacui
500 918 704 953 relinquuntur,
723 925 757 943 ne
769 916 878 943 densitas
893 918 989 950 plantas
1009 925 1127 945 emanet.

1227 824 1266 843 ιΝ
1276 823 1297 842 Τ
1307 824 1323 844 Ε
1333 823 1351 842 R
1361 823 1407 856 viz
1418 823 1433 842 R
1444 824 1456 843 s
1468 824 1519 848 10,
1540 818 1605 845 finis.
1635 818 1655 844 f.
1691 819 1810 846 Tertull.
1832 820 1933 846 adners.
1958 821 2037 846 Marc.
2062 829 2081 853 ι,
2103 830 2134 848 20
2142 828 2187 858 pr.
2205 824 2232 850 Ο

1190 852 1308 883 Christe,
1331 851 1513 886 patientillime
1527 853 1658 885 Domine,
1678 854 1725 888 qui
1739 860 1780 881 tot
1794 863 1875 881 annos
1894 854 2113 883 interucrssonem
2130 858 2233 892 praedi-

1189 888 1302 914 cationis
1314 893 1374 914 tuac
1389 887 1538 914 sustinuisti.
1646 889 1759 924 Regulae
1772 889 1931 917 interuersio
1951 890 2019 917 Ibid.
2033 901 2053 923 3,
2068 901 2088 918 ι.

1227 929 1239 949 1
1251 930 1271 948 N
1281 929 1326 949 TE
1338 929 1356 948 R
1373 929 1392 948 v
1406 930 1421 949 ιζ
1430 930 1447 948 R
1457 929 1470 948 s
1479 929 1499 949 v
1512 929 1530 951 R
1541 930 1563 949 Α
1572 943 1581 955 ,
1600 932 1638 950 ae.
1655 924 1674 950 f.
1718 925 1840 959 iseo-fiam,
1859 926 1902 952 vbi
1918 927 1984 952 linea
2005 929 2145 954 terminalis
2156 930 2233 956 alium

86 953 145 980 sen.
159 955 238 989 Epist.
254 963 291 988 ¹¹5
305 957 372 987 (¹4)
403 953 484 987 Qtod
504 954 605 980 faciunt
618 953 653 984 ii,
673 952 720 987 qui
735 951 843 978 barbam
856 953 971 985 vellunt,
989 959 1033 979 aut
1046 954 1169 984 inter-20
1181 957 1277 993 flexum
1291 961 1392 993 accipit.
1429 958 1527 992 Hygin.
1542 958 1574 984 de
1588 958 1679 985 Limit.
1693 960 1806 986 Constit.
1820 969 1845 995 p.
1860 966 1904 995 178
1923 960 1982 986 edit.
1995 961 2062 997 GoeJ:
2083 963 2136 990 Vbi
2149 964 2232 993 serra-

84 989 196 1019 vellunt.
232 993 251 1016 i.
268 992 324 1018 Aut
335 992 379 1024 qui
391 989 496 1016 entellum
506 996 600 1022 totam,
615 994 658 1015 aut
667 989 704 1014 ali
720 997 764 1013 uos
777 994 874 1014 tantum
882 990 962 1022 pilos,
982 997 1028 1024 quo
1044 992 1126 1016 rario.

48 1039 50 1041 ·
83 1024 258 1059 remfaciarzt.
291 1024 364 1051 Adde
377 1025 447 1051 Gell.
467 1044 474 1050 .
496 1044 502 1051 .
525 1044 532 1051 .
603 1024 711 1050 Interuu
724 1022 787 1049 seris
801 1021 834 1056 cst
861 1023 991 1049 Columel.
1011 1032 1033 1056 ς,
1055 1033 1092 1056 ιο,
1105 1032 1127 1057 ς.

83 1063 117 1087 ie.
133 1059 228 1086 Pallad.
241 1060 293 1086 Iul.
307 1068 334 1092 2,
348 1068 374 1086 2.
410 1066 434 1086 ct
447 1059 513 1086 Plin.
529 1067 566 1094 17,
579 1067 613 1093 27
628 1065 693 1085 extr..
707 1059 726 1084 s.
738 1065 782 1092 47.
856 1060 894 1084 Dc
907 1062 1016 1085 oratione
1041 1060 1127 1095 Quin.

85 1093 144 1121 dil.
157 1103 195 1128 ιο,
209 1102 236 1130 7,
252 1103 265 1128 ς
295 1097 371 1129 Qiae
389 1095 426 1122 ita
442 1096 499 1122 sunt
517 1102 608 1121 natura
622 1093 755 1128 copulata,
775 1098 804 1120 vt
816 1094 912 1120 mutari
930 1100 974 1122 aut
989 1094 1126 1122 interuclli

82 1130 136 1158 fine
148 1130 304 1157 confusione
317 1139 372 1156 non
386 1130 487 1165 pollint.
555 1129 624 1157 Add.
645 1137 682 1161 12,
695 1136 721 1161 9,
735 1135 772 1162 17.

79 1163 94 1176 ⁶
118 1171 161 1192 rN
174 1172 248 1192 TER
258 1172 354 1192 vas
364 1172 424 1199 vs,
443 1175 474 1199 a,
494 1174 549 1191 um.
567 1164 628 1191 Adi.
663 1162 810 1190 interuulsa
824 1162 890 1189 serie
909 1162 990 1191 Solin.
1005 1173 1027 1191 c.
1043 1172 1065 1198 5.

121 1207 132 1226 1
143 1207 166 1226 N
176 1208 198 1227 Τ
207 1207 223 1227 E
232 1207 250 1226 R
259 1207 279 1227 V
288 1199 307 1227 ἔ
316 1207 337 1227 N
348 1208 357 1226 1
368 1208 404 1234 O,
423 1201 501 1233 veni,
520 1205 626 1226 ventum
635 1218 644 1231 ,
664 1201 712 1225 ire.
748 1199 868 1233 [ἔφίςημι
876 1219 884 1230 ,
902 1198 1054 1234 ἐπέρχομαι]
1093 1202 1125 1227 Ιη,

82 1235 162 1262 medio
176 1239 273 1272 negoti0
282 1256 291 1269 ,
305 1236 476 1272 superuenire.
513 1236 580 1262 Ter.
595 1235 624 1260 in
637 1234 753 1268 Prologo
767 1235 832 1260 Hec.
846 1242 863 1260 2
883 1235 952 1260 Haec
970 1245 1053 1270 quum
1067 1235 1127 1262 data

80 1270 119 1297 est
131 1279 218 1304 noua,
236 1280 338 1298 nouum
350 1271 496 1298 interuenit
509 1270 606 1297 vitium
621 1276 646 1296 et
658 1269 801 1296 calamitas.
905 1270 960 1296 Cic.
973 1273 1028 1298 Att.
1042 1280 1080 1302 ις,
1103 1280 1125 1297 ιι

81 1306 171 1339 Quam
186 1307 335 1334 orationem
347 1310 435 1342 q'uum'
444 1306 568 1340 ingressus
582 1306 657 1331 essem
666 1325 673 1337 ,
691 1305 786 1332 Cassius
798 1305 950 1332 interuenit.

76 1342 149 1373 ᾼιιη.
164 1350 187 1374 3,
200 1351 230 1374 23
240 1349 283 1378 pr.
303 1342 402 1377 Lepida
413 1342 538 1368 ludorum
552 1340 645 1367 diebus
659 1341 706 1375 qui
718 1341 897 1376 cognitionem
916 1341 1123 1374 interuencrant,

79 1376 212 1404 theatrum
227 1387 287 1404 cum
301 1378 377 1404 claris
389 1377 496 1404 feminis
510 1377 636 1411 ingressa,
655 1383 700 1402 etc.
790 1376 926 1410 Cogitatio
944 1378 1033 1404 minor
1044 1378 1125 1404 inter-

79 1413 155 1445 venit
168 1413 280 1443 maiori,
295 1420 340 1439 etc.
360 1413 420 1439 Liu.
434 1421 478 1445 29,
491 1415 560 1448 ὅρι’.
651 1411 733 1439 Plaut.
745 1411 841 1446 Amph.
856 1420 878 1444 ς,
894 1421 915 1443 2,
930 1421 957 1444 52
972 1414 1030 1440 Irae
1043 1413 1124 1440 inter.

79 1449 209 1480 veniunt,
227 1448 337 1475 redeunt
350 1448 456 1474 rursum
469 1449 498 1473 in
510 1447 631 1482 gratiam.
703 1447 805 1473 Malum
818 1448 920 1474 auitum
934 1448 1029 1475 deinde
1043 1449 1123 1475 iuter-

79 1484 155 1510 venit
169 1483 202 1509 iis
219 1483 444 1517 cogitationibus,
462 1483 538 1517 regni
550 1482 647 1517 cupido
667 1482 726 1508 Liu.
745 1491 764 1514 1,
777 1485 803 1509 6.

79 1528 122 1546 res
136 1518 300 1551 adclinem,
319 1519 349 1545 ni
364 1527 416 1545 nox
434 1519 537 1554 praelio
555 1518 744 1544 interuenisset.
848 1517 960 1553 Plangor
980 1520 1124 1546 interuenit

77 1554 155 1581 ouini
167 1554 253 1580 verbo
272 1553 354 1580 Ouid.
368 1554 432 1580 Met.
447 1562 480 1586 ιι,
493 1559 552 1588 708.
634 1553 695 1580 Liu.
710 1562 729 1586 ι,
741 1555 771 1584 36
778 1559 823 1589 pr.
844 1554 924 1581 Muro
939 1563 1045 1590 quoque
1060 1555 1124 1589 lapi-

78 1590 129 1616 deo
145 1588 308 1617 circumdare
322 1589 416 1617 vrbem
429 1589 551 1624 parabat,
571 1597 654 1623 quum
668 1588 792 1614 Sabinmn
805 1588 904 1616 bellum
922 1592 1021 1624 coeptis
1042 1591 1124 1618 inter-

77 1625 162 1652 venit.
254 1625 323 1651 Suet.
338 1625 410 1651 Caes.
425 1634 447 1651 c.
460 1633 492 1656 30
511 1626 612 1650 Verum
626 1633 711 1658 neque
725 1625 820 1650 Senatu
831 1624 1027 1652 interueniente
1042 1632 1067 1653 et
1080 1626 1124 1652 ad-

77 1659 203 1686 versariis
221 1654 376 1694 negantibus
396 1659 476 1687 vllam
497 1661 520 1686 se
533 1659 564 1686 de
579 1659 691 1694 Republ.
707 1659 822 1687 faeturos
834 1660 1000 1694 pactionem,
1021 1662 1050 1688 in
1061 1663 1123 1689 cite-
1131 1679 1168 1705 40
1184 1667 1278 1694 colore,-
1299 1669 1376 1693 viret,

77 1695 179 1723 riorem
193 1695 306 1722 Galliam
319 1696 409 1722 rediit.
501 1695 644 1722 Cautiones
659 1695 825 1722 interuenire
845 1696 942 1727 solent,
960 1706 1043 1731 quum
1055 1697 1121 1724 socii

80 1730 205 1757 diuidunt
222 1731 372 1758 societatem
391 1731 424 1757 de
438 1740 481 1764 eo,
493 1731 568 1766 ¹quod
589 1731 636 1757 sub
649 1730 804 1757 conditione
817 1730 929 1757 debetur
946 1733 1050 1759 Paullus
1062 1733 1090 1759 in
1107 1732 1124 1758 l.

79 1767 172 1799 Quini
185 1767 249 1792 socii
263 1767 294 1793 D.
303 1768 448 1793 Communi
461 1766 619 1793 diuidundo.
691 1766 717 1792 Si
731 1767 807 1800 culpa
820 1767 875 1792 cius
888 1767 960 1793 nulla
973 1768 1123 1795 interuent-

77 1801 116 1841 rit
134 1801 238 1836 leian.
251 1802 279 1828 in
291 1802 309 1828 l.
325 1803 416 1835 Qnun
428 1811 469 1828 res
483 1800 507 1838 6.
523 1802 572 1828 Sed
585 1801 603 1827 fi
617 1801 645 1827 id
657 1807 760 1835 petatur
773 1803 804 1827 D.
819 1801 852 1826 de
867 1802 944 1834 legat.
959 1811 979 1828 1.
1063 1802 1123 1828 Flu-

77 1844 151 1862 mine
164 1837 360 1863 interueniente
372 1837 416 1863 via
429 1837 554 1863 constitui
568 1835 665 1870 potest,
682 1836 699 1861 fl
712 1841 757 1861 aut
769 1836 838 1861 vado
850 1835 954 1861 transiri
969 1836 1067 1869 potest,
1079 1841 1164 1871 aut45

77 1870 187 1905 pontem
199 1868 279 1898 habet
298 1872 403 1897 Paullus
420 1872 448 1896 in
464 1871 481 1896 l.
495 1871 589 1896 vltima
602 1871 634 1896 D.
649 1871 681 1895 de
695 1870 815 1896 seruitut.
832 1870 922 1895 rustic.
942 1872 1122 1904 praediorum.

76 1906 158 1933 Fraus
172 1906 321 1933 venditoris
335 1906 482 1932 interuenit
500 1906 606 1939 leian.
621 1905 649 1930 in
661 1905 678 1930 l.
693 1905 838 1931 Communi
850 1903 872 1940 6.
887 1905 933 1931 vlt.
949 1906 982 1932 D.
996 1907 1124 1932 Commu-

78 1941 108 1968 ni
122 1941 282 1968 diuidundo.
351 1941 515 1967 Inimicitiae
528 1940 649 1974 capitales
662 1940 862 1967 interuenerunt
883 1940 954 1967 inter
973 1948 1127 1975 procurato-

77 1985 136 2003 rem
150 1983 175 2003 ct
189 1976 328 2002 dominum
357 1976 463 2010 leian.
479 1976 508 2001 in
520 1975 537 2000 l.
552 1975 751 2001 Filiusfamilizis
763 1973 786 2011 §.
799 1975 847 2001 vlt.
860 1976 891 2001 D.
905 1975 937 2001 de
950 1977 1127 2009 procuratori-

77 2011 136 2039 bus.

75 2048 118 2074 vel
130 2050 227 2083 negotia
238 2056 336 2083 gerere,
345 2047 390 2082 stu
403 2045 587 2079 administrare.
623 2044 780 2079 Papinianus
794 2045 822 2072 in
836 2046 853 2072 l'.
868 2046 928 2072 Sem
941 2047 973 2072 D.
986 2046 1018 2072 de
1030 2056 1124 2073 annius

76 2083 187 2117 legatis,
211 2083 272 2109 Seio
284 2082 370 2109 amico
383 2081 547 2112 fidelissimm
564 2081 582 2107 si
596 2081 730 2114 voluerit,
750 2081 812 2108 ficut
835 2081 900 2108 meis
919 2082 1124 2115 interueniebat‚

77 2117 174 2145 eodem
197 2117 279 2145 modo
296 2117 418 2146 filiorum
435 2126 558 2146 meorum
578 2117 693 2153 negotiis
714 2117 898 2145 interuenire:
934 2126 1034 2145 annuos
1048 2119 1124 2145 senos

480 2152 605 2181 Scaeuola
619 2155 647 2180 in
661 2153 678 2180 l.
693 2154 799 2179 Maeuia
812 2154 844 2179 D.
858 2152 909 2179 cod.
922 2156 965 2180 tit.

77 2163 171 2181 aureos
185 2154 310 2188 praestari
323 2154 398 2182 volo.
1002 2154 1029 2180 Si
1043 2153 1122 2180 rebus

78 2190 182 2223 nepotis
197 2190 250 2217 mei
263 2190 455 2221 intervenerit,
477 2199 638 2225 omnemque
651 2189 906 2215 administrationem
917 2197 1007 2214 rernm
1021 2189 1160 2225 nepotis-‚55

75 2226 131 2252 zuei
150 2225 183 2252 ad
201 2226 398 2252 solicitudinem
417 2228 489 2252 suam
508 2224 683 2253 reuocanerit.
788 2224 939 2249 Praetorem
959 2223 1125 2249 interuenire

75 2267 200 2296 oportet,
221 2261 238 2287 si
259 2262 318 2296 quis
338 2262 464 2296 impediat
477 2270 546 2292 eum,
561 2261 608 2294 qui
630 2259 710 2290 emit,
727 2266 781 2292 quo
795 2258 882 2283 minus
895 2258 920 2283 ei
933 2267 975 2284 res
990 2260 1125 2284 tradantur

75 2297 184 2331 leian.
205 2297 234 2323 in
254 2297 273 2322 l.
293 2297 327 2322 At
346 2296 364 2322 fi
385 2297 460 2330 quis,
479 2299 506 2321 in
515 2298 628 2329 princip.
644 2295 675 2320 D.
690 2293 721 2319 de
734 2292 852 2326 religios.
867 2300 893 2319 et
907 2293 1036 2318 sumtibus
1049 2294 1125 2319 fune-

219 2332 301 2358 Plaut.
315 2331 373 2357 Mil.
386 2340 415 2364 4,
431 2336 453 2362 8,
461 2339 487 2362 23
506 2331 549 2357 Ne
565 2329 757 2362 interucneris,
778 2329 892 2361 quaeso,
911 2328 973 2354 dum
987 2328 1123 2362 resipiscit.

74 2365 192 2399 Interest&
204 2377 214 2392 .·
250 2366 357 2398 Cicero,
394 2385 401 2392 .

72 2402 174 2428 niss'em.
281 2402 465 2428 Interuentttm
484 2400 521 2426 est
538 2399 619 2426 alicui
642 2399 674 2425 de
688 2399 852 2433 improuiso,
873 2399 1036 2435 Impersbnale
1054 2400 1123 2427 Ter.

73 2438 170 2465 Heaut.
183 2445 207 2468 2,
220 2445 245 2467 2,
260 2445 304 2469 40.
346 2447 348 2450 ·

110 2480 122 2499 1
133 2479 155 2498 N
169 2479 190 2498 T
199 2479 215 2498 r
225 2478 244 2497 R
252 2478 272 2496 v
282 2478 298 2498 ιε
309 2477 332 2496 Ν
344 2477 353 2496 1
364 2478 381 2497 r.
391 2478 412 2497 N
421 2478 433 2497 s
442 2490 451 2503 ‚
473 2470 550 2496 entis.
570 2469 664 2496 Par-tic.
700 2469 897 2504 [ἐπερχόμενος]
934 2470 991 2499 Cic.
1004 2471 1087 2497 Tusc.
1100 2480 1124 2503 3,

76 2513 104 2539 38
118 2517 140 2533 c.
157 2514 185 2541 ιγ
207 2508 237 2532 In
252 2515 345 2541 magna
359 2512 431 2541 parte
444 2506 514 2532 vitae
527 2505 620 2532 dolore
634 2514 686 2531 non
709 2505 913 2531 interueniente.
1006 2506 1124 2532 Desertis

73 2542 332 2574 interuenientibus,
350 2543 375 2568 h.
387 2552 406 2568 c.
421 2539 564 2568 Interfectis
581 2541 648 2567 Plin.
662 2549 684 2573 ς,
698 2548 724 2575 7.

73 2579 119 2605 cui
130 2586 231 2604 nomen
243 2578 279 2603 est
293 2578 374 2609 Vior,
391 2578 416 2604 h.
432 2586 452 2603 e.
467 2576 631 2604 Interlabcnte
643 2577 683 2602 uel
694 2575 851 2611 interfluente
871 2576 937 2602 Plin.
953 2585 976 2609 ς,
992 2585 1012 2602 ι.
1080 2578 1122 2603 In.

73 2613 227 2647 terueniens
236 2611 268 2646 est
278 2613 434 2639 Intercedcns
443 2623 450 2638 :
486 2613 555 2638 Suet.
564 2611 687 2638 Claud.c.
695 2616 723 2643 38
741 2613 841 2637 Contra
855 2612 968 2638 vetitum
981 2612 1124 2639 coctaven-

76 2649 166 2682 dentes
181 2649 322 2681 inuitauit,
341 2648 515 2682 villicumque
529 2647 752 2673 interuenientem
773 2646 924 2680 flagellauit.

113 2691 123 2710 1
133 2691 154 2709 N
165 2691 187 2710 Τ
197 2691 214 2711 ε
224 2691 243 2711 R
252 2691 297 2711 vr
306 2691 327 2710 N
338 2691 360 2710 T
371 2690 392 2709 ν
404 2691 433 2718 s,
453 2682 492 2710 fis.
521 2692 557 2710 m.
594 2683 754 2716 [ἒπέλευσις]
790 2682 846 2708 Cic.
860 2683 913 2708 Att.
929 2683 966 2714 16,
979 2690 1003 2708 11
1029 2682 1121 2709 Caleni

75 2719 256 2747 interuentum
269 2725 295 2746 et
310 2719 459 2746 Caluennae
471 2718 585 2745 cauebis.

75 2754 188 2789 Dig.‹de
208 2755 329 2782 tribular.
348 2754 406 2781 A&
514 2754 653 2785 Feriarum
670 2753 823 2779 interuentu
841 2752 983 2787 impeditus
999 2753 1035 2780 est
1048 2755 1124 2781 ac'tor

75 2791 181 2825 leian.
197 2790 226 2816 in
239 2790 256 2816 l.
270 2791 318 2817 Sed
332 2790 377 2816 ett‘i
390 2788 414 2827 6.
428 2789 456 2816 Si
469 2790 553 2816 feriae
565 2790 599 2816 D'.
613 2790 649 2816 Ex
663 2788 737 2823 quib.
752 2789 820 2814 caus.
833 2789 955 2819 maiores,
964 2795 1008 2815 etc.
1079 2791 1122 2816 Iu-

77 2825 144 2853 dicis
158 2826 309 2853 interuentu
323 2825 386 2852 haec
400 2826 492 2853 onmia
510 2825 605 2852 debent
625 2825 656 2851 ad
678 2823 802 2851 effetftum
818 2824 928 2858 perduci
960 2825 1023 2850 Pom
1044 2826 1122 2852 onius

77 2861 107 2887 in
121 2862 138 2887 l.
154 2862 286 2894 Qiintus,
305 2861 393 2897 infime
406 2862 438 2888 D.
451 2862 483 2888 de
498 2862 590 2888 annuis
603 2860 703 2895 legatis.
746 2859 849 2894 leian.
865 2860 893 2886 in
906 2860 924 2886 l.
938 2859 1005 2886 Illud
1038 2880 1043 2887 .
1058 2870 1067 2887 1
1087 2861 1120 2887 D.

73 2897 108 2923 de
122 2896 268 2923 tributoria
280 2897 395 2923 afflone.

75 2931 214 2959 Interdum
235 2932 280 2958 etsi
306 2933 377 2959 serui
398 2932 455 2958 nati
475 2932 540 2965 sint,
560 2941 591 2958 ex
609 2930 738 2966 postfae‘to
756 2931 823 2957 iuris
843 2931 995 2957 interuentu
1010 2932 1120 2966 ingenui

76 2967 152 2994 fiunt.
244 2968 309 2994 Loci
324 2969 390 2994 sacri
403 2974 429 2994 et
441 2967 558 3002 religiosi
574 2968 738 2994 interuentus
748 2967 828 2992 etiam
845 2967 950 2993 itineris
964 2968 1120 2994 seruitutem

77 3002 191 3038 impedit
212 3003 313 3029 Paullus
326 3004 354 3030 in
370 3004 388 3030 l.
403 3004 547 3030 Seruitutes
560 3003 730 3038 praediorum
743 3002 911 3029 rusticorum.
986 3003 1120 3030 Malorum

75 3039 152 3066 nullo
166 3039 319 3065 interuentu
341 3039 398 3065 Cic.
411 3039 443 3065 de
459 3039 495 3065 N.
507 3040 538 3067 D.
553 3048 574 3072 1,
588 3047 628 3066 112
642 3048 663 3066 c.
673 3047 718 3072 40.
807 3038 952 3064 Meliorum
968 3038 1119 3065 interuentu

75 3075 144 3101 vitia
158 3075 298 3109 pensantur
316 3074 407 3100 Tacit.
420 3075 488 3101 Hist.
503 3083 530 3108 4,
545 3082 590 3109 74.
873 3107 876 3109 .

302 3110 419 3137 Tutoris
432 3111 597 3137 interuentus
629 3109 768 3137 Marcellus
786 3109 816 3135 in
835 3109 854 3136 l.
874 3109 968 3136 Seruus
983 3108 1072 3136 decem
1086 3111 1118 3137 D.

75 2341 146 2359 rum.

114 3188 125 3207 1
138 3187 160 3206 N
173 3186 194 3205 T
203 3186 220 3206 Ε
229 3179 248 3206 R
259 3187 303 3207 VE
313 3188 335 3208 N
345 3187 366 3207 T
376 3188 385 3206 1
397 3187 416 3207 0
427 3201 436 3213 ,
454 3181 522 3208 onis.
544 3181 565 3208 f.
601 3179 756 3215 Interceffio,
776 3186 800 3206 et
815 3179 969 3215 interpqfitio
984 3180 1061 3214 fidei,
1075 3180 1120 3216 stu

700 3217 732 3242 Et
746 3215 762 3242 l.
777 3225 800 3248 13
813 3215 998 3242 Cod.Theod.
1012 3215 1043 3242 de
1052 3218 1121 3243 Hae*-

224 3250 277 3276 sine
291 3251 343 3278 vlla
356 3252 455 3286 gratiae
470 3253 668 3279 interuentione
679 3251 816 3286 pellantur.

114 3295 123 3313 1
135 3293 158 3312 N
170 3292 191 3312 T
201 3292 218 3312 E
226 3292 245 3312 R
253 3293 274 3312 V
285 3292 303 3312 E
313 3293 336 3312 N
345 3293 366 3312 T
374 3294 393 3317 ο
403 3295 421 3314 R
431 3307 437 3318 ,
455 3289 516 3314 oris.
544 3297 579 3314 m.
616 3286 779 3321 [ἔκελευςὴς]
816 3288 868 3322 Qaei
879 3289 1029 3317 interuenit,
1040 3293 1064 3312 et
1076 3290 1122 3313 im-

651 3323 707 3349 Cic.
722 3323 753 3349 de
770 3323 834 3349 Fato
848 3331 863 3348 2
876 3331 898 3348 c.
914 3331 923 3348 1
955 3323 1049 3348 Omnis
1063 3323 1120 3349 fere

75 3252 166 3280 reticis
181 3261 186 3277 :

76 3394 155 3424 alias,
175 3399 201 3418 et
215 3391 331 3426 quodam
344 3392 471 3420 liberiore
484 3403 563 3429 quam
578 3394 693 3426 solebat,
709 3401 734 3420 ct
747 3394 829 3428 magis
843 3402 927 3420 vacuo
940 3393 973 3419 ab
986 3392 1120 3420 interuen-

19 3449 30 3463 ,¹
77 3428 184 3457 toribus
198 3427 251 3454 die.

32 3461 34 3465 ⁴
79 3464 183 3491 libertis
196 3462 369 3496 praestandis,
389 3463 514 3497 leianus
525 3469 624 3497 utitur,
643 3465 712 3500 conf.
726 3465 743 3491 1.
757 3474 769 3497 3
782 3463 805 3501 6.
819 3473 836 3496 9
856 3465 886 3490 D.
901 3463 932 3489 de
947 3464 1060 3497 peculio.
1097 3473 1121 3491 ct

13 3527 37 3534 κ
76 3499 246 3533 Lampridius
260 3498 293 3524 in
301 3499 451 3525 Commodo
462 3508 514 3532 c..4
533 3502 671 3528 Paternum
684 3507 773 3527 autem
786 3500 863 3527 huius
876 3498 961 3525 :aedis
974 3496 1121 3536 auclorem,

77 3542 104 3562 et
137 3539 264 3569 qnantum
295 3533 439 3562 videbatur
465 3541 568 3568 paratae
602 3537 672 3563 necis
705 3535 849 3563 Commodi
873 3535 1007 3562 conscium
1032 3543 1058 3562 et
1079 3537 1120 3563 in-

28 3592 31 3595 .
74 3577 266 3599 (cruentorem.

112 3609 430 3634 1N'r13RvEN1vim
450 3604 470 3631 i.

77 3644 145 3668 inter
159 3650 235 3667 venas
247 3646 337 3666 terrae.
390 3640 497 3666 Vitruu.
509 3645 533 3673 8,
547 3649 557 3666 ι
576 3641 627 3668 Sed
637 3652 691 3669 non
704 3652 749 3677 per
762 3643 910 3669 interucnia
929 3641 1080 3669 dilabantur
1093 3648 1120 3668 et

78 3677 235 3704 decrescant.
307 3675 381 3701 Idem
393 3683 418 3706 2,
432 3677 448 3701 6
460 3681 484 3700 et
497 3682 522 3709 7.
593 3680 624 3703 it.
638 3678 734 3705 Pallad.
748 3680 814 3713 Aug.
830 3688 851 3704 c.
866 3683 886 3708 8.

114 3720 125 3738 1
134 3718 155 3738 N
165 3718 186 3738 Τ
195 3718 212 3738 E
222 3718 241 3738 R
249 3718 271 3736 v
279 3717 296 3736 E
306 3717 326 3736 R
334 3716 355 3736 T
365 3717 384 3736 O
391 3730 400 3742 ‚
417 3710 456 3742 ti,
476 3710 532 3736 sum
540 3729 549 3741 ,
571 3710 623 3738 ere.
647 3713 855 3749 [ὗπεξαιρέομαι]
877 3711 970 3739 Callicle
975 3712 1120 3748 surripere:

76 3747 143 3783 quod
149 3748 294 3782 plerumque
307 3745 354 3780 fit,
371 3755 442 3781 quum
455 3754 505 3772 rem
517 3746 699 3780 commodatam,
716 3747 761 3776 aut
774 3750 918 3784 depqsitam,
932 3754 976 3774 aut
990 3748 1119 3777 creditam,

77 3781 132 3819 dqlo
144 3791 174 3808 ne.
185 3780 333 3815 restituatur
345 3780 455 3811 domino,
475 3778 590 3814 efficitur.
625 3782 707 3810 Plaut.
720 3785 789 3811 Asin.
802 3794 823 3816 2,
840 3794 859 3817 1,
868 3792 896 3810 ιο
915 3783 990 3809 Vnde
1005 3783 1173 3811 suma1n3100
1182 3784 1235 3810 fine
1250 3784 1409 3811 intestatum.

79 3827 159 3852 quem
172 3818 345 3844 interuertam
360 3817 370 3842 3
439 3815 512 3842 Idem
526 3815 616 3842 Pseud.
629 3825 652 3849 3,
663 3826 739 3849 2,110
755 3822 792 3847 Vt
804 3829 862 3854 me,
881 3819 898 3845 fi
913 3819 1009 3853 posset,
1025 3818 1120 3844 mulie-

78 3862 108 3879 re
122 3853 318 3880 interuorteret.
391 3851 532 3878 Cic.Verr.
542 3861 570 3886 4,
608 3870 615 3877 .
650 3871 658 3877 .
692 3854 885 3882 Candelabrum
899 3853 970 3889 quod
983 3863 1028 3880 rex
1037 3854 1120 3888 Aegy-

77 3887 117 3922 pti
139 3889 201 3915 Ioui
223 3888 379 3922 Capitolino
403 3887 474 3913 dono
496 3887 607 3918 tulerat,
624 3895 640 3913 a
654 3888 752 3920 Verre,
771 3893 817 3924 qui
834 3890 904 3918 illud
922 3889 1090 3916 commodato
1103 3898 1118 3915 a

77 3931 141 3957 rege
152 3930 300 3958 acceperat,
318 3923 494 3950 interuersnm
506 3923 553 3948 effe
566 3922 745 3956 consequitur.
828 3926 969 3953 Marcellus
982 3924 1073 3951 Iurisc.
1089 3925 1119 3950 in

76 3957 95 3987 1.
108 3959 136 3985 Si
147 3958 202 3986 duo
215 3959 249 3988 D.
264 3958 373 3993 depositi
381 3978 391 3992 ,
410 3958 437 3986 Si
451 3957 505 3985 duo
519 3956 630 3986 heredes
643 3966 700 3987 rem
715 3958 784 3994 apud
802 3960 958 3990 defunctum
977 3960 1119 3997 depositam
1130 3967 1175 3994 105
1187 3962 1215 3988 T
1213 3959 1302 3995 esttbm
1341 3969 1391 3985 non
1417 3962 1538 3996 priuatus
1551 3978 1560 3990 ,

881 1483 954 1509 Idem
971 1493 1005 1516 23,
1019 1489 1044 1514 18
1065 1484 1122 1510 Plu·
1131 1501 1158 1528 33

207 2012 333 2046 Negotiis
345 2011 411 2037 meis
425 2013 464 2037 vel
475 2010 582 2036 alterius
596 2010 774 2042 interuenire,
793 2013 812 2036 i.
821 2011 849 2036 Se
861 2012 995 2050 immtjirere
1009 2015 1165 2052 negotii-550

482 2386 489 2392 .
526 2365 607 2397 Qiod
621 2373 675 2389 non
687 2364 747 2389 ess'et
758 2362 874 2394 fabium,
895 2363 913 2389 fi
933 2363 989 2398 ipse
1009 2364 1123 2391 interne·
1132 2367 1168 2391 60
1187 2367 1260 2395 duas.

795 2540 915 2566 Flumine
929 2541 1124 2568 interueniente
1136 2545 1168 2576 65
1187 2552 1204 2576 9
1212 2551 1256 2579 pr.
1279 2545 1355 2578 Qiin
1369 2544 1448 2570 etiam
1463 2543 1591 2570 interulos
1606 2543 1720 2577 gaudens
1731 2544 1870 2572 diss'oluere
1882 2553 1972 2571 nexus.

692 2716 796 2744 Arbitri
811 2717 980 2749 interuentu,
1008 2718 1027 2743 l.
1040 2726 1057 2753 7
1075 2717 1166 2754 §.170

478 2897 597 2923 Marcell.
608 2897 637 2922 in
649 2896 668 2923 l.
680 2904 697 2922 2
709 2896 740 2922 D.
754 2895 787 2921 de
799 2895 929 2922 natalibus
942 2895 1121 2929 restituendis,
1135 2901 1167 2929 73

322 3428 371 3454 Pro
386 3428 547 3463 fideifflbre,
568 3433 594 3456 in
613 3430 631 3456 l.
653 3430 743 3462 Licet,
761 3430 801 3456 De
815 3428 948 3462 obsequiis
962 3437 976 3454 a
987 3428 1080 3455 liberis
1093 3437 1119 3456 et
1126 3438 1162 3462 90
1181 3430 1242 3458 dico
1255 3432 1303 3459 else
1315 3436 1462 3460 mortuum.

508 3613 536 3632 ιι.
572 3606 766 3642 [μεσοφλὲβιον]
804 3607 915 3642 Spatium
929 3606 998 3637 illud,
1010 3606 1077 3642 quod
1087 3604 1160 3641 419,-
1185 3608 1283 3642 Digcst.
1298 3613 1325 3639 38
1339 3613 1356 3633 ι.
1369 3609 1395 3632 ι6
1413 3606 1431 3632 l.
1445 3615 1464 3632 1.

1175 3712 1235 3750 scq-

1188 999 1278 1019 mento
1292 992 1339 1019 nili
1352 993 1382 1019 ad
1398 994 1604 1020 interuerstn'am
1619 1003 1673 1021 non
1686 1001 1805 1024 vtuntur.
1873 996 1946 1022 Adde
1963 1005 1988 1030 p.
2001 1002 2053 1029 198.
2070 1004 2119 1028 218.

1218 1037 1233 1071 ιι
1245 1036 1267 1054 Ν
1277 1034 1299 1054 Τ
1307 1035 1323 1054 r,
1335 1034 1354 1054 R
1366 1036 1385 1055 v
1396 1035 1411 1054 1³
1423 1035 1441 1054 R
1452 1036 1465 1069 ξ
1475 1036 1493 1055 o
1504 1035 1521 1054 R
1532 1048 1542 1068 ἶ
1556 1029 1618 1069 oris.
1634 1038 1670 1056 m.
1706 1031 1757 1065 Qz·
1770 1033 1916 1058 interuenit
1928 1032 2026 1067 aliquid
2035 1042 2064 1059 cx
2071 1037 2178 1069 pecunia
2185 1040 2233 1071 pu-

1186 1063 1251 1092 blzca
1269 1063 1287 1090 l.
1301 1069 1313 1094 8
1326 1064 1391 1090 Cod.
1405 1063 1437 1090 de
1451 1072 1509 1090 iure
1527 1064 1590 1090 hsci.

1222 1107 1231 1126 1
1241 1107 1263 1126 N
1272 1105 1293 1124 T
1303 1107 1319 1126 E
1329 1106 1347 1125 R
1356 1107 1375 1126 v
1384 1106 1401 1126 E
1412 1106 1431 1126 n
1443 1105 1464 1125 Τ
1474 1106 1484 1125 ι
1496 1098 1554 1126 Βῑι.
1564 1106 1574 1125 ι
1582 1104 1611 1133 s,
1633 1109 1656 1126 c.
1677 1099 1738 1127 Adi.
1774 1099 1871 1128 Sarisb.
1884 1109 1912 1133 4,
1924 1108 1952 1134 35
1974 1103 2178 1131 Intemertibffls
2193 1104 2234 1133 in—

1133 1139 1162 1164 25
1185 1134 1337 1162 constantia.

1225 1177 1233 1195 1
1244 1178 1265 1196 N
1274 1178 1295 1197 Τ
1304 1177 1319 1196 k·
1329 1178 1349 1197 R
1357 1176 1377 1195 V
1387 1177 1395 1196 1
1404 1176 1421 1196 Β
1430 1176 1449 1196 R
1457 1177 1476 1197 ο
1485 1190 1494 1202 ,
1513 1174 1566 1198 are.
1576 1187 1582 1190 >
1603 1170 1682 1197 Mart.
1694 1169 1793 1204 Capell.
1808 1172 1826 1197 6
1838 1179 1864 1205 p.
1882 1179 1922 1203 19¹
1945 1171 2071 1199 Tandem
2091 1175 2233 1209 reglutina-

1187 1205 1221 1232 tis
1235 1206 1267 1232 ab
1280 1205 1385 1232 aethrae
1399 1205 1602 1233 interuibrantis
1621 1205 1814 1238 admiratione,
1833 1205 1996 1239 luminibus,
2013 1214 2059 1234 ctc.

1223 1247 1264 1268 ιΝ
1275 1248 1311 1268 T}
1332 1242 1517 1272 RV1G‘1'LO,
1543 1246 1595 1268 are.
1631 1241 1688 1267 Sen.
1704 1241 1722 1267 E
1742 1241 1781 1267 ist.
1795 1246 1821 1273 83
1841 1241 1939 1268 Somno
1954 1242 2100 1276 parcissimo
2110 1249 2187 1277 νιος,
2206 1250 2234 1272 et

1187 1276 1258 1310 quali
1272 1276 1444 1311 internigilo,
1468 1277 1529 1303 satis
1542 1276 1578 1303 est
1589 1276 1703 1311 vigilare
1734 1276 1821 1303 efiiffe.
1893 1278 1951 1304 Alii
1963 1278 2050 1314 legunt
2066 1279 2233 1314 Interiungo.

1033 1307 1125 1333 Tacit.
1137 1318 1169 1342 3ο
1184 1313 1226 1338 vbi
1238 1312 1293 1338 vid.

1224 1354 1232 1373 1
1244 1355 1265 1373 N
1276 1353 1298 1374 'r
1310 1354 1327 1374 E
1335 1353 1356 1373 R
1365 1354 1386 1374 v
1394 1354 1404 1372 1
1413 1352 1433 1373 G
1442 1353 1452 1373 1
1463 1353 1479 1373 L
1487 1353 1510 1374 A
1520 1352 1544 1372 Ν
1554 1354 1578 1380 s,
1586 1347 1662 1374 antis.
1682 1347 1749 1374 Part.
1775 1346 1912 1382 Lamprid.
1921 1347 1949 1374 in
1957 1347 2030 1375 Alex.
2038 1358 2058 1375 c.
2068 1351 2097 1376 61
2117 1351 2191 1376 Vnus
2198 1358 2233 1378 ex

1187 1383 1328 1409 Germanis
1342 1380 1480 1417 ingressus,
1503 1381 1699 1409 dormientibus
1714 1382 1824 1416 cunetis,
1839 1383 1897 1410 solo
1910 1389 2012 1410 tantum
2023 1385 2185 1420 imperatore
2193 1387 2235 1413 in·

1184 1418 1353 1452 teruigilante
1366 1419 1435 1445 visus
1448 1418 1492 1444 est.

1224 1459 1586 1514 ιΝζιῐι-ῑιινισιιινινι,
1605 1452 1625 1479 i.
1648 1462 1675 1479 n.
1712 1453 1807 1481 Sat-isb.
1826 1462 1858 1486 2,
1879 1461 1906 1488 ις
1934 1453 2057 1487 Quodam
2087 1455 2160 1491 quafi
2192 1455 2236 1485 in-

1182 1495 1252 1516 terni
1272 1498 1280 1514 1
1295 1498 1332 1516 ιο.

1221 1532 1232 1552 1
1243 1498 1295 1552 ἐπ’
1305 1531 1324 1552 Ε
1338 1530 1357 1550 R
1369 1531 1388 1550 v
1397 1522 1433 1550 i‘R
1443 1529 1502 1555 ΕΟ,
1520 1527 1573 1551 ere.
1608 1522 1745 1551 Claudian.
1760 1523 1793 1550 de
1805 1524 1891 1559 Raptu
1903 1524 2021 1560 Proserp.
2037 1534 2067 1559 2,
2079 1534 2128 1553 100

1342 1560 1407 1586 Non
1421 1559 1453 1585 fic
1467 1559 1622 1586 innumeros
1634 1568 1696 1586 arcu
1709 1565 1827 1593 mutante
1841 1560 1945 1591 colores

1340 1595 1475 1628 Incipiens
1488 1594 1631 1622 redimitur
1644 1594 1744 1626 hiems,
1764 1604 1847 1630 quum
1862 1595 1969 1622 tramite
1985 1595 2057 1622 flexo

1342 1631 1439 1657 Semita
1454 1630 1572 1657 discretis
1586 1631 1727 1658 interuiret
1741 1631 1851 1658 humida
1863 1631 1972 1657 nimbis.
2006 1632 2031 1657 h.
2045 1640 2065 1657 e.
2087 1632 2158 1659 Inter
2171 1632 2236 1659 alios·

1428 1667 1466 1693 De
1484 1675 1543 1693 arcu
1561 1665 1667 1699 caelqlli.
1771 1667 1803 1693 Ee
1814 1666 1876 1693 Stat.
1891 1666 1984 1692 Theb.
2004 1675 2032 1699 4,
2046 1671 2078 1699 98
2101 1667 2132 1692 de
2148 1676 2237 1702 angue,

1186 1702 1326 1736 Laetisque
1340 1702 1430 1728 minax
1443 1701 1587 1728 interuiret
1602 1701 1703 1728 herbis.

1221 1742 1230 1763 1
1241 1745 1263 1764 N
1273 1743 1294 1763 Τ
1303 1745 1319 1764 Ε
1328 1744 1347 1763 R
1357 1737 1417 1764 VIS
1426 1743 1444 1762 0
1453 1756 1462 1768 ,
1481 1736 1528 1762 visi
1538 1756 1546 1768 ,
1559 1737 1647 1763 visum
1655 1754 1664 1765 ‚
1683 1739 1737 1762 ere.
1771 1734 2006 1769 [διεπισκέπτομαι]
2041 1733 2117 1771 Qasr*
2130 1737 2238 1763 Interim

1186 1771 1282 1808 oifi’re,
1302 1774 1343 1798 vel
1354 1771 1490 1798 Interdum
1506 1772 1601 1798 visere.
1636 1771 1718 1797 Plaut.
1731 1771 1823 1796 Aulul.
1837 1780 1863 1803 2,
1879 1779 1904 1802 2,
1917 1779 1947 1803 25
1967 1771 2044 1797 Nunc
2058 1771 2101 1797 hic
2114 1779 2171 1798 eam
2180 1780 2237 1798 rem

1185 1807 1260 1838 volt,
1281 1807 1354 1838 scio,
1374 1814 1481 1831 mecum
1497 1805 1573 1832 adire
1597 1805 1630 1831 ad
1648 1805 1818 1839 pafflonem:
1855 1815 1950 1832 verum
1975 1806 2126 1832 intervisam
2151 1806 2235 1833 domi.

1186 1841 1261 1866 Idem
1276 1841 1366 1867 Sticho
1381 1849 1401 1873 1,
1416 1849 1439 1873 ε,
1447 1849 1481 1872 90
1497 1842 1585 1867 Immo
1598 1841 1752 1867 internisam
1766 1842 1838 1875 prius
1852 1841 1971 1872 domum,
2025 1841 2093 1868 Add.
2109 1841 2147 1868 Ib.
2157 1851 2181 1868 v.
2190 1849 2235 1876 97.

1186 1875 1243 1902 Cic.
1256 1876 1329 1903 Fam.
1344 1883 1371 1911 7,
1384 1885 1399 1902 2
1418 1876 1553 1910 Qtodque
1566 1885 1615 1902 nos
1627 1876 1714 1902 minus
1726 1876 1868 1908 interni-sis,
1887 1875 1937 1902 hoc
1951 1876 2010 1902 fero
2022 1877 2113 1902 animo
2127 1878 2237 1911 aequio-

1187 1919 1228 1939 re.
1325 1913 1381 1938 Cic.
1395 1913 1433 1944 Q
1443 1912 1527 1937 Fratr.
1544 1919 1565 1942 ι,
1586 1919 1601 1936 2
1620 1918 1684 1936 extr.
1715 1911 1848 1937 Vrbanam
1876 1911 2069 1946 expolitionem
2090 1918 2165 1946 vrget
2188 1912 2235 1940 ille

1189 1946 1299 1981 quidem
1322 1953 1348 1973 et
1374 1946 1531 1972 Philotimus
1555 1951 1581 1972 et
1602 1946 1711 1972 Cincius
1726 1957 1731 1972 :
1768 1946 1810 1972 sed
1824 1947 1904 1972 etiam
1916 1947 1970 1981 ipse
1984 1946 2080 1974 crebro
2093 1948 2237 1974 interniso:

1188 1981 1260 2016 quod
1273 1981 1309 2008 est
1324 1981 1396 2008 faftu
1410 1981 1495 2007 facile.
1572 1980 1629 2007 Vici.
1644 1981 1714 2007 Suet.
1728 1982 1794 2016 Aug.
1817 1990 1839 2008 c.
1853 1991 1897 2015 24.

1225 2023 1235 2042 1
1246 2024 1266 2042 N
1276 2024 1298 2044 T
1307 2023 1324 2042 E
1334 2023 1352 2042 R
1362 2016 1384 2043 xi
1393 2023 1409 2042 L
1419 2023 1441 2043 A
1451 2036 1459 2048 ,
1483 2024 1521 2042 ae.
1542 2016 1564 2042 f.
1605 2015 1685 2048 Vestis
1692 2016 1738 2051 sub
1752 2020 1837 2043 tunica
1856 2021 1884 2043 in
1902 2016 1957 2052 ipfit
1973 2019 2028 2043 cuti
2048 2014 2142 2052 gestari
2158 2017 2237 2044 solita

1187 2058 1217 2079 vt
1229 2061 1289 2088 quae
1302 2051 1402 2079 indusia
1415 2052 1486 2078 hodie
1498 2058 1521 2077 et
1533 2050 1654 2078 camisiae
1667 2055 1753 2078 vocari
1759 2052 1850 2086 fhlcm.
1891 2052 2051 2078 Subuculam
2065 2055 2137 2078 etiam
2149 2053 2237 2080 dixere

1186 2094 1289 2114 veteres.
1326 2086 1441 2119 Ostendit
1454 2088 1499 2113 hoc
1512 2087 1613 2122 Salmas.
1625 2086 1660 2112 ad
1669 2087 1787 2112 Tertull.
1796 2086 1917 2113 dePallio
1930 2096 1955 2121 p.
1969 2093 2020 2119 408
2027 2088 2085 2123 sqq.
2156 2089 2234 2122 Apul.

1188 2123 1253 2149 Met.
1268 2128 1281 2152 8
1296 2132 1320 2156 p.
1336 2131 1390 2154 203,
1404 2124 1431 2148 16
1452 2122 1480 2147 de
1492 2123 1591 2146 muliere
1602 2124 1681 2156 quiete
1693 2119 1815 2148 noHurna
1830 2121 1938 2156 excuffiz,
1956 2123 2104 2157 Dicissaque
2121 2122 2236 2150 interula

1187 2157 1283 2183 decora
1296 2156 1403 2183 brachia
1418 2155 1592 2182 saeuientibus
1607 2156 1727 2189 palmulis
1741 2157 1921 2184 conuerberat.
2029 2159 2061 2184 Et
2081 2158 2152 2184 Flor.
2168 2167 2182 2184 2
2192 2165 2235 2193 pr.

1188 2201 1214 2225 p.
1235 2194 1300 2224 346,
1321 2200 1349 2218 12.
1384 2191 1507 2218 Habebat
1524 2191 1629 2217 indutui
1643 2191 1674 2217 ad
1688 2201 1783 2226 corpus
1797 2193 1915 2219 tunicam
1930 2192 2072 2219 interulam
2082 2193 2236 2221 ‘tenuiss'uno

1187 2231 1261 2253 textu
1275 2246 1283 2258 ,
1313 2227 1414 2261 triplici
1437 2227 1517 2257 licio,
1541 2235 1657 2261 purpura
1681 2228 1783 2262 duplici
1797 2238 1803 2255 :
1839 2228 1848 2253 i
1868 2229 1893 2254 se
1920 2236 1977 2253 eam
1998 2227 2048 2253 fibi
2071 2228 2140 2254 solus
2162 2229 2236 2256 domi

1188 2268 1318 2289 texuerat.
1411 2262 1535 2289 Martian.
1549 2262 1655 2296 Capella
1669 2271 1678 2288 1
1694 2272 1718 2297 p.
1731 2273 1741 2294 3
1756 2270 1821 2289 extr.
1859 2273 1869 2288 e
1880 2263 1990 2298 Psyche,
2012 2262 2141 2290 Tritonia
2154 2265 2235 2290 etiam

1187 2297 1304 2324 interula
1338 2312 1384 2318 —
1420 2298 1555 2332 virginem
1581 2298 1660 2331 virgo
1676 2299 1806 2324 contexit.
1899 2298 1976 2332 Apud
1987 2298 2110 2324 Trebell.
2125 2299 2189 2326 Poll.
2205 2300 2235 2326 in

1188 2332 1301 2359 Claudio
1321 2342 1343 2359 c.
1359 2341 1389 2366 14
1410 2343 1433 2367 p.
1449 2341 1497 2365 390
1525 2332 1679 2359 Valerianus
1699 2332 1814 2359 Claudio
1836 2331 1895 2359 dari
1916 2333 1981 2359 inl-rt
2004 2333 2131 2360 interulas
2157 2344 2234 2369 puras

1365 2369 1443 2403 Apud
1457 2368 1564 2401 Vopisc.
1578 2368 1605 2393 in
1619 2367 1707 2394 Probo
1719 2377 1741 2394 c.
1755 2377 1773 2400 4
1792 2377 1816 2402 p.
1830 2369 1883 2400 642.
1907 2368 2063 2395 Valerianus
2075 2369 2162 2396 Probo
2176 2370 2235 2398 dari

1185 2403 1251 2430 iubet
1263 2404 1392 2430 interulas
1405 2402 1576 2436 Paragaudias
1589 2401 1661 2428 duaS.
1733 2404 1763 2429 Et
1777 2403 1805 2429 in
1817 2404 1922 2429 Bonoso
1936 2412 1956 2429 c.
1967 2412 1991 2436 ις
2005 2411 2085 2439 p.773
2116 2405 2236 2432 Aurelia-

1185 2448 1234 2464 nus
1248 2439 1353 2465 Bonoso
1367 2438 1522 2472 nuptiarum
1535 2438 1611 2463 causa
1625 2436 1681 2464 dari
1697 2437 1764 2465 iussit
1786 2439 1913 2465 interulas
1935 2439 2034 2466 dilores
2058 2439 2130 2467 duas.
2183 2440 2235 2475 Effi

1179 2477 1285 2510 proprie
1296 2472 1455 2500 Adieffiuum
1464 2493 1472 2505 ,
1482 2472 1574 2506 statim
1588 2472 1732 2500 docebimus.

1221 2515 1263 2534 ΙΝ
1275 2507 1388 2536 '1²13in
1397 2517 1412 2535 ι,
1421 2516 1482 2540 vs,
1501 2517 1531 2542 a,
1552 2517 1606 2534 um.
1644 2507 1704 2534 Adi.
1741 2509 1842 2535 Dimin.
1878 2509 1996 2535 Interior.
2032 2510 2111 2537 Mart.
2133 2510 2233 2545 Capell.

2042 2546 2085 2573 Sic
2097 2546 2233 2573 Tunicam

1184 2579 1326 2606 interulam
1340 2579 1408 2605 modo
1422 2579 1531 2605 vidimus
1548 2580 1657 2614 Apulcii.

1223 2622 1232 2640 ι
1243 2622 1265 2641 Ν
1275 2622 1297 2642 Τ
1309 2621 1325 2641 E
1336 2622 1355 2640 R
1366 2622 1386 2641 v
1395 2622 1415 2640 Ν
1427 2621 1445 2640 D
1454 2622 1474 2641 Λ
1485 2620 1506 2640 Τ
1515 2621 1536 2640 ν
1545 2621 1558 2640 s
1568 2634 1577 2646 ,
1596 2622 1627 2646 a,
1655 2623 1709 2640 um.
1734 2613 1795 2640 Adi.
1832 2614 1936 2641 Solinus
1949 2624 1971 2641 c.
1984 2622 2018 2650 27
2033 2617 2087 2650 (17)
2107 2617 2166 2643 Hoc
2182 2616 2233 2643 ful.

1185 2659 1253 2678 vum
1273 2650 1438 2685 nigrantibus
1460 2649 1599 2684 segmentis
1623 2649 1835 2682 intcrundatum,
1853 2650 1981 2678 varietate
2004 2652 2124 2685 apprime
2148 2651 2232 2680 decet.

1182 2685 1209 2713 b.
1223 2695 1243 2712 e.
1263 2688 1294 2713 In
1307 2686 1428 2712 undarum
1434 2684 1546 2721 figuram
1559 2683 1713 2718 custinfflm.

1220 2728 1229 2746 1
1243 2727 1266 2748 Ν
1280 2727 1303 2748 Τ
1315 2728 1330 2748 Ε
1341 2728 1358 2747 R
1369 2728 1389 2746 v
1399 2728 1417 2748 o
1426 2728 1442 2748 c
1453 2728 1473 2747 A
1483 2727 1500 2746 L
1509 2722 1518 2746 ἰ’
1528 2726 1549 2746 T
1559 2727 1575 2747 E
1584 2727 1612 2746 R.
1631 2720 1699 2746 Adu.
1735 2719 1813 2755 Apul.
1827 2720 1891 2748 Met.
1905 2729 1922 2754 9
1936 2730 1961 2755 p.
1976 2729 2025 2754 231,
2038 2729 2061 2754 ι3
2081 2721 2232 2750 Interuoca-

1181 2756 1245 2784 liter
1258 2757 1386 2790 clamare,
1409 2759 1428 2783 ι’.
1441 2756 1506 2782 Alta
1519 2765 1584 2783 voce.

1221 2799 1231 2818 1
1243 2799 1265 2818 N
1277 2799 1298 2818 Τ
1307 2800 1323 2819 E
1332 2800 1350 2818 R
1361 2801 1379 2819 v
1390 2793 1406 2818 ὃ
1417 2799 1432 2818 L
1442 2799 1461 2818 Ο
1471 2811 1478 2823 ,
1504 2796 1556 2817 are.
1593 2790 1726 2817 Columel.
1748 2795 1771 2823 8,
1785 2799 1822 2817 10.
1858 2798 1882 2818 et
1894 2791 1984 2820 Valet.
1996 2791 2080 2819 Flacc.
2092 2793 2191 2828 Argon.
2205 2802 2233 2826 z,

1184 2829 1233 2862 614
1251 2828 1429 2863 Immittitque
1442 2833 1524 2854 ratem
1533 2847 1540 2858 ,
1552 2826 1704 2861 media-sque
1716 2826 1862 2853 interuolat
1872 2827 1959 2854 vrbes.
2029 2827 2103 2855 Idem
2109 2838 2132 2862 5,
2142 2837 2172 2863 ²7
2184 2829 2233 2856 Ille

1182 2871 1271 2890 recens
1283 2863 1367 2890 oculis
1380 2863 1524 2891 inter-uolat
1537 2862 1640 2889 Idmon.

1221 2906 1230 2924 ι
1242 2906 1262 2925 Ν
1272 2907 1294 2926 Τ
1303 2906 1319 2925 Ε
1329 2906 1347 2925 R
1356 2906 1404 2926 vo
1415 2905 1430 2925 1.
1441 2900 1450 2924 ἰ’
1459 2904 1479 2924 Τ
1491 2904 1511 2924 o
1520 2918 1529 2930 ‚
1556 2902 1609 2924 are.
1646 2897 1721 2924 Idem.
1757 2897 1819 2924 Liu.
1833 2906 1857 2930 3,
1870 2906 1898 2924 ιο
1914 2897 2049 2925 Inter-alia
2062 2897 2185 2932 prodigia
2204 2905 2232 2926 et

1184 2943 1261 2961 carne
1274 2934 1341 2968 pluit
1356 2945 1361 2960 :
1395 2943 1475 2969 quem
1488 2933 1604 2961 imbrem
1616 2933 1708 2967 ingens
1720 2942 1845 2960 numerus
1858 2934 1949 2959 auium
1968 2933 2178 2960 interuolitando
2190 2943 2232 2961 ra-

1183 2970 1263 3004 puisse
1278 2970 1372 2996 fertur.
1503 2968 1504 2972 ¹

1220 3013 1229 3031 1
1241 3013 1262 3032 N
1272 3011 1292 3031 T
1302 3012 1319 3032 Ε
1328 3012 1347 3031 R
1358 3011 1380 3031 V
1390 3005 1407 3030 ὃ
1418 3011 1443 3030 Μ
1455 3011 1474 3031 o
1483 3023 1491 3036 ,
1519 3004 1629 3037 vomui,
1655 3004 1805 3035 vomitum,
1831 3005 1884 3032 lire.
1921 3002 2043 3039 [ὃιεμέω]
2078 3004 2184 3031 Lucret.
2202 3007 2230 3038 6,

1184 3045 1235 3073 894
1257 3040 1285 3066 de
1300 3042 1383 3068 Fonte
1396 3039 1467 3066 dulci
1481 3043 1509 3066 in
1521 3039 1573 3075 ipsi>
1585 3042 1666 3072 mari,
1685 3039 1765 3073 Qtod
1784 3039 1872 3066 dulces
1890 3039 1960 3066 inter
1979 3040 2053 3066 salsas
2071 3039 2232 3068 interuomit

697 3073 793 3100 Noe'tis
813 3074 966 3101 interuentu
999 3075 1071 3100 Caes.
1090 3075 1118 3101 R.
1133 3079 1165 3105 80
1181 3076 1273 3102 vndas.

1222 3119 1229 3137 1
1241 3119 1263 3138 N
1271 3118 1293 3137 T
1301 3117 1318 3137 E
1327 3116 1377 3137 RV
1385 3118 1398 3137 s
1408 3118 1428 3136 ν
1439 3117 1458 3136 R
1470 3115 1510 3137 ιν
1521 3117 1547 3137 M
1557 3131 1565 3144 ,
1592 3110 1611 3137 i.
1646 3118 1671 3136 n.
1709 3108 1860 3135 Commodum
1877 3106 1927 3141 est,
1945 3109 1986 3135 vel
1996 3108 2072 3145 usura
2085 3109 2161 3135 medii
2171 3116 2232 3136 tem-

1178 3151 1260 3183 poris.
1298 3146 1401 3180 leian.
1416 3147 1445 3172 in
1460 3146 1476 3172 l.
1493 3145 1541 3172 Sed
1555 3146 1573 3172 fi
1587 3144 1610 3182 6.
1626 3145 1671 3172 vlt.
1684 3145 1715 3170 D.
1725 3145 1756 3170 de
1763 3144 1845 3180 pecul.
1864 3144 1901 3170 Vt
1914 3144 1997 3170 medii
2011 3145 2138 3180 temporis
2150 3144 2231 3172 inter-

1183 3183 1302 3209 vsurium
1316 3182 1397 3216 magis
1411 3182 1526 3209 creditor
1538 3182 1721 3215 consequatur.

1221 3219 1497 3250 ιΝΤΕεΤᾹ-Τνς,
1518 3226 1548 3250 a,
1568 3226 1620 3243 um.
1654 3215 1714 3241 Adi.
1751 3212 1915 3248 [ἀδιάθετος]

1951 3214 2056 3241 Dicitur
2075 3223 2129 3242 non
2143 3215 2230 3243 solum

1146 3254 1175 3283 85
1184 3254 1239 3288 Qi
1260 3260 1382 3280 mortuus
1399 3253 1436 3279 est
1453 3253 1530 3279 nullo
1544 3252 1666 3278 confec-“to
1679 3250 1831 3277 testamento
1840 3270 1848 3282 ,
1868 3250 1910 3275 sed
1925 3250 2004 3276 etiam
2018 3250 2099 3276 Cuius
2112 3259 2144 3276 ex
2157 3251 2231 3277 testa-

1184 3295 1274 3316 mento
1287 3289 1358 3317 adita
1371 3298 1426 3314 non
1439 3288 1474 3314 est
1488 3287 1633 3318 hereditas,
1651 3293 1680 3312 vt
1698 3288 1782 3320 inquit
1801 3284 1904 3311 Paullus
1918 3285 1950 3321 de
1963 3284 2043 3311 Verb.
2054 3285 2140 3320 signif.
2155 3286 2172 3312 l.
2187 3287 2230 3312 In-

1183 3325 1298 3352 testatus.
1370 3323 1485 3350 Intcstati
1499 3323 1607 3357 proprie
1617 3321 1794 3356 appellantur,
1817 3321 1873 3354 Qni
1887 3329 1967 3355 quum
1981 3322 2079 3354 possent
2092 3321 2229 3348 testamen·

1183 3366 1241 3387 tum
1254 3361 1359 3393 facere,
1380 3359 1465 3385 testati
1479 3367 1534 3384 non
1547 3359 1605 3385 sunt
1625 3357 1729 3392 leian.
1745 3357 1772 3382 in
1785 3356 1801 3382 l.
1812 3365 1820 3382 1
1830 3357 1862 3382 D.
1872 3356 1903 3382 de
1912 3356 1961 3381 suis
1976 3363 2001 3382 et
2013 3356 2140 3391 legitimis
2153 3356 2228 3383 here-

1182 3395 1270 3422 dibus.
1377 3395 1432 3420 Cic.
1447 3403 1495 3428 pro
1508 3393 1612 3420 Cluent.
1628 3395 1670 3425 163
1700 3393 1734 3419 At
1747 3391 1822 3418 heres
1835 3391 1872 3418 est
1885 3391 2021 3417 Cluentius
2037 3402 2043 3417 :
2077 3391 2229 3420 intestatum

1530 3429 1604 3455 Idem
1618 3429 1694 3454 Verr.
1708 3436 1731 3457 2,
1744 3435 1770 3459 53
1783 3435 1804 3453 c.
1819 3435 1860 3452 22.
1926 3427 2019 3454 quen.
2029 3427 2078 3455 Sat.
2086 3434 2172 3463 3‚274

1537 3479 1583 3484 —
1618 3462 1693 3489 Poffis
1708 3463 1817 3496 ignauus
1834 3460 1936 3492 haberi,

1376 3501 1408 3526 Et
1422 3499 1503 3526 subiti
1519 3500 1590 3525 casus
1604 3498 1784 3533 improuidus,
1801 3496 1834 3523 ad
1854 3505 1962 3524 coenam
1976 3496 1995 3523 si

1378 3535 1515 3562 Intestatus
1531 3544 1582 3561 eas.

1184 3573 1255 3600 Hinc
1276 3571 1378 3598 subitae
1396 3577 1496 3597 mortes
1511 3576 1591 3606 atque
1604 3568 1723 3595 intestata
1735 3567 1852 3593 senectus
1870 3567 1989 3594 quenal.
2003 3575 2024 3600 ι,
2039 3575 2092 3601 114.

1581 3606 1719 3631 Parentum
1741 3603 1924 3629 intestatorum
1946 3603 2025 3630 liberi
2045 3602 2156 3630 heredes
2179 3604 2227 3629 sint

1184 3643 1314 3676 Quineiil.
1328 3651 1351 3675 3,
1366 3645 1390 3668 6.
1495 3640 1677 3671 Hereditates,
1693 3647 1760 3673 qnae
1780 3638 1813 3664 ab
1832 3638 1952 3665 intestato
1969 3639 2127 3665 deferuntur
2141 3639 2224 3664 Instit-

1182 3679 1230 3705 lib.
1244 3688 1257 3711 3
1272 3679 1313 3706 tit.
1327 3687 1346 3704 1.
1413 3676 1453 3703 Ab
1467 3676 1586 3703 intestato
1598 3675 1771 3702 hereditatem
1785 3672 1910 3707 poffidere
1928 3673 1989 3709 Dig.
2003 3683 2036 3707 29
2051 3680 2068 3700 t.
2081 3684 2100 3707 4
2114 3673 2130 3699 l.
2145 3681 2154 3698 1
2172 3671 2196 3706 6.
2213 3680 2225 3698 ι

1305 3714 1336 3740 In
1351 3713 1369 3739 l.
1382 3722 1442 3739 cum
1453 3713 1474 3739 ii
1486 3711 1510 3748 §.
1522 3713 1593 3737 Haec
1606 3710 1693 3737 oratio
1702 3710 1732 3736 D.
1741 3709 1772 3735 de
1779 3709 1919 3736 TransaEt.
1939 3709 2000 3736 Siue
2013 3719 2026 3735 a
2041 3709 2130 3735 testato
2138 3707 2224 3739 ῑᾱόὶὶε,

1498 3748 1567 3782 Qaeae
1578 3746 1652 3782 forte
1671 3745 1801 3780 referenda
1809 3745 1871 3780 fient
1884 3745 1920 3771 ad
1929 3743 2081 3772 defunfihnn
2095 3742 2224 3781 testatum,

1605 3779 1625 3818 q
1648 3790 1660 3806 2
1697 3780 1848 3813 IntestatuS,
1868 3781 1951 3807 Cuius
1971 3778 2058 3805 verbis
2077 3786 2129 3802 non
2149 3776 2224 3802 adlu-

1183 3820 1260 3846 betur
1274 3819 1346 3846 fides.
1415 3840 1417 3843 .
1449 3817 1609 3851 Pomponius
1631 3815 1797 3854 Εἱᾶοιίὺιις,
1817 3817 1889 3850 Ipsus
1908 3824 1965 3842 cum
1985 3821 2039 3839 vno
2054 3813 2131 3838 seruo
2145 3813 2223 3837 senex

1183 3854 1307 3881 intestato
1321 3853 1506 3889 proficiscitur.
1577 3853 1644 3878 Haec
1657 3851 1763 3878 Nonius
1776 3862 1802 3885 4,
1816 3859 1869 3886 237.
1997 3882 2003 3886 Π
2061 3844 2082 3882 ⁴]
2103 3856 2115 3878 3
2138 3847 2225 3873 Nullis

1182 3888 1283 3923 testibus
1296 3888 1432 3915 comam.
1468 3888 1549 3914 Plaut.
1564 3888 1640 3914 Cure.
1656 3895 1677 3920 ς,
1690 3895 1713 3919 3,
1729 3895 1757 3922 17
1777 3887 1895 3913 Hoccine
1906 3882 1982 3918 pauo
1994 3880 2175 3908 indemnatum
2189 3888 2226 3908 at-

1182 3934 1235 3959 que
1247 3925 1397 3951 intestatum
1412 3933 1453 3950 me
1467 3923 1551 3957 arripi
1565 3924 1581 3952 3,
1666 3922 1740 3949 Idem
1753 3923 1830 3948 Curc-
1842 3929 1866 3955 ς,
1879 3928 1905 3953 2,
1924 3926 1967 3949 24.
2072 3951 2077 3955 .
2163 3914 2184 3955 ff
2206 3926 2226 3949 4

1619 3967 1650 3985 on
1678 3956 1810 3991 casii-aeus.
1927 3953 2009 3980 Plaut.
2039 3950 2097 3979 Mil.
2128 3959 2141 3983 5
2154 3971 2164 3984 ,
2197 3960 2224 3983 23

1600 3966 1617 3983 'I

1495 3968 1615 4029 7Mi.
2194 3988 2226 4014 Et

2104 3491 2112 3503 Ι

2156 3568 2226 3595 Add.

1181 3750 1234 3776 siue
1249 3748 1282 3776 ab
1297 3748 1427 3775 intestato.
