2479 4225
10 1497 16 1516 3
45 1487 83 1514 tia
101 1487 253 1516 diuinarum
267 1494 292 1515 et
307 1489 596 1516 humanarum-rerum.

436 194 704 236 DIV

247 286 320 320 Qud
335 290 364 313 tu
379 285 478 313 diuinis
495 282 671 312 condimentis
684 290 770 314 vtere.

251 322 306 355 Qii
320 330 464 356 propagare
478 322 558 348 vitam
575 321 647 356 possis
660 319 824 351 hominibus,

248 357 304 390 Qui
321 366 350 383 ca
363 357 448 391 culpes
463 357 645 384 condimenta?
678 368 681 370 ·
903 386 909 393 ⁸
933 386 939 392 ⁴
1038 387 1043 393 ι

55 387 200 418 confilium
213 391 337 419 diuinum
358 393 413 419 Cic.
422 402 470 426 pro
486 393 553 427 Lege
565 391 657 419 Manil.
671 398 709 416 ιο.
779 389 867 415 Decor
883 386 991 414 diuinus
1010 388 1084 422 Virg.

57 427 122 456 Aen.
135 435 157 459 3,
171 429 234 461 647.
304 429 404 455 Domus
418 428 536 461 diuinas,
562 431 581 454 ι’.
595 427 787 461 Imperatorias,
806 425 924 450 AEciotus
941 430 1089 459 niteo-preta-
1111 429 1126 457 5

56 469 99 489 tur
109 465 136 488 in
159 462 176 488 l.
192 462 232 488 Ad
246 463 430 490 instruetiones
456 465 486 490 C.
503 463 535 490 de
547 462 636 490 sacros.
651 460 738 487 eccles.
780 459 837 486 Vni.
859 466 876 486 c
886 466 906 485 A
916 465 931 485 n
942 466 955 485 ¹.
966 465 1032 485 rsr
1045 466 1054 485 1
1065 466 1088 486 s.

57 498 131 525 Dona
149 497 306 525 diuiniffima
332 499 388 525 Cic.
404 499 435 525 de
450 500 529 534 Legg.
543 507 559 525 2
570 506 590 523 c.
606 501 641 526 ιε.
714 496 811 523 Fontes
824 494 910 521 diuini
935 495 1051 529 Propert.
1071 503 1090 525 ¹,

56 537 92 564 18,
109 540 152 567 27.
223 535 313 560 Homo
337 534 458 567 diuinus,
482 535 517 561 ad
532 533 716 559 communionem
733 540 787 557 cum
805 529 857 556 diis
874 531 985 567 refertur
1014 530 1089 563 Virg.

54 568 120 595 Aen.
136 576 158 600 ς,
172 573 205 602 48
233 570 380 604 Diuinique
397 571 447 596 ossa
461 567 572 604 parentis
609 565 785 593 Condidimus
804 571 898 593 terrae.
933 566 961 592 de
980 565 1089 601 Anchise

59 604 163 630 Veneris
181 608 280 632 marito.

54 638 254 667 Alcimedontis.
323 642 379 673 Sic,
397 642 486 668 Homo
498 638 602 664 diuinus
617 638 645 663 in
659 637 773 664 dicendo
806 638 862 663 Cic.
876 638 908 663 de
921 638 995 663 Orat.
1011 645 1030 669 1,
1045 646 1088 669 40.

55 673 138 700 Lacus
152 674 257 708 diuini,
275 679 294 702 i.
308 675 459 702 Consecrati
476 674 549 707 Virg.
564 673 630 698 Aen.
646 681 669 705 3,
682 681 745 706 442.
782 672 897 699 Seruius.
959 673 1016 698 Cic.
1031 672 1089 698 Phi-

54 708 118 744 lipp.
133 716 156 743 ς,
169 716 199 740 28
220 711 296 737 Tum
310 712 368 738 illas
381 708 499 737 caelestes⁴
513 708 670 742 diuinasque
678 708 819 742 Legiones,
832 708 955 734 Martiam
971 714 996 733 ct
1005 709 1090 741 Qiar-

55 749 125 778 tam,
144 751 190 771 etc.
264 747 418 774 Liberalitas
435 744 489 770 Cic.
504 743 561 778 post
574 744 639 770 Red.
655 743 687 770 ad
700 745 780 777 Qnir.
795 753 816 770 c.
830 752 852 776 3.
923 743 1008 770 Locus
1023 744 1090 770 diui-

54 788 121 812 nus,
147 782 208 806 Diis
227 782 380 818 cwzficratus
410 780 491 806 Plaut.
506 779 611 805 Mostel.
630 787 653 812 ς,
672 788 693 812 ι,
706 787 734 812 ςς
754 779 831 806 Tum
849 777 957 805 consilia
971 779 1090 806 firmiora
1110 792 1119 815 1

53 816 113 841 sunt
127 814 159 842 de
174 816 274 843 diuinis
291 817 363 844 locis.
413 813 486 841 Idem
502 813 623 841 Bacchid.
635 823 665 848 4,
679 823 704 847 9,
720 824 732 840 2
763 817 854 848 Quum
866 812 965 840 Priami
979 816 1090 849 patriam

52 850 207 885 Pergamum
228 853 318 879 diuina
335 850 483 878 moenitum
500 851 592 876 Manu.
663 851 796 877 Memoria
816 850 910 876 diuina
939 848 995 876 Cic.
1011 851 1089 877 Acad.

52 894 82 918 4,
101 895 126 913 2.
198 889 265 915 Hor.
280 889 358 914 Serm.
382 894 401 918 ι,
421 894 448 918 4,
465 894 497 918 43
534 885 673 920 Ingenium
687 887 730 912 cui
743 886 788 918 fit,
812 885 855 911 cui
871 886 946 912 Mens
959 885 1090 919 diuinior,

51 927 131 956 atque
144 931 174 949 os
212 924 303 958 Magna
314 923 483 953 sanaturum,
503 921 547 947 des
567 921 684 947 nominis
702 921 781 947 huius
799 920 940 947 honorem.
1014 922 1090 948 Mens

34 202 189 250 ἐπ,

1554 191 1592 232 D
1699 193 1735 233 Ο
2126 212 2195 250 234

1155 282 1258 317 aliquid
1277 281 1314 308 ita
1336 280 1365 308 fit
1386 282 1548 315 praedidium
1569 277 1801 316 praeseusumque,
1829 289 1874 316 vt,
1895 290 1976 320 quum
1995 287 2130 320 euenerst,
2155 288 2192 314 ita

1155 319 1244 351 cadat,
1262 324 1292 344 vt
1310 317 1472 352 praedii-lum
1492 318 1536 351 iit,
1556 325 1640 352 neque
1660 318 1687 343 in
1702 327 1734 344 co
1751 318 1896 352 quidquam
1910 323 1966 347 casu
1987 327 2011 348 et
2026 323 2141 349 fortuito
2155 324 2194 350 sa-

1156 354 1227 379 chun
1242 359 1378 388 appareat,
1395 354 1441 378 ess‘e
1457 360 1525 380 certe
1539 353 1732 380 diuinationem
1751 353 1808 380 Cic.
1824 355 1855 380 de
1870 355 1960 382 Diuin.
1977 365 1985 383 1
2001 367 2021 384 c.
2035 366 2071 391 53.
2118 358 2193 386 Idem

1158 390 1229 415 Fam.
1243 392 1269 421 6,
1283 391 1299 414 6
1325 389 1414 421 Qiare
1428 398 1520 422 quum,
1535 394 1563 415 vt
1576 397 1685 423 augures
1700 389 1782 415 solent
1798 398 1829 415 cx
1844 391 1909 415 meis
1925 392 2104 424 superioribus
2119 403 2192 428 prae-

1157 424 1235 450 dictis
1249 424 1372 450 constitui
1388 425 1456 457 apud
1468 431 1493 450 te
1507 425 1689 451 aridioritatctu
1703 424 1807 459 augurii
1821 432 1846 451 et
1860 425 2033 454 diuinationis
2047 438 2129 462 meae,
2150 430 2193 456 de-

1158 459 1232 486 bebit
1252 459 1349 486 habere
1367 459 1445 485 iidem
1469 460 1553 486 nostra
1575 459 1729 494 praedicffio.
1802 460 1977 487 Coniecturae
1996 462 2194 492 diuinationum

1156 495 1195 521 Id.
1211 495 1243 521 de
1257 496 1349 521 Diuin.
1364 503 1384 527 1,
1397 500 1439 529 78.
1510 496 1644 522 Pei-motus
1665 496 1752 522 nescio
1768 505 1818 530 qua
1839 496 2020 530 diuinationc,
2040 500 2091 525 vid.
2113 508 2193 528 PER-

1155 537 1179 556 M
1193 537 1211 555 o
1222 538 1243 557 'r
1255 537 1274 555 ν
1286 538 1308 557 s.
1505 527 1525 566 Ἴ
1552 539 1567 556 2
1603 531 1741 558 Diuinatio
1759 531 1874 567 quaedam
1892 531 1979 558 iudicii
2000 533 2194 566 csziitutiomrn

1151 566 1296 602 prosc-cdii,
1321 566 1364 592 obi
1381 567 1524 601 quaeritur,
1545 569 1599 600 quis
1618 570 1684 594 inter
1699 568 1785 602 plures
1802 571 1845 602 qui
1862 568 1973 603 occustzre
1985 570 2085 600 volunt,
2100 571 2138 603 fit
2150 571 2193 598 ad-

322 605 366 632 Ad
377 613 454 632 artem
464 602 630 631 admirabilem
656 601 729 628 Idem
744 601 798 628 Ecl.
819 610 840 633 3,
859 609 891 637 37
921 601 1013 628 Diuini
1026 610 1090 635 opus
1109 613 1138 634 10
1155 601 1297 627 mittendus.
1334 602 1375 628 Ita
1389 600 1507 626 Vcrrinis
1521 601 1656 627 Ciceronis
1666 601 1797 637 praemissa
1810 602 1988 636 estDiumatio
2001 603 2028 629 in
2036 605 2194 640 Caecilium,

1154 636 1197 663 vbi
1210 637 1293 663 Cicero
1302 636 1434 672 persuadet
1446 635 1587 668 iudicibus,
1600 637 1627 672 fi
1641 641 1760 665 incisorem
1772 637 1834 674 fore
1853 640 1940 666 Verris
1956 639 2118 673 accusatorem
2137 643 2195 668 Cae.

1154 673 1222 698 cilio.
1295 672 1349 698 Cic.
1366 671 1397 697 ad
1412 672 1464 704 Qu.
1478 671 1546 697 Frat.
1562 680 1582 703 3,
1597 681 1612 698 ι
1640 673 1766 700 Postridie
1780 674 1835 700 eius
1849 673 1904 700 diei
1917 675 1984 708 apud
1998 675 2125 702 (atonem
2138 682 2195 704 crat

1155 706 1289 733 diuinatio
1302 708 1330 733 in
1344 705 1490 732 Gabinium
1510 706 1599 734 futura
1620 708 1703 740 inter,
1726 716 1771 735 etc.
1841 710 1972 743 Qiinetil.
1992 719 2066 743 3,10,
2080 719 2092 742 3
2123 712 2196 739 Sicut

1157 742 1425 776 diuinationes,quae
1444 742 1509 768 fiunt
1529 741 1560 768 de
1578 745 1724 771 accusatore
1744 743 1941 778 constituendo,
1962 752 1985 771 et
2003 754 2195 782 nonnunquam

1157 777 1226 804 inter
1240 777 1386 810 delatores,
1398 783 1457 803 vter
1476 778 1621 811 praemium
1643 781 1779 807 meruerit.
1839 780 1897 808 Va'd.
1916 781 2047 814 Quinctil.
2064 789 2092 816 7,
2113 793 2141 818 4,
2159 791 2196 816 33.

1157 820 1179 841 a
1194 813 1261 839 Gell.
1274 821 1300 845 2,
1313 821 1340 846 4.
1360 818 1382 838 et
1397 814 1488 839 Διὶ-οη.
1502 814 1529 838 in
1546 814 1663 841 Diuinat.
1680 816 1754 842 Vcrr.
1765 823 1809 850 pr.
1826 816 1895 843 Suet.
1910 817 1982 842 Caes.
1996 826 2017 843 c.
2033 825 2069 850 55.

1193 854 1211 875 D
1223 855 1231 874 1
1243 856 1281 874 Vl
1292 856 1312 874 N
1326 847 1439 880 sTAS,
1465 849 1523 875 Etis.
1550 849 1568 875 f.
1606 850 1735 883 [θειότης]
1770 852 1866 878 Diuina
1884 857 1984 878 naimo.
2020 853 2088 879 Plin.
2109 862 2147 886 19,
2167 860 2196 880 12

1157 885 1230 919 Opus
1246 883 1352 917 ingens,
1376 884 1561 919 occultumque
1574 885 1731 911 diuinitatis.
1767 886 1803 911 Ex
1818 886 1960 914 diuinitate
1972 888 2075 914 animos
2082 888 2197 922 haustos,

1156 926 1201 946 aut
1219 926 1355 953 acceptOS,
1383 926 1426 945 aut
1446 919 1542 946 libatos
1561 920 1685 949 habemus
1711 920 1766 946 Cic.
1781 921 1813 946 de
1828 922 1918 948 Diuin.
1930 931 1946 949 2
1960 932 1981 950 c.
1998 931 2030 950 ιι.
2102 923 2198 951 Theo-

52 956 146 983 diuina
167 959 240 993 Virg.
256 959 350 991 Georg.
365 965 393 989 4,
407 965 468 983 220.
505 957 614 984 Numen
628 957 750 984 diuinum
781 957 885 983 Lucret.
899 959 926 989 6,
940 958 979 989 56.
1015 957 1090 992 Virg.
1111 963 1146 985 20
1157 954 1275 989 phrastus
1287 963 1301 980 a
1316 954 1457 981 diuinitate
1470 955 1597 990 loquendi
1612 964 1708 981 nomen
1724 956 1827 982 inuenit
1858 957 1930 983 Idem
1946 958 1974 984 in
1988 960 2062 985 Orat.
2078 961 2111 986 62
2125 969 2146 987 c.
2161 969 2198 993 ¹9·

53 993 119 1019 Aen.
143 1002 161 1025 1,
179 1002 228 1027 403
255 991 459 1026 Ambrofiaeque
479 1001 571 1019 comae
588 992 710 1032 diuinum
729 992 830 1032 vertice
848 991 969 1018 Odorem
1006 993 1091 1027 Spira-

181 1028 259 1055 Ouid.
274 1027 337 1054 Fast.
351 1035 374 1059 3,
389 1034 423 1054 22
440 1028 472 1054 Et
484 1028 529 1054 sua
544 1027 636 1054 diuina
650 1028 721 1054 furta
740 1027 838 1054 fefellit
850 1029 917 1062 Ope.
954 1028 983 1053 tle
997 1031 1090 1056 Morte.

523 1063 613 1090 Pedius
623 1063 727 1089 Petron.
742 1068 790 1095 138.
812 1063 969 1098 deformosa.
1027 1066 1090 1091 Po'e'-

531 1098 615 1125 Ouid.
629 1106 660 1124 ex
671 1099 746 1125 Pont.
757 1109 786 1133 4,
798 1107 821 1131 3,
834 1106 870 1131 49
906 1099 986 1125 Ludit
1001 1100 1027 1125 in
1042 1100 1091 1126 hu-

53 1037 126 1054 vere.

53 1064 90 1089 Os
105 1064 222 1090 diuinum
230 1064 301 1098 Virg.
315 1063 379 1088 Aen.
387 1071 408 1094 3,
416 1069 471 1097 373.

53 1104 79 1125 ta
92 1099 196 1125 diuinus
217 1099 287 1133 Virg.
303 1097 355 1124 Ecl.
369 1107 407 1130 10,
420 1106 462 1131 45.

54 1135 138 1161 manis
156 1134 244 1163 diuina
265 1134 384 1160 Potentia
402 1134 489 1160 rebus.

52 1169 110 1196 Cic.
125 1169 155 1196 de
167 1170 222 1196 Fin.
237 1176 250 1201 ς
263 1178 284 1195 e.
299 1177 332 1201 13.
403 1170 453 1196 Res
467 1168 560 1196 diuina
573 1169 728 1205 sacrificium
748 1168 797 1202 est,
817 1176 847 1196 vt
854 1173 984 1206 principio
997 1175 1092 1198 monui-

51 1213 113 1232 mus.
147 1203 213 1231 Add.
227 1205 282 1231 Cic.
294 1205 386 1231 Diuin.
402 1211 414 1231 2
427 1214 449 1231 c.
465 1213 494 1230 ιο
512 1204 593 1231 Nihil
606 1205 690 1231 leuari
704 1206 742 1232 Re
750 1205 841 1231 diuina
854 1206 946 1240 potest.
983 1208 1013 1233 Et
1025 1217 1091 1239 mox,

52 1240 149 1267 Omnia
163 1240 248 1266 leuius
262 1241 367 1273 casura,
386 1240 473 1267 Rebus
493 1240 593 1266 diuinis
605 1241 761 1274 procuratis.
832 1241 906 1267 Idem
921 1243 998 1268 Verr.
1020 1253 1047 1277 4,
1065 1248 1090 1272 18

52 1275 102 1302 Res
113 1275 187 1302 illum
201 1275 304 1302 diuinas
317 1275 386 1310 apud
401 1277 471 1303 Deos
491 1275 520 1302 in
533 1277 579 1302 suo
593 1277 707 1303 sacrario
719 1285 802 1311 prope
814 1276 936 1311 quotidie
951 1278 1038 1304 facere
1051 1278 1091 1305 vi-

560 1134 673 1160 Ratione
689 1133 760 1160 nihil
781 1134 818 1160 est
837 1133 947 1160 homine
971 1135 1090 1162 diuinius
1108 1142 1140 1169 25
1158 1138 1177 1165 Ι,
1193 1141 1229 1165 ¹9-

1158 992 1189 1017 Et
1203 991 1241 1016 De
1249 990 1323 1016 Orat.
1338 998 1353 1016 2
1367 1000 1387 1016 c.
1396 997 1431 1024 74
1452 988 1516 1017 Non
1529 1000 1572 1017 me
1584 991 1615 1017 de
1629 990 1739 1025 perfecti
1752 992 1865 1017 oratoris
1879 993 2020 1019 diuinitate
2035 995 2145 1028 quadam
2160 996 2199 1023 lo-

1158 1026 1221 1061 qui,
1240 1025 1283 1051 sed
1297 1025 1329 1052 de
1342 1027 1538 1053 exercitationis
1553 1032 1579 1052 et
1592 1026 1790 1052 consuetudinis
1811 1036 1883 1052 meae
1898 1027 2092 1056 mediocritate.
2127 1031 2197 1058 Add.

1157 1071 1177 1087 c.
1192 1067 1223 1093 89
1247 1061 1312 1088 Tua
1324 1061 1352 1087 in
1368 1061 1447 1088 caufis
1461 1062 1595 1088 diuinitas.
1666 1061 1816 1088 Aristoteles
1829 1063 1913 1088 menti
1932 1062 2027 1089 tribuit
2040 1073 2145 1093 omnem
2159 1067 2199 1093 di-

1156 1097 1297 1123 vinitatem
1320 1097 1376 1123 Cic.
1391 1097 1422 1122 de
1437 1095 1472 1123 N.
1487 1098 1517 1124 D.
1534 1106 1552 1128 1,
1564 1105 1601 1129 33.
1674 1096 1806 1123 Diuinitas
1820 1097 1877 1131 post
1890 1104 2004 1123 mortem
2018 1101 2115 1127 credita
2136 1102 2198 1128 Liu.

1448 1142 1464 1159 z
1502 1131 1541 1165 Est
1557 1136 1630 1159 ctiam
1643 1132 1784 1158 diuinatio.
1828 1133 1884 1159 Cic.
1898 1132 1930 1159 de
1945 1133 2007 1160 Diu.
2027 1142 2043 1160 2
2057 1144 2077 1160 c.
2092 1141 2118 1167 38
2132 1144 2200 1164 extr.

1157 1169 1199 1194 An
1212 1166 1372 1200 Pisidarum,
1391 1174 1436 1194 aut
1449 1165 1580 1200 Cilicum,
1606 1174 1650 1194 aut
1664 1167 1795 1202 Phrygum
1809 1167 1857 1194 ista
1870 1168 1977 1194 inuenta
1997 1169 2201 1206 (auguriorum)

1158 1202 1290 1229 dicemus?
1322 1203 1407 1229 Placet
1421 1203 1503 1238 igitur
1516 1203 1686 1230 humanitatis
1700 1211 1817 1237 expertes
1837 1203 1933 1230 habere
1947 1204 2096 1232 diuinitatis
2109 1207 2200 1234 audo-

1157 1240 1214 1266 res?
1251 1239 1292 1265 Sic
1305 1245 1328 1264 st
1347 1239 1464 1265 Lautam.
1485 1248 1505 1271 1,
1525 1244 1548 1271 13
1558 1246 1602 1274 pr.
1651 1270 1654 1273 .
1685 1239 1757 1265 Seru.
1772 1239 1806 1264 od
1818 1239 1893 1273 Virg.
1907 1240 2004 1273 Georg.
2024 1249 2047 1272 2,
2064 1243 2116 1274 486
2135 1242 2200 1269 Non

1158 1273 1229 1309 quod
1250 1273 1323 1299 nulla
1342 1274 1427 1307 gloria
1440 1274 1588 1301 medicinae
1607 1274 1660 1300 est?
1702 1274 1750 1300 Sed
1766 1273 1838 1308 quod
1853 1275 1945 1301 minor
1958 1283 2036 1309 quam
2052 1276 2201 1305 diuinitatis

50 1309 120 1339 disti.
156 1312 220 1338 Cato
232 1311 262 1337 R.
278 1312 309 1338 R.
322 1317 358 1343 83.
394 1312 498 1338 Sueton.
512 1312 581 1346 Aug.
595 1320 616 1337 c.
626 1318 636 1338 1
648 1318 694 1338 etc.
714 1311 762 1340 Sed
766 1312 841 1347 saepe
849 1312 899 1339 Res
913 1312 1019 1340 diuinae
1028 1314 1091 1349 sient
1105 1322 1137 1348 30
1158 1316 1184 1336 et
1198 1308 1363 1343 augurandi,
1387 1319 1454 1344 quae
1474 1311 1499 1336 ei
1513 1310 1610 1345 Apollo
1628 1309 1761 1336 obtulerat
1772 1317 1897 1342 munera,
1917 1316 1945 1336 vt
1957 1311 2105 1345 Augurium
2120 1313 2201 1340 citha-

49 1347 182 1373 naturales.
233 1347 274 1373 Sic
285 1347 433 1383 praesertim
445 1348 523 1374 Stoici
537 1347 707 1383 loquebantur.
764 1349 877 1374 Pertinet
889 1348 937 1374 huc
950 1355 1002 1375 tota
1018 1358 1091 1383 prae-

48 1381 116 1408 fario
129 1381 236 1408 Senecae
248 1382 353 1416 Qiaest.
368 1383 431 1409 Nat.
453 1385 519 1409 inter
531 1384 583 1409 alia
596 1382 675 1415 illud,
693 1383 724 1409 Et
737 1379 788 1409 hoc
803 1383 882 1410 habet
900 1386 997 1410 animus
1011 1383 1091 1416 noster

46 1424 232 1452 argumentum
243 1418 391 1444 diuinitatis
403 1419 464 1445 suae
473 1438 482 1451 ‚
501 1417 574 1452 quod
587 1418 665 1445 illum
678 1417 771 1445 diuina
784 1418 923 1445 delcetant.
958 1419 1006 1447 Sed
1017 1422 1091 1445 etiam

45 1453 108 1484 alii,
126 1462 178 1479 cum
193 1453 292 1480 Diuina
305 1453 427 1480 humanis
440 1460 581 1489 opponunt,
599 1463 625 1481 υ.
638 1463 665 1490 g.
736 1454 793 1480 Cic.
808 1455 867 1481 Fin.
881 1463 896 1481 2
909 1464 931 1480 c.
946 1459 973 1481 iz
1004 1455 1091 1481 Scien-

45 1521 219 1550 humanarum
231 1533 322 1552 rerum
335 1525 462 1560 cognitio.
518 1525 634 1560 Clofficus
645 1526 712 1551 iocus
730 1525 786 1551 Cic.
794 1526 869 1552 Orat.
885 1534 925 1559 119
937 1535 958 1552 c.
973 1535 1006 1560 34
1028 1528 1091 1553 Ora-

44 1564 121 1585 torem
141 1568 175 1586 ne
189 1559 356 1594 physicorum
377 1561 486 1596 quidem
506 1561 628 1595 ignarum
649 1561 697 1586 eise
710 1561 783 1587 volo.
805 1575 808 1578 ⁴
855 1561 953 1587 Omnia
968 1561 1092 1595 profec'w

46 1603 106 1621 cum
122 1595 147 1620 se
166 1604 181 1621 a
195 1595 346 1622 caelestibus
359 1596 439 1623 rebus
457 1597 555 1623 reseret
568 1596 601 1623 ad
619 1594 762 1628 humanas,
780 1595 903 1622 excelsius
923 1597 1093 1630 magnificen-

42 1629 150 1665 ciusque
163 1637 189 1657 et
202 1630 272 1657 dicet
286 1637 312 1658 et
324 1632 425 1658 sentiet.
460 1633 583 1666 Cumque
596 1631 641 1657 illa
653 1631 745 1657 diuina
758 1632 923 1665 cognouerit,
937 1632 1002 1658 nolo
1016 1632 1091 1666 igno-

44 1671 88 1692 ret
101 1674 134 1692 ne
146 1666 209 1692 haec
223 1667 332 1701 quidem
346 1667 469 1694 humana.
504 1668 547 1693 Ius
560 1666 643 1693 ciuile
655 1672 758 1699 teneat,
779 1674 824 1693 etc.

43 1702 90 1727 illa
102 1701 213 1735 definitio
232 1702 340 1736 leiani
353 1703 371 1730 l.
380 1712 408 1729 ιο
420 1701 473 1739 §.2
486 1702 512 1728 ff.
527 1702 559 1728 de
573 1701 675 1728 Iustitia
688 1707 714 1728 et
727 1702 786 1728 iure
800 1711 815 1728 a
828 1701 974 1728 Iustiniano
989 1703 1092 1737 adopta-

44 1741 74 1761 ta
86 1735 118 1763 de
125 1736 186 1762 Iust.
199 1741 225 1763 et
237 1737 296 1764 iure
308 1736 331 1774 §.
346 1747 355 1764 1
374 1740 442 1766 Iuris
455 1737 594 1772 prudentia
608 1737 644 1763 est
658 1737 810 1763 diuinarum
823 1742 902 1770 atque
914 1737 1090 1762 humanarum

45 1778 136 1798 rerum
148 1772 261 1798 notitia:
297 1775 390 1809 Nempe
401 1775 446 1800 Ius
455 1773 574 1799 naturale
587 1779 611 1797 et
623 1772 704 1798 ciuile
716 1771 823 1802 indicat,
841 1778 871 1796 vt
890 1772 946 1796 Cic.
954 1779 1004 1804 pro
1012 1772 1088 1796 Rosc.

45 1806 105 1832 Am.
119 1815 140 1831 c.
155 1815 183 1837 23
215 1807 314 1833 Diuina
331 1815 358 1834 et
369 1809 484 1834 humana
496 1808 555 1832 iura
567 1806 700 1832 dicuntur.
753 1806 823 1830 Haec
835 1804 930 1830 erudite
943 1813 973 1830 ex
986 1806 1090 1830 Graecis

42 1842 116 1865 etiam
129 1838 255 1871 illustrata
268 1841 337 1866 dedit
349 1845 378 1867 in
391 1843 462 1867 Claui
481 1841 591 1866 ciceron.
606 1837 731 1871 Erngsius.
766 1868 769 1870 ,

42 1874 70 1900 si
83 1879 108 1899 te
122 1874 199 1907 digna
212 1880 300 1900 manet
313 1875 400 1900 diuini
414 1874 500 1908 gloria
512 1875 600 1900 Ruris.
671 1873 727 1899 Cic.
742 1871 775 1898 ad
788 1873 842 1906 Qi.
857 1873 926 1899 Frat.
942 1881 968 1906 2,
982 1879 995 1903 8
1019 1873 1089 1900 Idib.

41 1909 107 1935 Mai.
128 1909 235 1935 Senatus
249 1908 356 1935 diuinus
368 1910 420 1935 fuit
433 1910 462 1935 in
475 1908 668 1943 supplicatione
680 1908 798 1934 Gabinio
817 1907 965 1943 deneganda
976 1920 981 1935 :
1002 1909 1090 1935 laudat

39 1945 110 1971 illius
117 1944 297 1980 fortitudinem
311 1951 335 1970 et
346 1943 518 1978 constantiam.
590 1943 664 1970 Idem
678 1943 792 1978 Philipp.
809 1950 831 1976 3,
843 1946 877 1970 26
896 1944 953 1977 Qi
966 1945 1025 1970 sunt
1039 1945 1089 1978 igi-

41 1984 87 2006 tur
98 1979 213 2014 reliqui,
233 1988 301 2014 quos
314 1980 375 2008 Sors
389 1980 481 2007 diuina
494 1979 622 2006 delefletZ
692 1979 844 2006 Tomacula
864 1980 983 2006 quenal.
997 1987 1020 2012 ς,
1036 1987 1087 2012 535.

38 2018 59 2042 i.
72 2014 157 2051 gustus
164 2015 312 2050 suauiffimi.
382 2015 510 2050 Voluptas
524 2014 618 2041 diuina
638 2014 744 2041 Luci-et.
758 2023 781 2047 3,
794 2019 834 2044 28.

18 2060 23 2066 ¹
39 2053 128 2077 ciatim
141 2050 175 2076 ad
185 2050 335 2086 futurorum
349 2051 539 2088 praefinfionem
555 2057 578 2076 et
585 2048 782 2086 praediffioncm
792 2051 914 2085 pertinet.
984 2050 1041 2077 Cic.
1056 2050 1088 2076 de

43 2086 135 2118 Diuin.
151 2094 171 2118 1,
185 2091 210 2116 81
243 2086 395 2113 Aristoteles
415 2087 524 2121 quidem
538 2094 583 2112 eos
596 2085 685 2116 etiam,
698 2086 746 2119 qui
759 2085 919 2112 valetudinis
933 2086 1003 2112 vitio
1018 2086 1088 2112 furc-

38 2127 116 2154 rem,
131 2128 157 2148 et
171 2121 356 2148 melancholici
376 2121 544 2153 dicerentur,
569 2120 689 2147 censebat
702 2120 808 2148 Habere
826 2120 930 2155 aliquid
949 2121 977 2147 in
991 2121 1087 2147 animis

40 2157 201 2192 praesagiens
214 2163 292 2191 atque
305 2156 437 2184 diuinum.
515 2157 629 2183 Diuinus
643 2155 672 2183 de
679 2156 818 2192 prudentia
829 2159 857 2182 in
869 2155 978 2189 consiliis
990 2160 1087 2191 capien-

41 2192 92 2219 dis.
135 2192 194 2218 Vid.
216 2192 286 2226 Nep.
302 2200 340 2225 ες,
352 2201 380 2226 9,
395 2201 415 2220 ι.

41 2227 164 2258 diuinus,
185 2227 203 2253 fi
225 2228 310 2254 oculis
328 2234 416 2263 captus
428 2227 475 2261 sit,
493 2233 522 2255 vt
539 2227 659 2254 Tiresias
678 2227 746 2260 fuit,
765 2227 854 2262 possit,
874 2235 941 2262 quae
954 2227 1014 2254 alba
1026 2227 1085 2260 lint,

40 2271 108 2298 quae
121 2262 211 2296 nigra',
237 2263 344 2290 dicere3
375 2264 417 2290 Sic
421 2264 496 2299 saepe
507 2266 534 2289 in
548 2264 593 2290 boc
605 2263 679 2290 libro.
756 2262 825 2289 Hor.
839 2263 928 2289 Carm.
949 2272 972 2296 3,
990 2269 1034 2298 27,
1056 2272 1085 2289 10

39 2298 171 2324 Imbrium
189 2298 281 2324 diuina
304 2298 362 2325 auis
378 2299 590 2326 imminentium.
659 2299 737 2325 Motu
758 2298 853 2325 diuino
872 2299 975 2325 concita
991 2300 1085 2325 Manto

39 2333 120 2360 Ouid.
134 2334 198 2359 Met.
212 2335 238 2366 6,
251 2338 299 2367 158.
370 2335 439 2361 Hor.
452 2335 534 2362 Serm.
550 2343 568 2366 1,
581 2343 609 2368 9,
622 2342 654 2367 3ο
683 2333 764 2368 Qiod
779 2343 864 2368 puero
884 2335 979 2361 cecinit
993 2333 1086 2361 diuina

18 2397 19 2401 ,
38 2375 113 2395 mota
127 2377 190 2395 anus
202 2378 275 2395 vrna-

40 2404 97 2431 tial.
109 2413 132 2437 3,
146 2412 174 2439 71
206 2404 271 2431 Non
286 2405 342 2431 sum
355 2405 480 2438 diuinus,
504 2405 549 2433 sed
561 2406 617 2432 scio
629 2405 695 2440 quid
710 2405 798 2432 facias.
863 2407 905 2433 Ita
917 2412 940 2431 et
958 2405 1085 2431 Manilius

39 2448 62 2472 ι,
76 2448 87 2466 ι
108 2439 274 2475 Astrologiam
289 2446 372 2467 artem
384 2441 505 2468 diuinam
517 2442 594 2468 dixir-
634 2440 693 2468 Vid.
711 2443 775 2468 Intt.
795 2440 830 2469 ad
844 2442 950 2467 Petron.
968 2449 989 2467 c.
1003 2447 1020 2475 7
1038 2441 1086 2467 Di-

38 2476 130 2502 vinam
149 2476 280 2510 putabam.
503 2506 508 2508 -

76 2517 96 2537 D
105 2517 144 2536 lv
154 2511 201 2537 ᾹΙ.
212 2517 221 2536 1
232 2517 245 2536 s
254 2530 261 2541 ,
279 2519 302 2537 e.
338 2510 398 2536 Adi.
437 2510 520 2543 Idem,
552 2509 620 2547 quod
630 2510 733 2537 diuinus
744 2510 811 2546 opud
815 2510 942 2547 sequioris
954 2511 1083 2547 aeuiscri-

57 2550 132 2571 tores.

34 2551 108 2607 lCod.
122 2580 268 2607 Constituta
280 2581 425 2614 Symmach.
438 2588 465 2616 7,
473 2584 514 2614 96.
545 2582 638 2617 ¹Origo
657 2583 767 2616 Coripp.
785 2591 806 2615 1,
819 2591 861 2616 42.
898 2583 1005 2609 Sacrum
1018 2583 1083 2609 Poe-

41 2620 68 2642 ta
86 2616 201 2643 Incertus
224 2615 256 2642 de
270 2617 386 2643 Bebiani
407 2616 556 2652 baptismo,
584 2621 603 2645 i.
620 2617 785 2651 Eucharistia.
855 2618 966 2652 Coripp.
985 2627 1013 2651 4,
1030 2626 1082 2652 227

39 2651 165 2678 Tollitur
175 2652 205 2678 in
223 2661 347 2686 magnum
367 2652 462 2679 diualis
476 2653 537 2680 sella
552 2653 722 2687 triumphum
732 2674 740 2686 ,
763 2657 782 2679 i.
800 2655 895 2679 curulis
911 2655 1082 2687 Imperatoris.

39 2687 82 2714 Sic
98 2686 302 2755 Teeiastdiualia
320 2697 344 2720 2,
356 2693 398 2720 84.
452 2689 545 2722 Nempe
556 2695 587 2714 vt
599 2688 724 2715 diuinum
729 2687 770 2722 fic
782 2687 872 2715 diuale
884 2686 934 2720 ςίῖ,
960 2686 1082 2723 quidquid

54 2731 120 2748 ΥΠΖΕΙ
129 2732 162 2747 111
175 2731 186 2747 f
211 2742 217 2748 .

34 2727 52 2756 p
75 2762 94 2781 D
108 2730 149 2783 ›lv
159 2765 178 2783 A
189 2764 210 2782 ‘r
219 2764 240 2782 v
249 2763 277 2788 s,
294 2755 307 2783 ὅ
320 2756 362 2786 τῆς
375 2755 443 2781 &ulau
460 2755 556 2789 μνῆμης
568 2757 627 2783 Vct.
641 2752 720 2783 Gloff.

72 2797 92 2817 D
103 2798 112 2816 1
125 2799 144 2817 V
157 2800 164 2818 1
176 2799 197 2818 G
207 2790 224 2818 ἔ
234 2800 254 2818 Ν
264 2799 301 2823 Α,
321 2800 358 2818 ae.
393 2790 494 2823 θεογενιὲς
513 2791 590 2818 Gloffi
602 2793 649 2818 Gr.
669 2793 726 2818 Lat.

71 2832 91 2852 D
103 2833 113 2852 1
124 2834 145 2853 v
157 2834 166 2852 1
178 2834 200 2853 N
209 2834 230 2853 A
239 2835 256 2854 L
269 2834 276 2852 ι
289 2835 302 2854 s
312 2847 320 2859 ,
336 2836 358 2853 e.
394 2826 562 2853 Astronomia
581 2826 640 2853 Ifid.
653 2828 746 2861 Origg.
763 2836 788 2859 2,
802 2835 846 2860 24.
867 2827 885 2854 ἶ,
896 2825 1040 2862 astrologia.

75 2868 94 2887 D
107 2868 116 2887 1
127 2869 148 2888 V
162 2870 169 2888 Ι
182 2869 205 2888 Ν
217 2869 225 2887 1
238 2869 253 2888 Ρ
262 2860 281 2888 ὅ
290 2868 311 2887 Τ
320 2869 337 2889 Ε
347 2870 368 2888 Ν
378 2870 406 2895 S,
436 2862 469 2890 is.
505 2859 687 2897 [θεοὸύναμος]
724 2864 775 2897 Qci
787 2866 814 2888 in
832 2861 1077 2898 diuinispotestatem

35 2896 115 2924 habet.
152 2897 228 2931 Apul.
243 2898 307 2923 Met.
323 2906 331 2923 1
351 2898 414 2932 Saga
426 2903 452 2924 et
466 2896 647 2932 diuinipotens
661 2897 763 2924 caeluni
777 2897 918 2932 deponere.
954 2897 1002 2925 Sed
1014 2899 1077 2925 Elm.
1089 2903 1121 2932 73

37 2941 64 2968 p.
78 2935 152 2960 106.1
173 2932 273 2964 diuina,
292 2938 393 2967 potens.

74 2974 389 3000 D¹v1N1SC1ENs,
422 2968 499 2994 entis.
535 2967 613 3002 Apul.
632 2967 709 3003 Apol.
729 2977 754 3003 p.
776 2976 838 3001 290,
858 2976 900 3003 34.
936 2967 964 2994 de
983 2971 1075 3005 magia.

35 3003 84 3032 Sed
92 3004 176 3030 melius
189 3003 325 3036 diuiditur,
345 3003 433 3030 diuini
453 3004 585 3030 scientem.

71 3045 91 3066 D
101 3046 110 3065 1
121 3046 142 3065 v
154 3046 166 3066 1
176 3046 198 3064 N
210 3045 229 3065 o
239 3059 248 3072 ,
277 3044 329 3066 are.
371 3039 385 3072 [
397 3039 550 3071 μαντεύομαι
562 3041 575 3074 ]
619 3038 752 3075 Significat
771 3042 900 3075 augurari.

39 3076 101 3099 enim
113 3076 162 3101 Dei
175 3073 207 3108 cst
219 3075 308 3109 futura
315 3074 466 3110 praedicere.
493 3074 521 3101 de
534 3075 670 3101 hominibus
682 3078 755 3100 etiam
773 3073 877 3101 dicitur.

42 3115 71 3140 4,
81 3117 100 3141 4
116 3110 191 3136 Plane
203 3110 247 3137 hic
259 3110 375 3137 diuinat:
407 3119 467 3136 nam
482 3110 509 3136 id
527 3110 572 3137 est.
642 3110 699 3137 Cic.
712 3110 773 3136 Diu.
787 3119 803 3137 2
818 3119 839 3136 c.
854 3119 866 3142 3
901 3110 927 3137 Si
940 3111 1011 3136 enim
1027 3111 1075 3138 ali—

42 3141 106 3177 quid
118 3146 182 3172 certi
197 3145 335 3180 haberem,
360 3145 432 3181 quod
444 3145 578 3178 dicerem,
604 3155 654 3180 ego
668 3146 722 3180 ipse
734 3145 893 3178 diuinarem,
910 3147 957 3180 qui
973 3147 1021 3173 effe
1035 3146 1074 3173 di-

42 3177 201 3218 vinationem
213 3190 289 3216 nego,
357 3181 431 3208 Idem
445 3181 477 3208 de
489 3181 582 3216 Legib.
595 3190 621 3214 2,
634 3190 664 3213 32
696 3182 839 3216 Disciplina
852 3181 936 3208 vestra
950 3182 1020 3216 quasi
1035 3182 1075 3209 di-

42 3220 175 3248 vinarem,
202 3217 324 3244 videatur
347 3218 452 3252 prorsus
474 3218 551 3251 posse.
623 3217 752 3243 Diuinare
775 3226 883 3252 magnus
904 3217 973 3244 mihi
992 3217 1073 3244 donat

44 3247 137 3281 Apollo
154 3251 219 3278 Hor.
234 3252 284 3279 Sat.
299 3260 324 3282 2,
338 3261 361 3285 ς,
376 3254 401 3279 6.

44 3282 194 3322 {inlaturum
213 3287 267 3313 Cic.
280 3296 327 3322 pro
335 3289 428 3321 Qint.
442 3297 464 3314 c.
478 3297 516 3321 19.

44 3326 115 3358 cipro
127 3327 206 3352 quum
217 3321 335 3350 diuinare
349 3324 380 3350 de
391 3323 457 3350 belli
469 3323 642 3351 diuturnitate
654 3325 761 3359 possem,
772 3331 819 3351 etc.

44 3353 177 3380 diuinaret
195 3357 263 3383 exire
282 3359 369 3385 noluit
399 3360 468 3394 Nep.
496 3367 534 3394 17,
556 3362 581 3391 6,
602 3369 622 3386 1.

81 3395 99 3414 D
109 3396 118 3414 1
127 3396 146 3414 V
157 3395 167 3414 1
177 3396 199 3415 N
207 3397 256 3418 AN
265 3400 277 3419 S
285 3413 294 3426 ,
321 3395 351 3421 is.
386 3395 480 3422 Partic.
514 3394 726 3430 [μαντευόμενος]
761 3393 819 3421 Cic.
841 3394 873 3420 de
885 3394 978 3421 Diuirl.
1001 3402 1021 3427 ι,
1033 3402 1071 3430 47

943 3040 1075 3074 Proprium

586 3287 659 3315 Idem
671 3288 704 3315 ad
716 3289 788 3315 Brut.
803 3294 827 3320 18
848 3288 897 3315 Sed
912 3297 961 3322 ego
974 3297 988 3314 a
1001 3289 1073 3323 prin-

874 3325 909 3350 Vt
923 3324 941 3350 si
955 3324 987 3350 de
999 3325 1072 3351 exitu

43 3433 65 3450 C·
79 3432 105 3455 23
126 3424 167 3451 Est
182 3426 298 3459 profesio
311 3430 433 3464 qpiddam
445 3431 473 3457 in
486 3429 606 3459 barbaris
619 3430 740 3465 gentibus
752 3430 927 3464 praesentiens
939 3437 1018 3466 atque
1031 3431 1070 3457 di·
1083 3435 1120 3461 90
1134 3437 1218 3463 tuum,
1241 3439 1281 3456 rer
1298 3429 1351 3465 ipJa
1371 3430 1446 3456 docet.

41 3459 145 3486 vinans.
217 3460 311 3489 Futura
327 3464 446 3492 diuinam
457 3467 559 3493 animus
594 3465 676 3493 Ouid.
691 3466 777 3493 Trist.
796 3475 824 3499 4,
842 3471 865 3497 8,
885 3474 927 3498 29.
995 3466 1069 3493 Idem

42 3495 107 3522 Met.
115 3503 153 3535 ,¹¹3
165 3496 219 3528 694
245 3496 302 3522 Hoc
312 3505 377 3532 erat,
395 3501 459 3532 hoe.
478 3502 576 3528 Animo
589 3502 661 3537 quod
674 3501 810 3528 diuinante
825 3501 959 3528 timebam.
1012 3503 1069 3529 Cic.

42 3530 75 3556 de
88 3531 179 3570 Dfflm:
192 3539 217 3563 Ζ,
226 3536 258 3564 48
278 3531 346 3559 Nam
356 3544 438 3576 quum
450 3537 516 3564 mihi
530 3538 656 3573 quaedam
669 3538 727 3564 casu
739 3536 894 3564 viderentur
906 3537 939 3564 sic
951 3538 1069 3570 euenire,

42 3570 71 3593 vt
86 3565 218 3600 praedicta
232 3567 308 3593 effent
321 3575 336 3593 a
346 3568 538 3606 dminanfibus,
558 3573 648 3600 dixisti
663 3573 745 3600 multa
758 3572 790 3599 de
802 3574 876 3605 casu,
896 3580 940 3599 etc.

65 3608 97 3627 ..D
108 3608 119 3627 1
128 3608 149 3628 V
158 3609 168 3628 1
176 3609 198 3628 Ν
207 3603 231 3628 Ᾱ
239 3608 260 3628 T
271 3608 292 3627 V
304 3609 317 3628 S
325 3621 332 3633 s
350 3611 374 3636 ἃ,
392 3614 444 3634 um.
463 3609 555 3636 Partic.
590 3608 773 3642 [μαντευᾶεῖς]
808 3608 890 3635 Ouid.
905 3608 936 3635 de
946 3608 1023 3635 Nuce
1037 3613 1070 3638 80
1079 3617 1113 3643 95
1132 3616 1223 3640 aureS,
1244 3608 1275 3635 ad
1286 3614 1373 3635 motus
1386 3609 1537 3635 animorum
1549 3607 1716 3634 declarandos
1728 3606 1807 3632 dedit.

40 3635 83 3699 {11}
95 3636 237 3699 efiagriepar
249 3637 280 3664 fit
292 3646 414 3666 numerus
430 3643 477 3676 qui
488 3644 571 3678 dicat,
595 3653 629 3672 an
647 3644 732 3679 impar
768 3644 946 3671 thiuinatas
965 3644 1069 3672 auferas.

119 3682 132 3699 r
194 3682 214 3699 s.

75 3681 98 3733 Ii
108 3714 118 3733 1
128 3715 149 3735 v
158 3682 177 3734 ιΡ
176 3716 197 3734 N
205 3715 257 3735 Αἰ·
266 3715 285 3735 o
295 3716 313 3735 R
322 3729 330 3742 ,
350 3708 414 3749 oris.
432 3718 466 3737 m.
483 3713 558 3748 Apud
568 3715 713 3742 Firmicum
724 3713 767 3749 effi·
780 3714 882 3742 dicitur.

74 3747 94 3768 D
103 3750 113 3770 1
122 3750 142 3770 v
153 3751 162 3770 ι
173 3751 195 3770 Ν
204 3751 226 3771 A
235 3751 257 3771 'r
266 3751 284 3771 R
296 3752 304 3771 1
314 3752 332 3771 x
343 3765 351 3778 ‚
370 3748 426 3771 icis.
452 3746 471 3772 f.
505 3748 622 3777 Tertull.
636 3751 668 3778 de
683 3751 779 3778 Anima
792 3759 825 3777 22
838 3758 861 3777 et
873 3751 918 3783 46·

865 1668 934 1692 Hinc
947 1667 1138 1702 esplicanda40
1156 1664 1271 1691 Oratore
1283 1662 1391 1696 diuine,
1410 1668 1439 1690 vt
1451 1664 1556 1693 omnia,
1575 1663 1737 1695 exsequitur.

803 1836 880 1871 Virg.
896 1839 994 1872 Georg.
1012 1844 1031 1867 ι,
1046 1841 1089 1868 168
1097 1847 1132 1873 45·
1154 1841 1180 1861 ta
1193 1836 1304 1862 tuemini
1318 1837 1447 1864 diuinitus
1461 1847 1475 1864 a
1488 1838 1594 1863 Platone
1606 1837 1744 1871 disputata.
1763 1839 1782 1862 i.
1797 1836 1889 1863 diuine.

948 2012 969 2053 q
989 2023 1002 2047 3
1029 2016 1086 2050 spe·
1095 2024 1128 2050 50

494 2192 552 2219 Cic.
566 2191 660 2218 Diuin.
674 2200 690 2218 2
703 2201 725 2218 c.
738 2201 750 2224 3
783 2192 858 2219 Num
871 2192 960 2218 nescio
974 2193 1021 2226 qui
1039 2192 1085 2218 ille
1101 2199 1131 2226 55

346 2371 379 2396 Et
392 2370 473 2397 Serm.
489 2379 510 2404 1,
522 2372 547 2401 6,
560 2379 602 2403 114
623 2369 713 2396 Affisto
726 2370 842 2403 diuinis,
862 2373 881 2396 i.
893 2372 992 2397 Ariolis
1015 2371 1084 2396 Mar·
1092 2374 1128 2399 60

183 2545 290 2572 Nomen
309 2546 435 2580 Spartian.
457 2547 546 2573 Carae.
568 2555 591 2573 ιι
619 2546 827 2573 Constitutiones
847 2547 983 2573 Iustinian.
999 2547 1082 2582 praef.
1096 2545 1127 2577 6,-

1086 2727 1122 2755 70

473 3253 569 3288 Neque
582 3253 722 3288 quisquam
737 3251 858 3279 diuinare
872 3258 975 3287 poterat
989 3259 1014 3279 tc
1026 3262 1072 3287 po·
1089 3256 1117 3286 85

1158 1352 1268 1380 ramque
1281 1344 1363 1377 dedit,
1378 1346 1528 1379 celeresque
1542 1344 1654 1380 sagittas.
1689 1345 1756 1371 Add.
1769 1345 1807 1371 Id.
1822 1345 1853 1371 ad
1867 1347 1932 1372 Aen.
1953 1354 1987 1378 12,
2001 1355 2049 1381 394
2064 1357 2132 1382 quem
2146 1358 2201 1376 ver-

1150 1382 1210 1417 sum
1223 1380 1291 1407 modo
1306 1380 1428 1407 laudauit.
1479 1382 1510 1407 Et
1524 1381 1624 1406 cithara
1637 1386 1663 1407 et
1676 1381 1784 1414 sagittae
1796 1386 1863 1407 artes
1880 1382 1953 1414 sunt,
1976 1384 2118 1416 augurium
2133 1394 2200 1412 vero

1158 1424 1269 1443 munus:
1287 1425 1342 1442 non
1353 1417 1425 1442 enim
1439 1416 1492 1443 sola
1505 1422 1568 1448 arte,
1583 1424 1676 1442 verum
1691 1415 1770 1442 etiam
1784 1416 1887 1442 indulta
1899 1416 2040 1444 diuinitate
2054 1419 2202 1454 colligitur.

1158 1451 1197 1479 Id.
1211 1452 1244 1478 ad
1259 1452 1323 1478 Aen.
1337 1460 1363 1484 2,
1379 1458 1432 1486 247
1449 1451 1481 1478 de
1491 1451 1633 1486 Appolline
1647 1456 1673 1477 et
1688 1451 1835 1483 Causandra,
1857 1453 1911 1485 Qii
1921 1453 1963 1486 spe
1976 1454 2090 1487 promisti
2105 1464 2202 1482 concu-

648 1488 688 1516 Id.
702 1488 806 1521 Tusc.5
820 1499 840 1516 c.
850 1499 862 1522 3
890 1490 1050 1517 Diuinarum
1066 1497 1091 1517 et
1108 1495 1137 1523 35
1158 1487 1229 1514 bitus
1241 1488 1356 1513 concess'a
1369 1487 1512 1514 diuinitate
1525 1487 1664 1514 frustratus
1685 1486 1787 1512 sustulit
1807 1486 1884 1513 fidem
1901 1496 1964 1514 vera
1978 1489 2084 1516 dicenti.

1195 1530 1214 1549 D
1228 1529 1237 1548 1
1249 1524 1293 1549 vs
1302 1530 1323 1548 N
1333 1530 1359 1548 Ε.
1397 1522 1464 1549 Adu.
1501 1524 1514 1556 [
1528 1523 1621 1556 θείως]
1657 1525 1674 1547 ι’.
1693 1523 1788 1547 Diuino
1808 1522 1909 1557 quodam
1935 1523 2033 1557 consilio
2052 1532 2076 1551 rt
2093 1528 2203 1562 ingenio,

1149 1557 1204 1592 flue
1217 1567 1232 1584 a
1251 1560 1303 1584 Deo
1319 1556 1446 1592 profesio.
1482 1558 1539 1583 Cic.
1555 1558 1608 1583 Att.
1628 1565 1651 1586 2,
1665 1565 1701 1583 21.
1775 1558 1805 1582 Et
1820 1556 1851 1583 de
1865 1558 1956 1585 Diuin.
1978 1568 1999 1591 1,
2016 1564 2062 1593 124
2085 1561 2150 1587 Satis
2164 1562 2201 1588 cst

1156 1602 1212 1619 non
1226 1592 1308 1619 modo
1328 1592 1417 1626 plura,
1437 1592 1479 1618 sed
1492 1592 1573 1619 etiam
1585 1592 1710 1627 pauciora
1724 1591 1816 1618 diuine
1830 1594 1964 1626 praesensa
1973 1600 1999 1619 et
2013 1595 2147 1627 praedieta
2160 1606 2202 1622 re-

1156 1628 1249 1663 periri.
1287 1627 1361 1663 Cous.
1377 1627 1414 1654 ld.
1430 1629 1484 1654 Att.
1498 1637 1536 1660 10,
1550 1638 1576 1662 4.
1617 1659 1620 1660 .
1648 1627 1780 1660 Qunftil·
1794 1635 1812 1657 1,
1828 1636 1857 1653 10
1876 1630 1929 1659 (6)
1961 1629 2036 1661 Qae
2047 1630 2160 1657 Tullius
2173 1632 2203 1658 in

1194 1706 1278 1725 D1V1
1288 1706 1309 1724 N
1322 1697 1364 1725 iT
1376 1705 1394 1723 v
1406 1706 1428 1724 s.
1464 1697 1532 1723 Adu.
1568 1697 1694 1730 [θεόθεν]
1730 1696 1785 1721 Cic.
1799 1694 1830 1721 de
1844 1696 1919 1722 Orat.
1932 1701 1949 1722 2
1963 1706 1984 1723 c.
1999 1706 2032 1731 43
2053 1707 2083 1725 ex
2093 1700 2203 1735 persona

1155 1734 1280 1763 Antonii,
1298 1734 1370 1759 Haec
1383 1732 1442 1759 sunt
1457 1732 1512 1762 illa,
1526 1741 1592 1765 quae
1603 1739 1646 1757 me
1660 1730 1751 1756 ludens
1764 1731 1867 1757 Crassus
1882 1732 1964 1758 modo
1976 1733 2120 1767 flagitabat,
2141 1745 2202 1763 cum

1155 1776 1171 1792 a
1184 1776 1226 1793 me
1240 1768 1370 1794 diuinitus
1383 1767 1489 1794 trad'tari
1504 1768 1587 1792 solere
1599 1766 1708 1792 diceret.
1754 1796 1756 1798 Ι
1781 1767 1811 1791 Et
1824 1774 1836 1797 3
1846 1775 1867 1792 c.
1877 1775 1887 1793 1
1905 1768 1967 1800 Quo
1980 1768 2088 1803 quidem
2101 1772 2158 1805 ipso
2172 1772 2202 1799 in

1154 1801 1215 1827 loco
1228 1802 1310 1828 multa
1323 1812 1336 1828 a
1345 1804 1433 1829 Crass‘o
1446 1802 1575 1828 diuinitus
1589 1801 1659 1827 dic'ta
1673 1800 1857 1828 efferebantur.
1911 1804 1943 1829 ln
1957 1812 1971 1829 2
1983 1813 2004 1830 c.
2042 1821 2049 1831 -.
2086 1825 2093 1832 .
2129 1807 2201 1834 Mul.

1942 1839 2010 1864 Add.
2024 1839 2064 1866 Id.
2078 1839 2111 1867 de
2124 1843 2201 1869 Orat.

1154 1879 1164 1897 1
1180 1879 1202 1897 c.
1217 1878 1242 1906 7.
1258 1878 1281 1897 et
1292 1880 1308 1897 2
1322 1880 1344 1898 c.
1359 1881 1383 1898 2.
1411 1873 1444 1899 ad
1459 1874 1511 1899 Att.
1526 1882 1551 1905 2,
1566 1880 1593 1898 21
1608 1880 1671 1899 extr.
1708 1872 1756 1898 Ille
1768 1872 1840 1898 locus
1852 1872 1974 1900 induistus
1993 1883 2008 1900 a
2021 1884 2063 1901 me
2077 1876 2113 1902 est
2129 1877 2201 1904 diui-

1152 1906 1224 1932 nitus
1251 1907 1308 1933 Cic.
1320 1908 1373 1934 Att.
1386 1917 1405 1939 1,
1421 1911 1458 1934 16.
1482 1910 1525 1934 vbi
1538 1908 1612 1944 Conf.
1629 1908 1729 1943 Cojizub.
1746 1914 1770 1932 et
1783 1908 1853 1934 Fam.
1874 1916 1895 1939 1,
1915 1916 1940 1940 9.
2009 1911 2085 1945 Virg.
2099 1912 2199 1948 Georg-

1153 1950 1174 1973 1,
1188 1949 1233 1975 413
1269 1943 1349 1969 Haud
1360 1943 1485 1977 equidem
1501 1943 1595 1975 credo,
1611 1944 1673 1976 quia
1687 1943 1717 1968 sit
1730 1942 1859 1968 diuinitus
1872 1942 1928 1969 illis
1947 1944 2095 1978 Ingenium.
2142 1949 2198 1975 Cic.

1152 1978 1230 2003 Verr.
1250 1985 1262 2009 3
1277 1986 1299 2003 c.
1313 1981 1347 2012 76
1372 1980 1458 2013 Atque
1477 1979 1505 2004 in
1520 1987 1577 2004 eam
1591 1977 1711 2003 fraudem
1726 1977 1794 2003 mihi
1808 1977 1914 2004 videtur
1929 1978 2059 2007 diuinitus
2072 1981 2200 2011 ineidiffe.

1153 2012 1256 2038 Accidit
1271 2012 1402 2039 diuinitus
1433 2014 1490 2040 Cic.
1508 2014 1597 2039 Partit.
1619 2014 1666 2039 Or.
1688 2022 1709 2038 c.
1723 2021 1767 2045 24.
1804 2012 1858 2038 vid.
1884 2019 2040 2042 ACCIDO.
2112 2019 2199 2046 Multa

1152 2047 1261 2081 prouidi
1274 2047 1420 2081 diuinitus,
1445 2058 1500 2075 non
1515 2057 1574 2074 mea
1587 2049 1679 2082 sponte
1705 2048 1761 2073 cic.
1776 2056 1824 2080 pro
1837 2047 1907 2081 Sulla
1921 2057 1942 2074 c.
1960 2057 1993 2082 ις.
2048 2051 2198 2082 Diuinitiug

1151 2083 1225 2109 Idem
1240 2083 1272 2109 de
1286 2084 1361 2110 Orat.
1372 2093 1385 2116 3
1398 2092 1423 2118 p.
1440 2093 1480 2110 121
1494 2083 1545 2110 col.
1559 2091 1583 2110 2.
1606 2082 1692 2108 laudat
1705 2081 1988 2120 falster.Am·m.Ep1st.
2004 2092 2033 2122 p.
2047 2096 2099 2123 104.
2118 2097 2198 2117 metuo

1150 2125 1180 2144 vt
1200 2117 1275 2145 reHe.

1187 2160 1205 2179 D
1215 2161 1225 2179 1
1233 2161 1253 2179 ν
1263 2160 1284 2180 T
1296 2160 1305 2179 1
1317 2160 1339 2180 N
1348 2161 1370 2180 v
1379 2161 1392 2180 s
1399 2173 1408 2186 ,

1155 2187 1214 2215 Vid.
1236 2194 1254 2214 D
1265 2193 1314 2215 ιν.
1516 2220 1523 2221 ἶ
1673 2217 1675 2219 ,

1188 2230 1208 2250 D
1221 2230 1229 2249 1
1241 2230 1261 2249 v
1272 2231 1293 2251 v
1303 2230 1319 2249 L
1330 2229 1352 2250 G
1363 2231 1398 2256 ο,
1424 2227 1478 2250 are.
1515 2223 1641 2259 [ἐκφέρω
1667 2220 1823 2258 διοιφημῖζω]
1862 2226 1893 2251 In
1907 2227 1998 2263 vulgus
2013 2227 2119 2263 effirre,
2135 2232 2197 2266 plu,-

1150 2262 1223 2286 etiam
1238 2269 1310 2295 quam
1323 2261 1432 2295 vulgare.
1479 2259 1536 2285 Cic.
1550 2260 1621 2285 Fam.
1635 2260 1661 2292 6,
1675 2268 1698 2286 ιι
1712 2263 1762 2292 (ι3)
1795 2261 1885 2293 Qiare
1904 2263 1990 2288 visum
2011 2264 2047 2290 est
2065 2267 2197 2294 occultius

1151 2295 1298 2329 agendum,
1318 2303 1404 2329 neque
1419 2294 1474 2321 vllo
1491 2294 1574 2321 inodo
1589 2294 1789 2329 diuulgandum.
1845 2297 1886 2323 Sic
1899 2297 2044 2333 Diuulgare
2057 2302 2196 2330 confilium

1149 2331 1261 2357 alicuius
1280 2331 1352 2357 Caes.
1366 2331 1393 2356 B.
1408 2331 1437 2357 C.
1454 2340 1473 2362 1,
1486 2339 1528 2356 20.
1602 2331 1657 2357 Cic.
1665 2332 1718 2357 Art.
1735 2339 1772 2363 12,
1785 2339 1815 2363 39
1836 2332 1894 2358 Mifi
1907 2333 2007 2360 librum
2021 2335 2052 2361 ad
2067 2338 2196 2372 Muscam,

1150 2372 1179 2392 vt
1194 2367 1246 2392 tuis
1260 2364 1378 2392 librariis
1392 2365 1481 2397 daret,
1501 2365 1567 2392 volo
1580 2367 1652 2392 enim
1668 2375 1729 2392 eum
1741 2366 1886 2401 diuulgari.
1956 2370 2030 2396 Idem
2044 2371 2095 2398 Att.
2114 2381 2149 2406 12,
2157 2383 2194 2407 40

1150 2402 1237 2428 Hirtii
1257 2401 1373 2433 librum,
1398 2407 1428 2427 vt
1447 2401 1528 2434 facis,
1559 2401 1676 2436 diuulga.
1746 2403 1777 2428 Et
1792 2402 1819 2428 in
1837 2403 1912 2430 Orat.
1926 2413 1963 2430 112
1995 2407 2074 2432 Hunc
2093 2408 2194 2436 librum

1149 2437 1229 2463 etiam
1245 2436 1263 2462 si
1287 2437 1374 2463 minus
1393 2436 1482 2462 nostra
1497 2437 1743 2469 commendatione,
1762 2444 1808 2464 tuo
1826 2444 1914 2465 tamen
1933 2441 2041 2466 nomine
2059 2442 2193 2477 diuulgari

1148 2473 1244 2499 necesse
1259 2471 1305 2498 est.
1377 2472 1433 2498 Cic.
1446 2481 1495 2506 pro
1508 2473 1584 2498 Font.
1600 2481 1627 2498 10
1642 2482 1662 2498 c.
1677 2480 1690 2504 5
1723 2473 1771 2499 Vel
1785 2474 1900 2499 maxime
1917 2475 1989 2500 enim
2009 2476 2114 2503 inimici
2125 2478 2193 2505 hane

1147 2514 1204 2535 rem
1218 2507 1391 2534 Sermonibus
1405 2507 1543 2541 diuulgare
1561 2508 1712 2534 voluerunt.
1784 2508 1927 2541 Diuulgata
1947 2516 2020 2535 vetus
2040 2511 2072 2537 ad
2089 2514 2192 2541 caelum

1147 2543 1234 2578 gloria
1246 2543 1333 2569 fertur
1353 2543 1458 2569 Lucret.
1472 2545 1496 2574 6,
1513 2548 1535 2572 8.
1607 2543 1663 2568 Cic.
1678 2541 1734 2576 post
1748 2541 1825 2568 redit.
1838 2542 1867 2568 in
1881 2543 1966 2570 Senat.
1988 2553 2011 2571 11
2026 2555 2048 2572 c.
2061 2554 2074 2580 ς
2106 2550 2192 2576 Cuius

1146 2579 1264 2613 primum
1278 2584 1381 2611 tempus
1394 2578 1485 2603 aetatis
1499 2577 1583 2611 palam
1598 2577 1684 2602 fuisset
1698 2576 1728 2602 ad
1742 2585 1831 2603 omnes
1844 2577 1971 2605 libidines
1986 2580 2161 2616 diuulgatum.

1181 2621 1200 2640 D
1211 2620 1220 2639 1
1233 2620 1251 2639 v
1262 2619 1283 2638 v
1293 2620 1310 2638 L
1318 2619 1339 2639 G
1348 2620 1371 2638 A
1379 2618 1400 2637 T
1409 2619 1430 2637 ν
1439 2619 1462 2643 s,
1471 2621 1496 2643 a,
1512 2620 1565 2637 um.
1584 2612 1651 2638 Part.
1672 2611 1878 2647 [θρυλλέμενος]
1898 2614 2038 2648 Ingenium
2044 2617 2189 2648 Tac.Ann.

1145 2656 1173 2680 4,
1193 2656 1231 2680 52,
1249 2649 1275 2679 6,
1359 2646 1517 2680 Diuulgatae
1537 2653 1576 2678 et,
1607 2652 1635 2673 vt
1655 2647 1692 2672 ita
1711 2646 1807 2680 dicam,
1820 2647 1968 2682 publicatae
1985 2654 2188 2687 compositiones

1145 2683 1312 2714 Scribon.38.
1347 2681 1573 2715 Diuulgatiffimns
1586 2681 1759 2708 etleuiffimus
1771 2683 1935 2717 magistratus
1955 2686 2010 2714 Cic.
2018 2688 2089 2718 Fam.
2098 2699 2127 2719 10
2144 2694 2189 2722 26.

1179 2724 1198 2744 D
1208 2725 1217 2744 1
1227 2725 1247 2744 ν
1258 2725 1277 2743 ν
1286 2724 1302 2743 L
1311 2723 1392 2744 GAT
1401 2724 1411 2743 1
1425 2723 1444 2743 o
1455 2734 1464 2749 ,
1481 2719 1549 2743 onis.
1571 2717 1590 2743 f.
1627 2714 1746 2744 Tertull.
1760 2717 1792 2744 de
1804 2719 1894 2747 Anii-u.
1909 2729 1932 2748 c.
1946 2729 1970 2754 ς.
2127 2710 2137 2725 ³

1180 2760 1221 2780 DI
1234 2758 1404 2784 VVLSVS,
1424 2752 1477 2778 vid.
1497 2758 1688 2780 nivELLo.

1177 2794 1218 2816 Di
1230 2786 1319 2822 v‘vs,
1353 2787 1406 2814 vid.
1422 2786 1534 2815 orvs.

1440 2158 1703 2186 ΒιντιεειΜΕ,
1731 2159 1921 2188 mvnvs,
1947 2160 2196 2188 Drv'rVRst.

1578 2858 1610 2893 D
1713 2859 1743 2894 Ο

1177 2936 1239 2962 Do,
1253 2936 1303 2966 pro
1321 2932 1433 2964 Domus,
1457 2937 1505 2967 per
1516 2930 1657 2966 Apocopen,
1678 2931 1746 2958 dixit
1765 2933 1873 2961 Ennius.
1909 2934 2051 2964 Diomedes
2069 2947 2082 2964 2
2094 2948 2119 2973 p.
2132 2942 2185 2973 436

1140 2966 1265 3001 Apocope
1279 2966 1316 2992 est
1329 2966 1428 2993 ablatio
1441 2966 1473 2993 de
1486 2966 1537 2993 fine
1553 2967 1689 3000 dictionis,
1704 2968 1889 3004 Prosparelepfi
1905 2971 1947 2997 vel
1963 2973 2109 3008 Paragogae
2122 2985 2183 3002 con-

1141 3003 1238 3035 traria,
1265 3011 1347 3036 quum
1367 3009 1411 3028 aut
1431 3003 1507 3029 litera
1527 3002 1691 3036 detrahitur,
1711 3004 1753 3030 vel
1779 3005 1884 3036 syllaba.
1918 3007 2022 3038 Litera,
2045 3015 2071 3035 vt
2090 3011 2182 3046 Aspice

1139 3048 1196 3064 num
1208 3047 1276 3073 mage
1281 3036 1320 3071 fit
1332 3036 1438 3070 nostrum
1453 3039 1606 3073 penetrabile·
1618 3040 1701 3065 telum.
1731 3049 1779 3073 pro
1798 3041 1892 3075 MagiS.
1932 3042 2047 3076 Syllaba,
2066 3050 2095 3072 vt
2113 3045 2180 3073 Eudo

925 3074 994 3101 Ter.
1009 3076 1073 3101 Hec.
1094 3073 1204 3110 gosuam
1213 3073 1264 3105 Do,
1275 3080 1322 3108 pro
1336 3074 1459 3100 Domum.
1497 3075 1595 3100 Auson.
1611 3075 1705 3107 Eidyil.
1721 3084 1756 3107 12,
1770 3084 1797 3101 12

1243 3109 1318 3134 Vnde
1332 3109 1453 3135 Rudinus
1466 3109 1519 3142 ait,
1542 3108 1643 3136 Diuum
1658 3111 1751 3136 domus
1765 3110 1905 3137 altitonum
1920 3112 1984 3139 cael.

1242 3145 1272 3171 Et
1285 3144 1359 3170 cuius
1372 3145 1404 3171 de
1418 3154 1492 3172 inore
1508 3146 1579 3180 quod
1594 3146 1702 3172 adstruit
1716 3145 1776 3172 inde
1789 3147 1861 3172 suam
1875 3147 1919 3173 do.

1242 3181 1273 3206 Et
1287 3179 1360 3214 quod
1372 3189 1562 3216 nonnunquam
1575 3182 1731 3216 praesumit,
1749 3181 1891 3208 laetificum
1906 3191 1966 3217 gau.

1139 3216 1213 3248 Gau,
1231 3218 1248 3242 i.
1264 3215 1401 3246 Gaudium,-
1421 3217 1499 3247 Cael,
1517 3218 1620 3243 Caelum.

1174 3258 1239 3284 Do,
1258 3251 1330 3282 dedi,
1351 3251 1450 3284 datum,
1470 3252 1539 3279 darc.
1577 3250 1698 3286 [δίδωμι]
1734 3252 1860 3288 Simplicis
1872 3259 1896 3279 et
1915 3252 2043 3288 Iatzffimae
2056 3256 2175 3289 notionis,

1135 3287 1181 3323 vsu
1195 3294 1219 3313 et
1231 3288 1348 3322 exemplis
1359 3287 1494 3323 discendae.
1530 3288 1611 3314 Plaut.
1626 3288 1695 3314 Asin.
1710 3296 1733 3320 3,
1749 3297 1769 3320 ι,
1782 3297 1818 3321 24
1844 3289 1899 3322 Qli
1912 3288 1982 3321 dant,
2003 3298 2048 3315 eos
2061 3288 2174 3318 derides.

1136 3324 1209 3349 Inter
1230 3323 1298 3348 Dare
1325 3328 1351 3348 et
1370 3323 1471 3350 Dedere
1492 3323 1543 3350 hoc
1564 3323 1686 3356 interest,
1711 3324 1781 3358 quod
1802 3325 1888 3356 Dare,
1914 3324 1949 3349 est
1970 3324 2040 3358 quod
2059 3331 2174 3359 repetas:

1138 3358 1240 3385 Dedere
1253 3358 1289 3384 est
1302 3357 1334 3384 ad
1346 3365 1510 3393 perpetuum.
1564 3360 1661 3386 Damus
1674 3366 1699 3385 et
1710 3360 1815 3386 amicis:
1839 3359 1964 3386 Dedimus
1977 3365 2078 3386 tantum
2092 3360 2174 3388 hosti-

1136 3394 1193 3421 bus.
1266 3395 1361 3421 Donat.
1374 3395 1408 3421 ad
1419 3395 1486 3422 Ter.
1503 3394 1584 3421 Andr.
1606 3403 1624 3425 1,
1638 3403 1651 3420 2
1664 3401 1728 3423 extr.
1759 3397 1817 3421 Non
1828 3393 1871 3427 effiJ
1884 3394 2016 3430 discrimen
2033 3396 2078 3422 hoc
2084 3403 2173 3432 perpe-

1518 3431 1573 3457 Cic.
1588 3432 1663 3457 Verr.
1684 3440 1710 3464 4,
1734 3438 1766 3462 29
1795 3430 1870 3464 Apud
1883 3429 1980 3455 amicos
1994 3431 2076 3458 multa
2093 3432 2173 3467 depo-

1135 3466 1196 3497 fita,
1213 3466 1296 3492 multa
1307 3465 1367 3491 aliis
1380 3464 1438 3493 data
1450 3471 1529 3501 atque
1542 3466 1645 3492 domita.
1699 3465 1771 3492 Idem
1784 3474 1832 3499 pro
1845 3465 1918 3491 Rosc.
1933 3466 2021 3492 Amer.
2035 3475 2073 3499 131
2090 3468 2172 3496 Com-

1135 3502 1214 3528 moda
1228 3501 1324 3537 quibus
1339 3501 1453 3533 vtimur,
1472 3501 1610 3536 lucemque
1628 3509 1679 3536 qua
1692 3500 1823 3532 fruimur,
1843 3500 2017 3535 spiritumque
2030 3511 2108 3536 quem
2122 3503 2171 3530 du-

1134 3538 1233 3567 cimus,
1255 3537 1288 3563 ab
1304 3546 1336 3563 eo
1353 3537 1430 3564 nobis
1447 3537 1505 3564 dari
1522 3544 1601 3572 atque
1614 3536 1747 3571 impertiri
1766 3535 1894 3562 videmus.
1966 3537 1997 3562 Et
2016 3537 2046 3564 de
2059 3539 2133 3565 Orat.
2146 3548 2172 3571 2,

1133 3581 1185 3600 220
1212 3572 1311 3599 Oculos
1329 3579 1417 3600 autem
1437 3579 1530 3599 natura
1553 3573 1645 3604 nobis,
1672 3577 1699 3598 vt
1721 3580 1790 3605 equo
1813 3576 1839 3598 et
1857 3571 1930 3597 leoni
1950 3572 2030 3605 setas,
2051 3573 2170 3606 caudam,

1877 3607 1999 3634 Tantum
2012 3608 2076 3635 boni
2088 3618 2103 3636 a
2117 3610 2171 3637 diis

1133 3643 1329 3670 immortalibus
1342 3644 1459 3671 oblatum
1474 3650 1499 3670 et
1511 3644 1599 3670 datum
1619 3643 1673 3668 Cic.
1687 3650 1736 3675 pro
1748 3642 1818 3676 Lege
1830 3642 1923 3669 Manil.
1935 3651 1981 3676 49.
2108 3642 2129 3682 q
2150 3654 2167 3672 2

1132 3679 1201 3705 Dare
1215 3680 1240 3705 se
1252 3679 1334 3706 alicui
1347 3678 1380 3712 est
1392 3680 1426 3706 ad
1436 3680 1539 3715 illius-fi
1550 3680 1697 3705 voluntatem
1711 3678 1898 3705 accommodare.
1953 3680 1994 3706 Sic
2008 3679 2048 3706 Da
2060 3686 2086 3706 te
2098 3680 2168 3707 mihi

1131 3714 1199 3741 Ter.
1215 3716 1310 3740 Heaut.
1331 3723 1359 3747 4,
1379 3723 1403 3748 3,
1424 3725 1461 3742 ιο.
1531 3712 1605 3740 idem
1619 3712 1692 3738 Adel.
1706 3721 1729 3745 ς,
1742 3721 1763 3745 3,
1777 3720 1806 3746 52
1841 3713 1917 3740 Tace
1935 3723 1990 3741 non
2011 3714 2070 3748 fiet,
2090 3717 2167 3743 mitte

1131 3750 1184 3777 iam
1199 3750 1310 3782 isthaec,
1329 3749 1362 3777 da
1375 3757 1400 3777 te
1414 3750 1495 3777 hodie
1507 3748 1584 3774 mihi.
1642 3748 1690 3774 Vbi
1702 3749 1818 3775 Donatus
1828 3769 1836 3782 ,
1858 3749 1896 3776 Da
1912 3756 1938 3776 te
1950 3750 2034 3784 mihi,
2056 3752 2165 3778 Acconi-

76 3784 95 3803 D
106 3784 117 3804 1
128 3784 149 3804 V
159 3786 169 3806 1
178 3786 230 3806 NA
239 3786 278 3807 ΤΙ
289 3786 320 3811 0,
340 3780 406 3806 onis.
424 3780 445 3807 f.
470 3781 597 3819 [μανι-εἱσι,
609 3786 733 3822 μαντική]
753 3784 836 3813 Αξὶισ
848 3789 945 3821 pariter
957 3790 980 3811 et
993 3784 1121 3821 visfioo
1132 3786 1210 3812 moda
1223 3794 1250 3812 te
1269 3786 1354 3820 ipsum
1367 3785 1497 3812 voluntati
1518 3792 1599 3810 meae.
1623 3792 1683 3810 nam
1704 3784 1731 3809 in
1745 3785 1862 3811 animum
1885 3785 2018 3812 transtulit
2036 3787 2108 3819 quod
2128 3779 2165 3812 est

34 3810 147 3851 chultas
161 3815 305 3847 diuinandi,
324 3819 341 3842 i.
355 3816 449 3851 futura
464 3817 633 3854 praedicendi,
652 3823 680 3848 de
692 3822 808 3858 quafitnt
826 3821 871 3848 duo
885 3821 945 3848 libri
962 3821 1068 3847 Cicero-

41 3853 97 3879 nis,
115 3849 156 3875 vbi
167 3860 191 3877 υ.
204 3860 229 3891 g.
242 3851 306 3877 dicit
319 3860 338 3882 1,
351 3860 360 3877 1
390 3852 493 3878 Versari
508 3855 635 3886 quandam
647 3857 716 3884 inter
727 3857 847 3884 homines
861 3856 1065 3889 diuinationem,

41 3890 119 3915 quam
139 3885 231 3912 Graeci
251 3886 366 3919 μαντικῆν
386 3887 529 3921 appellant,
554 3888 582 3914 id
604 3891 639 3916 est
657 3893 861 3919 praesensionem
882 3899 906 3919 et
929 3892 1063 3919 scientiam

38 3925 129 3943 rerum
141 3919 295 3948 futui-arum.
366 3923 450 3949 Facile
462 3923 606 3950 existimari
619 3926 690 3960 poffit
706 3928 871 3962 prudentiam
890 3927 1063 3964 quodammo-

39 3951 74 3980 do
86 3954 134 3981 effe
152 3955 343 4021 dimnatimffim
370 3959 440 3995 Nep.
462 3967 502 3993 25,
514 3961 551 3992 16,
564 3968 593 3993 4.
643 3961 711 3989 Add-
724 3963 760 3991 ib.
773 3973 796 3991 c.
808 3973 835 3998 9,
850 3973 868 3992 ι.

188 3998 269 4022 VOL-
320 4013 327 4021 .

1130 3822 1268 3856 corporis,
1293 3827 1321 3848 vt
1341 3822 1369 3847 in
1383 3819 1508 3847 Eunucho
1528 3828 1549 3851 3,
1563 3827 1586 3852 3,
1598 3827 1627 3845 ιο
1657 3819 1728 3846 Mihi
1747 3820 1799 3847 sese
1820 3820 1896 3852 dare,
1921 3822 2067 3847 sermonem
2086 3830 2163 3855 quae-

1250 3857 1346 3884 Sinon
1368 3857 1422 3888 vis,
1442 3854 1546 3888 inquit,
1570 3861 1678 3889 propter
1699 3862 1742 3888 te,
1762 3856 1803 3882 vel
1822 3862 1928 3890 propter
1946 3866 1988 3882 me
2007 3857 2079 3881 mitis
2099 3856 2162 3882 esto.

1130 3866 1196 3884 rere.

2130 3892 2162 3916 Ee

1129 3894 1185 3920 Cic.
1202 3894 1255 3919 Att.
1268 3901 1287 3924 1,
1301 3900 1318 3924 9
1344 3891 1470 3918 Dabimus
1485 3890 1533 3917 hoc
1549 3891 1689 3925 Pompei0‚
1707 3894 1726 3918 i.
1740 3893 1849 3926 Pompeii
1864 3891 2075 3926 causafizciemus.

1129 3931 1182 3956 Att.
1198 3931 1235 3960 16,
1246 3936 1263 3960 9
1293 3927 1395 3953 Amabo
1414 3932 1439 3952 te
1456 3925 1488 3952 da
1498 3925 1567 3952 mihi
1587 3932 1612 3952 et
1625 3926 1683 3953 hoc.
1753 3927 1801 3953 Tu
1815 3927 1916 3961 Oppios
1929 3926 2074 3952 Terentiae
2086 3924 2161 3951 dabis

938 3963 965 3990 Si
978 3971 1108 3999 vnum105
1127 3965 1182 3992 Cic.
1194 3965 1247 3991 Att.
1263 3971 1300 3993 10,
1310 3970 1337 3994 4.
1357 3962 1380 3988 h.
1395 3971 1414 3988 e.
1435 3962 1474 3988 Tu
1487 3962 1581 4001 Oppios
1597 3963 1728 3990 Terentiae
1740 3963 1893 3996 conciliabis,
1906 3968 1935 3988 vt
1947 3961 1985 3987 illi
1992 3959 2161 3998 praastofint,

1279 3997 1303 4023 G
1323 4006 1340 4032 Ε
2060 3996 2085 4028 Ji
2098 3995 2160 4031 quid
