2479 4225
59 250 116 291 137
421 238 458 276 D
535 236 570 277 E
651 236 688 276 X
1557 239 1597 279 D
1684 239 1701 278 Ι
1792 242 1829 281 A
2137 253 2196 296 ¹38

61 326 234 353 Connnittere
254 325 370 352 dextram
384 325 490 352 dextrae
509 325 589 352 Ouid.
605 325 682 360 Epist.
698 331 729 355 2,
746 326 781 355 31·
823 321 864 350 sic
881 321 969 348 multis
986 324 1014 348 in
1033 322 1095 349 Iocis
1158 334 1184 357 2,
1203 332 1223 357 ς.
1260 326 1299 352 Dc
1317 331 1444 352 taurorum
1462 322 1602 364 compreſjic.
1653 328 1685 355 Et
1705 325 1803 356 stellam
1823 330 1915 357 cubito
1935 332 2084 361 dexteriore
2102 335 2198 369 premit

60 363 171 396 Iungere
192 361 310 394 dextras,
330 369 378 396 pro
393 361 489 396 Pacisci
511 368 533 387 ct
548 362 633 397 scrire
648 358 736 395 fedus.
792 357 886 391 Virgil.
907 360 971 383 Aen.
994 365 1020 389 1,
1033 362 1094 391 408-
1159 360 1274 387 Martial.
1289 369 1318 394 5,
1336 362 1378 387 62..
1573 362 1594 401 ff
1620 361 1639 390 ὅ
1673 364 1800 392 Dextrum
1813 371 1835 392 et
1850 365 1968 394 Laeuum
1987 378 2002 396 a
2015 369 2130 397 librariis
2142 379 2199 397 con-

62 397 232 431 Compescere
246 397 355 432 impiam
373 396 490 423 dextram
510 397 597 423 Seuec.
612 395 690 421 Herc.
709 394 728 418 s.
742 395 767 419 6.
838 394 997 426 Computare
1013 401 1093 433 annos
1152 395 1237 431 swzdi
1251 396 1319 423 docet
1331 395 1456 422 Drakenh.
1477 397 1511 423 ad
1528 399 1575 425 Sil.
1588 409 1617 434 4,
1629 404 1689 433 209.

62 432 166 464 dextra,
191 432 243 458 vid.
266 438 283 459 c
297 437 474 459 ontrvTo.
545 429 639 469 Virgil·
655 429 719 455 Aen·
737 437 764 460 12
783 435 829 460 5¹4
865 443 910 447 --
946 428 1019 454 auidi
1034 437 1094 469 ‹fon-
1197 437 1388 459 nexa-Exn.
1427 431 1492 458 Adu.
1527 432 1641 469 [δεξίως]
1680 433 1802 463 feliciter.
1846 437 1908 463 Liu.
1930 446 1957 470 1,
1976 444 2006 472 34
2037 440 2197 475 Notitiaque

62 467 169 501 iungere
183 468 285 494 dextras
321 467 462 494 Ardebant.
534 465 730 503 Vietricemque
748 469 839 498 petunt
855 461 962 504 dextrae
975 465 1094 490 Contun-
1119 478 1133 507 ς
1161 473 1221 493 euin
1240 467 1315 494 breui
1332 466 1527 506 apudregem,
1546 470 1709 504 liberaliter,
1726 471 1885 507 dextereque
1903 472 2028 500 obeundo
2047 474 2148 507 officia,
2169 477 2198 502 in

60 511 120 537 gere
134 501 252 529 dextram
265 502 346 530 Ouid,
360 504 423 529 Met,
436 508 457 533 g,
469 511 526 536 42¹·
572 501 632 526 Stat.
646 499 712 525 Silu.
727 506 754 531 1,
772 501 798 531 6,
817 501 852 524 60
878 499 964 525 hduut
983 500 1094 525 vulnera
1161 502 1301 529 familiaris
1313 502 1446 529 amiciuae
1460 503 1603 531 adduxerat
1617 509 1683 533 iura.
1779 508 1891 543 Compar.
1912 510 2006 535 Horat.
2020 508 2069 536 Sat.
2086 519 2106 543 1,
2125 519 2152 543 9,
2164 519 2198 545 45

62 538 260 574 Conseruntque
274 539 384 565 dextras.
456 537 534 565 Ouid.
553 536 642 561 Amor.
657 543 680 566 3,
701 539 731 574 8,¹
746 541 774 568 17
803 535 865 567 Qia
883 535 961 568 periit
981 535 1095 574 aliqui5‚
1159 536 1248 564 Nemo
1260 538 1393 565 dexterius
1407 538 1513 565 fortuna
1528 540 1564 565 est
1576 542 1642 567 vsus.
1695 574 1697 576 q
2216 563 2218 565 .

63 579 136 608 potes
155 573 220 601 hanc
233 574 393 608 Contingere
411 574 526 600 dextram
541 572 549 596 Ξ
607 570 751 609 Copulari,
774 569 826 595 vid.
846 576 978 597 corvco.
1020 571 1094 604 Virg.
1196 579 1413 604 υΕΧΤΕιιΑ,
1434 583 1471 600 ae.
1495 575 1514 601 f.
1551 576 1652 602 Dimin.
1693 574 1840 612 [δεξιοίδὶσν]
1876 579 1931 606 Cic.
1941 578 1993 606 Att.
2010 584 2050 612 14,
2068 589 2101 606 20
2119 583 2155 615 Q
2168 581 2196 608 F.

63 611 127 634 Aen.
144 617 165 641 3,
179 611 226 635 610
251 610 308 643 Ipse
328 616 400 644 pater
415 609 529 636 dextram
541 604 679 644 Anchises,
700 604 769 630 haud
789 604 872 631 multa
891 610 1008 645 moratus
1045 606 1095 632 Dat
1160 613 1189 635 vt
1202 609 1309 642 scribis,
1328 609 1363 635 est
1379 609 1499 636 dextella.
1536 620 1583 645 per
1596 620 1657 638 eum
1670 613 1766 647 igitur,
1787 613 1859 648 quod
1872 614 2007 647 volemus,
2029 616 2106 641 facile
2125 618 2197 643 aufe.

62 643 154 670 iuueni
168 655 174 670 :
197 645 274 679 atque
287 646 405 672 animum
420 641 543 679 praesenti
554 649 664 674 pignore
677 640 772 666 firmat.
828 641 925 667 Dextra
943 650 1015 667 emm
1035 650 1096 667 con·
1116 655 1145 674 10
1160 653 1262 676 remus,
1291 648 1309 671 ι’.
1323 646 1356 671 Eo
1367 645 1435 680 quasi
1447 645 1547 672 dextera
1565 653 1660 674 utemur
1675 648 1709 674 ad
1719 649 1878 685 auferendum
1893 651 1923 676 ab
1933 652 2044 677 Antonio
2057 651 2121 687 quod
2133 654 2198 678 volit-

62 679 157 706 secrata
176 679 212 705 est
225 680 308 706 Fidei,
335 680 449 707 Seruius.
551 677 619 702 Dare
632 676 750 702 dextram
766 675 886 715 dicimus,
901 685 949 702 non
962 675 1031 702 modo
1045 686 1096 702 nia-⁷
1160 689 1221 706 mus,
1249 678 1281 713 ψ
1294 683 1357 706 enim
1371 683 1478 706 Antoni,
1485 681 1637 716 familiam-5·

62 724 120 741 num
127 716 256 750 praebere,
271 716 318 751 ſsd
335 719 406 742 ctiam
422 713 540 740 auxilium
556 709 693 746 praestare.
749 712 844 751 virgil.
857 711 924 751 Aen.
933 713 966 743 6,
984 719 1033 746 370
1057 712 1095 752 Da
1198 722 1297 742 DExT
1307 722 1380 741 RAL
1391 722 1424 748 Ε,
1443 717 1474 742 is.
1499 726 1525 742 n.
1564 716 1723 754 [περιδέξιον]
1759 721 1935 747 Ornamentum
1949 720 2058 752 dextrae,
2076 729 2198 748 commune

61 749 179 776 dextram
192 751 303 781 misero,
329 750 379 777 vid.
394 753 509 776 TENDO.
581 746 719 773 Deducere
732 746 849 781 aliquem
865 753 927 772 1n1t1
940 746 1031 773 dextra
1049 748 1095 773 Sil.
1159 753 1226 777 viris
1242 757 1265 776 et
1279 751 1430 777 mulieribus.
1480 753 1542 788 Vjiis
1556 753 1587 786 est
1604 754 1728 788 Cyprian.
1749 754 1781 782 de
1795 756 1884 782 Habit.
1898 756 2001 790 Virgin.
2022 766 2046 791 p.
2062 762 2093 790 98
2117 760 2200 783 citant

63 793 100 817 ιι,
137 804 144 812 .
183 805 190 812 .
263 787 380 821 Fatigare
394 782 489 809 osculis
501 781 620 808 dextram
631 783 723 809 Tacit.
736 783 802 808 Ann.
817 790 851 815 15,
865 790 902 816 7¹·
974 782 1095 809 Imbuere
1161 785 1257 821 Efiu‘am
1266 795 1290 817 3,
1304 795 1332 812 20
1357 786 1400 812 vbi
1413 788 1502 813 Graeci
1519 787 1643 823 περιδέξιος.
1680 791 1758 824 Vulg.
1773 789 1904 818 Armillas.
1940 792 2031 818 nidor⁴
2048 801 2090 824 19,
2104 801 2129 825 31
2150 800 2200 828 pro

60 819 154 847 rudem
172 820 288 849 dextram
308 828 400 847 cruore
414 816 584 845 Sen.Troad.
599 827 625 850 4·
704 817 742 844 ld·
752 819 832 844 Herc·
841 818 902 844 Oet.
918 822 945 843 ¹2
964 818 1064 844 Parcite
1078 818 1096 844 ὀ
1115 830 1140 855 15
1159 822 1268 847 Dextras
1282 824 1356 847 etiam
1370 818 1503 849 Dextralia
1516 826 1640 859 legendum
1654 824 1753 851 videtur
1766 827 1888 861 Salmasio.
1936 828 1994 854 Vid.
2019 834 2037 853 Ι)
2047 835 2091 855 Ex
2103 834 2125 854 Τ
2137 835 2155 855 R
2167 835 2200 856 ο-

61 855 138 888 dites,
158 856 279 884 inhibete
296 856 404 883 dextras.
474 853 614 879 Intendere
634 853 666 879 ad
682 852 807 885 statuam,
832 852 886 878 vid.
907 859 914 878 1
924 859 974 878 ΝΤ
983 860 999 879 E
1008 861 1029 879 N
1039 859 1058 880 D
1066 861 1095 881 o.
1161 862 1179 884 c
1190 863 1210 883 H
1219 863 1235 883 E
1246 864 1264 882 R
1274 864 1282 882 1
1294 864 1313 882 v
1322 863 1347 882 M
1358 872 1364 882 .

59 891 242 926 Interiungere
261 892 360 919 dextras
369 909 378 922 ,
407 888 461 915 vid.
484 895 493 914 1
503 895 524 914 N
535 895 556 914 T
566 895 582 915 E
593 895 611 914 R
622 895 630 914 1
643 895 662 912 v
672 895 694 914 N
704 895 724 915 G
736 895 767 914 o.
847 889 969 928 'lunge—re
986 889 1093 916 dextrae
1195 898 1213 918 D
1221 899 1238 918 E
1247 899 1265 918 x
1273 898 1295 918 T
1304 899 1323 918 R
1332 899 1354 918 A
1363 899 1382 918 R
1393 899 1432 919 10
1443 900 1459 920 L
1468 898 1489 920 v
1497 900 1521 920 Μ
1529 914 1536 926 ,
1559 895 1579 921 i.
1614 905 1641 922 n.
1679 892 1809 922 Diminut.
1849 893 1924 923 Idem.
1964 897 2042 933 Vulg.
2061 897 2200 933 Interpret.

59 925 198 954 dextram:
222 928 350 954 maiorum
368 924 440 951 enim
458 924 519 950 haec
538 923 624 950 fuerat
643 923 785 950 salutatio:
811 932 886 949 cuius
909 933 949 950 rei
971 924 999 950 τὸ
1013 927 1096 959 ocii-105
1159 927 1258 954 Iudith.
1273 935 1314 958 10,
1334 936 1356 959 3.

61 961 89 988 id
109 962 159 995 est,
184 963 289 990 Causam
311 962 414 992 Varro,
445 959 639 986 Callimachum
664 960 779 991 secutuS,
805 960 927 993 exposuit
945 967 953 985 τ
987 961 1096 987 afferens
1197 961 1376 990 DEXTERf
1385 969 1476 998 TAS,
1505 965 1563 991 atis.
1602 965 1622 991 f.
1660 966 1673 999 [
1687 963 1794 997 δεξιότης
1806 966 1823 1004 ]Δ
1867 967 2004 1001 Aptitudo,
2023 972 2201 995 conuenientia.

47 1006 167 1024 omnem
185 1006 277 1024 eorum
297 995 442 1028 honorem,
465 995 631 1021 dexterarum
651 994 789 1021 constitisse
808 994 909 1020 virtute
923 1005 929 1020 :
960 995 996 1021 ob
1018 1004 1096 1030 quam
1105 1006 1141 1028 20
1160 998 1250 1025 Tanta
1264 999 1350 1024 inerat
1361 1000 1470 1026 comitas
1479 1001 1604 1034 Scipioni,
1614 1005 1691 1034 atque
1706 1000 1737 1027 ad
1752 1009 1842 1026 onmia
1856 1002 1983 1027 naturalis
1998 1004 2098 1037 ingenii
2114 1005 2202 1031 dexte-

59 1041 117 1060 rem
132 1033 179 1060 hac
190 1034 216 1059 se
226 1031 415 1059 venerabantur
427 1031 545 1065 corporis
559 1036 641 1065 parte.
678 1031 746 1056 Haec
759 1030 875 1056 Seruius.
946 1031 1094 1065 Virg.Acn.
1159 1034 1223 1060 ritas
1238 1033 1388 1064 Liu.28,18.
1446 1034 1519 1061 Idem
1534 1044 1574 1070 37,
1587 1043 1604 1070 7
1625 1036 1711 1062 Multa
1726 1036 1752 1061 in
1767 1045 1800 1062 eo
1816 1042 1841 1062 et
1856 1035 1994 1063 dexteritas
2014 1045 2038 1064 et
2053 1040 2201 1067 humanitas

61 1077 81 1100 1,
97 1073 147 1101 408
181 1082 225 1088 -—-
258 1076 304 1093 cur
322 1067 428 1093 dextrae
449 1067 559 1100 Iungere
579 1065 697 1092 dextram
734 1065 798 1092 Non
819 1065 916 1092 datur?
985 1068 1096 1101 Iungere
1159 1069 1225 1096 visa.
1281 1069 1400 1101 Gell.13,
1416 1072 1443 1096 16
1467 1070 1629 1097 Dexteritate
1644 1078 1693 1106 pro
1707 1072 1826 1097 comitate
1846 1071 1903 1105 usus
1920 1070 1960 1105 est.

57 1103 174 1130 dextram
185 1102 217 1129 ad
229 1102 319 1129 federa
332 1102 420 1129 Valer.
435 1102 533 1136 Argon.
546 1104 571 1131 6,
584 1109 638 1133 339.
725 1101 839 1135 Iungere
857 1101 978 1135 hospitio
993 1102 1095 1129 dextras
1196 1111 1215 1130 D
1231 1111 1247 1131 E
1262 1112 1280 1131 x
1296 1112 1318 1131 T
1334 1112 1343 1130 1
1358 1111 1383 1130 M
1398 1111 1419 1130 v
1435 1112 1459 1131 M
1474 1126 1483 1138 ‚
1538 1104 1698 1140 [δεξίτατον]
1740 1112 1766 1132 et
1792 1106 1975 1139 Sinistimum‚
2007 1107 2118 1142 Antiqui
2153 1119 2201 1144 pro

60 1139 225 1173 Virgil.Aen.
237 1147 261 1170 3,
274 1143 310 1170 83.
382 1138 496 1164 Mouere
511 1137 608 1171 praelia
620 1135 713 1162 collata
724 1136 816 1163 dextra
832 1137 914 1163 Ouid.
928 1137 992 1163 Fast.
1008 1147 1028 1170 ι,
1039 1141 1096 1171 569.
1160 1140 1261 1166 Dextro
1277 1144 1302 1166 et
1315 1139 1426 1166 Sinistro
1437 1141 1574 1173 dicebant,
1591 1141 1649 1174 teste
1663 1141 1745 1168 Festo.
1783 1143 1870 1168 Varro
1885 1142 1940 1177 1251*
1952 1143 2049 1174 λέξεων,
2065 1144 2133 1178 apud
2146 1145 2204 1171 No.

59 1174 202 1201 Obarmare
215 1172 316 1200 dextras
330 1174 424 1200 Horti.
436 1173 487 1200 Od.
500 1181 529 1206 4,
543 1181 585 1203 20,
598 1180 634 1198 21.
707 1171 827 1206 Opposui
845 1171 963 1198 dextram
982 1174 1096 1207 pass‘urae
1112 1184 1144 1212 23
1161 1176 1236 1201 nium
1249 1184 1273 1206 2,
1289 1177 1332 1205 168
1348 1176 1438 1202 Primo
1452 1177 1569 1211 compito
1585 1177 1728 1203 dextimam
1743 1177 1813 1203 viam
1826 1179 1913 1204 munit
1924 1178 2060 1212 Epicurus.
2101 1180 2161 1205 Sall.
2175 1181 2205 1206 in

60 1210 167 1236 vulnera
178 1209 261 1235 fronti
279 1208 359 1235 Ouid.
373 1210 437 1235 Met.
451 1217 488 1242 12,
500 1211 554 1240 386.
609 1207 748 1242 Porrigere
764 1208 819 1233 Cic.
833 1208 890 1242 post
904 1208 982 1235 redit.
996 1209 1023 1235 in
1037 1210 1095 1236 Sen.
1161 1212 1217 1245 Iug.
1231 1220 1252 1237 c.
1262 1216 1308 1237 '100
1323 1218 1363 1246 pr.
1385 1212 1453 1238 Sulla
1467 1220 1526 1238 cum
1539 1214 1659 1247 equitatu
1673 1212 1741 1247 apud
1755 1212 1895 1246 dextimos,
1909 1214 1938 1239 in
1953 1213 2052 1240 sinistra
2065 1221 2139 1248 parte
2152 1217 2204 1241 Au-

59 1253 82 1272 c.
94 1253 120 1278 9.
172 1243 267 1278 Virgil.
282 1243 346 1270 Aen.
362 1253 398 1276 12,
413 1253 462 1277 930
488 1244 536 1271 Ille
548 1243 669 1275 humilis,
687 1243 847 1278 supplexque
863 1244 954 1270 oculos
967 1244 1097 1271 dextram⁵
1160 1246 1201 1273 lus
1213 1246 1330 1272 Manlius
1347 1253 1406 1273 cum
1421 1247 1602 1274 funditoribus
1617 1253 1643 1274 et
1656 1248 1805 1283 sagittariis.

60 1289 112 1314 que
123 1280 272 1306 precantem
307 1280 481 1311 Protendens,
501 1279 629 1314 Equidem
644 1279 748 1311 merui,
767 1288 814 1305 nec
834 1278 976 1312 deprecor,
985 1289 987 1292 ·
997 1280 1095 1314 inquit.
1197 1288 1241 1308 DE
1250 1289 1326 1308 XTR
1336 1288 1357 1308 A
1367 1288 1388 1308 T
1397 1290 1417 1308 v
1427 1290 1439 1309 s
1448 1303 1456 1315 ,
1472 1292 1496 1315 a,
1515 1289 1568 1310 um.
1606 1283 1666 1310 Adi.
1707 1285 1750 1315 Vt,
1769 1284 1838 1318 Ager
1850 1283 1994 1317 dextratus,
2013 1285 2072 1311 Pars
2086 1284 2205 1313 dextrata

59 1316 113 1343 Cic.
127 1315 157 1342 de
169 1315 261 1342 Diuin.
278 1323 303 1347 1,
318 1323 348 1348 59
376 1317 519 1350 Quumque
539 1321 565 1341 te
582 1321 626 1340 tua
643 1314 728 1349 patria
747 1314 776 1340 vi
796 1314 897 1349 pulsum
919 1316 967 1341 ess'e
985 1315 1098 1348 dixisses,
1161 1317 1238 1344 Αιιᾶ.
1254 1317 1287 1344 de
1300 1316 1392 1343 Limit.
1406 1318 1473 1344 Edit.
1487 1319 1575 1345 Goelii
1594 1328 1619 1353 p.
1635 1324 1691 1351 298.

57 1350 219 1377 Prehendiffe
235 1359 295 1377 eum
315 1352 433 1377 dextram
453 1354 542 1383 tuam,
568 1355 594 1376 et
613 1350 684 1376 bono
703 1350 795 1376 animo
815 1356 841 1376 te
861 1350 952 1377 iussiss'e
968 1352 1032 1383 effe,
1051 1358 1096 1377 etc.
1129 1367 1146 1387 0
1196 1359 1433 1380 DEXTRATlo
1446 1373 1454 1386 ‚
1487 1355 1556 1380 onis.
1592 1355 1611 1381 f.
1650 1354 1719 1389 Quid
1736 1352 1805 1387 iffit,
1826 1358 1954 1390 quaeritur
1973 1355 2007 1381 ad
2023 1355 2105 1382 Solin.
2131 1365 2152 1382 c.
2170 1363 2204 1390 45

57 1385 152 1420 Virgil.
167 1386 231 1412 Aen.
248 1395 285 1418 12,
298 1388 353 1420 644
379 1386 513 1421 Perpetiar
527 1387 536 1412 3
561 1385 653 1411 dextra
673 1395 721 1412 nec
735 1386 845 1412 Drancis
865 1385 934 1412 dieta
951 1387 1096 1413 Refellam?
1161 1389 1195 1414 al.
1210 1396 1241 1423 57
1262 1387 1414 1423 Tarpeium
1429 1390 1521 1416 Iouem
1541 1391 1611 1416 trina
1628 1389 1794 1416 dextratione
1808 1390 1947 1422 lustrauit,
1970 1394 1988 1417 i.
2003 1401 2074 1427 quam
2087 1395 2203 1426 proximo

54 1423 73 1447 ἰ.
93 1422 199 1448 Virtute.
255 1421 326 1448 Nam
340 1430 389 1456 pro
401 1423 442 1449 rei
454 1420 545 1448 officio
561 1422 642 1455 ipsam
662 1430 718 1448 rem
733 1422 836 1456 posuit,
857 1422 982 1448 Dextram
996 1422 1096 1449 scilicet
1161 1431 1186 1450 et
1198 1426 1317 1450 interiore
1329 1432 1399 1460 gyro
1412 1428 1555 1458 circumiit,
1576 1429 1628 1457 ita,
1642 1432 1671 1451 vt
1683 1433 1738 1451 rota
1752 1425 1839 1451 dextra
1852 1435 1941 1452 currus
1954 1425 2008 1459 efflet
2016 1434 2135 1462 proxima
2145 1434 2204 1454 tem-

51 1464 102 1490 pro
114 1457 229 1484 Virtute.
264 1457 379 1484 Seruius.
452 1457 588 1484 Renouari
603 1457 707 1484 dextras
721 1465 817 1491 cupere
830 1457 921 1483 Tacit.
936 1458 1003 1483 Arm.
1017 1466 1043 1489 2,
1059 1463 1096 1490 58.
1156 1460 1202 1494 plo
1218 1460 1301 1491 Iouis,
1315 1467 1345 1485 vt
1356 1459 1489 1486 adorantes
1502 1464 1529 1486 in
1542 1460 1654 1487 dextram
1664 1461 1694 1497 sc
1707 1464 1886 1494 circumagunt.
1904 1493 1915 1496 ἡ

52 1490 120 1518 laem
127 1490 225 1518 AuHor
236 1493 375 1528 (referente
382 1494 505 1527 Alciato)
518 1491 625 1526 oliendit
643 1493 685 1518 lib.
701 1499 734 1523 18
757 1492 861 1519 dextras
874 1493 1017 1519 concordiae
1023 1493 1100 1529 stgna
1198 1501 1216 1521 D
1225 1501 1242 1521 Ε
1251 1502 1268 1521 x
1278 1502 1299 1521 T
1307 1501 1325 1520 R
1334 1501 1354 1521 ο
1362 1502 1379 1522 C
1388 1502 1409 1522 H
1419 1502 1436 1522 Ε
1444 1502 1511 1522 R1v
1522 1503 1545 1522 M
1554 1517 1562 1529 ,
1589 1496 1607 1522 i.
1643 1505 1669 1522 n.
1705 1494 1860 1531 [περιδέξων]
1896 1496 2059 1523 Brachiorum
2077 1507 2202 1524 ornantem

51 1527 119 1553 vltra
137 1530 248 1563 citroque
264 1527 385 1561 destinari
405 1528 434 1555 ab
453 1528 601 1555 exercitibus
612 1527 714 1563 solitas.
789 1528 945 1562 Reprimere
961 1529 1096 1560 dextram,
1114 1541 1143 1569 33
1160 1535 1229 1562 tum,
1249 1529 1315 1565 quod
1326 1539 1356 1557 ex
1369 1540 1430 1557 auro
1447 1534 1474 1556 in
1487 1534 1574 1557 annuli
1591 1533 1639 1557 lati
1650 1531 1763 1565 formam
1780 1541 1881 1567 gemmis
1888 1532 1961 1567 forte
1974 1531 2119 1565 distinb‘lum
2137 1542 2204 1569 gere*

70 1571 97 1588 ro
109 1562 254 1590 Continere:
276 1564 351 1599 Virg.
366 1565 432 1590 Aen.
448 1572 484 1594 12,
498 1572 547 1596 939
566 1564 665 1589 Aeneas
679 1563 790 1594 voluens
803 1564 910 1596 oculos,
925 1563 1097 1598 dextramque
1161 1565 1223 1591 bant
1235 1567 1356 1591 mulieres.
1394 1566 1442 1591 Iul.
1457 1566 1622 1600 Capitolinus
1636 1567 1729 1603 scribit
1743 1566 1921 1595 Maximinum
1939 1567 2035 1601 pollice
2054 1569 2129 1594 fuilse
2150 1576 2204 1596 tam

46 1568 187 1632 fstpreffit.
256 1598 329 1626 Idem
342 1600 498 1634 Aen.7,266
525 1600 585 1625 Pars
599 1599 668 1624 mihi
681 1599 752 1632 pacis
767 1599 820 1625 crit
833 1598 951 1625 dextram
964 1600 1096 1632 Tetigiffe
1157 1600 1252 1632 vasto,
1272 1605 1301 1625 vt
1318 1599 1506 1627 dextrocherio
1526 1602 1617 1628 vxoris
1638 1607 1753 1628 vteretur
1772 1610 1821 1635 pro
1840 1602 1947 1627 annulo.
1987 1602 2045 1628 llid.
2063 1603 2162 1638 Casaub.
2180 1609 2206 1628 et

52 1634 166 1665 tyranni.
239 1635 295 1661 Cic.
307 1635 422 1670 Philipp.
438 1643 476 1666 ιο,
490 1642 507 1666 9
532 1635 608 1667 Q1ae
623 1634 733 1668 quidem
746 1643 815 1660 nunc
828 1635 866 1660 M.
881 1634 957 1660 Bruti
972 1634 1097 1667 imperim
1160 1634 1262 1670 Salmas
1278 1634 1307 1660 in
1321 1636 1437 1669 Capitol.
1457 1636 1486 1662 in
1500 1638 1608 1662 Maxim.
1627 1646 1648 1662 c.
1664 1638 1689 1661 6.
1743 1636 1817 1671 Conf.
1830 1634 1953 1662 Ambros.
1967 1637 2044 1663 serm.
2056 1645 2092 1669 90
2113 1637 2131 1664 s.
2143 1638 2204 1665 Pass'.

52 1668 225 1702 anctoritate,
244 1670 328 1704 copiis
341 1679 397 1697 non
409 1669 536 1697 instrutih
548 1669 648 1700 solum,
668 1668 712 1694 sed
725 1668 806 1697 etiam
819 1676 912 1695 ornata
920 1668 1024 1695 Tendit
1038 1669 1098 1695 dcx·
1162 1670 1271 1704 Agnetis
1288 1670 1344 1704 post
1353 1679 1396 1705 pr.
1433 1671 1506 1706 Conf.
1524 1677 1542 1696 ι)
1552 1679 1568 1697 Ε
1577 1679 1596 1697 x
1605 1678 1626 1697 Τ
1635 1678 1653 1697 R
1663 1678 1684 1696 A
1694 1678 1709 1696 ι.
1718 1677 1744 1696 Ε.

52 1709 120 1729 tram
134 1704 236 1736 Italiae,
249 1706 378 1740 suumque
391 1706 416 1731 ei
430 1704 588 1739 praesidium
601 1703 759 1739 pollicetur,
779 1703 807 1730 de
821 1705 935 1730 Graecia.
976 1704 1098 1730 Viduare
1113 1716 1151 1741 40
1196 1710 1215 1729 D
1224 1712 1240 1730 E
1250 1713 1267 1731 x
1277 1712 1298 1731 T
1308 1712 1326 1731 R
1337 1712 1356 1732 0
1366 1711 1434 1732 RSV
1444 1712 1457 1732 s
1490 1712 1514 1731 et
1538 1712 1557 1731 D
1566 1712 1582 1731 E
1591 1713 1609 1732 x
1621 1711 1643 1732 Τ
1657 1711 1675 1730 R
1687 1712 1705 1732 o
1714 1711 1732 1730 R
1742 1712 1755 1731 s
1768 1710 1787 1729 V
1799 1711 1823 1730 M
1833 1724 1840 1731 .
1876 1705 1945 1732 Adu.
1989 1707 2003 1741 [
2017 1706 2058 1732 ἐπὶ
2073 1704 2106 1732 τοὶ
2119 1704 2205 1742 δεξιοὶ]

54 1737 189 1765 dexteram
208 1740 267 1766 ense
291 1741 380 1767 Senec.
394 1739 505 1775 Hippoi.
519 1741 546 1765 6.
740 1737 762 1776 ff
782 1747 795 1770 3
830 1739 972 1773 Obseruatt.
998 1739 1097 1763 Dextra
1159 1741 1178 1763 i.
1198 1740 1225 1764 A
1241 1739 1330 1766 dextra
1338 1747 1429 1775 parta,
1448 1747 1493 1766 aut
1512 1741 1602 1776 Versus
1618 1740 1731 1766 dextram
1748 1746 1852 1774 partem.
1910 1741 1966 1768 Cic.
1986 1742 2018 1768 dc
2031 1742 2092 1769 Diu.
2107 1752 2116 1769 1
2138 1753 2158 1770 c.
2170 1751 2204 1770 22

46 1772 77 1808 se
95 1777 195 1808 antiqui
212 1776 408 1807 venerabantur,
421 1784 468 1810 per
481 1775 594 1800 dextram
613 1772 745 1802 iurabant,
762 1779 880 1806 tanquam
887 1771 1054 1806 fideiftdem,
1074 1778 1097 1797 et
1159 1772 1332 1800 Dextrorsum
1346 1776 1439 1802 orbem
1451 1776 1613 1802 flammeum.
1649 1775 1714 1801 Plin.
1728 1784 1770 1808 24,
1785 1778 1813 1802 16
1834 1774 2038 1803 Efficaciffimum
2053 1778 2204 1806 remedium

50 1810 158 1833 virtutis
171 1808 319 1841 ministram.
360 1809 418 1836 Vid-
434 1809 495 1834 Liu.
509 1816 529 1839 1,
540 1815 577 1832 21.
613 1808 692 1832 Berne
709 1815 741 1844 g..
750 1806 784 1831 ad
796 1806 886 1831 lustin.
903 1814 936 1837 11,
955 1813 988 1837 15.
1017 1812 1040 1832 et
1060 1814 1096 1837 13,
1159 1808 1208 1832 ess'e
1220 1806 1305 1840 aiunt,
1322 1809 1340 1834 fi
1355 1815 1407 1836 tres
1421 1820 1528 1845 quoque
1539 1811 1622 1838 trium
1636 1811 1776 1836 nationum
1791 1810 1912 1838 homines
1925 1818 2072 1847 perungant
2085 1814 2205 1841 dextros-

53 1849 74 1866 1.
112 1842 261 1868 Freinshem.
274 1843 310 1868 ad
322 1844 396 1868 Curt.
409 1844 436 1872 6,
448 1850 477 1874 4,
491 1849 530 1873 14·
602 1841 659 1866 Cic.
673 1841 690 1865 P
712 1840 786 1873 ilipp.
799 1848 838 1871 u,
854 1847 866 1872 5
895 1839 1010 1866 Dextrae
1026 1849 1094 1874 quae
1159 1842 1208 1867 sus.
1251 1844 1363 1870 Vtuntur
1376 1853 1399 1871 et
1413 1846 1473 1872 Liu.
1487 1849 1528 1877 26,
1543 1855 1577 1878 31.
1631 1847 1698 1872 Hor.
1712 1846 1762 1872 Sat.
1778 1855 1799 1877 2,
1815 1855 1837 1878 3,
1851 1855 1891 1879 50.

49 1874 114 1902 fidei
123 1875 217 1902 Testes
230 1877 278 1902 eli'e
293 1876 428 1908 solebant,
447 1875 557 1911 perfidia
572 1875 630 1901 sunt
644 1880 670 1901 et
682 1874 779 1901 scelere
787 1874 916 1902 violatae.
989 1874 1095 1902 Fidem·
1109 1888 1143 1916 43·
1194 1883 1212 1902 D
1222 1884 1239 1904 E
1249 1885 1268 1904 x
1279 1885 1300 1905 Τ
1308 1886 1327 1905 R
1335 1885 1355 1906 o
1363 1886 1383 1905 v
1392 1887 1408 1906 E
1416 1887 1435 1907 R
1445 1889 1458 1908 s
1467 1888 1488 1907 v
1496 1889 1521 1908 Μ
1530 1902 1537 1908 .
1575 1881 1643 1908 Adu.
1681 1881 1760 1914 [πρᾶς
1777 1882 1811 1906 τοὶ
1830 1881 1915 1914 δεξιοὶ]
1951 1881 1996 1908 Ad
2014 1882 2127 1910 dextram
2139 1891 2203 1919 par-

49 1919 102 1945 que
119 1911 227 1946 supplex
250 1911 374 1946 praefidis
396 1911 502 1938 dextrae
515 1910 582 1945 petii
601 1910 688 1937 Senec.
703 1909 774 1937 Med.
796 1919 822 1937 v.
836 1915 894 1942 248.
967 1911 1023 1937 Cic.
1037 1911 1094 1945 post
1157 1918 1213 1938 tem.
1260 1914 1342 1940 Plaut.
1358 1916 1436 1942 Cure.
1458 1925 1484 1949 1,
1505 1925 1531 1950 1,
1550 1924 1586 1951 70
1622 1917 1649 1943 Si
1667 1916 1729 1942 deos
1750 1917 1858 1949 salutas,
1882 1917 2084 1945 dextrouersum
2100 1921 2202 1947 censeo.

48 1945 127 1974 redit.
142 1947 170 1973 in
177 1947 298 1974 Senat.21
318 1957 340 1974 c.
353 1956 370 1980 9
396 1947 452 1980 Qi
470 1947 539 1973 mihi
559 1946 660 1980 primus
675 1945 774 1972 afflib‘m
792 1951 819 1972 et
837 1946 949 1977 iacenti,
968 1947 1094 1973 Confinla.
1162 1947 1221 1974 Vid.
1234 1949 1271 1975 ibi
1287 1950 1390 1977 Taubm.
1422 1954 1452 1978 it.
1470 1951 1600 1985 Chrgllom.
1620 1953 1686 1978 Plin.
1702 1951 1804 1987 Gesncri
1815 1959 1846 1987 p.
1859 1961 1911 1987 715.

50 1990 107 2009 rem
120 1982 230 2015 Fidem,
248 1982 324 2009 dexte
340 1991 435 2017 amque
453 1982 581 2017 porrexit.
635 1982 683 2007 Per
697 1981 763 2007 hanc
775 1986 800 2008 te
813 1980 948 2008 dexteram
961 1989 1011 2008 oro
1024 1982 1094 2008 Ter.

50 2017 131 2045 Andr.
146 2026 167 2051 1,
180 2026 204 2051 5,
219 2025 255 2051 55.
309 1992 358 2044 ἦέ
370 2019 504 2045 Donatus:
524 2015 630 2044 Federis
642 2023 669 2043 et
682 2015 745 2042 fidei
759 2016 909 2043 membrum
923 2024 979 2043 erat
992 2017 1094 2043 dextra.
1603 2024 1634 2055 D
1729 2021 1743 2054 Ῑ

48 2053 106 2079 Cic.
119 2062 168 2088 pro
180 2054 270 2080 Deiot.
285 2058 300 2084 8
318 2062 340 2080 c.
354 2062 367 2086 3
394 2054 443 2081 Per
456 2053 574 2079 dextram
586 2052 661 2079 istam
675 2057 701 2078 te
713 2061 779 2085 oro,
799 2061 879 2087 quam
891 2053 948 2087 regi
963 2053 1093 2079 Deiotaro
1104 2073 1133 2091 Ὃ
1510 2073 1519 2078 ..
1707 2087 1709 2089 v

50 2087 144 2123 hospes
159 2088 258 2124 hospiti
272 2088 414 2123 porrexisti
427 2098 435 2120 3
462 2088 554 2120 istam,
573 2087 684 2122 inquam
703 2087 821 2114 dextram
841 2096 896 2114 non
907 2094 960 2114 tam
974 2088 1003 2114 in
1017 2080 1113 2114 bcllis’
1192 2094 1211 2114 D
1221 2096 1231 2115 1
1259 2096 1284 2115 et
1308 2096 1327 2116 D
1337 2096 1348 2116 1
1359 2098 1388 2123 s,
1420 2091 1570 2126 Praepositio
1586 2091 1776 2127 inseparabilis,
1792 2091 1841 2128 sed
1855 2091 1910 2128 ip-fiz
1920 2092 2080 2129 fiparatiua‚
2104 2098 2122 2122 i.
2129 2096 2201 2132 fipa-

52 2129 79 2151 et
98 2125 127 2150 in
139 2125 261 2159 praeliis,
284 2132 364 2159 quam
383 2123 413 2150 in
430 2122 558 2158 promiffis
578 2127 604 2149 et
623 2121 676 2149 fide
694 2122 852 2150 firmiorem.
908 2124 992 2150 Simile
1004 2121 1037 2156 ιζῙὶ
1055 2123 1094 2149 illi
1155 2126 1293 2156 rationem,
1312 2132 1336 2151 et
1346 2126 1541 2161 seiunflioncm,
1554 2126 1610 2160 siue
1626 2134 1767 2163 corporum,
1784 2128 1838 2162 Jiue
1856 2132 2008 2162 animorum,
2033 2137 2057 2157 et
2077 2135 2202 2158 notionum

52 2159 126 2186 Fam.
140 2167 166 2194 7,
180 2167 193 2193 5
217 2160 323 2187 Totum
335 2159 448 2194 denique
462 2158 600 2185 hominem
613 2158 665 2184 tibi
679 2158 717 2185 ita
729 2158 805 2186 trado
819 2159 851 2184 de
863 2167 942 2186 manu
955 2161 996 2190 (vt
1007 2158 1094 2190 aiunt)
1156 2158 1229 2189 adeo,
1241 2158 1400 2195 significans.
1459 2163 1528 2187 Hinc
1544 2161 1593 2195 cst,
1613 2170 1642 2189 vt
1659 2163 1774 2189 videatur
1792 2163 1859 2190 modo
1879 2169 2032 2201 negationem
2051 2174 2154 2200 notare,
2172 2174 2202 2194 vt

52 2193 82 2221 in
101 2203 207 2222 mantun
225 2200 297 2222 tuam
315 2194 391 2221 istam
411 2200 437 2221 et
455 2194 572 2222 vidioria
593 2199 620 2220 et
638 2193 689 2220 fide
710 2194 891 2229 praestantem.
963 2194 1093 2221 Dexterae
1157 2192 1274 2227 Diffido‚
1296 2198 1316 2221 i.
1332 2205 1380 2222 non
1387 2195 1444 2231 fido
1457 2207 1465 2222 .·
1492 2197 1561 2224 modo
1575 2198 1760 2232 Diuerfitatem,
1776 2205 1806 2225 vt
1818 2200 1963 2233 Dissentio,
1983 2205 2000 2228 i.
2015 2201 2136 2239 diuersum
2143 2203 2202 2239 sen-

50 2229 198 2267 intersigna
211 2231 336 2257 militaria
349 2240 357 2256 .·
382 2230 435 2257 vid.
448 2230 539 2257 Tacit.
554 2229 623 2256 Hist.
637 2238 658 2262 1,
670 2237 713 2263 54,
725 2238 746 2256 1.
772 2237 795 2256 et
815 2238 838 2262 2,
854 2234 877 2262 8,
889 2239 915 2262 4.
987 2230 1045 2256 Cic.
1060 2229 1092 2256 de
1110 2245 1138 2271 55
1156 2232 1214 2269 tio:
1242 2230 1311 2257 modo
1329 2231 1493 2266 Diuisionem,
1515 2240 1544 2259 vt
1562 2234 1692 2267 Diffocio,
1713 2234 1864 2269 Disiungo:
1894 2236 1964 2263 modo
1983 2245 2072 2273 augeat
2082 2237 2151 2274 fign-
2172 2244 2202 2264 vt

50 2264 144 2292 Diuin.
159 2274 178 2297 1,
191 2274 217 2293 12
236 2265 372 2300 Iupiter-ne
387 2266 520 2293 cornicem
538 2274 553 2293 a
565 2265 658 2298 laeua,
676 2274 787 2292 coruum
805 2274 820 2292 a
834 2265 924 2292 dextra
937 2274 1031 2292 canere
1043 2265 1094 2292 ius-
1157 2264 1302 2299 DlscupiO,
1325 2269 1343 2293 i.
1358 2267 1430 2293 valde
1444 2271 1531 2303 cupio,
1550 2270 1718 2301 Discrucior,
1737 2273 1755 2296 ι’.
1768 2270 1839 2296 valde
1850 2274 1950 2298 crucior
1964 2282 1972 2297 .·
1996 2272 2065 2299 modo
2083 2276 2146 2299 idem
2163 2277 2202 2301 vi-

49 2298 123 2326 fifl'et.
200 2301 267 2328 Plin.
287 2310 331 2334 12,
351 2309 381 2335 14
412 2301 477 2330 Saba
493 2302 569 2336 regio
589 2310 603 2328 a
621 2301 713 2328 dem-a
730 2301 810 2328 maris
829 2301 942 2336 scopulis
962 2301 1094 2328 inaccessa.
1156 2299 1259 2333 deutur,
1275 2301 1341 2337 quod
1350 2303 1436 2337 Male,
1456 2311 1484 2330 vt
1498 2304 1651 2339 Dispereo,
1662 2308 1680 2331 i.
1696 2307 1757 2332 male
1765 2312 1847 2341 pereo.
2023 2308 2044 2345 q
2065 2318 2081 2336 z
2116 2309 2151 2335 Di
2171 2319 2201 2336 ac

48 2334 177 2370 Dextera,
196 2336 337 2368 Ablatiuus,
355 2344 401 2373 pro
417 2340 446 2364 in
462 2344 536 2372 parte
555 2337 657 2364 dextera
674 2336 756 2364 Plaut.
770 2336 865 2372 Amph.
880 2345 900 2369 1,
915 2345 933 2368 1,
948 2344 976 2371 17
1023 2337 1094 2364 Hinc
1157 2335 1196 2375 Dc
1208 2338 1235 2361 in
1248 2337 1530 2374 compofitissaepiffime
1543 2340 1732 2377 confunduntur
1751 2351 1766 2367 a
1779 2342 1913 2368 Librariis.
1949 2343 2108 2379 Componitur
2121 2352 2201 2371 autem

49 2371 121 2398 enim
134 2370 240 2399 dextera
253 2381 305 2399 vox
319 2381 395 2399 aures
407 2378 436 2399 vt
452 2373 561 2400 videtur
579 2372 712 2400 verberat.
766 2372 827 2399 Sall.
841 2372 870 2398 in
888 2374 979 2407 Iugurt
1001 2392 1007 2399 .
1029 2381 1051 2398 c.
1071 2380 1092 2398 11
1156 2371 1207 2403 Di,
1227 2381 1281 2412 cum
1299 2370 1452 2400 diffionibus
1464 2376 1639 2410 incipientibus
1651 2386 1667 2403 a
1679 2377 1718 2410 D,
1733 2384 1764 2403 vt
1776 2376 1880 2404 Diduco
1894 2388 1900 2404 :
1924 2378 1962 2410 G,
1981 2386 2010 2405 vt
2025 2380 2123 2414 Digero
2138 2390 2144 2406 ε
2167 2381 2200 2412 L,

47 2406 147 2434 Dextra
159 2407 336 2435 Adherbalem
347 2408 456 2435 adsedit.
526 2408 587 2435 Liu.
599 2417 628 2441 4,
668 2427 675 2435 .
707 2428 714 2434 .
743 2409 842 2436 Dextra
855 2407 1001 2440 montibus,
1019 2407 1094 2434 laeua
1109 2415 1145 2440 60
1155 2413 1186 2432 vt
1199 2407 1282 2433 Diluo
1296 2418 1302 2433 :
1331 2409 1377 2441 M,
1397 2416 1426 2434 vt
1441 2409 1560 2437 Demitto
1574 2422 1580 2438 :
1609 2411 1651 2441 N,
1673 2420 1702 2438 vt
1714 2413 1864 2439 Dinumero
1879 2424 1885 2440 :
1914 2414 1942 2445 1,
1958 2421 1988 2440 vt
2001 2415 2144 2441 Diiudico:
2165 2415 2199 2447 R,

48 2441 151 2469 Tiberi
168 2452 246 2470 amne
261 2444 354 2478 septus.
426 2444 540 2477 Dextra,
561 2443 688 2478 laeuaque
708 2443 780 2478 large
797 2443 955 2478 ample&ens
973 2449 1092 2470 montem
1154 2442 1304 2482 vimmo:
1329 2444 1364 2476 V,
1384 2451 1413 2470 vt
1427 2445 1548 2473 Diuerto.
1591 2447 1606 2473 S
1622 2450 1649 2473 in
1663 2448 1708 2474 Dis
1729 2455 1786 2474 ante
1804 2449 1841 2483 sp,
1855 2448 1877 2474 st
1889 2449 2002 2480 tollitur,
2021 2456 2050 2475 vt
2063 2449 2199 2484 Ditpicio,

48 2477 115 2504 Plin.
129 2487 152 2510 2,
165 2487 199 2505 ιι.
270 2479 327 2505 Cic.
341 2478 421 2505 Acad.
437 2488 466 2512 4,
480 2486 522 2511 125
542 2479 640 2514 Supra,
658 2478 728 2505 infra
737 2499 746 2511 ‚
765 2477 873 2511 dextra,
889 2478 1006 2511 sinistra,
1022 2484 1092 2511 ante,
1156 2477 1240 2504 D1sto.
1276 2485 1334 2505 ante
1347 2480 1364 2505 f
1372 2487 1484 2507 mutatur
1497 2485 1523 2507 in
1531 2481 1653 2516 fimilem,
1673 2491 1703 2509 vt
1716 2483 1827 2510 Differo.
1875 2484 1913 2509 DI
1929 2483 2028 2515 afficmit
2046 2493 2076 2516 r,
2096 2491 2141 2511 aut
2153 2494 2198 2510 an-

49 2512 123 2546 post,
144 2520 190 2540 etc.
259 2514 300 2540 Ad
314 2513 450 2547 dextram,
468 2514 520 2540 vid.
534 2521 578 2541 AD
592 2513 804 2550 Praepositionem.
863 2514 1012 2541 Contraria:
1033 2514 1091 2541 Cic.
1154 2516 1224 2548 tiqua
1236 2515 1400 2541 alternatione
1412 2516 1427 2542 S
1440 2517 1514 2552 suum
1527 2521 1554 2543 in
1567 2518 1589 2544 R
1603 2526 1692 2549 mutae,
1713 2522 1739 2543 in
1753 2519 1818 2543 Emo
1833 2518 1948 2543 Dirimo.
2143 2517 2163 2556 q
2183 2529 2196 2552 3

48 2547 82 2574 de
96 2548 221 2576 Vniuers.
232 2557 268 2582 42
295 2550 366 2577 Nam
387 2556 414 2577 et
431 2555 492 2577 ante
511 2555 536 2576 et
551 2559 635 2585 pone,
654 2549 686 2576 ad
704 2549 807 2576 laeuam
825 2555 851 2577 et
865 2550 897 2577 ad
911 2549 1045 2581 dextram,
1064 2556 1090 2577 et
1154 2548 1191 2575 Di
1208 2550 1295 2575 literae
1307 2556 1332 2575 et
1344 2551 1363 2576 Z
1374 2557 1551 2585 permutantur
1562 2555 1590 2578 in
1605 2554 1717 2584 Graecis,
1738 2552 1867 2580 Diabolus
1879 2552 2003 2586 Zabolus,
2020 2554 2114 2582 Diaeta
2126 2556 2198 2589 Zeta,

48 2582 149 2610 sursum
168 2589 195 2611 et
212 2583 354 2618 deorsum,
379 2592 425 2613 etc.
498 2585 573 2613 Idem
591 2584 705 2620 Philipp.
725 2594 767 2619 12,
807 2605 814 2611 .
855 2605 862 2612 .
937 2586 1090 2612 Errantium
1100 2592 1133 2623 65
1153 2591 1236 2620 nernpe
1253 2591 1284 2611 vt
1297 2584 1370 2618 Zti'vs,
1388 2586 1458 2618 Am's,
1478 2593 1524 2612 etc.
1559 2588 1602 2614 Sic
1615 2586 1804 2619 Glycirrhidia.

49 2617 162 2646 fiderum
180 2626 281 2647 meatus
316 2635 363 2641 -
397 2621 561 2648 contrarium
578 2621 679 2648 mundo
698 2630 774 2656 agere
794 2621 914 2653 cursum,
937 2623 957 2648 i.
972 2621 1090 2653 laeuum,

50 2652 99 2679 illo
117 2654 146 2680 in
159 2653 277 2682 dextram
289 2656 391 2690 semper
407 2657 546 2690 praecipiti
564 2657 631 2684 Plin.
643 2665 670 2688 2,
685 2661 707 2686 8.
778 2656 943 2688 Dextrabus,
959 2663 1008 2691 pro
1022 2657 1093 2682 Dex-
1543 2659 1575 2690 D
1673 2660 1687 2691 1
1784 2661 1813 2691 Α

49 2688 113 2715 teris
134 2689 280 2725 Antiquum
305 2691 366 2717 Liu.
383 2690 470 2722 Odyts.
525 2691 617 2724 Deque
636 2690 758 2717 manibus
776 2690 918 2717 dextrabus
936 2691 1042 2717 Nonius
1061 2695 1091 2722 8,

49 2728 89 2752 82-
284 2722 304 2760 q
325 2734 344 2759 4
380 2723 537 2758 Substantiua
553 2727 605 2751 alia
618 2735 625 2749 :
661 2726 791 2752 Dextrum
811 2734 894 2752 cornu
914 2731 941 2751 et
959 2725 1091 2752 sinistrum
1191 2729 1276 2757 DIA,
1295 2734 1334 2752 ae.
1358 2725 1378 2751 f.
1406 2727 1493 2760 [Δῖα]
1529 2728 1615 2754 Insula
1629 2728 1666 2754 est
1679 2729 1759 2755 maris
1767 2729 1875 2764 Aegaei,
1884 2739 1935 2757 vna
1943 2730 2197 2766 Cycladum,distans

30 2764 33 2773 ·
47 2758 76 2784 in
88 2759 145 2784 acie
158 2765 248 2786 tenere
265 2760 325 2787 Liu.
336 2768 359 2792 3,
372 2767 415 2794 7ο.
489 2759 571 2786 Ouid.
584 2761 649 2787 Met.
668 2768 696 2792 2,
716 2765 741 2790 18
771 2760 902 2795 Signaque
923 2761 965 2786 sex
982 2760 1091 2787 foribus
1103 2770 1140 2798 70
1155 2767 1169 2784 a
1182 2759 1250 2786 Delo
1266 2767 1296 2794 17
1318 2767 1355 2786 M.
1375 2762 1433 2794 pass‘.
1453 2762 1520 2788 Aliis
1534 2763 1689 2790 nominibus
1703 2765 1794 2791 Naxos
1807 2765 1887 2799 dieta,
1908 2772 1933 2793 et
1946 2767 2035 2794 Sicilia
2050 2770 2149 2803 minor,
2171 2776 2198 2797 et

47 2793 161 2825 dextris,
181 2795 349 2830 totidemque
371 2794 494 2827 sinistris,
521 2801 568 2821 etc.
638 2796 721 2822 Manu
742 2794 849 2822 dextera
866 2802 957 2822 tenere
975 2802 1090 2829 pateram
1152 2794 1290 2826 Dionysias
1311 2804 1326 2822 a
1344 2796 1403 2822 vini
1420 2797 1567 2825 fertilitate.
1618 2800 1716 2827 Auflor
1736 2801 1800 2827 Plin.
1815 2812 1843 2835 4,
1859 2810 1895 2828 12.
1939 2804 1969 2829 In
1982 2804 2028 2829 hac
2040 2805 2114 2830 Liber
2124 2813 2197 2840 pater

48 2829 105 2856 Cic.
118 2829 150 2856 de
160 2830 291 2863 ,Diuin.71,
306 2832 352 2864 46.
423 2831 558 2865 Vtrosque
571 2829 649 2864 pedes
663 2830 771 2856 dextros
789 2831 854 2857 facit
865 2830 981 2865 podagra
1000 2831 1090 2857 Senec.
1151 2830 1284 2856 Ariadnen
1297 2840 1312 2856 a
1329 2831 1421 2867 Theseo
1434 2831 1574 2866 destitutam
1588 2845 1687 2862 uxorem
1700 2835 1773 2862 duxit
1785 2847 1792 2862 :
1817 2838 1872 2872 Qua
1886 2837 1916 2863 de
1927 2839 1999 2874 caufh
2013 2843 2085 2866 etiam
2100 2841 2196 2867 Baccho

48 2865 93 2900 ΕΡ,
109 2872 135 2898 >¹3
156 2864 217 2892 med,
229 2865 386 2898 i,fi71,-s3,·um
393 2866 479 2902 pedem
490 2869 616 2902 intorquet
627 2865 713 2902 verfiis
724 2864 853 2896 dextrum,
866 2867 907 2892 vel
918 2875 976 2892 v.v.
1022 2866 1090 2892 Dex-
1144 2864 1247 2905 sap-ram
1261 2864 1304 2898 ςθὲ
1318 2868 1412 2894 volunt.
1467 2869 1549 2896 Ouid.
1564 2870 1596 2897 de
1610 2872 1673 2897 Arte
1687 2873 1743 2898 Am.
1758 2880 1768 2898 1
1777 2892 1785 2905 ,
1798 2878 1840 2905 528
1866 2874 1925 2907 Qa
1947 2873 2036 2901 breuis
2056 2877 2195 2911 aequoreis

46 2906 88 2927 tra
101 2901 218 2936 corporis
230 2901 364 2928 validiora
377 2902 455 2936 Apul.
470 2901 548 2936 Apol.
585 2920 592 2927 .
630 2921 638 2928 .
692 2901 792 2928 Dextra
807 2900 938 2940 auspicia,
953 2902 1088 2935 Prospera.
1152 2900 1202 2927 Dia
1216 2900 1313 2928 feritur
1324 2902 1408 2937 aquis.
1464 2906 1501 2933 De
1514 2907 1574 2932 aliis
1588 2908 1628 2933 vel
1637 2907 1731 2933 Infulis
1741 2927 1749 2940 ‚
1769 2910 1808 2934 vel
1825 2908 1926 2935 urbibus
1940 2910 2088 2946 Geographi.

47 2936 144 2963 Festus.
177 2945 181 2948 ’
199 2936 269 2972 Qid
280 2940 308 2963 in
326 2940 441 2973 auguriis
460 2937 581 2964 dextrum
591 2956 600 2969 ,
620 2935 681 2973 quid
697 2936 829 2965 sinistrum
841 2938 894 2970 Jit,
911 2934 1017 2970 ostendit
1035 2938 1090 2969 Hy·
1105 2943 1138 2972 75
1189 2934 1281 2964 DIA'B
1291 2939 1372 2964 Aru
1383 2945 1402 2964 R
1413 2944 1481 2972 VM,
1501 2940 1519 2966 i.
1545 2950 1572 2968 n.
1599 2940 1771 2978 [διάβαθρον]
1807 2944 1894 2970 Genus
1915 2945 2042 2972 solearum
2055 2947 2195 2974 Graecani.

47 2971 101 3006 gin.
114 2972 146 2998 de
159 2971 252 2999 Limit.
264 2972 366 2999 constit.
375 2980 419 3009 pr.
432 2982 457 3008 p.
471 2981 513 3006 150
535 2972 603 3007 Goes.
652 2972 775 2998 Hetrusci
794 2972 909 3007 auspices
926 2972 1021 3000 orbem
1037 2979 1089 2999 tet·-
1152 2979 1259 3005 carum,
1278 2976 1317 2999 ait
1327 2973 1425 3000 Festus.
1472 2977 1603 3004 Turnebus
1616 2979 1752 3005 Muliebria
1769 2980 1930 3006 calceamenta
1942 2980 2021 3016 fuist}
2032 2982 2125 3017 scribit
2141 2984 2195 3010 Ad-

48 3016 138 3035 rarum
163 3008 191 3034 in
210 3007 273 3035 duas
292 3014 377 3044 partes
397 3009 539 3036 secundum
555 3008 618 3035 solis
632 3008 734 3035 cursum
753 3007 922 3035 diuiserunt:
954 3008 1090 3035 dexteram
1152 3007 1218 3043 vers.
1233 3017 1313 3043 23,17.
1373 3009 1459 3036 Naeu.
1479 3014 1641 3047 ap.Varron.
1656 3013 1688 3040 de
1702 3014 1731 3041 L.
1741 3015 1770 3041 L.
1785 3016 1818 3047 6,
1835 3023 1848 3047 3
1876 3015 2020 3043 Diabathra
2038 3018 2067 3043 iu
2085 3017 2195 3052 pedibus

48 3042 259 3078 appellauerunt,
279 3053 345 3079 quae
359 3044 533 3079 septentrioni
545 3043 708 3075 subiacebat,
729 3043 866 3076 sinistram,
882 3053 949 3078 quae
964 3045 994 3071 ad
1008 3045 1089 3071 meri-
1150 3041 1275 3076 habebat,
1289 3050 1345 3071 erat
1360 3045 1472 3072 amieius
1483 3048 1615 3082 epicroco.
1651 3051 1690 3076 De
1702 3050 1798 3076 homine
1809 3048 1904 3077 ditium
1916 3053 2006 3078 cultum
2019 3054 2158 3079 muliebrem
2170 3059 2194 3080 et

50 3078 157 3105 dianum
175 3085 305 3106 terrarum
327 3080 396 3107 esset.
453 3080 557 3114 Fragm.
575 3078 608 3105 de
626 3079 705 3106 limit.
727 3089 752 3114 p.
767 3087 808 3112 215
833 3079 914 3106 eadem
932 3080 1088 3116 referuntur.
1149 3079 1283 3105 molliorem
1300 3088 1408 3117 gerente.

48 3114 95 3142 Sed
106 3122 128 3141 et
143 3116 262 3142 Homerus
273 3118 400 3151 antiquior
413 3125 492 3153 augur
502 3116 576 3151 sorte
589 3115 635 3142 huc
647 3115 717 3141 trahi
725 3114 807 3150 potest
827 3117 866 3142 Ιλ.
880 3116 910 3142 Μ
926 3124 974 3148 239
999 3116 1042 3142 ubi
1059 3115 1088 3141 de
1103 3124 1135 3149 30
1186 3120 1206 3140 D
1216 3122 1225 3141 1
1234 3122 1256 3141 A
1265 3122 1311 3142 BA
1324 3122 1430 3143 THRA
1439 3124 1457 3144 R
1468 3124 1510 3150 11,
1555 3123 1582 3146 ui
1595 3119 1739 3147 Diabathra
1758 3119 1900 3155 conficiunt.
1955 3121 2038 3150 Plaut.
2052 3122 2079 3149 in
2094 3122 2153 3149 Aul.
2167 3131 2192 3155 3,

49 3149 134 3176 auibus
141 3151 316 3185 praepetibus,
330 3150 381 3177 Ei'r'
392 3152 432 3177 ἐπὶ
451 3150 506 3184 δέξί
518 3154 568 3177 itam
585 3150 642 3186 πρδς
654 3150 685 3178 ἧῶ
698 3150 722 3177 τ’
734 3150 813 3181 ἠέλιόν
825 3161 862 3181 τε,
881 3151 932 3176 Etr'
945 3150 1088 3187 ἒπόἷριςερσέ
1149 3156 1173 3181 5,
1186 3158 1218 3182 39
1242 3150 1388 3178 Sedentarii
1401 3153 1518 3187 sutores,
1536 3128 1554 3182 d

45 3185 91 3210 ’τοί
100 3195 141 3218 γε,
157 3187 214 3212 ποτὶ
225 3185 296 3220 ζόφον
308 3186 426 3222 ἠερόεντα.
483 3188 630 3223 Quanquam
644 3186 702 3213 huic
715 3185 804 3213 dextra
824 3186 942 3213 videntur
955 3188 1090 3214 orientalia
1149 3184 1205 3211 dam
1219 3185 1236 3212 l.
1251 3195 1261 3212 1
1281 3187 1312 3213 C.
1328 3187 1360 3213 de
1378 3189 1491 3216 excusat.

53 3217 109 3251 (zise,
127 3220 286 3248 occidentalia
292 3220 412 3256 sinistra,
424 3221 451 3257 fi
465 3223 499 3249 ad
510 3232 594 3249 nomen
611 3222 643 3252 ἠῶ
655 3221 792 3257 respicias:
816 3228 905 3249 contra
916 3222 991 3252 η’ἐλιος
1003 3224 1090 3248 melius
1185 3220 1279 3249 DIA'B
1289 3224 1401 3256 ETES,
1423 3224 1480 3251 etis.
1516 3235 1552 3252 m.
1587 3223 1737 3260 [διοιξῆτης]
1777 3225 1918 3261 Transitus.
1944 3226 1993 3253 οἷπδ
2009 3228 2042 3253 rii
2057 3225 2190 3255 anemium.

54 3254 188 3288 meridiem,
211 3263 234 3283 et
247 3256 505 3294 §boeosftptentriones
519 3265 598 3285 notat.
639 3258 688 3284 Con
706 3278 713 3285 .
733 3265 746 3285 s
756 3265 765 3284 1
775 3264 796 3283 N
807 3264 838 3285 18
848 3265 869 3285 Τ
878 3264 936 3285 ER.
1006 3258 1089 3284 Caete—
1156 3256 1226 3283 Vnde
1245 3265 1269 3284 et
1277 3265 1327 3293 pro
1342 3259 1446 3295 Siphone
1463 3261 1608 3297 usurpatur.
1663 3262 1793 3288 Columel.
1807 3271 1829 3294 3,
1846 3271 1884 3296 10,
1898 3271 1914 3289 2
1939 3262 1968 3289 de
1982 3265 2046 3295 vite,
2068 3263 2193 3291 Naturali

54 3298 109 3315 rum
121 3289 164 3315 huc
175 3291 236 3318 illud
247 3301 336 3328 quoque
341 3296 461 3329 pertinet,
475 3293 540 3329 quod
552 3294 650 3320 Dexter
662 3303 673 3319 ε
707 3293 828 3330 Prosper,
843 3296 988 3329 propitius:
1008 3294 1086 3328 Virg.
1103 3300 1133 3330 85
1150 3293 1222 3318 enim
1236 3294 1331 3328 spiritu
1343 3303 1423 3321 omne
1436 3295 1605 3329 alimentum,
1622 3297 1733 3324 virentis
1746 3298 1816 3333 quasi
1830 3297 1956 3333 quaedam
1969 3298 2055 3324 anima
2074 3308 2120 3333 per
2137 3308 2190 3326 me-

57 3324 124 3350 Aen·
138 3328 218 3356 82‘302·
236 3327 266 3354 Et
281 3337 344 3361 nOS,
364 3335 390 3356 et
404 3334 448 3356 tua
461 3329 552 3356 dexter
570 3329 614 3356 adi
626 3329 692 3364 pede
706 3330 776 3356 sacra
795 3329 918 3355 secundo.
989 3329 1089 3356 Dexter
1150 3327 1251 3355 dullam
1266 3331 1354 3356 trunci
1368 3331 1453 3358 veluti
1468 3341 1514 3367 per
1526 3332 1673 3367 siphonem,
1689 3342 1768 3368 quem
1784 3333 1914 3360 diabetem
1927 3340 2022 3359 vocant
2035 3334 2193 3368 mechanici,

1553 3155 1724 3189 iabathrarii,
1744 3156 1859 3183 solearii.
1901 3157 1944 3184 Sic
1956 3158 2041 3194 legunt
2054 3161 2127 3184 etiam
2139 3161 2193 3193 qui·

54 3358 151 3393 Apollo
165 3359 223 3388 Stat.
234 3362 298 3390 Silu.
309 3372 333 3397 5,
348 3373 368 3397 1,
382 3373 416 3397 13.
475 3365 570 3392 Cacsar
588 3365 650 3392 Stat.
664 3365 702 3392 ib.
714 3374 740 3391 v.
757 3373 815 3398 144.
886 3364 1014 3391 Conceffit
1027 3365 1089 3391 dex·
1149 3363 1264 3392 trahitur
1277 3366 1305 3392 in
1318 3367 1458 3393 summum.
1655 3367 1676 3407 fl
1695 3377 1711 3395 2
1744 3369 1852 3396 Medicis
1867 3370 1967 3395 Graecis
1979 3372 2052 3396 etiam
2066 3370 2190 3397 Diabetes

54 3400 95 3421 ter
107 3394 170 3420 deus
188 3394 232 3422 Sil.
249 3405 289 3431 11,
306 3407 354 3432 531.
405 3399 475 3427 Add.
493 3401 554 3427 Stat.
567 3401 631 3427 Silu.
646 3409 670 3434 5,
683 3409 705 3433 1,
723 3408 761 3433 7¹·
833 3400 905 3427 Adsit
919 3401 1088 3427 Domitianus
1148 3407 1252 3427 vocatur
1265 3402 1362 3428 morbus
1375 3412 1476 3436 renum,
1489 3403 1636 3440 fiznguinem
1651 3413 1742 3430 omnem
1757 3408 1783 3430 in
1798 3407 1896 3430 urinam
1910 3410 2024 3436 mutans,
2043 3413 2066 3431 et
2077 3405 2118 3439 fic
2137 3415 2191 3433 cor-

53 3430 161 3462 dexter‚
178 3438 206 3455 ac
217 3431 305 3460 ‘volens
317 3434 448 3468 Qinetil.
465 3436 495 3462 in
507 3437 629 3464 Prooem.
642 3447 670 3471 4.
775 3436 874 3463 Dexter
887 3435 948 3463 ades
967 3436 1088 3470 ducibus,
1145 3442 1195 3471 pus
1212 3436 1282 3463 breui
1298 3438 1452 3465 exhauriens.
1650 3437 1671 3478 ἢ
1699 3449 1711 3472 3
1747 3441 1850 3475 Proprie
1864 3438 1988 3465 Diabetes
2002 3441 2104 3467 Graecis
2116 3444 2192 3469 circi-

51 3467 187 3501 alloquitur
200 3465 290 3492 Ianum
301 3469 381 3497 Ouid.
397 3471 463 3498 Fast.
478 3480 498 3504 1,
511 3474 554 3507 67.
607 3473 649 3501 Sic
662 3472 724 3498 Stat.
738 3470 804 3497 Silu.
817 3479 844 3506 7,
857 3477 890 3505 48
910 3472 988 3507 Signa
1001 3472 1087 3499 frena·
1100 3481 1136 3506 90
1149 3481 1196 3498 nus
1211 3470 1257 3505 nst,
1276 3477 1347 3500 cuius
1364 3473 1399 3500 ad
1408 3473 1504 3510 gradus
1509 3475 1597 3510 plures
1603 3479 1734 3510 pauciores
1747 3477 1828 3510 aperti
1833 3474 1939 3510 speciem
1951 3475 2022 3502 habet
2036 3477 2118 3512 Sipha.

52 3502 94 3528 tae
108 3500 256 3528 moderatus
269 3501 322 3530 alae
332 3505 437 3534 Castore
448 3507 550 3534 dextro.
625 3507 703 3542 Apul.
717 3507 781 3534 Met.
795 3515 811 3533 2
832 3517 857 3542 p.
872 3516 925 3541 121,
942 3516 966 3540 13
993 3508 1086 3543 Sisque
1186 3513 1205 3533 D
1215 3514 1225 3533 1
1235 3507 1258 3534 Α“
1266 3515 1283 3535 Β
1292 3507 1311 3535 ὁ
1321 3516 1336 3534 1.
1347 3515 1369 3533 v
1379 3516 1392 3535 s
1401 3529 1409 3542 ,
1429 3509 1448 3535 i.
1469 3518 1505 3536 tn.
1538 3511 1637 3546 Erasmo
1651 3513 1804 3540 Delatorem,
1824 3516 1867 3535 aut
1879 3510 2189 3550 Calunmiatoremfignijfi-

53 3537 119 3564 felix
127 3556 136 3568 2
155 3542 181 3562 et
194 3536 245 3562 iter
258 3535 391 3567 dexterum
403 3551 510 3577 pergas,
529 3545 548 3569 i.
555 3542 634 3579 felix.
691 3542 739 3570 Sed
751 3549 774 3569 et
785 3543 840 3569 laus
848 3543 997 3579 prudentiae
1008 3547 1089 3570 cuius·
1149 3549 1191 3569 cat
1209 3553 1225 3569 a
1238 3544 1312 3570 verbo
1324 3542 1482 3578 διαζείλλειν,
1501 3545 1566 3581 quod
1577 3545 1611 3579 ψ
1622 3546 1729 3581 Deferre
1737 3565 1744 3577 ,
1763 3544 1903 3571 Traducere
1911 3565 1919 3577 ,
1933 3545 1987 3579 Jiue
2000 3547 2122 3583 Infamem
2137 3547 2191 3574 red-

53 3572 109 3598 dam
116 3591 128 3612 ,Π
143 3574 352 3606 opportunitatis,
370 3575 504 3610 decentiae,
522 3578 567 3605 hoc
579 3581 674 3605 nomine
686 3580 844 3614 exprimitur.
891 3579 949 3606 Vid.
967 3579 1038 3606 Seru.
1052 3579 1087 3606 ad
1148 3577 1213 3605 dere.
1250 3581 1319 3605 Hinc
1333 3580 1500 3615 aduersarium
1516 3582 1619 3607 humano
1632 3584 1716 3617 generi
1718 3581 1842 3642 5spiritum
1856 3580 2000 3607 Diabolum
2013 3584 2120 3618 appellat
2137 3592 2191 3609 cum

51 3607 148 3642 Virgll-
162 3609 227 3633 Aen·
241 3617 269 3647 4.,
282 3615 336 3640 294
358 3610 412 3649 Qii
428 3612 506 3640 rebus
519 3613 609 3641 dexter
621 3613 726 3640 modus.
780 3614 822 3641 Sic
840 3614 921 3641 Ouid.
934 3616 991 3641 Art.
1006 3624 1027 3646 2,
1042 3622 1086 3648 145
1146 3613 1221 3639 libris
1227 3615 1314 3650 fizcris
1328 3616 1446 3651 Ecclesia..
1495 3617 1586 3643 Nemo
1601 3625 1660 3643 cum
1674 3615 1716 3642 dia
1737 3615 1781 3642 olo
1795 3616 1898 3643 iocatur
1910 3616 2018 3651 impune
2031 3618 2188 3653 Chrysolog.

52 3643 164 3670 Dextera
177 3651 315 3677 praeelpue
327 3650 395 3677 caplt
406 3646 566 3683 indulgentia
577 3656 684 3676 mentes.
719 3649 768 3677 Sed
776 3658 825 3676 non
837 3649 904 3677 reste
919 3650 1034 3677 laudatus
1047 3653 1086 3676 vi·
1098 3660 1132 3688 95
1144 3648 1228 3676 Serm.
1243 3657 1293 3683 155.

51 3679 122 3705 detur
135 3678 236 3718 Liu-·9‚
272 3698 278 3704 -
309 3698 326 3718 ι-
363 3679 428 3705 Rem
441 3691 485 3715 per
497 3685 522 3710 se
535 3685 689 3719 popularem
704 3685 741 3711 ita
755 3683 847 3712 dexter
859 3687 928 3720 egit,
948 3691 976 3712 vt
990 3685 1085 3712 roden-
1185 3690 1203 3710 n
1213 3692 1278 3712 1A13
1289 3691 1310 3711 o
1322 3691 1450 3718 mcvs,
1470 3696 1500 3722 a¹
1519 3695 1574 3713 um.
1610 3685 1670 3713 Adi.
1705 3685 1826 3713 Ambros.
1840 3687 1886 3722 Ep.
1900 3692 1941 3717 82.
1998 3687 2108 3714 Paullin.
2122 3686 2187 3714 Nol.

52 3714 92 3741 dis
104 3713 260 3748 corporibus
273 3714 356 3740 ammi
369 3714 453 3742 multo
465 3718 520 3751 plus
532 3721 650 3748 militum
663 3721 820 3755 imperatori
838 3721 1084 3748 reconciliarentur.
1147 3719 1192 3755 Ep.
1206 3728 1240 3754 29
1263 3722 1314 3753 (al.
1333 3725 1378 3754 10)
1398 3732 1419 3748 c.
1435 3730 1467 3749 ιι.

51 3750 138 3776 Varro
156 3749 189 3775 de
201 3749 232 3775 L·
247 3750 277 3776 L·
293 3752 317 3780 6,
331 3758 348 3776 2
367 3759 433 3784 12-19
463 3753 541 3786 Quod
555 3755 644 3790 addit,
662 3757 753 3792 templa
771 3764 801 3783 vt
811 3755 867 3790 fint
884 3756 989 3789 dextra,
1010 3757 1085 3783 aiunt
1183 3759 1409 3790 DIABRdsls,
1439 3758 1471 3784 is.
1505 3756 1525 3782 f.
1574 3752 1706 3791 διοίξροσις,
1742 3759 1761 3784 ι’.
1789 3757 1914 3792 Corrqfio,
1945 3766 1993 3793 qua
2016 3758 2090 3784 exesa
2114 3762 2187 3792 parte

39 3785 136 3811 ¹i'anEta
144 3785 202 3817 effe,
209 3785 255 3819 qui
270 3786 359 3819 glossas
373 3786 534 3820 scripserunt.
558 3790 589 3818 Id
602 3791 638 3818 est
650 3791 754 3819 falsum.
810 3792 881 3819 Nam
889 3792 963 3819 curia
971 3792 1087 3819 Hostilia
1147 3789 1238 3826 aliqua
1269 3794 1372 3828 sanguis
1404 3793 1475 3824 exit,
1509 3797 1591 3827 nempe
1617 3798 1665 3827 per
1696 3800 1746 3819 rem
1773 3802 1853 3820 acrem
1885 3800 1909 3820 et
1931 3793 2077 3820 mordacem.
2128 3791 2187 3819 Vid.

51 3820 177 3854 templum
190 3820 241 3854 est,
257 3828 283 3847 et
296 3821 412 3848 sanetum
425 3830 479 3848 non
492 3822 536 3849 est.
588 3827 648 3859 Sed,
660 3827 686 3861 st
698 3825 764 3854 reHe
774 3828 852 3854 Iocum
870 3827 1020 3861 confideres,
1034 3835 1084 3864 pro
1092 3843 1139 3861 100
1146 3827 1215 3854 Cels.
1232 3837 1267 3861 4,
1285 3838 1321 3863 4,
1339 3838 1361 3862 5.

52 3853 142 3883 dextra
159 3855 283 3892 legendum
303 3856 346 3890 effi
364 3856 459 3884 videbis
477 3858 571 3885 Terea.
625 3863 655 3888 Et
673 3863 740 3889 vidit
758 3866 807 3890 iam
828 3863 970 3900 Scioppius,
991 3867 1035 3900 qui
1045 3863 1085 3898 fic
1181 3867 1496 3891 niACATnAR0T1
1507 3868 1545 3894 A,
1577 3862 1630 3889 vid.
1642 3861 1746 3897 statim.-

52 3889 129 3916 dedit.
181 3893 218 3917 De
229 3891 325 3932 Tibiis
341 3893 446 3919 Dextris
465 3899 488 3919 et
504 3893 619 3921 Sinistris
640 3897 692 3924 vid.
713 3905 734 3924 T
743 3905 753 3925 1
763 3905 779 3925 13
788 3906 798 3925 1
807 3906 838 3925 A.
1024 3897 1044 3937 ἦ
1070 3906 1084 3932 ς
1181 3904 1200 3924 D
1209 3905 1219 3924 1
1227 3906 1248 3925 A
1258 3904 1275 3925 c
1283 3907 1304 3925 A
1314 3906 1335 3926 T
1344 3905 1363 3924 o
1372 3905 1388 3924 c
1397 3904 1417 3924 H
1427 3904 1442 3923 E
1450 3917 1459 3930 ‚
1476 3897 1502 3934 s.
1522 3903 1560 3925 121
1571 3905 1648 3926 AcA
1657 3905 1678 3924 ‘r
1687 3906 1705 3926 o
1714 3905 1731 3927 c
1739 3905 1817 3931 1-11A,
1829 3908 1868 3926 ae.
1886 3898 1906 3925 f.
1927 3896 2088 3930 [imma-oxi]
2107 3896 2185 3923 Bono-

51 3925 141 3965 Campa
157 3946 162 3951 .
182 3925 342 3954 Dexterior:
369 3929 452 3955 Ouid.
465 3930 529 3956 Met.
544 3937 587 3961 12,
605 3939 650 3963 303
687 3947 729 3953 -
764 3933 866 3960 saucius
878 3942 953 3960 armo
988 3934 1084 3962 Dexte-
1143 3943 1199 3961 rum
1214 3933 1323 3969 poffi’ffio
1343 3933 1459 3959 dicitur:
1491 3939 1515 3959 et

48 3969 123 3987 nore
166 3961 241 3988 edon.
299 3963 455 3991 Dexteriora
469 3971 556 3999 petens
568 3966 666 3992 montis
674 3967 771 3995 Lucan.
779 3978 804 4002 2,
813 3978 869 4004 421.
922 3969 1083 3998 Dexteriore
1182 3975 1200 3995 D
1211 3976 1219 3994 1
1231 3976 1252 3995 A
1261 3975 1278 3995 c
1287 3977 1310 3996 A
1319 3975 1340 3994 T
1351 3975 1371 3995 o
1381 3976 1426 3996 CH
1435 3975 1456 3994 v
1465 3977 1477 3995 s
1486 3989 1494 4001 5
1510 3969 1528 3995 i·
1548 3978 1584 3995 m·
1611 3970 1733 3997 warum
1741 3969 1864 4006 pvffiffir‘·
1898 3970 2028 4002 R‘Pfrs‘ffl'
2036 3966 2093 3992 hm*
2105 3965 2132 3991 di
2133 3964 2186 3992 3¹¹⁰

49 3995 127 4024 alueo
143 3996 302 4062 Babigtgileru
319 4000 386 4062 peitit
403 4000 470 4028 Plin.
484 4008 508 4035 5,
521 4002 564 4028 26.
635 4001 775 4032 Dexterior
787 4013 846 4040 pars
863 4005 949 4033 Varro
963 4005 997 4032 de
1009 4007 1041 4033 R.
1050 4007 1084 4034 R.
1092 4016 1136 4044 ¹05
1145 4007 1173 4031 in
1186 4005 1242 4040 lege
1254 4012 1272 4040 7
1293 4004 1574 4066 QsicunquesC0dicc,
1593 4005 1632 4035 De
1645 4007 1720 4033 omni
1731 4014 1795 4041 agro
1807 4005 1898 4031 desert.
1912 4002 1960 4040 sed
1971 4008 2099 4038 corrupte:
2114 4001 2186 4063 ‘Etis-3:
