2479 4225
246 146 315 195 671
637 131 909 177 FIN

251 231 323 259 Finis
336 229 463 262 vocatur)
477 226 551 254 simul
563 225 733 253 manifestum
747 223 796 253 est,
810 219 875 259 illud
892 224 1016 252 quoque,
1032 223 1110 261 quem
1130 213 1210 254 tinem
1219 232 1228 245 ‚
1247 212 1291 238 vel

252 267 316 302 quid
337 266 466 292 summunt
486 269 512 290 et
526 263 650 289 vltimum
664 260 755 288 habuit
775 258 907 284 rhetorice
915 273 930 293 ’.
945 252 1017 292 quod
1037 255 1113 292 vexus·
1124 249 1238 289 dicitur,
1253 247 1291 288 'ad

254 302 326 338 quod
337 301 424 327 omnis
438 308 478 326 ars
495 298 589 326 tendit.
627 298 696 324 Nam
716 295 732 320 li
753 294 805 327 ipsa
824 291 892 316 bene
905 287 1012 329 dicendi
1025 289 1147 316 scientia,
1164 287 1221 309 nnis
1235 291 1292 309 eius

254 344 280 364 et
296 339 424 363 summum
438 335 472 361 est
488 335 556 361 benc
571 334 665 360 dicere.
691 329 747 356 Vid.
761 337 786 353 n.
802 331 823 355 8.
837 359 845 365 ,
881 323 1042 350 CundeFm.
1059 331 1079 354 1,
1097 330 1118 347 11
1134 330 1155 346 c.
1171 330 1189 354 4
1214 319 1292 359 Tum

256 373 282 400 id
292 393 299 404 ‚
316 372 387 406 quod
401 371 429 397 in
441 371 482 397 his
497 370 573 396 libris
585 368 735 403 quaeritur,
753 360 816 396 quid
829 361 874 392 lit,
890 359 965 391 finis,
978 359 1042 393 quid
1056 354 1293 396 extr-einququld

256 409 399 440 vltimum,
409 416 463 441 quo
483 406 531 432 fint
551 404 638 431 onmia
657 401 722 426 bene
736 395 845 423 viuendi
861 395 987 429 reeteque
1007 392 1122 420 faciendi
1135 390 1242 417 consilia
1256 398 1295 429 re-

257 442 382 471 ferenda?
402 441 466 477 quid
480 443 602 475 sequatur
612 442 702 462 natura
711 453 717 464 ,
730 439 758 458 vt
772 433 902 457 summum
915 439 945 457 ex
959 430 1037 457 rebus
1052 426 1219 462 expetendis,
1231 424 1295 460 quid

257 480 344 515 fugiat
363 485 393 505 vt
411 484 554 504 extremum
574 472 712 498 malorum.
748 483 794 487 —
830 467 888 493 Nos
908 473 997 493 autem
1011 466 1076 492 hanc
1095 471 1202 489 omnem
1217 469 1296 496 quae-

258 516 371 542 stionem
385 513 416 540 de
430 512 526 538 finibus
542 510 670 535 bonorum
683 509 708 530 et
723 503 855 530 malorum
876 503 932 529 fere
947 511 961 528 a
974 501 1051 528 nobis
1072 499 1230 533 explicatam
1247 497 1296 523 esse

258 552 293 578 iis
314 550 398 577 literis
417 548 573 574 arbitramur
587 548 632 566 etc.
687 540 729 566 Sic
737 537 791 574 ‘pro
806 538 912 565 Plancio
927 541 961 564 60
981 547 1002 563 c.
1016 545 1046 569 23
1074 535 1147 562 Finis
1162 533 1296 560 honorum

278 586 351 621 opuli
366 585 401 611 est
414 581 565 608 conmlatus.
600 575 682 601 Tusc-
698 584 719 605 2,
732 584 744 607 3
771 574 827 608 Qi
841 583 919 609 quem
939 572 1060 607 sperandi
1079 571 1127 597 fibi
1145 569 1256 596 eundem
1272 574 1297 593 et

259 597 328 650 bene
346 617 448 646 dicendi
465 615 541 640 tinem
560 617 747 646 proponerent.
798 610 853 636 Cic.
867 608 943 636 Offic.
959 618 979 639 1,
994 613 1032 639 138
1053 616 1074 633 c.
1088 615 1116 640 39
1149 604 1297 631 Dicendum

260 658 297 685 est
316 657 410 684 etiam,
429 650 532 684 qualem
553 647 678 673 honorati
699 652 724 672 et
744 646 870 680 principis
891 645 1002 671 domum
1021 644 1120 678 placeat
1138 642 1202 673 esse,
1224 640 1298 666 cuius

260 694 320 720 finis
333 691 366 716 cst
380 688 435 713 vsus
444 705 450 715 ,
473 683 504 710 ad
517 692 596 718 quem
615 681 837 708 accommodanda
857 680 893 706 est
906 680 1063 706 aedificandi
1083 677 1239 711 descriptio,
1252 682 1298 701 etc.

261 730 353 756 Horat.
366 721 441 755 Epist.
458 728 478 752 1,
493 729 513 750 2,
529 722 566 752 56-
578 719 687 744 Certum
701 723 764 744 voto
777 723 836 752 pete
850 716 939 742 finem.
976 714 1086 749 Quintft.
1103 723 1124 746 2,
1141 721 1176 748 17,
1191 719 1216 744 25
1243 712 1299 737 Me·
1317 722 1343 748 15
1361 714 1465 741 afflone
1480 714 1521 740 ius
1542 713 1743 747 intelligeretur.
1779 712 1854 748 Conf.
1876 715 1974 739 omnino
1989 714 2015 743 6,
2030 721 2058 744 4,
2071 720 2098 745 4.
2135 713 2176 739 Sic
2189 713 2261 739 Idem
2277 712 2415 747 Qiinetil..

259 764 359 790 dicinae
380 757 431 782 fine
449 763 503 781 non
522 753 630 780 excidit.
827 750 847 788 ‘fi
870 758 882 780 8
921 751 994 777 Finis
1013 749 1062 784 cst,
1082 759 1140 785 quae
1160 750 1301 784 vulgariter

260 793 378 824 definitio
392 797 505 817 vocatur.
544 791 584 816 Ιτα
592 789 665 824 fhepe
681 786 814 821 Q1in6til.
828 796 853 820 2,
868 787 1050 823 13praeftrt1'm
1064 787 1081 812 s.
1096 793 1122 818 35
1143 784 1215 811 Idem
1230 782 1301 808 valet

260 827 394 861 Chryflppi
415 826 475 852 finis
495 825 540 851 ille
553 824 647 851 ducitis
660 832 674 849 a
689 822 830 853 Cleanthe,
850 823 963 849 Scientia
983 822 1054 848 rec'te
1072 820 1188 847 dicendi.
1226 820 1255 844 Et
1270 825 1301 852 37

253 864 307 903 post
321 868 473 890 enumeratas
490 860 644 896 definitiones
659 860 763 893 plures,
783 858 820 884 Hi
834 859 892 884 sunt
907 858 962 884 fere
979 858 1041 884 fines
1061 857 1175 883 maxime
1191 853 1302 880 illustres

259 916 302 921 —-
323 907 380 925 cum
401 906 511 931 prauum
526 894 659 930 quoddam
677 894 793 920 studium
807 893 876 920 circa
891 894 1029 928 scriptores
1044 893 1148 919 Artium
1163 889 1302 921 exstiterit,
1316 899 1350 918 20
1362 892 1495 927 quotlibet
1507 892 1654 918 finitiones,

258 935 327 962 nihil
342 933 441 959 eisdem
456 931 560 964 verbis,
598 940 647 957 uae
666 930 743 965 prior
754 929 851 964 aliquis
864 930 1007 964 occupasset
1022 928 1139 954 finiendi.
1177 927 1303 952 Caeterum

257 972 296 998 vel
310 971 415 996 Graecos
427 971 542 994 imitatus
561 941 596 1000 elil
607 970 634 993 in
647 967 694 992 hac
711 965 888 1001 appellatione,
902 969 944 1001 qui
954 963 1004 999 ’ὅρον
1016 963 1134 998 similiter
1149 962 1249 993 dicunt,
1265 961 1306 986 vel

257 1007 301 1034 hoc
314 1008 386 1031 etiam
401 1002 545 1040 JPeHauit,
559 1002 623 1038 quod
640 1005 667 1028 in
688 1001 824 1037 definiendo
844 1000 873 1026 τι)
888 1002 973 1032 τέλος,
989 999 1048 1025 finis
1057 1006 1160 1034 propter
1177 1007 1244 1033 quem
1259 998 1304 1022 ali-

259 1040 375 1078 quidfit,
389 1047 518 1075 utramque
525 1039 598 1075 facit
606 1040 734 1074 paginam.
791 1036 923 1070 Qxinffil.
937 1047 963 1070 4,
978 1045 1003 1068 4,
1018 1044 1029 1067 3
1051 1037 1090 1062 De
1105 1036 1155 1061 tine
1168 1033 1305 1068 quaeritur

259 1093 304 1097 -—
322 1085 355 1102 an
375 1074 417 1107 id,
432 1075 505 1109 quod
524 1074 668 1106 obiicitur,
683 1072 850 1106 sacrilegium
868 1072 906 1099 fit.

259 1119 304 1140 tur
326 1117 478 1145 argumenta
503 1119 534 1136 ex
561 1110 684 1135 finitione
711 1109 754 1134 seu
780 1108 849 1140 fine,
870 1117 930 1134 nam
950 1113 1065 1141 vtroque
1084 1106 1165 1132 modo
1184 1104 1306 1131 traditur.

259 1149 322 1175 Eius
342 1147 437 1181 duplex
452 1146 522 1172 ratio
538 1145 574 1170 est
594 1160 639 1164 ——
656 1144 719 1170 fitne
739 1144 790 1170 hoc
806 1144 907 1169 virtus?
927 1158 972 1162 --

260 1191 287 1218 7,
302 1192 324 1215 3,
339 1190 368 1215 25
399 1182 530 1208 Maximus
549 1181 608 1207 vsus
630 1180 659 1206 in
679 1179 852 1214 approbando
872 1178 1075 1213 refellendoque
1095 1177 1162 1209 fine,
1187 1176 1308 1211 proprio-

260 1228 321 1246 rum
333 1227 361 1243 ac
375 1217 570 1248 differentium,
587 1224 640 1242 non
662 1224 796 1249 nunquam
818 1215 896 1240 etiam
911 1215 1098 1248 etymologiae.
1141 1213 1198 1239 Viti,
1218 1217 1307 1237 fixio

260 1261 283 1281 et
307 1258 449 1280 F1N1T10.
631 1248 651 1288 ff
673 1260 690 1284 9

258 1297 340 1316 tamen
355 1296 403 1324 per
416 1295 443 1316 E.

259 1325 378 1351 dedimus.

297 1366 437 1391 ritmo,
461 1358 516 1390 fui,
542 1361 626 1388 itum,
651 1360 700 1384 fre.

497 1286 615 1314 Gellium
634 1295 716 1313 amare
734 1287 795 1313 Fini
815 1287 855 1312 vel
872 1287 917 1312 illa
937 1287 1044 1321 exempla
1058 1285 1160 1316 docent,
1174 1292 1233 1319 quae
1250 1292 1275 1308 n.
1290 1291 1309 1316 4

738 1357 850 1391 [τελέω,
875 1356 989 1391 περαίνω,
1016 1354 1156 1387 ‹fatua-dm,
1178 1352 1308 1388 ὅρι’ζημαι]

264 1397 347 1423 finem
361 1398 496 1430 imponere,
515 1396 533 1419 i.
549 1393 669 1429 perficere
678 1413 687 1426 ,
707 1393 829 1429 absoluere
843 1394 884 1419 vel
900 1396 1019 1418 terminos
1033 1391 1120 1416 addere
1130 1410 1138 1421 ‚
1153 1392 1246 1415 circum
1261 1389 1309 1414 ‘cri-

260 1432 327 1462 berc,
341 1430 451 1467 definire.
487 1429 618 1463 Quinctil.
632 1436 655 1460 8,
670 1430 770 1469 6⁴Qio
783 1437 815 1454 ex
830 1437 924 1462 genere
937 1427 1036 1462 ceperis
1050 1426 1243 1458 translationis,
1258 1423 1308 1449 hoc
1325 1433 1353 1458 3,-
1365 1434 1424 1453 tem,
1463 1428 1520 1454 sen,
1536 1427 1598 1453 Nat.
1612 1426 1717 1459 Qlaest.
1733 1433 1754 1458 ς,
1769 1432 1797 1459 17
1828 1425 1902 1450 Hanc
1922 1424 2034 1459 lineam]
2051 1433 2118 1459 quae
2134 1431 2205 1452 inter
2222 1432 2311 1460 aperta
2329 1432 2355 1452 et

262 1467 368 1494 desinas.
404 1465 485 1493 Multi
500 1466 580 1496 enim,
597 1473 679 1499 quum
692 1465 802 1490 mitium
815 1473 829 1490 a
843 1463 994 1498 tempestate
1014 1463 1169 1493 sumserint,
1184 1459 1308 1487 incendio

262 1509 305 1529 aut
319 1503 396 1529 ruina
410 1501 515 1527 finiunt.
589 1501 711 1526 Animam
730 1499 834 1529 finiuit,
853 1499 878 1525 h.
892 1509 912 1525 e.
938 1500 1020 1524 Vitam
1036 1497 1116 1524 Ouid.
1134 1498 1197 1523 Met.
1214 1504 1239 1530 7,
1255 1503 1307 1528 591.

263 1539 360 1565 Cursus
382 1546 481 1563 annuos
506 1536 650 1563 sacerdotes
668 1535 784 1562 finiunto
807 1535 863 1561 Cic.
878 1534 912 1560 de
927 1533 1020 1568 Legibx
1041 1543 1066 1565 2,
1080 1542 1110 1559 20
1130 1542 1150 1558 c.
1164 1537 1186 1562 8.
1207 1535 1226 1557 i.
1247 1533 1310 1557 anni

263 1574 446 1609 descriptionem
460 1579 483 1598 et
492 1570 576 1607 fastos
590 1570 746 1603 constituent.
817 1570 929 1596 Dolores
943 1570 1020 1595 finire
1034 1569 1108 1603 Virg.
1119 1569 1183 1594 Aen.
1199 1576 1235 1599 iz,
1250 1573 1308 1596 880.

264 1609 393 1635 Dolorem
412 1607 500 1642 gladio
521 1607 603 1633 Ouid.
616 1615 646 1632 ex
660 1607 745 1632 Ponto
765 1615 785 1638 1,
802 1608 828 1635 6,
844 1615 882 1639 41.

238 1643 239 1646 ’
265 1644 324 1670 Fin.
339 1652 358 1675 1,
373 1652 411 1677 27.
484 1642 544 1668 Liu.
559 1651 579 1674 1,
592 1650 601 1667 1
613 1649 676 1668 extr.
696 1642 730 1667 Ea
743 1650 784 1668 res
796 1642 889 1676 vtique
897 1641 1029 1668 Troianis
1043 1641 1112 1675 spem
1126 1638 1239 1666 affirmat
1253 1644 1307 1664 tan-

265 1679 325 1705 dem
344 1677 430 1704 stabili
451 1682 572 1710 certaque
595 1676 652 1701 sede
677 1676 787 1701 finiendi
810 1677 925 1703 Eri-oris.
998 1678 1104 1703 Famem
1127 1675 1204 1701 finire
1230 1673 1308 1700 caede

266 1715 348 1741 boum
363 1713 444 1741 Ouid.
459 1713 522 1738 Mer.
536 1720 567 1743 11,
582 1719 639 1745 370.
658 1713 690 1736 al.
706 1712 812 1736 'iltis-e.
887 1713 980 1736 Honos
999 1712 1020 1737 is
1039 1720 1093 1737 non
1113 1711 1161 1737 nili
1180 1711 1235 1737 vita
1251 1710 1308 1735 fini-

265 1757 304 1776 tur
329 1750 393 1774 rim.
410 1754 478 1777 132.
550 1747 636 1780 Iurgia
659 1746 777 1772 finieram
804 1747 882 1772 Ouid.
902 1753 989 1771 amoc.
1011 1755 1031 1777 1,
1046 1755 1077 1777 13,
1092 1753 1136 1780 47.
1207 1743 1307 1771 Morbo

265 1784 355 1815 finiri,
376 1786 499 1815 interire,
511 1785 574 1808 mori
594 1782 659 1807 Plin.
675 1780 752 1816 Epist.
774 1790 793 1813 1,
808 1789 843 1806 12.

264 1820 346 1845 Serm.
361 1827 383 1849 2,
397 1828 425 1851 4,
440 1827 475 1843 22.
547 1818 609 1842 Aur.
624 1816 694 1842 Vic't.
709 1816 740 1842 de
755 1817 813 1842 Vir.
829 1815 909 1841 illust.
923 1825 944 1841 c.
959 1825 976 1848 4
988 1822 1031 1850 pr.
1061 1816 1152 1848 Quun
1173 1815 1242 1839 inter
1256 1814 1307 1838 Ro-

265 1861 355 1880 manos
368 1858 393 1878 et
408 1852 522 1877 Albanos
542 1852 641 1876 bellum
663 1852 749 1877 fuiss‘et
767 1858 906 1882 exortum,
925 1850 1035 1876 ducibus
1049 1850 1166 1876 Hostilio
1184 1854 1209 1874 ct
1228 1847 1309 1874 Suffe-

265 1890 322 1920 cio,
349 1887 445 1922 plicuit
477 1886 542 1911 Rem
571 1894 715 1919 paucorum
737 1887 879 1912 certamine
895 1886 982 1911 linire.
1055 1886 1131 1910 Sitim
1153 1884 1210 1910 finit
1231 1883 1308 1916 copia

264 1924 385 1958 lymphae
400 1923 465 1948 Hor.
482 1920 559 1955 Epist.
574 1928 596 1951 2,
609 1928 633 1950 z,
649 1922 704 1953 146.
775 1920 901 1952 Spiritum
915 1919 1023 1945 finiebat
1035 1920 1123 1944 Tacit.
1139 1920 1206 1944 Ann.
1220 1927 1258 1949 14,
1275 1926 1309 1948 51.

264 1962 354 1987 Vitam
368 1959 427 1986 ense
441 1957 522 1983 Ouid.
539 1955 625 1982 Trist.
642 1964 663 1986 3,
678 1963 703 1988 7,
717 1962 762 1987 49.
835 1954 922 1979 Vitam
936 1953 1025 1979 inedia
1041 1954 1106 1978 Plin.
1122 1957 1144 1983 8,
1157 1960 1202 1982 42.

265 2004 317 2022 tam
340 1996 433 2029 laqueo
455 1993 513 2019 Scn.
535 1991 644 2026 Hippol.
665 1999 688 2016 2.
760 1990 849 2015 Vitam
872 1988 1024 2022 suspendio,
1047 1995 1096 2023 pro
1117 1985 1264 2022 Suspendere
1279 1984 1308 2019 se

265 2033 333 2058 Suet.
349 2031 375 2057 in
392 2028 497 2063 August.
512 2037 533 2053 c.
544 2031 583 2059 63.
620 2026 665 2053 Sed
821 2022 841 2061 fl
865 2034 880 2051 2
917 2024 1034 2056 Finiuit,
1046 2023 1224 2059 absolute,pro
1242 2021 1309 2046 Fini-

264 2074 305 2093 tus
325 2065 372 2099 est,
388 2066 427 2091 vel
447 2065 533 2091 Obiit:
553 2062 643 2089 Tacit.
660 2062 726 2087 Ann.
746 2062 772 2092 6,
787 2069 827 2093 50,
841 2069 857 2092 9
888 2060 929 2086 Sic
950 2059 1083 2086 Tiberius
1105 2058 1195 2084 finiuit
1212 2056 1309 2082 oc'lauo

264 2108 291 2129 et
306 2100 490 2136 septuagclimo
503 2099 593 2125 aetatis
616 2106 693 2124 anno.
747 2097 787 2122 Sic
806 2102 832 2121 te
851 2096 936 2121 serior
955 2101 980 2121 et
994 2095 1069 2120 beata
1087 2093 1219 2128 quondam
1232 2091 1310 2117 Saluo

266 2139 376 2165 Caesare
397 2136 471 2162 liniat
490 2135 607 2162 senccclus
628 2131 744 2159 Martial.
763 2138 786 2164 5,
801 2133 826 2156 6.

266 2181 376 2200 munere
389 2172 474 2201 leeto,
494 2171 534 2196 Sic
549 2170 600 2195 fuit
612 2169 712 2195 vtilitas
727 2167 798 2193 finiri
812 2165 913 2200 ipsique
925 2165 1029 2199 tibique
1043 2165 1098 2191 Cic.
1106 2163 1188 2189 Tusc.
1205 2171 1213 2187 1
1232 2171 1253 2187 c.
1266 2166 1308 2194 48.

267 2209 315 2235 Sed
329 2208 442 2233 atrocius
461 2204 601 2240 aliquando
616 2203 753 2238 Euripides
774 2202 863 2228 finitus
883 2201 919 2229 est
940 2201 1029 2228 Valet.
1045 2200 1114 2225 Max.
1129 2206 1193 2231 9,12
1211 2203 1263 2222 ext.
1283 2205 1311 2229 4.

266 2245 463 2271 Sen.C0ntr0u.
479 2250 489 2273 ς
506 2240 586 2275 praef.
623 2240 687 2266 Non
700 2238 789 2264 finiuit
802 2243 904 2264 tantum
918 2237 943 2263 se
956 2236 1020 2271 ipse,
1032 2235 1162 2261 sedetiam
1178 2232 1311 2267 sepeliuit.

267 2280 295 2306 de
314 2288 353 2309 eo,
367 2281 409 2313 qui
427 2280 452 2303 in
468 2281 618 2302 monumento
637 2281 737 2300 mortem
749 2272 800 2305 sthi
819 2273 980 2307 consciuerat.
1016 2272 1056 2298 Sic
1068 2269 1199 2297 Definitus
1214 2268 1249 2294 est
1262 2274 1313 2302 pro

269 2314 410 2341 defunctus
430 2312 465 2338 est
479 2321 507 2337 cx
523 2311 595 2337 MSS.
606 2309 716 2343 ‚Apuleii
734 2315 756 2334 ct
771 2308 873 2334 Sidonii
887 2307 1045 2342 Apollinaris
1059 2306 1104 2341 fi¹⁰
1125 2307 1175 2332 Ioco
1193 2304 1310 2330 dedimus.
1324 2310 1359 2336 60

268 2352 299 2377 Et
312 2349 378 2385 apud
392 2348 460 2374 Gell.
475 2356 514 2379 20,
530 2355 542 2372 ε
557 2344 589 2378 esi
602 2346 658 2371 MS.
679 2347 721 2379 qni
733 2345 816 2378 legat,
835 2343 957 2369 Siticines
972 2341 1128 2376 appellatos,
1139 2341 1187 2375 qui
1199 2339 1267 2374 apud
1282 2338 1310 2364 si-

268 2393 309 2412 tos
321 2393 412 2411 canere
425 2383 497 2409 soliti
510 2382 604 2413 essent,
617 2380 667 2406 hoc
686 2379 737 2411 est,
752 2379 841 2405 finitos
863 2384 889 2404 et
905 2377 1017 2412 sepultos
1034 2385 1082 2412 pro
1095 2378 1162 2412 vulg.
1182 2376 1236 2401 vita
1252 2375 1311 2400 fun-

269 2421 325 2447 &os
339 2426 364 2447 et
377 2419 499 2453 sepultos.
551 2416 627 2451 Apul.
642 2416 705 2442 Met.
719 2417 735 2440 6
748 2423 772 2448 p.
787 2419 841 2447 184,
853 2423 889 2445 24
916 2415 1002 2446 Qmm
1015 2413 1130 2447 (anum)
1152 2412 1213 2437 licet
1226 2409 1311 2436 claudi

269 2457 342 2491 pedis
356 2455 395 2482 tui
408 2454 474 2480 calce
492 2453 569 2479 vnica
581 2452 658 2477 finire
671 2450 779 2485 poteriS.
816 2450 914 2475 Laudat
929 2451 1046 2475 Pricaeus
1064 2448 1097 2473 nd
1110 2449 1135 2474 h.
1148 2448 1165 2473 l.
1180 2456 1203 2481 p.
1219 2446 1310 2473 lustin.

270 2500 312 2527 27,
333 2512 339 2517 .
362 2510 367 2516 .
390 2490 418 2516 de
433 2489 545 2520 Sohemo,
565 2488 640 2521 Equo
653 2485 837 2520 praecipitatus
851 2484 951 2511 finitur.
975 2484 1022 2511 Sed
1036 2492 1083 2510 non
1095 2486 1203 2509 inuenio.
1241 2482 1311 2507 Ter·
1325 2485 1356 2517 65
1372 2490 1428 2509 tur:
1450 2482 1529 2516 (licet
1546 2488 1633 2507 contra
1646 2480 1766 2506 Prudent.
1782 2480 1872 2506 Perist.
1888 2489 1927 2513 10,
1943 2483 2009 2513 815.)
2034 2481 2082 2508 Sed
2093 2482 2136 2508 vbi
2151 2487 2171 2508 R
2183 2483 2319 2519 inseritur,
2336 2491 2366 2511 vt
2382 2488 2412 2511 in.

270 2528 329 2553 tull.
347 2527 434 2559 Scorp.
457 2534 481 2558 p.
500 2525 550 2557 436
587 2521 679 2548 Bcstiis
706 2520 722 2546 fi
752 2519 882 2546 finiendus
894 2541 902 2553 ‚
927 2520 996 2546 vrsas
1026 2518 1169 2553 septentrio
1200 2518 1312 2544 emittet.

269 2560 290 2597 q
312 2571 324 2595 3
361 2562 453 2588 Fiuire
462 2580 470 2592 ,
483 2567 512 2586 vt
525 2559 648 2588 diximus,
661 2555 759 2591 estsuis
773 2559 888 2581 terminis
902 2554 1030 2590 etfinz'hus
1041 2553 1172 2580 includere.
1210 2553 1265 2578 Cic.
1280 2552 1312 2578 de

270 2599 344 2625 Orat.
359 2607 380 2629 3,
394 2605 433 2629 19¹
448 2605 469 2622 c.
484 2603 520 2628 49
545 2593 692 2620 Sententiae
706 2591 796 2618 verbis
817 2590 958 2622 finiantur,
975 2592 994 2616 i.
1014 2590 1189 2620 includantur,
1202 2594 1232 2614 vt
1247 2587 1314 2623 fiant

265 2631 374 2669 periodi.
413 2633 471 2658 Non
483 2626 557 2656 inulto
572 2628 692 2664 diuersam
705 2630 756 2653 vim
769 2626 839 2653 habet
851 2626 913 2652 illud
924 2627 997 2652 Orat.
1007 2628 1054 2660 164
1067 2635 1088 2651 c.
1102 2633 1137 2658 49
1157 2624 1214 2650 Nec
1230 2624 1312 2649 solum

270 2673 463 2703 componentur
483 2665 565 2691 verba
583 2670 704 2695 ratione,
725 2661 767 2688 scd
786 2663 865 2688 etiam
886 2661 1014 2688 finientur
1041 2676 1086 2681 —-—
1115 2659 1164 2686 Sed
1186 2659 1357 2700 finiuntur—30
1374 2661 1462 2687 Domo
1476 2661 1511 2694 76

273 2711 316 2730 aut
329 2702 520 2737 competitione
533 2701 585 2734 ipsa
595 2719 603 2731 ,
622 2705 648 2725 et
661 2698 729 2733 quafi
745 2699 789 2724 sua
804 2699 907 2732 sponte,
919 2703 963 2723 aut
976 2696 1091 2731 quodam
1107 2704 1202 2729 genere
1218 2694 1313 2721 verbo-

274 2737 398 2771 rui-n,‘in
417 2736 515 2772 quibus
535 2735 593 2769 ipsis
613 2734 774 2761 concinnitas
793 2734 872 2760 inest:
904 2741 970 2767 quae
991 2747 1035 2751 —
1053 2733 1141 2766 suapte
1161 2736 1251 2756 natura
1266 2740 1313 2757 nu.

274 2775 376 2800 merosa
395 2775 461 2799 sunt.
498 2772 640 2806 Respicitur
667 2769 762 2804 quidem
784 2773 880 2796 omnino
902 2768 936 2795 ad
955 2767 1090 2803 clausulas,
1105 2766 1152 2802 ῥά
1172 2776 1219 2791 non
1234 2767 1312 2801 fialas.

274 2810 366 2836 Finire
379 2807 545 2843 prouinciam
561 2805 642 2831 alicui
654 2810 725 2831 certo
742 2811 874 2839 tempore,
893 2807 912 2831 i.
931 2804 1028 2830 Certum
1040 2809 1133 2836 tempus
1143 2800 1314 2836 praestztucre,

271 2848 342 2871 intra
356 2844 420 2885 quod
430 2845 561 2882 prouincia
575 2841 682 2867 decedat.
717 2841 772 2866 Cic.
788 2842 840 2867 Att.
855 2845 878 2873 8,
892 2848 904 2871 3
924 2839 1067 2873 Marcoque
1079 2837 1206 2863 Marcello
1223 2842 1313 2863 coxs.
1329 2848 1346 2876 7

274 2880 380 2907 finienti
400 2876 548 2913 prouincias
569 2876 666 2903 Gallias
681 2876 786 2901 Calend.
809 2876 917 2907 Martii,
931 2873 1035 2901 restitit.
1108 2873 1167 2898 Liu.
1184 2881 1203 2904 1,
1221 2879 1244 2902 153
1276 2873 1313 2899 Si-

273 2925 354 2951 gnum
374 2920 464 2941 contra
485 2912 556 2948 quod
576 2911 721 2946 longiffime
741 2912 907 2946 conspe-&um
928 2909 999 2937 oculi
1021 2907 1157 2939 ferebant,
1175 2908 1265 2933 animo
1285 2908 1314 2933 fi-

271 2952 361 2977 stiunt.
433 2949 504 2976 Idem
519 2955 555 2981 35,
569 2955 586 2982 7
610 2947 693 2974 Cuius
707 2947 844 2973 coercendi
857 2956 939 2981 quum
958 2945 1027 2972 ratio
1042 2949 1229 2979 quaereretur,
1242 2943 1313 2969 diem

274 2986 348 3013 finiri
368 2985 480 3021 placuit,
499 2983 600 3010 Feralia
619 2991 685 3017 quae
706 2983 827 3016 proxime
845 2983 965 3009 fuissent:
990 2986 1018 3006 vt
1033 2980 1080 3015 qui
1094 2979 1149 3013 post
1161 2988 1218 3005 eam
1232 2980 1314 3011 diem,

274 3029 320 3049 etc.
391 3020 502 3047 Modum
516 3019 639 3054 sepulcris
657 3018 736 3044 nouis
749 3017 837 3044 finiuit
850 3017 998 3044 Demetrius
1012 3016 1067 3042 Cic.
1082 3015 1113 3042 de
1127 3014 1219 3050 Legib.
1234 3024 1256 3047 2,
1271 3017 1314 3041 66.
1327 3020 1359 3046 80
1374 3016 1512 3047 detentae,
1526 3020 1554 3040 tu
1568 3020 1656 3041 tamen
1668 3015 1799 3046 meruisti,
1811 3021 1839 3041 vt
1846 3015 1985 3048 Acceptum
1999 3013 2049 3039 tibi
2063 3013 2151 3040 fleret:
2171 3016 2241 3049 quod
2256 3025 2310 3051 quo
2325 3018 2412 3046 minu,

274 3061 293 3084 i.
313 3058 424 3089 Statuit,
436 3054 564 3091 praefixit.
634 3054 705 3081 Idem
720 3054 791 3079 Fam.
808 3061 842 3085 ις,
855 3062 871 3088 7
892 3054 934 3080 Ne
948 3052 1012 3086 quid
1028 3051 1130 3077 accedat
1143 3051 1269 3084 temporis
1282 3050 1314 3076 ad

275 3092 399 3128 id‚quod
415 3099 443 3118 tu
456 3091 524 3118 mihi
537 3096 562 3117 et
574 3090 804 3116 Senatusconsulto
821 3096 846 3115 ct
866 3089 921 3123 lege
940 3088 1029 3113 finisti.
1066 3087 1139 3123 Conf.
1159 3087 1227 3113 Gell.
1243 3089 1279 3116 16,
1291 3091 1314 3115 8.

276 3128 407 3162 Quinti-il.
423 3136 446 3160 3,
460 3132 472 3157 8
502 3126 696 3152 Deliberatiuas
710 3133 819 3159 quoque
831 3125 917 3150 miror
931 3132 944 3149 a
959 3123 1114 3158 quibusdam
1131 3123 1185 3148 sola
1199 3122 1314 3148 vtilitate

277 3164 371 3190 finitas.
433 3162 595 3196 Cupiditates
610 3162 725 3187 satietate
738 3161 798 3191 sua,
815 3169 869 3186 non
883 3159 1013 3186 diuisione
1031 3159 1137 3192 Epicuri
1156 3158 1265 3184 finiebat
1283 3157 1313 3183 L.

275 3199 400 3226 Thorius
414 3198 510 3224 Balbus
523 3197 579 3223 Cic.
592 3196 624 3222 de
637 3197 694 3223 Fin.
707 3205 733 3229 2,
748 3198 793 3230 64.

276 3244 302 3267 2,
320 3244 344 3266 1)·
357 3241 396 3269 pr.
415 3233 557 3260 Rhetorice
572 3231 664 3259 finitur
677 3232 759 3258 varie.
779 3229 847 3258 Add.
863 3229 930 3256 Gell.
945 3232 983 3262 16,
1000 3238 1022 3259 8-
1049 3232 1141 3264 Nempe
1149 3233 1272 3265 ponitur,
1285 3236 1315 3255 vt

277 3271 305 3296 :le
320 3270 393 3296 Finis
406 3278 431 3295 n.
446 3275 459 3298 8
471 3266 627 3300 ostendimus.
663 3268 747 3294 Multa
759 3267 828 3293 dabit
841 3265 972 3300 Quinuffil.
987 3272 1011 3300 7,
1025 3274 1037 3298 3
1048 3265 1143 3300 paffim.

312 3312 328 3331 F
340 3313 348 3331 1
359 3312 454 3332 NIEN
464 3312 477 3331 s
487 3323 495 3335 ,
515 3312 581 3339 quem
595 3303 668 3338 vulgo
686 3305 844 3329 Horizontem
862 3311 984 3328 vocamus.
1021 3302 1076 3327 Cic.
1093 3301 1125 3326 de
1139 3301 1200 3327 Diu.
1213 3309 1228 3326 2
1242 3309 1263 3326 c.
1278 3308 1316 3332 44

276 3341 319 3367 Illi
333 3340 426 3373 orbes,
445 3340 492 3374 qui
507 3337 689 3377 caelum-quasi
704 3338 821 3364 medium
836 3337 974 3369 diuidunt,
996 3343 1021 3362 ct
1034 3336 1183 3370 adspectum
1197 3336 1315 3361 nostrum

278 3376 422 3408 definiunt,
436 3375 482 3410 qui
498 3383 513 3401 a
526 3375 631 3400 Graecis
645 3371 755 3407 ὁρίζοντες
768 3373 953 3404 nominantur,
973 3381 988 3399 a
1002 3372 1081 3398 nobis
1094 3372 1214 3397 finientes
1228 3370 1316 3396 rectis·
1326 3378 1362 3402 90
1376 3373 1449 3406 gitur
1462 3370 1634 3397 matrimonio
1644 3390 1651 3401 ‚
1671 3380 1689 3395 ι.
1710 3370 1819 3395 obtentus
1838 3368 1955 3402 nascitur.

278 3411 340 3437 flmc
352 3411 485 3437 nominari
497 3410 606 3445 poss'unt,
619 3416 665 3435 etc.
1041 3434 1043 3437 ,

315 3452 332 3471 1²
343 3454 352 3472 1
362 3454 383 3472 N
395 3448 407 3472 i
416 3452 437 3472 Τ
446 3453 465 3471 v
475 3454 497 3476 s,
511 3454 534 3478 a,
548 3454 602 3471 um.
628 3445 694 3470 Part.
731 3444 948 3478 [πεπαροισμένος]
986 3444 1034 3469 Pro
1053 3451 1078 3468 eo
1091 3441 1155 3477 quod
1168 3440 1281 3474 Coeffimit,
1295 3447 1318 3466 et

275 3479 352 3513 finem
366 3481 448 3515 fecit:
484 3488 527 3511 vt,
541 3481 659 3508 Finitum
674 3478 757 3512 frigus
770 3478 835 3504 Plin.
853 3483 888 3509 18,
901 3486 944 3512 27.
980 3478 1027 3505 Sed
1038 3479 1113 3504 Aetas
1125 3486 1176 3512 qua
1198 3483 1319 3510 petantur

281 3515 411 3547 honores,
430 3516 464 3541 est
484 3516 556 3542 finita
577 3516 654 3542 certis
675 3513 776 3549 legibus
798 3513 956 3539 011111Ᾰέαῆ-
978 3520 1000 3544 ς,
1020 3514 1058 3545 65.
1131 3512 1318 3545 Carthaginem

283 3549 399 3581 finitam,
413 3550 478 3575 dixit
492 3551 585 3577 Florus
597 3560 620 3581 2,
636 3557 670 3584 13,
686 3559 704 3576 1.
724 3552 742 3576 i.
762 3549 885 3576 Sublatam
900 3554 923 3573 et
936 3548 1050 3582 euersam.

282 3584 332 3611 bus
347 3584 418 3609 linita
432 3585 486 3610 Cic.
499 3586 529 3610 de
544 3587 579 3612 N.
595 3588 626 3613 D.
643 3596 665 3615 2.
679 3593 726 3618 149
745 3593 765 3610 c.
781 3592 821 3618 59.

282 3626 337 3646 tata
355 3626 377 3644 ct
394 3619 547 3654 ρνοςμ-»ϊρῑα
574 3622 675 3648 Lucret.
691 3630 708 3652 1,
722 3628 766 3655 77.

283 3654 362 3682 eundi
381 3654 459 3680 Ouid.
473 3654 557 3680 Trist.
572 3664 595 3686 3,
610 3664 633 3686 2,
647 3664 682 3690 ¹7·

319 3697 336 3716 F
347 3697 355 3715 1
367 3697 389 3715 N
400 3696 505 3720 ITvs,
525 3688 563 3714 sis.
582 3699 617 3715 m.
651 3687 765 3724 Apuleio
783 3690 919 3717 tribuitur:
937 3695 1011 3724 negat
1030 3689 1105 3714 index
1122 3689 1224 3715 Floridi.

322 3731 338 3751 r
350 3733 359 3751 l
369 3732 389 3751 N
400 3726 476 3750 1111,
514 3724 581 3749 Adu.

283 3770 376 3788 auarus
390 3760 457 3792 erit,
476 3759 518 3785 sed
532 3759 614 3784 linitc.
632 3762 649 3784 i.
672 3762 726 3784 Non
742 3761 874 3788 immodice.

320 3803 335 3822 F
349 3804 385 3822 1N
395 3796 436 3821 Ᾰι
446 3802 492 3827 Is,
513 3803 536 3820 e.
556 3793 615 3819 Adi.
635 3794 732 3819 Finalis
747 3795 874 3828 quaestio,
894 3796 961 3830 Quae
973 3794 1002 3820 de
1015 3793 1105 3828 finibus
1117 3792 1150 3826 est
1162 3801 1185 3821 et
1193 3799 1316 3822 terminis.

283 3832 438 3865 Papinianus
452 3831 468 3856 l.
483 3838 504 3856 11
518 3830 548 3856 D.
564 3828 657 3855 finium
671 3830 847 3863 regundorum
858 3850 866 3861 ,
884 3832 912 3856 In
925 3830 1046 3856 finalibus
1061 3829 1257 3864 quaestionibus
1273 3840 1317 3857 ve.

282 3874 338 3894 tera
358 3865 657 3897 monumenta‚census‚
669 3863 810 3890 auctoritas
830 3866 957 3898 sequenda
976 3865 1020 3892 est.
1066 3868 1099 3892 It.
1117 3867 1180 3901 quod
1196 3866 1230 3892 ad
1238 3866 1316 3901 finem

892 3583 1003 3609 Potestas
1024 3582 1097 3608 finita
1111 3583 1222 3617 cuique,
1242 3584 1318 3608 Limi-

837 3619 889 3650 Via
909 3618 983 3645 finita
995 3617 1047 3650 est,
1066 3623 1091 3644 et
1104 3627 1170 3653 opus
1182 3618 1318 3653 requieuit

281 3939 381 3965 Malum
393 3937 488 3964 Alcim.
504 3945 527 3970 2,
540 3938 597 3969 369.
630 3935 680 3962 Pax
695 3934 830 3969 augustin.
845 3935 862 3961 l.
877 3944 898 3960 c.
914 3944 934 3961 c.
950 3945 981 3963 11.
1016 3936 1064 3966 Sed

1317 360 1333 387 5
1360 358 1444 391 cidas,
1458 365 1536 393 atque
1544 357 1689 384 foecutinas
1704 356 1885 390 grammaticas
1898 356 2074 390 speeiaueris,
2088 363 2131 384 etc.

1315 542 1343 559 10
1360 537 1521 568 communis,
1535 535 1633 565 inanis,
1647 543 1738 568 parum
1756 534 1831 568 plena
1844 540 1890 560 etc.
1926 535 1964 560 De
1983 534 2029 560 hac
2042 535 2158 570 formula
2173 544 2188 560 α
2202 535 2219 561 s.
2235 540 2260 565 18
2284 534 2426 569 Applica-FQ

1340 1004 1342 1007 '
1366 999 1392 1025 ei
1406 1000 1447 1026 rei
1459 1008 1508 1034 ego
1528 1000 1583 1025 sum
1603 998 1686 1025 sacius
1706 997 1807 1023 finitor.
1843 996 1884 1023 Sic
1899 995 1968 1022 dedit
1985 1000 2058 1023 etiam
2074 998 2229 1035 Gronouius,
2242 1000 2284 1033 qui
2297 997 2377 1033 proba
2398 988 2431 1036 git*

964 1072 1037 1097 [dem
1058 1080 1080 1104 5,
1095 1080 1133 1103 10,
1147 1078 1178 1104 54
1200 1070 1306 1095 Ducun-
1324 1076 1353 1102 25
1367 1070 1491 1097 Vinitor:
1511 1070 1553 1104 esse
1568 1073 1631 1096 enim
1644 1079 1692 1096 non
1704 1079 1719 1095 α
1733 1068 1799 1094 finio
1813 1067 1860 1103 sed
1872 1077 1888 1093 a
1907 1066 2014 1094 finibus.
2049 1068 2096 1095 Sed
2107 1068 2215 1095 ordinem
2226 1069 2354 1095 verborum
2368 1071 2411 1105 po*

997 1142 1070 1177 Qid
1084 1141 1114 1168 fit
1127 1142 1228 1168 virtus?
1267 1140 1308 1165 sic

726 1251 790 1277 Fine
809 1257 832 1276 ct
846 1251 906 1276 Fini
925 1260 952 1276 tn
966 1252 1084 1276 Ablatmo
1098 1248 1185 1284 facit:
1206 1248 1309 1282 leepius
1326 1257 1358 1281 30
1371 1249 1449 1275 rebus
1467 1248 1598 1275 iudicent:

956 1605 1068 1631 Dolores
1090 1611 1176 1630 morte
1202 1604 1257 1630 Cic·
1276 1602 1307 1628 de
1321 1618 1358 1643 40
1369 1605 1509 1631 ciuitattnn
1523 1604 1597 1630 bello
1612 1611 1658 1637 par
1670 1602 1739 1629 effet.
1775 1601 1904 1628 Finitima
1922 1599 2019 1635 oppida
2032 1600 2088 1626 Cic.
2102 1602 2179 1627 Verr.
2193 1610 2216 1635 5,
2252 1622 2259 1630 .
2295 1622 2304 1629 .

913 1781 1021 1806 hamno
1042 1781 1118 1805 finire
1138 1780 1220 1805 moris
1240 1780 1307 1803 Hor.
1322 1791 1356 1816 45
1370 1791 1396 1812 4,
1412 1784 1447 1812 64
1461 1790 1483 1805 c.
1497 1789 1536 1811 30,

1262 1952 1307 1975 Vi·
1323 1961 1356 1987 50
1372 1953 1445 1977 timis
1467 1950 1616 1976 abstinuisse
1637 1950 1724 1975 Locis.

896 2129 1051 2162 Euthynous
1074 2129 1175 2163 potitur
1192 2127 1309 2152 fatorum
1326 2138 1356 2164 53
1372 2127 1619 2155 diciturFinitiuus.
1657 2125 1724 2152 Add.
1740 2134 1761 2157 5,
1774 2128 1801 2158 6,
1815 2135 1828 2156 5
1840 2133 1863 2152 et
1874 2135 1915 2158 30.
1951 2127 2071 2155 Finitiua
2084 2131 2158 2156 causa
2171 2131 2278 2164 Quin&
2297 2131 2323 2167 7,
2338 2142 2350 2166 3

1365 2412 1454 2448 facit,
1474 2418 1497 2436 et
1510 2411 1582 2437 Fieri
1590 2417 1638 2445 pro
1647 2409 1717 2435 Fici:
1738 2410 1903 2435 Praeteritum
1917 2412 1937 2442 ς]

1348 2848 1363 2876 5
1373 2837 1540 2865 Abfinthium
1554 2837 1584 2862 fit
1598 2838 1626 2862 in
1640 2836 1750 2862 Arabia:
1768 2840 1786 2863 i.
1803 2840 1936 2877 gignitur,
1949 2843 1977 2877 ct⁴
1984 2838 2143 2872 producitur.
2179 2838 2196 2863 P
2208 2844 2259 2863 aut,
2281 2839 2363 2867 Trin.
2383 2836 2441 2887 4⁵9³*

948 3192 968 3231 ff
988 3205 1006 3228 4
1040 3193 1160 3229 Definire.
1181 3192 1313 3228 Quinctil.
1329 3197 1358 3226 85
1375 3203 1399 3224 z,
1412 3196 1471 3224 6,‘1.

1120 3547 1221 3581 Lingua
1236 3547 1319 3574 denti-
1331 3552 1362 3578 93
1371 3549 1428 3585 sum
1441 3546 1483 3581 est.

618 3723 781 3760 [ὡρισμένως]
818 3726 874 3752 Cic.
894 3725 926 3751 de
947 3725 1004 3751 Fin.
1021 3732 1045 3755 2,
1058 3732 1089 3759 27
1110 3734 1132 3750 c.
1152 3733 1168 3757 9
1200 3726 1269 3759 Ergo
1291 3725 1449 3761 ct100quod
1464 3731 1489 3751 te
1501 3723 1543 3750 isti
1558 3721 1663 3748 facilem
1677 3727 1701 3747 et
1716 3721 1837 3748 festiuum
1852 3729 1955 3757 putant,
1975 3723 2002 3749 id
2016 3732 2069 3749 non
2083 3722 2140 3749 fieri
2155 3724 2191 3750 Ex
2207 3734 2269 3752 vera
2281 3727 2352 3760 vita,
2364 3728 2432 3755 ne-

1376 3795 1472 3831 giendo
1485 3793 1572 3820 Mitio.

1375 3832 1461 3857 cnsate
1481 3829 1539 3854 fieri
1559 3827 1664 3853 videtur
1684 3829 1812 3861 Quinctil.
1828 3837 1853 3861 2,
1867 3838 1886 3855 1.

485 3902 489 3906 ι
592 3903 595 3906 ⁴
616 3903 620 3907 .
841 3900 847 3904 Ι
1375 3865 1495 3898 Pythias?
1514 3863 1577 3898 quid
1591 3863 1644 3889 ais?
1664 3863 1690 3888 in
1705 3873 1783 3898 quem
1795 3865 1918 3899 Exempla
1931 3863 2011 3890 fient?

280 3903 353 3938 vsque
372 3903 448 3929 durat
462 3901 552 3927 Finale
569 3900 676 3930 duntur,
696 3908 719 3924 υ.
731 3908 756 3934 g.
778 3900 913 3926 Beatitudo
927 3901 1063 3935 Augustin.
1076 3902 1107 3928 C.
1122 3902 1153 3927 D.
1166 3910 1194 3935 9,
1207 3911 1226 3934 4
1239 3908 1261 3928 ct
1275 3909 1311 3927 10.
1324 3910 1368 3937 ¹05
1375 3903 1399 3933 6,
1413 3908 1471 3927 220.

1750 125 2044 166 FIO‘

1390 222 1407 242 F
1417 222 1426 242 1
1435 223 1458 243 N
1468 223 1489 243 A
1499 222 1515 242 L
1525 223 1534 243 1
1544 222 1564 243 T
1574 221 1590 241 E
1600 221 1629 241 R.
1658 213 1725 240 Adu.
1764 213 1920 249 Improbatur
1940 213 2004 248 Voff.
2018 214 2047 241 de
2066 216 2118 242 Vir.
2129 215 2157 241 L.
2172 216 2201 241 L.
2216 226 2242 250 4,
2253 224 2292 247 32.

1395 257 1412 278 12
1425 258 1531 278 1N1T1
1545 257 1564 277 O
1575 271 1582 283 ‚
1602 250 1670 276 (anis.
1690 250 1709 276 f.
1748 248 1879 289 [ὄρεα-μὰ,
1898 248 1964 290 3905,
1983 251 2073 285 λόγος]
2110 250 2178 277 Idem
2193 251 2257 286 quod
2270 249 2397 286 Definitioss
2414 251 2418 256 ⁸
2434 266 2436 284 ;

1357 287 1487 321 Quinc'fil.
1503 296 1528 320 2,
1544 289 1572 313 16
1597 286 1664 312 Huic
1679 283 1835 311 substantiae
1847 294 1962 311 maxime
1975 286 2100 313 conuenit
2114 286 2219 319 finitio,
2239 283 2404 315 Rhetorice‘n*

1358 324 1406 349 ess'e
1421 323 1487 349 bene
1500 322 1605 349 dicendi
1620 322 1763 347 scientiam.
1800 320 1868 346 Gell.
1885 329 1918 352 13,
1932 329 1959 353 19
1985 320 2050 347 Non
2064 321 2197 349 finitiones
2211 322 2266 348 illas
2280 317 2408 356 praemii-³.
2436 327 2439 354 J

2173 358 2220 384 Vbi
2234 358 2263 383 d.-
2275 357 2407 384 vocabula:
2436 357 2437 362 ¹

1358 403 1412 420 rum
1440 394 1655 421 terminatiombus
1679 395 1772 428 agitur.
1841 392 2004 418 Finitioncm
2017 392 2084 417 Gell.
2100 401 2134 426 ις,
2148 401 2164 426 9
2189 396 2283 428 accipit
2295 399 2345 427 pro
2363 399 2407 426 et&

1357 437 1429 464 quum
1442 431 1558 465 Regulam
1571 430 1651 464 vulgo
1671 428 1756 454 dicunt
1773 427 1945 454 Grammatici.
2016 427 2117 454 Finitio
2136 429 2202 463 apud
2219 431 2329 455 rhetores
2342 422 2415 463 quid*

1350 464 1404 499 stt,
1417 466 1529 500 latiſjime
1548 465 1655 499 explicat
1666 462 1798 497 Qiinefil.
1812 470 1838 497 7,
1852 471 1864 495 3
1885 463 1963 489 intell.
1978 469 2061 498 nempe
2074 472 2181 499 ea‚quae
2194 465 2268 500 vulgo
2281 459 2420 498 Definitids*

1359 500 1462 526 dicitur.
1506 502 1588 527 Huius
1611 502 1677 525 vitia
1700 505 1919 525 commemorantur
1939 499 1956 524 s.
1979 507 2012 525 20
2029 500 2087 534 sqq.
2107 499 2243 533 ambigua,
2261 493 2417 536 contrariag.

2324 125 2400 189 672'
2411 152 2417 175 2,
2434 148 2439 170 ι,

1358 580 1388 598 re
1401 571 1551 598 finitionem
1565 572 1592 597 in
1605 579 1675 601 rem,
1696 569 1920 604 comprehendere
1934 566 2083 596 finitionem
2099 570 2175 597 breui
2194 570 2332 604 complexu
2346 562 2426 615 vera-35,

1359 606 1471 639 borum,
1484 607 1656 637 confirmare,
1670 604 1803 632 destrucre
1817 611 1862 631 etc.
1898 603 1971 631 Idem
1987 605 2096 638 Quinct.
2110 614 2133 638 3,
2149 608 2174 637 6,
2187 614 2223 638 49
2243 607 2366 632 Posucrat
2379 601 2429 635 ets-

1361 643 1458 669 Cicero
1472 643 1501 668 in
1515 642 1591 669 libris
1610 641 1750 667 rhetoricis
1766 640 1815 672 (de
1830 641 1885 666 Inu.
1902 649 1920 672 1,
1932 649 1959 666 10
1974 650 1994 666 c.
2009 644 2040 672 8)
2053 641 2130 673 faeti,
2143 641 2276 674 nominis,
2290 641 2425 676 generisgd

1359 678 1473 705 aetionis
1492 678 1708 713 (quaestionem)
1724 683 1753 703 vt
1771 677 1799 702 in
1815 676 1887 703 facio
1905 676 2074 708 coniectura,
2088 676 2116 702 in
2133 678 2243 703 nomine
2264 676 2362 709 finitio,
2376 677 2417 708 in?

1362 757 1384 783 5,
1398 759 1434 781 10,
1444 754 1479 783 ,58
1510 749 1625 784 Propriis
1648 747 1820 774 confirmatur
1844 747 1947 778 finitio,
1967 746 2150 774 differentibus
2171 749 2294 775 soluitur.
2331 747 2408 785 Confss
2428 770 2431 775 .

1363 791 1544 813 FlNlTlvvs.
1619 785 1791 816 Terminatio,
1804 793 1833 809 ac
1851 783 1937 817 diuifio
1950 783 2009 809 adeo
2022 781 2055 816 est
2070 783 2178 809 Vitruu.
2193 792 2220 816 9,
2235 792 2251 816 9
2276 783 2319 810 Sol
2333 791 2427 810 men--⁴

1362 821 1439 848 struis
1455 820 1624 848 finitionibus
1644 819 1772 853 imagines
1793 817 1874 845 efficit
1887 819 2014 845 horarum
2028 823 2053 845 et
2067 818 2172 846 dierum
2190 820 2288 853 Hygin.
2298 807 2431 849 ‘Astrond'b'

1363 866 1381 888 1,
1395 859 1412 883 6
1427 863 1489 883 extr.
1527 857 1554 883 Si
1574 865 1628 882 non
1648 855 1676 881 in
1700 860 1785 890 partes
1806 854 2032 889 hemisphaerium
2054 854 2206 887 diuidatur‚
2226 855 2268 881 sed
2295 855 2324 881 in
2343 848 2429 893 aliasii

2410 904 2419 918 d.
2478 912 2479 917 i

1399 930 1588 965 FlNiToR,
1604 927 1669 953 oris.
1696 935 1732 952 m.
1770 923 1884 960 [ὃριςῆς]
1920 924 2047 960 Agrorum
2068 924 2163 960 mensbr
2185 925 2289 952 dicitur.
2325 925 2437 967 Plauttg‘

1365 964 1445 990 Poen.
1463 964 1530 998 prol.
1550 971 1586 996 49
1621 964 1683 989 Eius
1699 970 1767 987 nunc
1786 960 1924 995 regiones,
1937 960 2052 992 limites,
2069 961 2182 987 confinia
2203 956 2427 993 Determinabossu,

1365 1034 1464 1061 videtur
1477 1036 1614 1061 Camerarii
1628 1042 1650 1060 rt
1664 1033 1778 1060 Lambini
1787 1032 1953 1067 sententiam,
1967 1031 1996 1058 de
2008 1033 2166 1068 corripienda
2177 1035 2329 1068 penultima,
2341 1039 2371 1059 vt
2382 1019 2435 1064 iffi*

1369 1109 1422 1132 tius
1435 1106 1575 1132 mutandum
1589 1106 1668 1141 censet
1686 1106 1802 1132 Muretus
1822 1104 1883 1129 Var.
1903 1100 1971 1128 Leti.
1987 1113 2025 1138 17,
2038 1114 2076 1139 ¹4·
2123 1105 2197 1130 Non.
2212 1113 2232 1136 1,
2246 1111 2279 1139 37
2310 1104 2437 1145 Finitofflv

1368 1151 1408 1168 res
1428 1141 1597 1171 dicebantur,
1619 1150 1686 1176 quos
1706 1149 1775 1166 nunc
1795 1139 1993 1173 Agrimensores
2013 1138 2140 1172 dicimus,
2165 1139 2230 1166 dieti
2251 1139 2324 1175 quod
2345 1139 2399 1170 fine
2424 1160 2426 1162 ,

1370 1177 1530 1204 diuiderent.
1583 1177 1640 1203 Cic.
1658 1185 1706 1211 pro
1726 1177 1754 1202 L.
1770 1177 1861 1209 Agrar.
1881 1182 1907 1206 2,
1920 1183 1952 1207 34
1970 1184 1991 1200 c.
2010 1183 2034 1207 13
2048 1181 2113 1202 extr.
2151 1140 2436 1204 Intereadiffoluari?

1371 1213 1471 1240 iudicia
1485 1212 1605 1247 publica,
1623 1212 1655 1239 de
1669 1211 1785 1238 consiliis
1796 1210 1926 1237 abducant
1941 1219 2007 1244 quos
2018 1210 2120 1243 velint,
2137 1210 2231 1245 singuli
2241 1212 2274 1237 de
2287 1189 2426 1239 maximis?

1631 1247 1774 1281 Qiaestori
1795 1252 1962 1281 permittant:
2010 1246 2146 1273 finitorem
2170 1247 2289 1274 mittant:
2325 1243 2430 1280 ratunis'

1371 1284 1417 1317 fit,
1426 1285 1498 1320 quod
1512 1284 1605 1310 finitor
1618 1285 1665 1310 vni
1678 1283 1725 1310 vlli
1736 1303 1744 1315 ,
1758 1291 1772 1309 a
1786 1291 1840 1317 quo
1854 1281 1942 1308 milsus
1961 1282 2028 1312 erit,
2040 1283 2243 1310 renuntiauerit.
2396 1283 2430 1312 222⁸.

1371 1320 1507 1356 Qcifinem
1521 1323 1635 1355 imponit,
1649 1329 1708 1356 ug.
1727 1319 1752 1345 O
1765 1317 1865 1344 cunffis
1872 1317 1978 1344 Finitor
1985 1317 2102 1344 maxime
2115 1327 2205 1345 rerum
2219 1317 2380 1347 Stat.Theb.
2396 1318 2402 1323 ⁹
2426 1334 2429 1336 -
2444 1338 2445 1343 ,

1370 1365 1406 1390 91.
1426 1356 1454 1382 d.-
1462 1357 1573 1383 Plutone.
1662 1353 1682 1392 ἢ
1697 1364 1709 1388 3
1737 1354 1885 1381 finitorem
1899 1361 1990 1379 vocant
2004 1355 2093 1380 Latini
2103 1363 2188 1389 ,quem
2197 1355 2286 1380 Graeci
2300 1353 2400 1389 ὅρι’ξοντ·

1367 1392 1413 1418 hoc
1426 1390 1458 1425 est
1472 1392 1590 1418 circulum
1599 1410 1606 1421 ‚
1619 1397 1718 1425 partem
1731 1391 1793 1416 carli
1809 1389 1963 1424 conspicuam
1975 1389 2046 1415 nobis
2058 1398 2073 1415 a
2090 1399 2138 1415 non
2153 1390 2284 1425 conspicua
2297 1390 2373 1429 dirim

1369 1463 1438 1489 culta
1453 1463 1488 1489 est
1498 1483 1505 1495 ,
1523 1461 1618 1489 Graeci
1631 1460 1743 1495 cipc'g‘wrog
1750 1465 1860 1490 vocant3
1880 1459 1964 1486 nostri
1978 1460 2114 1486 finitorem
2127 1460 2234 1493 dixere,
2248 1461 2296 1488 alii
2308 1461 2371 1488 Fini

1369 1505 1431 1525 tem.
1466 1498 1534 1525 Add.
1551 1497 1688 1524 Censorin.
1706 1505 1726 1521 c.
1743 1502 1781 1530 17.
1816 1528 1867 1555 Adi

1408 1531 1645 1564 Finirimvs,
1672 1541 1703 1564 a,
1724 1539 1778 1556 um.
2084 1530 2190 1555 Vicinus
2210 1537 2234 1556 et

1922 1530 1934 1563 [
1940 1527 1975 1560 ’ἅμ
1978 1539 2024 1563 opos
2030 1530 2043 1563 J
2270 1535 2423 1570 ropinquuri-

1368 1570 1430 1596 Liu.
1445 1578 1464 1600 1,
1478 1577 1506 1601 32.
1533 1569 1589 1594 Iam
1607 1576 1648 1597 res
1662 1568 1781 1593 Romana
1795 1565 1861 1591 adeo
1874 1570 1929 1591 crat
1946 1563 2050 1596 valida,
2069 1570 2098 1591 vt
2117 1564 2228 1593 cuilibet
2259 1567 2413 1596 nitimarum

2356 1602 2415 1629 Bel-

1370 1642 1426 1668 lum
1452 1640 1521 1666 Suet.
1537 1640 1603 1673 Aug.
1625 1647 1647 1665 c.
1667 1647 1686 1664 1.
2337 1637 2414 1674 Conf.

1370 1677 1444 1710 Virg.
1461 1677 1525 1702 Aen.
1541 1677 1566 1709 6,
1582 1679 1637 1708 378.
2361 1674 2419 1699 Acts

1370 1712 1439 1739 mari
1460 1710 1590 1737 finitimus
1605 1709 1640 1735 est
1660 1709 1716 1735 Cic.
1729 1709 1761 1735 de
1775 1709 1812 1735 N.
1827 1708 1858 1734 D.
1871 1716 1894 1740 2,
1908 1716 1958 1733 101.
2030 1707 2103 1734 Falsa
2124 1708 2195 1734 veris
2219 1708 2335 1735 finitima
2357 1709 2417 1736 sunt

1370 1747 1444 1773 Idem
1458 1746 1535 1772 Acad.
1550 1758 1578 1779 4,
1594 1748 1625 1774 68
1644 1755 1663 1771 c.
1678 1753 1715 1771 21.
1790 1744 1877 1770 Metus
1896 1742 2058 1777 aegritudini
2080 1743 2208 1770 finitimus
2228 1744 2264 1770 est
2276 1743 2320 1770 «Id.
2333 1743 2420 1771 Tusc.'

1608 1780 1718 1806 Oratori
1738 1778 1869 1805 finitimus
1883 1779 1961 1804 Po'e‘ta
1975 1778 2011 1804 est
2023 1779 2080 1805 Cic.
2094 1778 2126 1805 de
2139 1780 2213 1806 Orat.
2230 1788 2250 1812 1,
2262 1787 2305 1813 70.
2376 1780 2419 1805 In-

1370 1816 1441 1841 ferre
1454 1814 1555 1840 bellum
1570 1813 1692 1839 finitimis
1705 1813 1778 1838 ldem
1794 1822 1842 1846 pro
1856 1814 1885 1838 L.
1893 1813 1986 1838 Manil.
2000 1821 2025 1844 9.
2061 1814 2134 1840 Caes.
2149 1815 2177 1839 Β.
2194 1815 2225 1840 G.
2241 1823 2261 1846 1,
2275 1822 2299 1841 2.

1370 1850 1431 1877 timi
1452 1856 1477 1875 et
1492 1848 1636 1887 propinqui
1653 1847 1898 1881 perturbationibus
1917 1847 2001 1872 animi
2019 1853 2107 1873 motus
2123 1848 2180 1874 Cic.
2195 1849 2226 1875 de
2239 1850 2314 1876 Orat.
2328 1795 2440 1931 afligi}

1759 1637 1849 1663 Vicini
1867 1642 1892 1663 et
1912 1635 2023 1662 finitimi
2055 1636 2110 1662 Cic.
2124 1646 2173 1672 pro
2188 1637 2248 1664 Sull.
2260 1642 2296 1671 58.

1691 1672 1828 1699 Finitimis
1843 1671 1943 1698 bellum
1957 1671 2059 1698 inferre
2077 1672 2149 1698 Caes.
2163 1672 2190 1698 B.
2204 1673 2233 1699 G.
2248 1681 2268 1705 1,
2281 1682 2306 1700 2.

1371 1885 1461 1911 Armis
1480 1884 1601 1909 finitimis
1614 1883 1797 1909 circumsonor
1822 1882 1902 1908 Ouid.
1916 1881 2002 1908 Trist.
2016 1891 2043 1915 4,
2058 1890 2096 1914 10,
2110 1891 2153 1909 111.
2225 1884 2307 1911 Ouid.
2323 1885 2354 1912 de
2368 1886 2407 1913 Re

1371 1919 1440 1944 nied.
1455 1920 1546 1943 Amor.
1560 1920 1608 1942 626
1633 1918 1772 1942 Proximus
1784 1925 1799 1941 a
1812 1916 1887 1941 tectis
1908 1917 1977 1949 ignis
1990 1917 2143 1942 defenditur
2157 1926 2248 1951 aegre,
2267 1920 2339 1947 Vtile
2357 1915 2439 1948 11111ὲῖ

1796 1950 1916 1982 Regnum
1943 1949 2119 1983 veffigalibus
2149 1953 2245 1979 nostris
2271 1947 2432 1985 finitimum*

1370 1987 1426 2013 Cic.
1440 1994 1489 2020 pro
1503 1986 1532 2011 L.
1549 1984 1642 2011 Manil.
1658 1992 1679 2018 5.
1750 1983 1897 2010 Pertinacia
1915 1985 2127 2019 perseuerantiae
2146 1986 2260 2016 finitima
2280 1991 2316 2017 est
2341 1991 2430 2024 Idem‘

1372 2022 1403 2048 de
1417 2023 1520 2048 Inuent.
1535 2029 1564 2051 2,
1580 2022 1631 2052 165.

1408 2063 1447 2098 1²1
1455 2064 1495 2083 NI
1506 2063 1527 2083 T
1536 2057 1548 2082 i
1557 2063 1577 2082 v
1588 2062 1607 2081 v
1616 2062 1629 2082 s
1638 2075 1646 2087 ,
1665 2063 1689 2086 a,
1703 2062 1758 2080 um.
1777 2053 1838 2095 lidi.
1875 2054 1985 2095 Quin&
1996 2064 2032 2088 12,
2041 2065 2054 2082 2
2072 2057 2140 2084 Cum
2149 2057 2199 2084 fint
2211 2060 2291 2087 multa
2298 2062 2414 2098 propriis

1371 2092 1552 2126 breuibusque
1566 2089 1845 2124 comprehenfiombus
1859 2089 1990 2122 finienda,
2008 2093 2078 2119 vnde
2095 2094 2174 2120 etiam
2189 2094 2265 2123 status
2278 2098 2412 2127 causarum
2449 2102 2458 2124 ¹.

1373 2165 1452 2190 Mart.
1468 2161 1568 2196 Capell.
1582 2169 1596 2201 5
1611 2170 1634 2201 p.
1653 2169 1700 2202 ι11)ζο
1729 2161 1848 2188 Finitiua
1867 2162 1995 2196 quaefli‘).
2029 2164 2102 2190 Idem
2119 2174 2131 2197 3
2153 2175 2177 2200 p.
2194 2175 2226 2200 54
2246 2167 2274 2194 de
2291 2137 2419 2199 111611131ξῖ
2452 2143 2479 2195 ἐξ

1374 2198 1489 2226 Nullum
1502 2196 1600 2223 claudit
1613 2200 1717 2223 nnmua
1729 2197 1894 2230 sermonem,
1914 2201 1932 2224 i.
1950 2198 2018 2225 nulla
2030 2209 2078 2226 vox
2091 2204 2142 2227 exit
2154 2204 2182 2228 in
2195 2203 2223 2228 F.
2401 2189 2416 2222 ‘3
2472 2207 2474 2210 ’

1784 2268 1807 2300 F
1904 2270 1919 2300 I
2015 2271 2044 2302 O

1409 2340 1484 2382 Pio,
1503 2338 1580 2381 sieri.
1603 2338 1744 2382 ,[γῖν-ομαι,
1762 2338 1881 2371 ποιὲμαι,
1898 2337 2012 2373 φύσμοιι]
2046 2343 2066 2366 i.
2085 2337 2202 2373 Efficior:
2216 2343 2338 2378 pqffiuam
2349 2344 2413 2373 ρηὶηὶ

1371 2376 1440 2402 uerbi
1458 2376 1529 2401 Fuczo
1536 2375 1743 2411 Jrgnficatronem
1756 2373 1836 2400 habet.
1873 2376 2053 2435 Iri-regulariter
2066 2382 2145 2400 autem
2153 2376 2255 2403 Fiercm
2263 2386 2313 2413 pro
2320 2377 2416 2407 Firem‘
2450 2401 2453 2410 1

1410 2445 1418 2450 ῃ
1532 2444 1535 2449 .
1965 2409 2057 2436 Fatiius
2073 2411 2128 2436 sum
2143 2412 2182 2438 vel
2198 2412 2238 2439 sui
2251 2420 2296 2440 etc.
2331 2416 2361 2441 In
2392 2420 2410 2442 11
2450 2415 2454 2423 ”

1371 2448 1431 2482 iths
1451 2447 1567 2481 exemplis
1587 2445 1723 2471 docebimus
1743 2446 1846 2479 reliqua.
1886 2446 1916 2471 In
1931 2445 1980 2471 Fio
1996 2447 2096 2472 Vocalis
2108 2453 2166 2472 ante
2178 2441 2341 2489 Vocalempro
2360 2453 2410 2476 uei·
2450 2449 2453 2459 '

2382 2233 2386 2235 Δ
2404 2228 2415 2249 Ω

1373 2519 1491 2549 Fierem,
1505 2517 1586 2546 Fieri,
1601 2523 1646 2542 etc.
1670 2518 1809 2550 corripitur
1822 2519 1924 2551 prima,
1937 2523 1967 2543 vt
1985 2516 2067 2543 Ouid.
2081 2517 2168 2544 Trist.
2191 2527 2212 2551 1,
2231 2526 2258 2553 7,
2277 2526 2295 2554 7
2317 2518 2414 2547 Omnia

1373 2554 1427 2580 iam
1440 2552 1520 2584 fient,
1540 2551 1600 2578 fieri
1613 2560 1679 2586 quae
1700 2552 1767 2585 posse
1786 2551 1923 2585 negabam.
1996 2552 2065 2578 Ter.
2078 2553 2144 2579 Eun.
2163 2563 2180 2585 1,
2194 2562 2219 2586 2,
2233 2563 2274 2586 103
2308 2554 2333 2581 Si
2354 2545 2420 2590 qui-³

1372 2589 1431 2616 dem
1451 2587 1576 2614 biduum:
1596 2596 1690 2613 verum
1708 2596 1741 2613 ne
1760 2585 1823 2613 fiant
1842 2587 1885 2613 isti
1905 2587 2004 2621 viginti
2023 2587 2087 2613 dies.
2159 2589 2215 2615 Cic.
2236 2590 2265 2616 in
2284 2590 2358 2617 Orat.
2374 2593 2436 2625 19¹».

1373 2623 1455 2658 Qiod
1474 2624 1541 2650 alter
1561 2631 1592 2649 ex
1609 2623 1695 2657 longis
1709 2623 1852 2655 constaret,
1864 2622 1932 2649 alter
1950 2631 1965 2648 e
1979 2622 2106 2649 breuibus
2124 2623 2208 2651 fieret.
2279 2625 2353 2652 Idem
2365 2636 2381 2661 p
2433 2647 2438 2656 .

1530 2657 1604 2692 Qxid
1626 2666 1651 2684 te
1670 2664 1715 2684 aut
1730 2658 1789 2684 fieri
1803 2664 1847 2684 aut
1861 2657 1926 2692 fingi
1945 2658 2093 2685 dementius
2105 2660 2206 2693 potest?
2276 2661 2308 2687 Et
2321 2661 2354 2689 de
2367 2660 2408 2690 Di*

1373 2696 1429 2722 vin.
1441 2704 1466 2727 2,
1481 2703 1508 2727 19
1528 2694 1554 2721 Si
1568 2694 1639 2720 enim
1658 2693 1727 2720 nihil
1743 2693 1801 2720 ficri
1816 2693 1987 2728 potest,nihil
2001 2694 2135 2727 accidere,
2148 2695 2217 2722 nihil
2233 2697 2349 2728 euenire,
2365 2698 2393 2725 ni
2437 2699 2439 2704 ¹

1373 2730 1445 2767 quod
1459 2731 1491 2757 ab
1511 2730 1586 2757 omni
1602 2729 1757 2757 aeternitate
1777 2736 1879 2756 certum
1898 2730 1983 2757 fuerit
2001 2730 2050 2756 effe
2068 2730 2189 2757 futurum
2207 2739 2265 2758 rato
2279 2737 2399 2768 ternpore
2444 2736 2445 2741 ¹

1374 2776 1440 2803 quae
1458 2766 1540 2801 potest
1563 2767 1611 2792 esse
1631 2766 1757 2792 fortuna?
1912 2763 1933 2801 ff
1950 2774 1966 2792 2.
2001 2767 2076 2792 Ratio
2097 2773 2151 2793 tota
2171 2767 2241 2794 verbi
2259 2768 2382 2805 intelliget

1374 2813 1402 2829 ex
1419 2802 1567 2828 Nominibus
1581 2808 1605 2827 et
1621 2803 1772 2834 Particum,
1796 2810 1857 2836 quae
1870 2802 2036 2828 elementorum
2056 2802 2142 2828 ordine
2157 2801 2204 2837 (Its
2213 2800 2277 2835 ostra„
2288 2811 2415 2838 ponemus.
2435 2807 2437 2810 ’

1374 2883 1399 2906 2,
1413 2879 1441 2902 83
1468 2873 1542 2906 Quin
1555 2872 1674 2906 discupio
1687 2871 1783 2898 dicere.
1803 2881 1924 2899 omnium
1937 2881 2053 2907 primum
2067 2873 2094 2898 in
2106 2873 2216 2898 Pontum
2231 2873 2333 2901 ..dut-&5
2352 2879 2414 2904 Ara-

1373 2909 1447 2935 biam
1460 2914 1557 2934 terram
1571 2909 1667 2934 sumus.
1690 2913 1718 2934 C.
1733 2907 1800 2940 eho,
1813 2917 1846 2935 an
1860 2909 1939 2935 etiam
1957 2908 2084 2935 Arabia’st
2097 2907 2124 2932 in
2138 2908 2240 2934 Ponto?
2260 2917 2282 2936 5.
2298 2912 2343 2944 cst,
2357 2914 2419 2940 non'

1373 2945 1436 2976 illa,
1459 2950 1501 2970 tus
1520 2943 1567 2970 vbi
1586 2944 1718 2977 gignitur,
1735 2944 1777 2970 sed
1798 2943 1845 2970 vbi
1865 2943 2033 2970 Absinthium
2053 2942 2090 2968 fit.
2133 2943 2189 2969 Vid.
2209 2944 2296 2977 Atini,
2315 2939 2418 2974 Haediv⁴

1373 2981 1496 3014 Lepores.
1569 2979 1633 3005 Plin.
1649 2979 1727 3013 Epist.
1742 2982 1768 3011 6,
1782 2988 1821 3012 34,
1836 2988 1848 3011 3
1877 2979 1925 3005 Sed
1943 2979 2005 3004 licet
2018 2978 2169 3004 cem-merim
2186 2979 2247 3006 illae
2263 2967 2413 3017 tempestate

1374 3060 1427 3077 non
1442 3050 1594 3081 exhiberes,
1607 3059 1661 3076 non
1674 3059 1720 3084 per
1738 3056 1763 3076 te
1776 3051 1854 3076 stetit.
1891 3048 2020 3083 Qiinffil.
2035 3056 2056 3082 5,
2071 3058 2104 3081 11,
2116 3058 2133 3082 9
2163 3050 2188 3077 Si
2203 3058 2310 3086 propter
2323 3054 2425 3082 matth,

1374 3086 1465 3113 monia
1478 3085 1579 3112 violata
1591 3085 1670 3111 vrbes
1685 3087 1789 3112 euersae
1803 3087 1876 3117 sunt,
1897 3083 1961 3119 quid
1975 3084 2033 3110 fieri
2048 3084 2175 3112 Adultcro
2191 3095 2238 3120 par
2253 3088 2306 3114 est?
2349 3088 2412 3124 Agi-

1375 3123 1407 3149 lis
1424 3122 1460 3148 flo
1487 3122 1554 3148 Hor.
1575 3121 1653 3154 Epist.
1674 3130 1692 3151 1,
1710 3124 1780 3151 1,16.
1851 3119 1975 3154 Aliquid,
1997 3119 2048 3145 vid.
2072 3130 2126 3146 mo.»¹
2146 3122 2219 3149 Cibi.
2291 3125 2363 3151 Anus
2380 3125 2429 3152 fir
2451 3116 2452 3120 Ἰ

1374 3159 1441 3185 Hor.
1457 3158 1545 3184 Carni.
1559 3166 1587 3190 4,
1603 3164 1635 3188 13,
1650 3165 1673 3182 2.
1709 3157 1782 3190 Asini
1795 3156 1890 3191 optimi
1910 3161 1936 3181 et
1948 3155 2057 3183 maximi
2076 3155 2143 3183 fiunt
2154 3159 2229 3184 Reate
2243 3159 2319 3186 Varr.
2333 3161 2364 3187 R.
2379 3150 2423 3188 Rs

1544 3193 1660 3218 Auarum
1673 3191 1732 3218 fieri
1745 3193 1811 3218 Hor.
1826 3192 1906 3217 Scrm.
1922 3199 1940 3220 1,
1957 3199 1976 3222 1,
1991 3199 2045 3223 104.
2116 3193 2294 3221 Barbarismus
2317 3198 2335 3222 i.
2349 3205 2412 3223 com-

1373 3232 1486 3256 mittitur
1499 3221 1631 3262 Qini‘til.
1647 3236 1666 3259 ι,
1680 3236 1702 3259 5,
1714 3236 1740 3260 92
1796 3227 1838 3254 Fit
1851 3225 1948 3253 Caedes
1963 3226 2063 3252 ciuium
2075 3227 2244 3255 Pseudo-Cic.
2258 3216 2344 3266 ant'eq.
2359 3228 2417 3260 iret*
2452 3250 2453 3253 =

1375 3266 1403 3292 in
1417 3264 1479 3291 exil.
1515 3262 1612 3291 Caedes
1632 3262 1819 3297 indignissimae
1830 3261 2010 3295 maximaeque
2024 3262 2108 3289 faciae
2122 3265 2180 3291 sunt
2201 3265 2255 3291 Cic.
2270 3275 2318 3300 pro
2337 3267 2404 3294 Rosc
2424 3271 2438 3291 ·.
2452 3269 2453 3276 ’

1376 3302 1435 3327 Α111.
1448 3310 1468 3326 c.
1484 3308 1504 3333 5.
1557 3299 1694 3332 Catapotia
1708 3298 1773 3324 fiunt
1786 3296 1903 3324 Scribon.
1920 3305 1972 3329 134.
1993 3297 2166 3334 i.finguntur.
2237 3287 2412 3330 plaanMercf
2426 3299 2432 3313 *¹
2452 3282 2454 3329 l

1377 3345 1405 3369 4²
1418 3339 1444 3369 6,
1459 3344 1476 3369 ςἸ
1498 3336 1573 3361 onr
1587 3334 1647 3360 viro
1662 3333 1679 3359 si
1692 3335 1758 3360 clam
1776 3333 1811 3359 est
1825 3333 1917 3365 egress'a
1930 3331 2011 3359 domo
2028 3333 2114 3366 foras,
2128 3334 2188 3361 viro
2201 3335 2230 3362 fit
2246 3337 2342 3369 Causa,
2355 3339 2411 3365 exi·
2430 3342 2435 3354 1

2027 3370 2152 3398 Ceratum
2171 3370 2200 3397 fit
2215 3371 2334 3399 Scribon.
2347 3382 2422 3409 242.>
2441 3372 2453 3397 '1

1376 3407 1440 3433 Cibi
1453 3405 1556 3441 aliquid
1570 3405 1614 3431 1161
1629 3405 1710 3431 Plaut.
1725 3404 1809 3442 Truc-
1823 3411 1845 3433 2,
1858 3413 1884 3437 4,
1899 3412 1931 3435 ις.
1967 3403 2012 3430 Sed
2025 3406 2099 3430 Gron.
2113 3406 2222 3440 Aliquid
2235 3406 2296 3440 fiet,
2309 3417 2342 3435 ne
2356 3409 2411 3436 abi.
2429 3407 2436 3429 ἶ
2452 3419 2453 3438 1

1377 3443 1446 3468 Ter.
1460 3444 1524 3468 Hcc.
1540 3450 1562 3474 3,
1575 3447 1597 3473 ς,
1611 3449 1644 3467 20
1681 3439 1817 3478 Ego-scm,
1831 3447 1872 3464 nic
1885 3439 1990 3470 cauisse,
2008 3449 2041 3465 ne
2059 3440 2113 3466 vlla
2131 3442 2229 3469 merito
2242 3432 2445 3472 Contumelia'if

1377 3477 1436 3504 fieri
1449 3486 1462 3504 a
1477 3477 1554 3504 vobis
1567 3477 1654 3511 poss‘ct.
1713 3475 1768 3501 cic.
1784 3474 1852 3499 Fam.
1867 3483 1903 3506 10,
1918 3478 1945 3500 16
1970 3476 2059 3509 Quum
2074 3476 2099 3501 ei
2113 3485 2236 3511 magnum
2249 3479 2411 3507 <sonuit-ium
2423 3486 2437 3495 ¹*

1377 3513 1451 3540 fleret
1464 3512 1558 3539 cuncto
1572 3520 1586 3538 a
1600 3512 1703 3537 Senatu.
1773 3508 1893 3535 Deterius
1909 3509 1938 3536 fit
1953 3512 2039 3537 Varro
2052 3511 2083 3537 R.
2096 3512 2126 3538 R.
2142 3520 2167 3544 2,
2181 3521 2207 3545 4,
2221 3521 2253 3546 13.
2273 3517 2292 3540 i.
2312 3515 2411 3542 damno·

1551 3547 1607 3573 Cic.
1622 3547 1692 3584 Fam.
1708 3552 1746 3575 10,
1762 3551 1782 3569 11
1824 3545 1865 3571 Ne
1880 3545 1945 3580 quid
1958 3546 2116 3573 Detrimenti
2129 3546 2189 3579 fiat,
2207 3548 2315 3576 dabitur
2333 3559 2348 3577 a
2366 3559 2410 3577 me
2429 3568 2434 3574 .

1378 3592 1467 3619 opera.
1537 3582 1619 3608 Plaut.
1631 3580 1712 3607 Trin.
1728 3587 1750 3610 2,
1763 3589 1789 3612 4,
1804 3583 1835 3606 26
1857 3583 1927 3614 Quas
1940 3581 2076 3615 dependit,
2091 3583 2196 3617 inquit,
2210 3593 2260 3618 qua
2274 3586 2410 3619 sponsione

1378 3626 1511 3654 pronuper
1529 3623 1557 3644 tu
1577 3615 1681 3642 exaCtus
1701 3623 1726 3640 cs
1740 3623 1788 3648 pro
1801 3615 1848 3642 illo
1867 3616 2045 3650 adolescente,
2065 3627 2143 3652 quem
2157 3623 2185 3643 tu
2200 3619 2287 3646 aiebas
2301 3622 2348 3648 effe
2363 3621 2409 3648 Di-
2421 3621 2437 3638 ‘·
2453 3628 2454 3648 1

1378 3655 1461 3681 vitem
1476 3653 1581 3692 facturn.
1652 3650 1718 3676 Ter.
1732 3651 1825 3677 Hcaut.
1841 3660 1860 3684 1,
1876 3661 1895 3685 1,
1910 3661 1940 3687 57
1960 3652 2040 3679 Nulla
2054 3654 2119 3679 adeo
2133 3653 2168 3678 Ex
2181 3663 2210 3680 re
2225 3655 2289 3681 istuc
2302 3656 2346 3689 fit,
2360 3656 2409 3683 nifi
2453 3655 2454 3669 1

1378 3699 1409 3717 ex
1425 3690 1511 3716 nimio
1523 3694 1589 3714 otio.
1662 3684 1732 3711 Idem
1749 3686 1820 3712 Adel.
1835 3696 1858 3719 ς,
1873 3697 1899 3720 9,
1914 3696 1946 3719 29
1964 3688 2055 3714 Dicam
2069 3687 2134 3714 tibi:
2151 3694 2180 3715 vt
2194 3689 2221 3715 id
2235 3690 2410 3725 ostenderem,

1378 3770 1429 3796 que
1449 3760 1514 3786 adeo
1526 3766 1556 3784 ex
1572 3765 1656 3791 aequo
1676 3763 1701 3782 ct
1722 3757 1807 3790 bono,
1828 3758 1871 3784 sed
1891 3767 1922 3784 ex
1942 3758 2102 3790 assentando,
2120 3759 2297 3795 indulgendo,
2317 3768 2342 3789 et
2362 3762 2435 3790 lar-2(
2477 3770 2479 3774 ⁴

1643 3792 1711 3818 Ter.
1726 3793 1805 3819 Andr.
1820 3802 1845 3826 2,
1861 3804 1880 3825 3,
1893 3802 1913 3820 11
1941 3794 1976 3819 Ex
1991 3802 2020 3819 ea
2031 3801 2059 3819 re
2073 3794 2137 3829 quid
2151 3795 2211 3827 fiat,
2226 3797 2295 3823 vide.
2360 3792 2430 3824 iix-:⁴

1957 3829 2024 3855 Ter.
2037 3829 2103 3855 Eun.
2119 3837 2141 3862 5,
2157 3839 2179 3863 ς,
2193 3833 2210 3857 6
2237 3832 2310 3864 Quid
2326 3832 2411 3859 isthuc*
2424 3839 2430 3843 ‘

2079 3865 2198 3892 Gemitus
2214 3866 2242 3893 fit
2254 3868 2328 3902 Virg.
2345 3869 2408 3895 Aen.

2137 3901 2249 3929 Globuli
2262 3902 2330 3930 fiunt
2344 3902 2408 3929 Scri·

2345 3938 2405 3965 bon.

1545 3899 1669 3926 Geminae
1683 3899 1740 3926 fieri
1754 3900 1872 3927 diczmtur
1889 3900 1956 3927 Ptin.
1971 3907 1988 3931 9
2001 3899 2018 3925 s.
2031 3906 2065 3930 ςι.
