2479 4225
271 190 322 227 99
632 156 888 201 DEP

272 259 430 296 accifiez‘oriis
442 260 465 280 et
470 253 601 287 petitionis
609 260 616 274 .·
637 249 691 276 Cic.
705 246 737 272 de
749 247 849 283 Iniient.
857 251 881 273 2,
892 247 949 277 104.
957 246 978 263 c.
990 244 1022 269 34
1041 232 1197 276 Deprecatio
1208 229 1243 257 est
1256 238 1286 256 m

291 304 322 322 ua
335 302 386 319 non
399 287 511 317 defensio
524 285 586 312 faciti
595 305 603 317 ,
615 284 657 311 sed
669 279 817 316 ignoscendi
831 274 970 314 postulatio
982 277 1140 313 continetur.

307 335 325 354 D
333 335 349 353 E
358 334 372 353 P
380 333 397 352 R
407 332 422 350 E
432 329 447 348 c
456 330 477 348 A
487 329 507 348 'r
519 328 528 347 1
540 328 559 346 v
569 327 589 346 N
600 328 616 346 c
625 327 646 345 v
655 326 670 344 1.
678 325 698 343 A
708 335 714 345 ‚
734 323 772 341 ae.
795 314 815 339 f.
848 312 948 337 Dimin.
985 307 1095 333 salman.
1108 308 1190 330 contr.
1205 301 1284 327 Anat.

271 373 283 396 3
298 359 422 422 {iogi‘nizzl}
430 352 894 419 cot}{hl-xerciffliilzcgia‘dfeffifssartic.
930 375 1072 410 [ἱκετεύων]
1107 375 1157 412 Pra
1169 372 1286 411 Rrec-avite

270 436 404 466 etpctentc.
439 428 469 454 T
470 436 506 453 ac.
517 427 581 451 Ann.
598 430 631 454 ις,
647 430 673 454 53
694 421 726 446 Vt
740 420 872 444 Lateranas
886 413 956 448 quasi
970 411 1110 438 subsidium
1122 417 1161 435 rei
1174 405 1287 433 familia-

270 466 307 493 ris
322 469 408 490 oraret
426 458 650 496 deprecabundus,
668 461 693 481 et
707 452 821 494 genubus
835 449 958 484 principis
975 447 1099 473 accidens.

306 506 370 525 DEP
381 505 422 524 RE
432 503 500 523 caii
510 494 596 523 i'l.Is,
612 501 635 517 e.
670 489 729 517 Adi.
757 485 833 521 vulg.
846 486 943 519 Interp.
957 484 994 509 Ps.
1008 487 1048 514 89,
1062 489 1085 512 13

269 536 322 562 esto
340 535 414 568 super
428 534 512 559 seruos
524 535 590 555 tuos.

1110 475 1289 511 Deprecabilis

306 576 325 596 D
334 576 349 595 E
358 576 372 595 P
382 575 425 595 RE
434 573 450 593 C
462 566 483 592 ,at
492 571 513 590 N
523 571 539 589 Ε
548 571 566 589 V
577 569 589 588 S
599 581 608 594 ⁵
624 570 649 593 ἃ,
669 568 721 585 um.
756 555 816 583 Adi·
850 555 926 583 Idem·
962 551 1091 579 sen-Nat·
1100 547 1242 586 Q¹2est·‚2›
1254 553 1289 579 49
1307 563 1337 583 10
1355 549 1470 584 plantam
1479 570 1487 582 ,
1506 549 1550 575 vel
1563 556 1643 576 Vitem
1656 551 1684 577 in
1697 559 1793 577 terram
1806 550 1909 576 Colum.
1924 557 1956 579 ιι,
1969 556 1991 579 3.

270 606 373 632 Caecina
388 600 483 629 auftore
496 605 566 625 vacat
578 596 697 623 Fulmina
708 593 879 626 deprecanea,
895 597 961 625 quae
980 586 1090 628 speciem
1109 582 1223 626 periculi¹
1237 581 1290 607 sine

271 639 387 675 periculo
404 636 520 663 arserunt.
573 633 614 660 Sic
625 634 696 657 etiam
708 627 776 663 Lips.
789 634 814 653 et
827 627 931 653 Gronou.
945 633 987 651 nec
1003 627 1136 649 varietatis
1148 624 1292 645 mentionem

262 676 374 712 faciunt.

307 716 324 735 D
334 716 348 735 E
357 716 371 734 P
380 714 397 733 R
407 713 422 732 E
431 713 447 732 c
456 706 478 731 Ᾱ
486 711 507 731 Τ
516 704 556 730 iv
565 709 585 727 ν
595 708 607 728 s
615 721 623 733 ,
640 708 664 731 a,
680 707 734 724 um.
770 696 829 722 Adi.
866 694 942 722 Idem.
975 693 1054 720 Mart.
1066 689 1190 725 Capell.5
1209 697 1233 722 p.
1242 693 1291 720 147

269 742 437 779 Deprecatiua
450 740 558 775 qualitas
570 734 669 762 veniali
681 732 763 768 specie
775 730 938 758 continetur:
956 735 1037 764 nempe
1048 736 1100 753 cum
1112 727 1208 752 veniam
1216 725 1293 759 petit,
1311 741 1337 767 ι).
1357 736 1386 766 4,
1398 735 1423 760 9,

267 786 290 806 ει
296 786 397 815 poenam
409 776 548 810 deprecatur
561 780 624 810 reus.
925 799 931 808 1
1132 794 1138 803 Ι
1268 795 1273 799 .

303 820 320 839 D
330 820 345 839 r.
355 820 368 839 P
377 819 395 838 R
404 818 419 837 F.
430 817 449 835 H
458 817 474 836 E
483 816 504 835 N
513 814 532 833 D
542 814 560 834 o
570 826 578 839 ‚
599 805 642 838 di,
664 804 719 830 sum
727 823 735 835 ,
756 802 809 828 ere.
843 801 963 835 [φωραω,
980 794 1186 829 καταλκμέανω]
1221 799 1244 819 ct
1263 800 1290 818 m

266 851 384 878 carmine,
405 843 557 878 Deprende,
577 842 614 873 is,
634 842 687 867 ere.
719 836 751 871 cst
771 836 835 872 quod
852 836 954 867 dicunt,
980 835 1068 872 Caperp
1081 836 1114 872 *in
1131 831 1183 866 ipso
1195 827 1289 865 facim

265 887 316 914 ita,
338 890 364 909 ut
378 890 419 906 nec
427 883 535 915 jugere,
554 886 596 903 nec
609 875 718 912 infitiari
725 873 798 909 poffit
807 882 814 897 .·
837 878 882 902 vt,
899 868 1066 904 Deprehendi
1079 877 1108 893 in
1121 867 1194 892 furto
1208 864 1288 890 Plaut.

1350 620 1461 656 fundum
1481 621 1553 646 Caes.
1567 620 1595 646 B.
1610 622 1639 647 C.
1651 629 1677 652 τι,
1691 622 1715 646 6.

1760 144 2015 185 DEP

1385 239 1404 260 D
1412 240 1428 260 E
1436 241 1450 260 P
1459 241 1477 261 R
1487 241 1503 262 Ε
1514 241 1536 261 Τ
1546 242 1585 261 1A
1593 241 1614 261 T
1622 241 1642 259 v
1650 240 1662 260 s
1670 253 1678 265 ,
1697 241 1722 265 a,
1740 240 1793 257 um.
1819 231 1909 259 Panic.
1951 233 2033 259 Vilior
2041 230 2142 268 fastus.
2176 231 2308 259 Paullinus
2323 231 2381 259 No·

1352 267 1403 294 lan.
1417 270 1528 303 Epithal.
1543 270 1640 296 Iuliani
1655 270 1671 295 s.
1686 270 1772 295 Carm.
1786 274 1829 298 22,
1843 270 1872 298 56
1891 267 1999 294 Vilescit
2012 267 2107 302 pretio,
2120 266 2278 302 depretiatus
2290 267 2381 295 homo.

1353 303 1501 337 Depretiata
1513 306 1568 331 suas
1581 311 1685 339 turpant
1699 305 1823 338 figmenta
1835 302 1928 336 figuras
1942 303 2031 329 Sidon.
2046 304 2132 329 Carm.
2145 311 2188 334 22,
2197 311 2255 335 203.

1389 344 1408 363 D
1418 346 1435 365 E
1444 347 1485 366 1³1<
1494 347 1539 367 ET
1548 348 1556 366 1
1565 348 1586 367 Α
1596 346 1616 366 Τ
1628 347 1647 365 0
1658 347 1692 371 R,
1711 339 1774 365 cris.
1809 346 1844 363 m.
1879 337 1994 365 Tertull.
2007 338 2065 365 adn.
2078 338 2159 365 Marc.
2173 347 2191 370 4
2200 358 2210 370 ,
2229 346 2260 370 29
2283 338 2380 372 Depre-

2311 156 2381 185 100

1313 385 1327 412 5
1353 372 1435 399 tiator
1447 383 1555 408 operum
1568 382 1594 402 et
1608 375 1839 409 indulgentiarum.

1391 415 1409 434 D
1419 415 1435 434 E
1444 416 1458 434 P
1467 416 1486 435 R
1496 408 1541 436 i'M
1550 418 1570 438 ο
1578 431 1587 443 ,
1607 410 1647 437 essi
1656 431 1664 442 ,
1684 411 1762 436 essum
1771 429 1778 440 ,
1799 411 1850 435 ere.
1881 406 2043 443 [καταπιέζω,
2058 407 2180 439 retamim,
2194 406 2382 441 noeroemirlg'w]

1354 445 1473 471 Deficere.
1510 445 1576 471 Plin.
1591 454 1616 477 2,
1631 451 1658 477 38
1682 446 1803 471 Terrena
1821 444 1849 469 in
1869 442 1969 468 caelum
1980 444 2112 470 tendentia
2130 442 2256 477 deprimit
2269 442 2382 469 siderum

1354 480 1405 505 vis.
1459 479 1565 506 Fluctus
1579 480 1704 514 deprimit
1723 480 1837 507 carinam
1849 477 1929 504 Ouid.
1942 477 2005 503 Met.
2015 487 2052 512 14,
2068 485 2115 511 183.
2186 479 2257 505 Lanx
2272 478 2300 504 in
2313 477 2381 504 libra

1354 513 1513 548 ponderibus
1528 515 1654 549 impositis
1668 515 1826 550 deprimitur
1838 514 1892 540 Cic.
1906 511 1984 538 Acad.
1998 521 2026 545 4,
2037 519 2064 545 38
2087 524 2108 540 c.
2123 522 2156 540 ιε.
2228 513 2382 548 Deprimere

1583 551 1587 555 '
2047 550 2077 574 Et
2091 549 2122 575 de
2134 547 2198 575 Arb.
2216 558 2238 575 c.
2253 556 2278 583 7.
2322 549 2385 574 Item

1356 585 1423 611 Cato
1440 585 1472 611 de
1488 586 1519 611 R.
1533 585 1564 611 R.
1585 594 1605 611 c.
1619 594 1657 618 32.
1733 586 1886 620 Deprimere
1905 592 2001 615 naues,
2020 583 2093 619 vulgo
2110 585 2213 616 dicunt,
2232 586 2338 611 Mittere
2356 585 2384 608 in

1786 621 1841 646 Cic.
1864 619 1896 646 de
1909 619 2000 645 Diuin.
2019 626 2046 650 2,
2081 637 2088 643 .
2122 638 2129 646 .
2165 620 2192 646 Si
2211 620 2281 646 enini
2301 619 2385 644 satum

1356 655 1409 682 fuit
1421 655 1503 682 classes
1517 655 1610 690 Populi
1623 655 1736 682 Romani
1750 655 1820 682 bello
1835 656 1932 682 Punico
1945 655 2033 688 primo
2051 653 2158 681 alteram
2175 654 2331 688 naufragio,
2340 650 2383 678 'al-

1355 695 1440 718 teram
1455 700 1469 717 a
1483 692 1575 724 poenis
1589 690 1727 725 depressam
1740 691 1857 717 interire.
1907 689 1975 717 Asici.
1990 690 2080 723 Nepos
2092 697 2120 721 9,
2131 698 2159 722 4,
2170 699 2197 723 4.
2268 690 2342 716 Curt.
2357 698 2386 721 4,

1477 727 1549 752 Caes.
1563 726 1590 752 B.
1605 727 1633 752 C.
1650 734 1668 756 1,
1685 731 1720 756 58.
1823 726 1936 761 Metaph.
1973 724 2151 751 Pseudo-Cic.
2177 732 2314 760 antequam
2333 724 2386 750 iret

1356 770 1386 788 in
1398 761 1459 787 exil.
1475 769 1484 788 i
1510 762 1580 788 Nam
1594 769 1671 796 quein
1685 761 1790 787 virtutis
1803 761 1888 795 gloria
1901 770 1960 787 cuin
1975 761 2074 786 summa
2089 759 2165 785 laude
2181 760 2213 786 ad
2224 761 2325 787 caelum
2338 760 2387 785 Ex-

1356 797 1432 828 tulit,
1452 796 1562 823 eundem
1576 797 1748 823 inimicorum
1765 796 1869 822 inuidia
1887 796 2030 830 dignissime
2048 794 2334 830 oppressum'deprimit
2354 793 2388 820 ad

1357 833 1521 867 supplicium.
1595 832 1679 863 Vide,
1695 839 1728 857 ne
1742 836 1767 857 te
1779 831 1833 858 vlla
1844 840 1886 858 res
1900 831 2029 865 deprimat
2047 831 2103 857 Sen.
2116 831 2163 864 Ep.
2177 839 2213 856 io.
2281 830 2389 865 leian.

1356 868 1385 893 in
1399 868 1420 894 i:
1431 868 1449 894 si
1461 867 1585 894 arborem
1611 868 1643 894 D.
1658 867 1689 892 de
1700 866 1790 893 seruit.
1803 866 1895 893 vrban.
1909 866 1996 900 praed.
2015 866 2150 893 Interdum
2164 865 2218 891 dici
2232 866 2314 900 potest
2327 874 2390 892 eum

266 919 332 945 Asin·
345 926 365 948 31
378 924 401 946 2,
410 923 446 949 ¹7·
483 914 539 940 Cic·
549 914 653 944 Veri-5,
662 920 682 943 ¹³
690 919 718 936 10
737 907 815 942 Qfflfi
827 908 886 934 esset
899 906 928 932 1¹¹
939 905 1031 939 aliquo
1043 901 1182 930 manifesto
1195 899 1289 927 scelere
1306 921 1340 940 20
1357 904 1526 938 quoquc,qui
1539 902 1610 929 tollit
1623 902 1792 934 Aedificium,
1805 902 1848 928 vel
1862 902 1996 936 deprimit,
2007 901 2152 928 luminibus
2164 899 2278 927 officere.
2311 900 2388 927 Auci.

265 950 443 987 deprehensus.
513 949 606 975 Horat.
619 948 670 973 Sat.
686 954 710 976 1,
727 953 742 971 2
761 951 823 970 extr.
855 940 989 976 Deprendi
1001 939 1125 965 miserum
1138 937 1182 963 est.
1199 971 1204 975 ι
1217 936 1288 973 Rlcize

263 988 325 1014 idem
337 987 403 1013 dixit
413 986 480 1012 Ter.
494 986 558 1011 Eun.
571 992 592 1016 ς,
607 991 630 1016 5,
645 987 668 1012 18
693 980 759 1014 Quis
771 979 852 1005 homo
866 986 914 1012 pro
927 975 1037 1002 moecho
1050 981 1165 1008 vnquam
1179 969 1247 998 vidit
1261 978 1290 995 in

264 1023 343 1050 domo
356 1020 505 1048 meretricia
521 1017 680 1053 deprehendi
698 1015 866 1050 quenquam?
938 1009 1107 1050 Deprehendi
1126 1017 1185 1034 cum
1197 1006 1290 1046 aliqua

262 1058 373 1085 muliere
386 1057 440 1083 Cic.
454 1057 524 1082 Fam.
536 1059 558 1087 8,
571 1062 597 1089 7.
664 1052 705 1079 Sic
718 1051 851 1082 viuimus,
867 1054 896 1075 vt
909 1045 1069 1081 deprehendi
1082 1044 1128 1076 fit,
1146 1042 1234 1069 subito
1246 1040 1290 1067 ad-

262 1130 347 1156 vitare
360 1129 446 1155 Senec.
457 1127 502 1161 Ep.
516 1135 556 1159 43.
635 1125 671 1149 Vt
692 1123 721 1148 in
736 1120 888 1148 nominibus
908 1116 1050 1144 scribendis
1062 1113 1290 1151 deprehendantur

264 1163 373 1198 Qiineh
389 1172 406 1194 i,
421 1171 440 1194 1,
452 1170 492 1193 30.
526 1160 599 1195 Conf.
613 1159 652 1185 Id.
668 1167 704 1188 10,
718 1166 738 1188 1,
752 1166 790 1190 41.
814 1164 847 1187 12,
860 1164 885 1187 2,
900 1163 936 1187 ¹4·
962 1162 997 1186 12,
1011 1158 1034 1184 8,
1048 1154 1072 1178 6.
1120 1146 1290 1184 Deprehendi

262 1208 346 1226 orator
358 1199 451 1225 dicitur
463 1206 515 1223 cum
527 1205 555 1221 ex
568 1201 672 1229 tempore
684 1196 780 1229 cogitur
792 1191 870 1217 dicere
883 1190 939 1216 Scn.
954 1189 1014 1214 Exc.
1028 1192 1110 1214 contr.
1119 1194 1131 1218 3
1146 1192 1189 1225 pr:
1208 1193 1232 1218 p.
1239 1190 1289 1216 342·

263 1236 316 1262 Elz.
331 1234 359 1260 dc
372 1233 447 1268 Caffio
462 1233 546 1259 Seuero
555 1250 563 1263 ‚
580 1230 722 1264 Nunquam
736 1237 790 1254 non
802 1226 893 1253 vtilius
906 1232 961 1252 erat
975 1224 1015 1249 illi
1029 1220 1197 1256 deprehendi,
1210 1226 1290 1253 quam

264 1270 419 1305 praeparari.
488 1267 548 1293 Stat.
562 1266 625 1292 Silu.
638 1275 666 1299 4,
679 1275 707 1298 4,
720 1272 756 1298 74
778 1264 955 1295 iuuenemque
971 1267 1035 1294 puer
1054 1256 1182 1292 deprende
1191 1263 1291 1297 ‘paren-

263 1312 316 1333 tem
325 1324 332 1337 ‚
358 1308 376 1330 i.
391 1302 522 1337 affequere:
538 1301 587 1337 fac
599 1300 642 1326 illa
649 1301 743 1335 puerili
755 1305 845 1328 aetate,
864 1306 922 1332 quac
934 1294 978 1329 ifle
993 1303 1047 1321 cum
1058 1297 1107 1319 iam
1120 1291 1174 1332 effet
1184 1299 1288 1329 iuuenis.

263 1341 316 1367 Cic.
330 1341 358 1366 in
374 1338 450 1365 Catil.
464 1346 486 1369 3,
502 1345 530 1363 10
553 1337 607 1369 Qii
625 1335 712 1370 paullo
730 1340 788 1360 ante
805 1332 906 1367 aliquid
926 1337 1012 1357 tamen
1030 1329 1061 1355 de
1074 1328 1167 1363 gladiis
1181 1335 1209 1352 ac
1223 1325 1288 1356 ficis,

261 1385 330 1411 quae
345 1373 413 1409 ‘pud
426 1373 510 1407 ipsum
522 1378 596 1398 erant
608 1370 791 1406 deprehensae,
805 1367 980 1402 respondisset.
1049 1362 1187 1391 Manifeste
1200 1361 1289 1395 depre-

261 1411 341 1438 hendi
353 1410 427 1436 Idem
440 1409 467 1435 in
481 1407 558 1434 Catil.
570 1415 593 1438 3,
605 1415 632 1439 4.
701 1407 731 1431 In
742 1404 874 1430 adulterio
890 1399 1049 1436 deprehendi
1065 1400 1120 1426 Cic.
1135 1399 1166 1424 de
1178 1398 1252 1423 Orat.
1264 1404 1290 1427 2,

300 1454 309 1460 ··
329 1454 350 1471 c.
365 1447 381 1470 6
398 1464 404 1470 .

260 1453 323 1515 ἶφι.
378 1449 408 1505 18η
421 1486 453 1503 eo
467 1477 578 1510 turpiter
592 1474 750 1508 deprehensa
763 1474 819 1499 eius
831 1474 930 1499 vanitas
944 1472 979 1497 est
994 1471 1094 1500 Vell.2,
1107 1472 1151 1501 60,
1162 1477 1185 1501 3.
1239 1467 1288 1493 De-

260 1514 432 1551 prehendere,
452 1511 483 1545 est
495 1519 542 1546 per
561 1509 764 1545 disputationem,
778 1508 822 1542 scu
841 1506 1019 1541 inqufitionem
1037 1512 1060 1530 ct
1079 1503 1290 1539 inugliigiitionem

261 1553 387 1578 inuenire.-
406 1550 499 1575 Horat.
512 1547 562 1572 Sat.
576 1554 598 1577 2,
611 1552 638 1578 7,
651 1553 691 1577 43.
744 1543 809 1569 Plin.
822 1550 848 1573 2,
861 1545 874 1570 8
896 1542 983 1573 Qiam
997 1544 1117 1564 naturam
1129 1539 1186 1563 eius
1198 1537 1290 1567 Pytha-

262 1594 338 1621 goras
350 1584 449 1610 Samius
464 1583 562 1616 primus
575 1578 754 1613 deprehendit.
823 1577 896 1603 Idem
910 1584 946 1607 12,
960 1583 976 1607 9
996 1572 1044 1599 Sed
1059 1571 1291 1606 deprehenduntur

263 1621 361 1651 odore,
382 1618 484 1648 colore,
503 1615 632 1651 pondere,
652 1613 734 1648 gustu.
969 1645 974 1650 .

264 1661 313 1688 ¹83-
326 1660 378 1689 184.
449 1653 551 1679 Lucret.
564 1659 586 1683 3,
600 1656 643 1684 871
663 1650 718 1675 Nec
731 1648 843 1674 memori
861 1653 947 1673 tamen
968 1644 995 1670 id
1011 1651 1115 1678 quimus
1128 1640 1291 1676 deprendere

263 1697 357 1718 mente.
428 1689 475 1714 Per
488 1688 550 1713 alias
563 1686 618 1712 vias
631 1683 786 1711 Macedonia
799 1683 921 1716 deprensa
933 1680 968 1706 est
987 1679 1056 1706 Flor.
1071 1687 1096 1710 2,
1111 1686 1146 1709 ιε,
1159 1685 1185 1711 7.
1202 1711 1207 1716 .
1235 1676 1291 1701 Cic.

263 1727 292 1753 in
300 1727 373 1753 Orat.
382 1733 424 1757 219
442 1724 498 1750 Nec
511 1719 719 1756 deprehendetur
726 1718 874 1749 manifesto,
881 1716 945 1752 quid
952 1725 965 1742 a
974 1714 1051 1741 nobis
1059 1714 1089 1740 de
1098 1712 1226 1738 industria
1239 1710 1293 1735 fiat.

263 1760 355 1788 Animi
368 1764 497 1785 tormenta
510 1758 537 1783 in
551 1765 629 1790 aegro
648 1756 739 1795 quen.
753 1754 803 1780 Sat.
818 1762 850 1793 9,
859 1758 892 1782 18.
940 1752 1018 1778 Erant
1031 1747 1183 1808 deprehenlfi
1198 1753 1293 1784 genere

262 1803 377 1857 ξὲὲἕὲῑέἳί
395 1793 719 1861 ζ”νῗὲζέῡὲἱῖἑωῗὲῗρέἓῑῗ
733 1786 1294 1858 ἔξὲξειὲἒὲυὲῧὲιέῗέωω’ἶξῗὲἳιέςῖἳὲξίἓ

262 1866 355 1900 gressus
367 1863 402 1889 est
421 1862 488 1888 Tae.
499 1862 561 1895 Agr.
575 1867 602 1893 7,
615 1868 638 1885 2.
711 1860 842 1885 Arcanum
854 1859 966 1884 alicuius
985 1855 1076 1883 Claud.
1090 1854 1121 1880 de
1136 1854 1162 1880 B.
1176 1853 1235 1878 Get.
1244 1859 1294 1882 ¹03·

264 1901 320 1928 Cic.
335 1907 382 1933 pro
396 1897 486 1924 Caelio
501 1905 530 1928 14
548 1896 629 1921 Cuius
653 1902 702 1927 ego
727 1893 845 1918 facinora
868 1893 952 1919 oculis
972 1892 1044 1925 prius
1064 1898 1144 1924 quam
1156 1887 1296 1921 opinione,

264 1935 384 1963 manibus
396 1938 534 1966 antequam
547 1930 692 1964 suspicione
706 1927 875 1962 deprehendi.
958 1926 1039 1952 Ouid.
1051 1927 1116 1951 Met.
1130 1931 1152 1955 3,
1166 1925 1182 1947 6
1217 1935 1262 1940 ———

264 1971 333 2004 Qiis
346 1969 416 1995 enirn
431 1965 588 2001 deprendere
601 1964 672 1998 possit
706 1964 788 1989 Furta
798 1962 869 1988 Iouis
883 1962 893 1987 ἒ
1131 1993 1135 1997 .

264 2006 442 2038 Volucresqne
465 2010 530 2035 vaga
554 1998 711 2033 deprendere
735 1997 806 2023 nube
832 1996 957 2022 Adsuetus
985 1994 1076 2021 iaculis
1112 1992 1157 2020 Sil.
1177 1994 1214 2023 16,
1235 1993 1294 2024 564-

266 2038 477 2076 Comprehendere,
491 2035 600 2071 Affiqui‚
612 2040 655 2065 vc,
674 2033 758 2059 Cursu
771 2032 854 2057 feram
867 2030 1060 2064 deprehendere
1079 2030 1137 2055 Sen.
1148 2028 1297 2058 Herc.224.

266 2077 378 2111 Metaph.
398 2074 460 2100 Stat.
476 2072 540 2098 Silu.
553 2079 581 2103 4,
594 2078 622 2103 4,
636 2076 673 2103 74
690 2069 868 2100 quenemque
882 2074 947 2100 puer
960 2064 1091 2103 deprende
1110 2068 1260 2097 parentem,
1277 2063 1296 2085 i.

265 2111 399 2147 assequere,
406 2109 455 2144 fac
465 2108 559 2142 puerili
571 2112 666 2136 aetate,
686 2112 745 2139 quae
758 2102 809 2135 iste,
829 2111 883 2127 cum
896 2103 945 2126 iam
958 2099 1012 2133 eſjet
1023 2102 1128 2125 iuuenis.
1200 2097 1297 2128 Depre-

266 2142 381 2174 hendere
395 2143 543 2171 tabellarios
552 2161 560 2173 ,
578 2147 603 2166 et
617 2140 704 2166 literas
718 2138 873 2171 intercipere
897 2136 954 2162 Cic.
972 2136 1043 2161 Fam.
1057 2143 1092 2166 12,
1109 2142 1144 2160 12.

1373 1054 1440 1072 acere
1452 1055 1461 1070 :
1486 1045 1518 1071 Vl
1539 1046 1588 1071 ian.
1626 1064 1632 1070 .

263 1094 326 1128 spici
339 1104 345 1120 ι
372 1091 438 1128 quid
449 1097 537 1117 autem
549 1088 650 1124 prodest
665 1086 805 1115 recondere
819 1086 844 1111 se
855 1090 881 1110 et
893 1083 984 1109 oculos
998 1080 1149 1109 hominum,
1162 1084 1289 1111 auresque
1308 1099 1337 1126 εἰ
1351 1045 1483 1113 'gneum’
1502 1055 1556 1107 υἷα.
1572 1078 1750 1106 ΒΕρΚΕςςγε.

474 1442 660 1475 Experimento
673 1438 868 1473 deprehendere
881 1437 989 1470 Qunct.
1003 1445 1022 1466 i,
1035 1444 1069 1462 12.
1103 1433 1171 1461 Add.
1185 1433 1255 1459 Flor.
1263 1439 1289 1463 2,
1309 1453 1322 1477 3

803 1610 984 1646 Deprehendi,
1001 1616 1055 1648 pro.
1068 1606 1189 1643 Dignofiti
1206 1603 1340 1649 Scrib.40
1361 1616 1399 1643 37,
1421 1617 1436 1634 2
1463 1610 1482 1634 s,
1503 1617 1527 1640 9·
1565 1612 1594 1648 it.
1607 1616 1648 1643 37,
1662 1617 1679 1640 9
1703 1609 1722 1634 fi
1735 1617 1776 1641 43·

1215 2129 1298 2156 Ouid·
1318 2143 1347 2170 55
1367 2133 1469 2160 Λιιὸὶοι·
1481 2133 1513 2159 ad
1526 2135 1642 2160 Herenn.
1654 2142 1678 2166 3,
1693 2142 1717 2159 21
1738 2143 1758 2160 c.
1773 2141 1810 2160 12.

1357 939 1389 965 ad
1402 940 1517 965 Herenn.
1530 948 1553 970 3,
1581 958 1589 964 .
1621 957 1628 964 .
1654 939 1684 963 ln
1698 937 1795 972 quibus
1809 943 1931 963 extranea
1942 937 2015 964 causa
2027 937 2147 963 conficiet
2160 935 2390 968 deliberationem,

1357 974 1387 1000 in
1401 974 1441 1000 his
1460 983 1491 1000 ea
1502 975 1555 1008 ipsa
1570 974 1622 1000 erit
1637 974 1718 999 Causa
1736 971 1902 1007 adaugenda,
1921 979 1965 998 aut
1980 972 2157 1007 deprimenda.
2229 972 2329 998 Fossam
2346 970 2391 996 de-

1357 1010 1483 1044 pressuros
1496 1010 1564 1036 Tac.
1579 1010 1646 1036 Ann.
1660 1017 1693 1042 ις,
1706 1017 1751 1041 42,
1765 1017 1786 1040 3.
1856 1008 1956 1034 Locum
1975 1007 2136 1042 deprimere,
2151 1014 2200 1042 pro
2217 1006 2394 1042 Depreffiorem

1669 1063 1676 1070 .
1712 1045 1748 1069 Vt
1761 1043 1833 1070 locus
1846 1043 2008 1077 deprimatur
2021 1044 2122 1078 pecoris
2139 1041 2288 1077 appellandi
2300 1041 2395 1076 gratia.

1823 1079 1905 1106 Plaut.
1917 1079 1999 1105 Merc.
2012 1088 2041 1112 4,
2053 1087 2074 1112 1,
2087 1087 2103 1112 9
2124 1078 2206 1105 Simul
2219 1078 2293 1110 haec,
2311 1077 2393 1104 etiam

1901 1114 2097 1148 Prae-ponderare
2109 1124 2118 1139 :
2141 1114 2197 1140 Cic.
2210 1113 2242 1139 de
2254 1114 2312 1140 Fin.
2328 1120 2351 1145 ς,
2363 1120 2395 1145 91

1358 1125 1426 1151 quae
1440 1124 1542 1142 mecum
1557 1121 1634 1150 porto
1643 1135 1651 1147 ,
1671 1115 1829 1148 deprimunt.
2316 1147 2349 1176 Id

2349 1155 2395 1177 em

1357 1152 1488 1214 ''Perranu
1506 1151 1574 1178 mihi
1588 1151 1679 1183 crede,
1702 1159 1731 1176 ea
1745 1150 1807 1176 lanx
1824 1155 1851 1176 et
1862 1149 1946 1176 maria
1959 1149 2097 1184 deprimet.
2132 1148 2258 1176 Budaeus.

1391 1188 1442 1213 usc.
1457 1194 1480 1220 ς,
1500 1195 1524 1220 31
1548 1196 1569 1213 c.
1582 1195 1591 1212 i
1611 1206 1619 1215 ,.

1394 1228 1565 1249 DEPRIME
1577 1194 1638 1254 N7s,
1658 1221 1733 1247 entis.
1768 1219 1861 1248 Partic.
1896 1219 1975 1254 vulg.
1988 1219 2079 1247 Psalm.
2094 1224 2182 1253 88,43.

1395 1263 1415 1284 D
1423 1264 1441 1285 E
1449 1265 1464 1284 P
1475 1265 1493 1284 R
1501 1265 1517 1284 E
1527 1264 1540 1283 S
1549 1264 1562 1284 s
1571 1264 1590 1284 v
1601 1264 1613 1284 s
1622 1277 1631 1289 ,
1644 1265 1674 1289 a,
1694 1266 1748 1283 um.
1772 1256 1864 1283 Partic.
1889 1255 2078 1289 [πεπιεσμένος]
2114 1254 2265 1289 Depressum
2276 1253 2308 1280 ad
2322 1262 2395 1280 men-

1358 1298 1416 1320 tum
1435 1293 1603 1328 supercilium
1622 1292 1678 1319 Cic.
1696 1292 1725 1319 in
1737 1292 1820 1318 rison.
1836 1300 1867 1325 14
1892 1300 1914 1318 c.
1929 1293 1955 1318 6.
2048 1291 2187 1324 Depreffus
2205 1295 2231 1315 et
2247 1289 2398 1321 demersus,

1358 1328 1412 1357 vid.
1434 1335 1454 1355 D
1464 1336 1513 1355 EM
1522 1335 1538 1355 E
1547 1335 1594 1355 RG
1605 1333 1636 1354 0.
1709 1328 1832 1361 Superata
1845 1336 1874 1353 ac
1888 1326 2002 1362 depressa
2015 1325 2091 1352 classis
2105 1326 2168 1352 Cic-
2175 1333 2223 1359 pro
2240 1325 2309 1358 Lege
2323 1325 2397 1351 Man.

1359 1372 1398 1391 21.
1451 1364 1490 1391 Id.
1506 1365 1584 1391 Verr.
1598 1371 1620 1396 5,
1633 1366 1668 1398 67
1694 1363 1767 1397 Opus
1782 1362 1818 1388 cst
1831 1363 1941 1396 ingens,
1961 1361 2256 1395 magnificunisregum
2267 1369 2296 1386 ae
2310 1366 2398 1392 tyran-

1358 1408 1455 1426 norum
1471 1411 1476 1426 :
1499 1405 1585 1426 totum
1598 1398 1634 1425 est
1646 1407 1677 1424 ex
1690 1399 1751 1425 saxo
1765 1398 1793 1424 in
1805 1397 1953 1424 mirandam
1966 1397 2137 1423 altitudinem
2149 1395 2280 1431 depresso,
2294 1401 2319 1422 et
2331 1394 2400 1421 mut-

1359 1441 1448 1462 torum
1465 1435 1553 1470 operis
1573 1435 1676 1469 penitus
1697 1434 1801 1460 exciso:
1826 1432 1948 1468 deprcsso,
1970 1436 1988 1459 i.
2007 1431 2098 1466 qffoffi).
2138 1432 2174 1458 Vt
2185 1440 2256 1463 mox,
2273 1429 2402 1466 Depreffis
2426 1444 2427 1448 =

1358 1471 1456 1497 Puteis.
1525 1470 1661 1504 Depreffiis
1681 1474 1706 1495 et
1719 1474 1843 1496 oneratus
1861 1477 1926 1495 auro
1945 1467 2047 1495 Auctor
2060 1467 2093 1494 ad
2104 1468 2222 1494 Herenn.
2234 1475 2264 1500 4,
2300 1485 2308 1494 .
2343 1486 2351 1492 .
2388 1484 2397 1492 .

1359 1507 1483 1532 Arati-um
1497 1505 1642 1540 depressum
1655 1505 1735 1531 Ouid.
1744 1505 1809 1531 Met.
1818 1512 1853 1537 ις,
1867 1507 1920 1534 618.
1956 1503 2030 1537 Virg.
2040 1504 2138 1538 Georg.
2146 1511 2166 1535 1,
2179 1509 2223 1536 45.
2259 1501 2405 1528 Conuaile·

1358 1540 1433 1566 Idem
1446 1541 1542 1574 Georg.
1555 1549 1578 1572 3,
1593 1543 1651 1574 376.
1720 1541 1821 1574 Corpus
1838 1539 1918 1565 Ouid.
1930 1540 2093 1573 Met.3,672.
2164 1538 2252 1564 Onere
2264 1538 2312 1563 suo
2325 1536 2404 1567 nauis

1360 1575 1417 1600 Cic.
1431 1575 1507 1600 Verr.
1520 1583 1544 1607 ς,
1581 1594 1587 1600 .
1626 1594 1633 1600 .
1736 1574 1862 1609 Depressis
1881 1574 1914 1600 ad
1928 1582 2011 1608 aquae
2025 1574 2213 1601 libramentum
2226 1572 2313 1598 Puteis
2332 1573 2402 1598 Plin.

1824 1609 1883 1635 Vid.
1905 1609 2068 1643 Deprimere.
2103 1612 2134 1635 it.
2152 1609 2273 1635 Premere
2291 1608 2402 1634 Fossam.

1362 1643 1473 1676 Viciae,
1493 1650 1688 1675 comminutae,
1708 1643 1889 1677 depressaeque
1908 1652 1971 1678 opes
1988 1644 2104 1669 ciuitatis
2124 1644 2184 1670 Cic.
2194 1645 2272 1669 Verr.
2289 1650 2313 1674 ς,
2349 1660 2356 1666 .
2394 1659 2402 1668 -

1361 1679 1437 1706 Idem
1454 1688 1502 1712 pro
1514 1680 1617 1706 Cluent.
1631 1683 1670 1710 183
1696 1687 1717 1704 c.
1733 1681 1763 1710 65
1790 1679 1849 1704 Hoc
1870 1686 1924 1704 vno
1945 1679 2026 1705 modo
2042 1678 2145 1704 Iudices
2163 1678 2238 1711 saepe
2254 1676 2405 1702 multorum

1363 1714 1536 1747 improbitate
1555 1715 1667 1747 depressa
1684 1714 1782 1739 veritas
1804 1713 1925 1748 emergit.
1997 1713 2118 1747 Depressa
2136 1717 2162 1739 et
2179 1711 2305 1738 exstintssh
2318 1712 2406 1738 virtue

1363 1749 1420 1774 Cic.
1435 1749 1511 1774 Verr.
1526 1757 1549 1780 3,
1586 1768 1593 1774 .
1631 1768 1638 1775 .
1741 1749 1828 1774 Senec.
1847 1747 1880 1773 de
1897 1749 1939 1774 Ira
1957 1756 1980 1779 3.
1998 1756 2033 1780 29
2065 1748 2193 1782 Captiuus
2205 1748 2235 1772 in
2247 1746 2405 1772 seruitutem

1364 1783 1453 1810 subito
1466 1783 1603 1819 depressus.
1655 1783 1697 1809 Sic
1704 1782 1807 1809 Asinius
1816 1782 1848 1809 ad
1862 1783 1920 1808 Cic.
1934 1782 2007 1808 Fam.
2020 1790 2060 1813 10,
2071 1790 2101 1813 32
2120 1781 2218 1808 Fadius
2233 1780 2360 1815 depressius
2375 1780 2408 1807 in

1364 1818 1466 1845 ludum.
1560 1819 1616 1844 Cic.
1634 1817 1667 1844 de
1685 1818 1742 1844 Seri.
1767 1827 1789 1845 c.
1808 1826 1844 1844 21
1871 1817 1982 1843 Animus
2002 1816 2117 1843 caelestis
2152 1831 2198 1836 —-
2233 1815 2361 1850 depressus
2377 1820 2406 1841 et:

1365 1854 1437 1889 quasi
1457 1853 1588 1880 demersus
1607 1854 1764 1880 in'terrain.
1877 1853 2018 1887 Comparat.
2055 1851 2219 1886 Depressior,
2258 1850 2410 1884 [τακεινός]

1366 1889 1497 1915 Columel.
1517 1896 1544 1919 i,
1563 1895 1577 1921 5
1607 1889 1697 1921 Qiuin
1717 1896 1749 1913 ex
1768 1887 1924 1921 depressiore
1947 1887 2008 1914 loco
2026 1887 2130 1913 suerint
2145 1887 2204 1912 orsa
2227 1885 2408 1912 fundamenta.

1365 1922 1440 1950 Idem
1457 1931 1484 1954 2,
1496 1931 1524 1955 4.
1594 1924 1679 1949 Aedes
1697 1922 1838 1961 depressior
1856 1922 1921 1947 Plin.
1935 1923 1982 1956 Ep.
1999 1930 2036 1953 ιο,
2056 1927 2093 1954 58.
2163 1920 2296 1946 Contraria
2310 1930 2318 1946 .·
2343 1920 2407 1960 v-ip.

947 1962 1048 1986 Verum
1069 1961 1130 1985 Stat.
1144 1955 1235 1982 Theb.
1243 1960 1267 1987 8,
1275 1959 1298 1983 8-
1332 1977 1349 1994 0
1366 1957 1426 1984 inl.
1441 1966 1451 1983 1
1478 1955 1587 1994 §.quod
1601 1964 1688 1984 autem
1707 1962 1744 1983 ait
1770 1956 1802 1982 D.
1822 1964 1855 1981 ne
1874 1956 1939 1991 quid
1959 1957 1988 1983 in
2000 1956 2111 1982 flumine
2124 1954 2249 1989 publico,
2268 1955 2330 1982 inue
2348 1963 2411 1990 ripa

1366 1993 1422 2019 eius
1435 1992 1496 2025 fiat,
1517 1994 1579 2019 dum
1592 1993 1635 2019 vel
1648 1991 1802 2027 depreffior,
1813 1991 1857 2017 vel
1870 1991 1952 2019 altior
1965 1991 2009 2017 fiat
2023 1999 2101 2026 aqua,
2121 1999 2150 2016 ac
2164 1999 2211 2025 per
2222 1990 2273 2017 hoc
2285 1991 2411 2026 rapidior

1365 2028 1396 2054 fit
1409 2037 1468 2053 cum
1483 2028 1655 2054 incommodo
1669 2027 1854 2053 accolentium.
1931 2026 2033 2053 Αιιὲἱοι-
2046 2025 2078 2052 ad
2091 2026 2209 2052 Herenn.
2221 2034 2245 2058 3,
2257 2034 2284 2059 25
2303 2027 2335 2054 ln
2347 2035 2411 2054 con·

1367 2063 1504 2097 questione
1523 2070 1629 2090 vtemur
1641 2064 1712 2089 Voce
1728 2062 1858 2096 depressa,
1879 2061 2007 2088 inclinato
2021 2062 2103 2092 sono,
2131 2060 2231 2087 crebris
2250 2061 2411 2089 interuallis.

1367 2098 1453 2132 longis
1472 2098 1574 2132 spatiis,
1599 2099 1700 2132 magnis
1718 2096 1984 2124 commutationibus.
2059 2096 2152 2123 Sedata
2176 2103 2202 2122 et
2220 2095 2335 2131 depressa
2353 2106 2411 2126 vox

1883 2131 2039 2160 Sedatissima
2056 2138 2082 2159 et
2095 2131 2274 2167 depreslissima
2288 2141 2355 2160 voce
2368 2132 2414 2162 vt}

268 2182 346 2217 Epist.
359 2189 386 2216 7,
399 2182 432 2206 66
450 2178 530 2212 Finge
543 2185 604 2211 age,
623 2181 649 2202 te
661 2173 754 2208 rapido
767 2172 884 2204 (nullum
896 2171 927 2198 fit
940 2170 969 2197 in
981 2169 1072 2197 omine
1083 2167 1196 2204 pondus)
1223 2166 1299 2193 Tur-
1367 2169 1440 2197 Idem
1455 2168 1488 2194 ad
1502 2170 1566 2195 Her.
1580 2178 1604 2202 3,
1613 2178 1649 2202 24
1669 2178 1690 2194 c.
1705 2177 1742 2203 ¹4·

268 2218 331 2246 binc
342 2213 482 2251 deprendi,
498 2213 562 2248 quid
576 2211 626 2238 tibi
639 2210 733 2237 mentis
750 2210 817 2235 erit}
1262 2235 1267 2245 ¹

305 2256 545 2281 DEPRENsvs,
557 2248 596 2274 vel
615 2249 914 2275 DEPREHENsvs,
934 2251 964 2274 a,
981 2250 1035 2268 um.
1056 2240 1124 2266 Part.
1143 2235 1299 2272 [φωραθεις]

268 2287 447 2323 Deprehcnsus
455 2304 462 2316 ,
476 2287 496 2310 i.
514 2283 653 2318 obseruatus
660 2301 668 2314 ,
686 2284 800 2306 inuentus
807 2299 814 2310 ,
833 2286 944 2314 repertus
962 2276 1082 2303 Scribon.
1098 2282 1146 2306 231.
1205 2273 1298 2298 quen.

267 2325 317 2351 Sat.
333 2331 359 2356 9,
371 2331 383 2354 3
402 2320 475 2355 Qiid
497 2319 548 2345 tibi
570 2327 630 2344 cuni
654 2316 745 2348 vultu,
764 2315 866 2350 qualem
889 2313 1027 2347 deprensus
1039 2310 1154 2337 habebat
1189 2307 1299 2338 Rauola,
1318 2324 1353 2348 60
1370 2309 1503 2350 qepreffio.

267 2360 330 2386 dum
343 2357 482 2390 Rhodopes
497 2354 547 2381 vda
559 2353 621 2380 terit
632 2352 740 2387 inguina
754 2350 836 2377 barba
848 2351 857 2376 3
896 2350 986 2383 Nempe
999 2347 1033 2373 ad
1053 2348 1137 2380 turpia
1150 2342 1230 2379 fasta
1241 2343 1301 2378 jere

284 2397 380 2420 eminet.
417 2391 462 2419 Srd
474 2397 553 2416 tamen
565 2391 642 2415 latius
652 2393 732 2423 patet,
751 2393 779 2413 vt
793 2386 892 2412 dicatur
905 2382 1102 2418 Deprehensus,
1117 2383 1159 2416 qui
1171 2382 1197 2403 in
1206 2379 1301 2419 [amnia

267 2427 411 2464 difficultate
418 2425 502 2460 stupet
514 2427 605 2456 animo,
624 2430 647 2449 et
660 2426 743 2457 inopia
755 2421 849 2455 consilii
863 2418 983 2455 appr-istiu
995 2417 1036 2451 est.
1073 2414 1230 2450 Deprehensi
1239 2422 1302 2438 emm

269 2459 397 2494 dicuntur,
417 2463 467 2497 (ρι’
480 2459 585 2495 effigere
596 2464 716 2493 nequeunt
729 2459 769 2483 vel
780 2460 862 2482 vitare
874 2465 944 2491 quum
956 2456 1059 2480 maxime
1072 2455 1181 2487 cupiant,
1201 2455 1243 2478 aut
1258 2456 1303 2474 ere

268 2498 415 2527 incommode
435 2503 494 2522 nata
506 2495 534 2530 se
554 2495 674 2529 eaplicare
693 2498 717 2517 et
728 2491 869 2527 subducere.
1138 2521 1143 2526 ¹

271 2536 398 2569 insperata
410 2531 563 2566 deprensum
578 2530 605 2555 in
617 2528 674 2554 luce
687 2533 793 2561 repente
808 2526 991 2558 Inclusumque
1011 2532 1076 2550 cauo
1110 2523 1186 2554 Virg.
1201 2522 1265 2560 Aen.
1280 2524 1304 2551 8,

272 2577 333 2604 247.
404 2567 469 2593 Add.
490 2566 556 2592 Hor.
570 2565 620 2590 Sat.
635 2572 654 2595 1,
668 2572 693 2595 2,
708 2571 752 2594 131.
845 2560 992 2594 Deprensus
1011 2559 1039 2584 in
1052 2558 1131 2584 horto
1146 2557 1197 2583 Fur
1217 2557 1301 2588 Priap.

275 2606 361 2633 Carni.
376 2606 418 2637 67.
466 2601 558 2627 Subito
577 2600 634 2625 Sen.
648 2599 692 2633 Ep.
706 2607 738 2624 ιι.
775 2595 906 2630 Qiinc'til.
919 2603 980 2627 12,2
999 2595 1091 2628 Itaque
1106 2592 1219 2632 reperias
1227 2599 1304 2625 quos-

273 2641 331 2667 dam
346 2640 374 2665 in
386 2636 539 2671 disputando
552 2635 617 2662 mire
631 2634 738 2660 callidos
751 2643 758 2658 :
791 2640 873 2666 quum
886 2639 950 2656 vero
965 2629 998 2655 ab
1013 2629 1059 2655 illa
1078 2628 1248 2654 cauillatione
1269 2626 1305 2651 sem

275 2675 408 2706 cesserint,
426 2681 478 2698 non
501 2671 580 2705 magis
602 2668 717 2696 sufficere
741 2668 770 2694 in
791 2666 883 2701 aliquo
905 2665 1028 2698 grauiore
1039 2663 1114 2694 acin,
1128 2671 1207 2696 quarn
1224 2669 1305 2696 parua
1322 2680 1358 2708 70
1375 2671 1479 2690 merum
1498 2665 1564 2690 Hor,
1578 2662 1628 2689 Od,
1643 2671 1663 2695 ι,
1676 2671 1702 2694 9,
1716 2670 1743 2696 7,

276 2710 403 2746 quaedam
421 2707 559 2738 animalia,
582 2714 648 2740 quae
665 2705 693 2731 in
713 2702 837 2738 angustiis
858 2700 986 2731 mobilia,
1006 2700 1035 2724 in
1048 2706 1147 2736 ,campo
1162 2697 1306 2737 deprehen-

415 2743 439 2769 h.
453 2751 473 2769 e.
496 2741 594 2768 Nullum
608 2744 635 2766 in
643 2740 672 2776 se
683 2746 727 2766 aut
737 2742 765 2765 iu
777 2739 826 2764 alio
838 2739 966 2771 reperiunt
974 2733 1137 2768 praesidium.-
1173 2740 1236 2756 omni
1250 2739 1306 2755 con-

716 2772 912 2808 Deprehcnsus,
932 2773 950 2796 ι’.
969 2776 998 2796 vt
1013 2769 1086 2804 vulgo
1101 2766 1201 2795 dicitur,
1215 2765 1307 2802 Capeus

277 2821 304 2843 in
318 2816 368 2851 ipfh
377 2813 452 2849 fat-‘to
467 2823 474 2838 :
511 2812 565 2838 Cic.
579 2811 610 2837 de
624 2811 721 2842 Fin.*2,
758 2829 765 2836 .
801 2829 808 2835 .
843 2806 982 2834 Occultum
995 2803 1096 2830 facinus
1113 2802 1161 2841 esse
1180 2803 1306 2843 potuerit,

278 2850 400 2886 gaudebit
413 2858 420 2873 ε
453 2847 624 2882 deprehensus
638 2853 744 2872 omnem
760 2852 870 2879 poenam
883 2845 1041 2868 contemnet.
1110 2838 1165 2876 Cic.
1180 2837 1251 2875 bam.
1261 2841 1279 2864 1,
1291 2840 1308 2866 7

279 2889 304 2914 P.
319 2885 458 2915 Clodium,
476 2884 496 2909 A
516 2882 554 2917 pii
573 2881 670 2913 filium,
685 2887 710 2906 te
725 2880 802 2906 credo
818 2878 914 2905 audisse
926 2886 986 2903 cum
998 2874 1067 2902 veste
1079 2871 1208 2899 muliebri.
1219 2869 1309 2903 depre-

279 2923 386 2949 hensum
401 2918 474 2945 domi
488 2892 517 2944 C).
531 2917 662 2947 Caesaris,
684 2924 766 2950 quum
780 2914 934 2941 sacrificium
949 2920 996 2946 pro
1010 2909 1109 2949 Pop-ulo
1122 2908 1205 2933 fieret.
1257 2904 1307 2930 De-

279 2956 435 2992 prelieiisiiS‚
453 2954 569 2989 Cognitus
584 2963 591 2977 :
625 2952 769 2986 Deprensus
782 2949 871 2982 Vlyssis
883 2948 989 2982 ingenio
1016 2944 1098 2972 Ouid.
1115 2944 1184 2983 Met.
1196 2949 1234 2980 133
1249 2947 1307 2971 304.

280 2993 345 3019 Plin.
361 3000 397 3023 iz,
410 2998 421 3022 ς
440 2989 482 3015 Ibi
495 2994 520 3014 et
532 2988 603 3022 spina
617 2987 723 3017 similis,
743 2985 786 3012 sed
799 2983 956 3019 deprehensa
971 2981 1014 3008 vel
1028 2980 1159 3011 lucernis,
1178 2984 1232 3010 igni
1247 2983 1306 3008 pro-

277 2747 382 2773 duntur.

270 2781 328 2816 filio
337 2799 344 2811 ,
363 2781 472 2813 omnique
487 2784 527 2812 ope
540 2774 645 2812 deses-h.

281 3029 350 3055 tinus
364 3024 529 3052 transiliente.

281 3063 355 3090 affert
378 3061 500 3094 deprensa
522 3058 657 3093 pudorem.
727 3057 813 3083 Scelus
831 3053 997 3081 manifestum
1018 3057 1096 3086 atque
1120 3047 1309 3083 deprehensum

281 3100 337 3126 Cic.
361 3098 389 3123 in
414 3095 491 3122 Catil.
513 3102 534 3125 3,
549 3102 569 3119 ii
590 3103 610 3119 c.
637 3101 658 3126 ς.
727 3091 819 3118 Testis
832 3089 1020 3124 deprehensus,
1043 3089 1086 3122 qui
1104 3086 1212 3112 Variam
1225 3082 1309 3116 vulgo,

282 3134 435 3167 titubansque
448 3130 540 3156 dicitur
559 3128 687 3162 Qiine‘dl.
701 3135 725 3160 ς,
738 3135 763 3162 7.
799 3127 840 3153 St'c
852 3126 880 3151 de
891 3121 1128 3161 accii-satiorzefatili
1142 3123 1191 3160 iani
1204 3123 1260 3144 ante
1272 3115 1310 3141 Ae-

277 3168 410 3204 senstonem
430 3165 506 3200 Apul.
520 3164 595 3197 Apol.
609 3173 633 3197 p.
648 3171 701 3198 273,
713 3172 729 3195 9
749 3163 825 3195 Qiae
838 3160 883 3186 etsi
897 3161 998 3194 possunt
1015 3157 1047 3184 ab
1060 3157 1100 3183 his
1118 3155 1232 3181 futiliter
1245 3151 1310 3177 blat-

284 3210 380 3234 terata,
395 3202 431 3228 ob
443 3199 589 3227 mercedem
602 3205 626 3224 et
638 3199 831 3225 auctoramenta
845 3195 1022 3229 impudentiae
1033 3190 1189 3226 deprehensa
1210 3186 1311 3214 haberi.
1325 3203 1338 3228 8

290 3236 470 3272 Honeste-plane
482 3242 505 3261 et
518 3234 550 3260 ad
561 3238 688 3269 ingenuum
695 3234 811 3268 pudorem
824 3229 981 3257 indicandum
994 3229 1052 3255 Cic.
1064 3228 1094 3266 de
1102 3227 1149 3253 Or.
1164 3231 1240 3257 i,207
1248 3232 1269 3247 c.
1281 3226 1313 3254 48

289 3272 478 3305 Deprehensum
493 3268 617 3304 equidem
630 3278 687 3300 nie,
707 3269 795 3303 inquit
809 3266 954 3297 Antonius,
975 3265 1050 3298 plane
1064 3262 1142 3301 Video
1162 3267 1239 3294 atque
1258 3258 1312 3283 sen-

290 3307 343 3336 tio,
361 3315 412 3331 non
424 3307 504 3332 solum
519 3304 591 3340 quod
605 3313 634 3330 ea
647 3305 817 3338 requiruntur
829 3312 843 3328 a
857 3310 908 3333 ine,
921 3309 1035 3335 quorum
1050 3299 1104 3324 suni
1118 3303 1221 3335 ignarus
1236 3299 1314 3326 atque

292 3341 400 3367 ‘insolens
415 3351 419 3366 :
455 3341 495 3366 sed
509 3341 586 3375 quia,
602 3338 673 3374 quod
685 3340 714 3365 in
727 3338 804 3365 causis
816 3337 892 3363 valde
906 3336 996 3370 fugere
1009 3334 1079 3361 soleo
1088 3353 1096 3365 ,
1106 3341 1137 3358 nc
1152 3331 1211 3362 tibi,
1220 3329 1312 3358 Crasse,

294 3375 440 3407 succedam,
460 3375 485 3400 id
502 3385 542 3401 me
555 3384 622 3402 nunc
637 3374 678 3400 isti
691 3374 775 3400 vitare
794 3381 848 3399 non
867 3372 960 3398 sinunt.
1075 3369 1115 3395 Sic
1130 3368 1203 3393 Curt.
1217 3373 1239 3404 5,
1252 3373 1273 3395 3,
1287 3371 1314 3388 22

293 3411 373 3436 Tunc
387 3408 521 3435 haesitabat
532 3410 688 3444 deprehensa
700 3409 813 3436 felicitas
899 3405 1028 3440 Deprensa
1040 3403 1114 3429 nauis
1126 3402 1154 3428 in
1167 3408 1234 3440 mari
1247 3399 1315 3425 vesa-

294 3446 380 3470 niente
394 3449 474 3470 vento
492 3446 582 3471 Catuli.
596 3453 635 3479 ις,
650 3454 684 3471 12.
755 3443 916 3478 Argolicoue
928 3441 995 3468 mari
1009 3438 1146 3473 deprensus
1167 3435 1315 3473 Virg.Aen.

294 3488 318 3511 5,
331 3487 368 3511 52·
384 3479 424 3504 Ulli
437 3477 490 3504 ‘⁰¹21-
504 3478 573 3505 Seru,
766 3477 786 3516 q
812 3487 824 3504 2
859 3476 1023 3511 Deprehensa
1033 3495 1040 3507 ‚
1059 3474 1156 3500 dicitur
1169 3472 1256 3498 Genus
1270 3477 1318 3495 mi-

297 3513 378 3540 litaris
390 3512 630 3545 animaduersionis,
649 3515 817 3549 castigatione
833 3513 932 3544 maior,
950 3509 1096 3545 ignominia
1111 3509 1208 3537 minor,
1222 3505 1318 3532 Festus.

295 3551 355 3575 νεῖ·
369 3547 409 3573 Gl·
424 3546 543 3587 Depreqfi
556 3545 713 3581 ὖπερεκτὶσεως
736 3552 798 3577 Dac.
806 3548 950 3586 fiispicaeur
963 3548 1010 3583 leg.
1026 3544 1179 3579 Deprensae.

302 3584 404 3611 Vulcau.
418 3582 533 3614 Depenli.

335 3624 352 3643 D
362 3625 376 3643 E
385 3624 400 3643 P
409 3622 427 3641 R
436 3622 451 3640 Ε
461 3622 481 3642 u
489 3623 504 3655 r.
513 3621 532 3640 Ν
542 3623 555 3641 s
563 3623 572 3641 ι
582 3622 600 3641 o
608 3635 616 3647 ‚
631 3617 696 3642 onis.
714 3619 734 3644 f.
768 3616 942 3653 [κατάληψις]
977 3616 1033 3643 Cic.
1048 3623 1097 3650 pro
1109 3614 1213 3641 Cluent.
1228 3619 1259 3645 50
1266 3621 1286 3637 c.
1296 3615 1320 3640 18

300 3653 421 3685 Denique
433 3658 517 3675 omnis
531 3651 656 3676 accusatio
668 3653 739 3677 varie
752 3655 917 3689 grauiterque
930 3651 1052 3682 traetata,
1070 3649 1103 3676 ad
1117 3655 1322 3687 extreniuiiiina-

941 3685 1151 3722 Deprehensione
1170 3684 1214 3710 sur
1227 3684 1256 3708 sit
1267 3690 1321 3709 ina-

301 3687 392 3715 iiifcssa
401 3705 407 3715 ,
427 3684 522 3710 veneni
534 3684 732 3717 deprehensione
745 3688 871 3716 conclusa.

300 3721 407 3750 nifestus
420 3720 436 3745 l.
449 3727 465 3753 7
479 3720 509 3745 D.
524 3718 554 3745 de
568 3720 662 3745 Fui-tis.

337 3760 571 3785 DEPRESSVS‚
591 3754 643 3779 vid.
663 3759 850 3783 Dariumo.

338 3798 356 3816 D
367 3798 382 3816 E
391 3797 405 3815 P
415 3796 432 3815 R
443 3796 457 3814 1:
469 3795 490 3815 ἰ’
501 3794 537 3814 ιο
547 3807 554 3819 ,
574 3792 624 3813 are.
660 3788 702 3813 Ad
713 3792 791 3816 minus
799 3793 906 3825 pretium
917 3792 1034 3852 adfigere.
1068 3786 1194 3860 Epig'ir'jis
1202 3794 1322 3850 Igmneng

980 3847 986 3853 .
1004 3837 1026 3854 c.
1039 3835 1082 3860 45.
1150 3836 1165 3851 τι
1183 3844 1189 3850 .
1234 3832 1274 3849 eni
1289 3831 1302 3849 a

303 3826 444 3853 cruciatum
457 3823 629 3857 doloremque
641 3822 767 3856 depretiat
780 3825 896 3851 Tertull,
909 3826 965 3859 Apo

301 3864 352 3888 Vx.
370 3870 389 3893 ι,
405 3868 425 3891 3.
461 3859 576 3885 sanarem.
590 3857 624 3883 ad
636 3857 724 3883 Sidon.
737 3858 780 3891 Ep.
794 3868 817 3890 2,
833 3868 869 3885 10.
939 3862 1016 3887 Paull.
1036 3862 1064 3888 in
1079 3862 1096 3888 l.
1114 3859 1223 3896 proinde
1243 3858 1273 3884 D.
1289 3856 1320 3884 ad

942 2491 977 2517 Vt
993 2489 1021 2515 de
1034 2489 1094 2514 caco
1105 2489 1197 2514 latrfflst
1208 2505 1217 2517 ³
1234 2485 1304 2518 Ergo
1323 2495 1355 2528 63
1372 2522 1440 2549 Pers.
1454 2530 1480 2554 2,
1495 2530 1516 2555 1,
1530 2524 1555 2547 6.
1582 2524 1612 2548 it.
1623 2530 1653 2554 4,
1665 2528 1692 2556 7,
1705 2528 1733 2555 17
1760 2522 1853 2549 Parcus
1866 2523 1893 2545 in
1907 2521 1966 2545 Lex.
1978 2520 2042 2546 Crit.
2073 2530 2101 2546 ro
2114 2522 2216 2556 vulgato
2230 2521 2332 2555 procul.

599 3022 678 3048 Ouid.
692 3022 724 3048 de
738 3022 800 3048 Arte
816 3021 873 3047 Ain.
888 3028 910 3051 2,
924 3027 963 3051 513
985 3017 1012 3043 Si
1033 3016 1094 3042 latet
1113 3023 1169 3045 ars,
1187 3010 1307 3046 prodest:
1328 3024 1360 3050 80
1377 3012 1434 3038 Cic.
1450 3011 1520 3037 Fani.
1535 3018 1569 3043 13,
1584 3012 1609 3037 6.

1343 3205 1356 3231 ς
1380 3197 1406 3221 2,
1419 3197 1464 3220 219
1490 3189 1529 3214 Ita
1548 3194 1572 3213 et
1586 3189 1714 3213 momenti
1734 3187 1837 3221 aliquid
1850 3188 1927 3214 affere

1380 3223 1530 3250 defensione
1548 3223 1717 3257 depromtae,
1735 3230 1761 3248 et
1775 3223 1911 3257 apparebit
1930 3232 1988 3255 eas,
2007 3230 2052 3249 etc.

1241 3540 1269 3567 cd
1282 3539 1318 3565 eil.
1356 3553 1367 3560 .

1223 3542 1239 3569 S
1336 3554 1366 3587 ξ’
1389 3582 1413 3603 ει
1426 3584 1532 3602 unfrani
1550 3575 1656 3600 reddere.
1692 3576 1715 3600 A
1731 3575 1832 3600 Graeco
1849 3574 1934 3600 verbo
1946 3571 2017 3604 δεψέω
2031 3576 2119 3607 venit,
2133 3573 2203 3610 quod
2215 3574 2250 3601 est
2264 3584 2360 3611 coquo,
2373 3578 2418 3604 vel

1331 3727 1378 3745 100
1388 3718 1437 3744 riis
1445 3737 1454 3750 ‚
1472 3718 1502 3744 Se

1404 2211 1422 2231 n
1431 2210 1448 2231 E
1457 2211 1471 2230 P
1479 2211 1498 2230 R
1506 2211 1523 2230 E
1531 2210 1543 2230 s
1551 2210 1564 2230 s
1573 2212 1590 2231 E
1600 2224 1607 2231 .
1642 2203 1709 2230 Adu.
1745 2204 1821 2231 Idem.
1856 2203 1968 2238 Compar.
1988 2202 2132 2237 Depreffius
2150 2202 2280 2237 pastinare
2298 2203 2409 2231 Colum.

1368 2248 1397 2274 4,
1412 2248 1430 2266 1.
1457 2246 1480 2265 et
1492 2248 1525 2272 ii,
1538 2248 1560 2273 3.
1631 2238 1773 2274 Depreffius
1785 2239 1873 2274 specus
1887 2237 1980 2264 fodere
1998 2238 2057 2264 Sen.
2069 2238 2101 2264 ad
2114 2238 2196 2264 Helu.
2209 2247 2236 2271 9.

1406 2282 1425 2302 D
1434 2281 1450 2301 E
1460 2281 1476 2301 P
1484 2281 1503 2301 R
1511 2282 1528 2301 E
1537 2282 1551 2302 s
1559 2282 1571 2303 s
1581 2282 1591 2302 1
1602 2281 1622 2302 ο
1632 2295 1641 2307 ,
1674 2275 1741 2301 onis.
1776 2275 1798 2301 f.
1832 2274 1940 2301 Vitruu.
1959 2282 1984 2305 i,
2004 2282 2018 2306 3
2048 2273 2223 2301 Fundamenti
2241 2272 2275 2300 ad
2295 2273 2412 2302 solidum

1599 2310 1718 2337 Macrob.
1738 2310 1840 2337 Saturn.
1859 2318 1887 2342 1,
1906 2317 1941 2336 20
1977 2309 2021 2335 Sol
2042 2309 2144 2343 semper
2163 2309 2237 2336 velut
2260 2317 2276 2336 a
2295 2309 2412 2344 quadam

1369 2353 1440 2408 imae
1450 2345 1618 2384 depressionis
1633 2345 1741 2372 §enecta
1755 2346 1785 2371 in
1798 2344 1969 2372 altitudinem
1979 2345 2051 2371 suam
2060 2366 2070 2380 ,
2083 2350 2113 2372 vt
2125 2344 2154 2370 in
2168 2344 2254 2372 robur
2263 2345 2414 2376 reuertitut

1384 2386 1525 2406 nuentutis.

1407 2422 1426 2441 D
1435 2422 1451 2442 E
1461 2423 1475 2442 P
1484 2422 1502 2441 R
1510 2422 1527 2442 E
1536 2421 1549 2441 s
1558 2421 1571 2442 s
1581 2412 1622 2441 i‘r
1631 2423 1652 2442 A
1660 2423 1673 2442 s
1682 2435 1690 2447 ,
1704 2416 1763 2441 atis.
1783 2414 1804 2441 f.
1840 2415 1976 2441 Deuexitas
1983 2425 1991 2441 .·
2011 2421 2041 2441 vt
2048 2434 2058 2447 ‚
2069 2415 2222 2450 Depreffitas
2233 2420 2319 2444 terrae
2330 2411 2412 2453 Aput.

1373 2450 1402 2477 in
1415 2451 1544 2485 Asclepio.
1586 2450 1633 2478 Sed
1646 2451 1753 2478 Elmenh.
1767 2459 1796 2476 ex
1808 2451 1885 2477 MSS.
1903 2459 1929 2484 p.
1942 2457 1976 2484 79
1997 2450 2123 2478 Densitas.

1410 2492 1428 2512 D
1438 2493 1476 2513 ΕΡ
1487 2494 1505 2512 R
1514 2493 1532 2513 ο
1542 2491 1560 2512 c
1572 2493 1592 2511 v
1602 2492 1618 2512 ι,
1627 2506 1633 2512 .
1669 2485 1736 2512 Adu.
1773 2485 1846 2520 Quod
1864 2487 1915 2520 legi
1929 2487 1991 2511 velit
2003 2492 2043 2520 ap.
2057 2486 2139 2512 Plaut.
2154 2487 2229 2521 Capt.
2243 2495 2265 2518 2,
2279 2495 2301 2519 i,
2313 2495 2358 2520 24.-
2386 2492 2416 2514 eo

1412 2563 1432 2583 D
1443 2564 1483 2584 ΕΡ
1493 2564 1510 2584 R
1521 2559 1570 2584 ὁΜ
1582 2564 1617 2589 0,
1638 2556 1671 2588 si,
1689 2563 1758 2586 tum,
1778 2555 1877 2591 quidam
1893 2563 1909 2589 p
1927 2554 2013 2581 addito
2026 2564 2042 2589 p
2054 2564 2061 2580 i
2071 2575 2080 2588 ‚
2102 2561 2195 2590 ptum,
2214 2558 2267 2583 ete.
2295 2556 2414 2590 [προχει-

1372 2592 1486 2628 ρίζομαι,
1504 2591 1653 2628 προξοίλλω,
1673 2592 1781 2626 ἐκφέρω]
1819 2589 1887 2617 Idem
1899 2590 1963 2625 quod
1974 2592 2097 2617 Promere.
2131 2591 2215 2619 Plaut.
2228 2590 2342 2617 Trucul.
2354 2598 2378 2622 3,
2392 2597 2417 2622 t,

1375 2636 1389 2654 2
1411 2629 1444 2654 Vt
1463 2628 1549 2655 bubus
1568 2627 1687 2661 glandem
1700 2626 1812 2661 prandio
1832 2626 2025 2659 depromerem.
2095 2626 2238 2659 Benignius
2256 2625 2416 2660 depromere

1813 2660 1887 2688 Idem
1901 2660 1952 2686 Od.
1970 2668 1990 2692 1,
2004 2667 2045 2694 37,
2060 2667 2074 2692 5
2098 2661 2214 2687 Antehac
2229 2661 2302 2687 nefas
2320 2660 2425 2695 depr-03*

1375 2707 1446 2725 mere
1459 2698 1610 2725 Caecubum
1630 2698 1703 2724 cellis
1722 2697 1810 2724 auitis.
1881 2695 1919 2722 Ex
1939 2703 1998 2722 arca
2015 2696 2143 2729 pecunia,
2166 2704 2197 2722 ex
2215 2697 2314 2722 virtute
2333 2702 2417 2729 opera

1375 2734 1541 2766 depromitur
1561 2734 1616 2758 Cic.
1632 2733 1684 2759 Off.
1698 2741 1714 2757 2.
1738 2741 1759 2757 e.
1775 2739 1810 2763 ις,
1881 2730 1956 2762 Virg.
1970 2731 2034 2755 Aen.
2049 2738 2082 2763 ιι,
2101 2736 2145 2764 858
2170 2731 2259 2762 Dixit,
2278 2736 2304 2756 et
2323 2735 2415 2756 aui-ata

1375 2767 1511 2791 volucrem
1525 2767 1649 2792 Threi'ssa
1664 2767 1782 2799 sagittam
1819 2763 1967 2797 Depromflt
1986 2764 2125 2798 pharetra,
2155 2773 2288 2799 coi-nuque
2312 2765 2417 2792 infensa

1375 2801 1496 2826 tetendit.
1591 2801 1733 2833 Metaphor.
1771 2798 1827 2825 Cic.
1840 2798 1872 2824 de
1885 2799 1957 2824 Orat.
1973 2808 1994 2831 i,
2012 2808 2060 2833 252
2081 2801 2149 2827 Iuris
2162 2800 2262 2826 vtilitas
2277 2800 2308 2826 ad
2322 2809 2416 2835 quam-

1376 2843 1427 2869 que
1440 2835 1540 2861 causam
1552 2834 1672 2868 quamuis
1686 2839 1792 2868 repente
1806 2834 1849 2860 vel
1870 2842 1885 2859 a
1898 2835 2005 2868 peritis,
2023 2835 2066 2860 vel
2081 2835 2113 2861 de
2128 2834 2207 2861 libris
2220 2836 2342 2869 depromi
2355 2841 2417 2870 pot-

1377 2870 1422 2896 est.
1478 2869 1549 2896 Idem
1563 2869 1594 2894 de
1608 2869 1681 2895 Orat.
1698 2877 1708 2895 i
1731 2878 1754 2895 c.
1769 2877 1800 2903 57
1826 2868 1900 2902 Qiid
1919 2869 1948 2895 in
1967 2870 2014 2895 illa
2027 2870 2101 2896 causa
2136 2884 2182 2890 —
2218 2871 2322 2904 attulit,
2341 2870 2418 2906 quocl‘

1376 2905 1408 2932 de
1445 2905 1504 2932 iure
1543 2904 1619 2930 ciuili
1657 2904 1825 2938 depr-emtum
1859 2904 2003 2931 videretur.
2109 2905 2268 2939 Argumenta
2301 2915 2317 2933 e
2348 2907 2417 2934 loci:

1376 2940 1447 2976 quasi
1478 2940 1604 2966 thesauris
1635 2940 1691 2966 Cic.
1719 2940 1750 2965 de
1778 2940 1835 2965 Fin.
1867 2947 1896 2972 4,
1922 2948 1959 2966 10.
2028 2939 2097 2966 Add.
2129 2941 2202 2967 Idem
2235 2941 2267 2968 de
2299 2943 2372 2970 Orat.
2399 2950 2416 2969 2

1377 2985 1398 3002 c.
1413 2985 1454 3010 27.
1561 2975 1598 3001 Ex
1613 2975 1707 3001 intima
1725 2975 1835 3001 alicuius
1851 2981 1906 3001 arte
1920 2973 2063 3001 mirificum
2082 2984 2162 3009 genus
2177 2977 2417 3005 commendationis

1680 3010 1752 3037 Idem
1766 3012 1842 3036 Verr.
1857 3019 1880 3043 3,
1894 3019 1933 3043 135
1952 3019 1972 3037 c.
1987 3012 2021 3036 66
2046 3011 2101 3037 Iam
2115 3011 2165 3038 hoc
2177 3012 2271 3045 caede,
2290 3013 2416 3041 concide:

1377 3056 1432 3073 non
1450 3046 1536 3072 Verba
1563 3048 1644 3072 domo
1671 3047 1774 3079 patroni
1800 3046 1956 3080 depromere
1982 3045 2089 3073 videtur
2112 3046 2145 3073 ad
2170 3055 2249 3074 omne
2271 3057 2353 3082 genus
2370 3057 2417 3075 ne-

1378 3082 1479 3144 qctliitiae
1499 3080 1712 3108 accommodata3
1754 3082 1791 3108 Ex
1805 3082 1902 3108 intimo
1921 3081 2037 3109 artificio
2050 3081 2132 3109 verba
2144 3082 2282 3117 gratiffima
2295 3084 2351 3110 Cic.
2364 3092 2418 3119 pro

1413 3123 1482 3143 uerit.
1501 3122 1537 3149 58.

1415 3160 1434 3180 D
1443 3159 1458 3179 E
1468 3160 1482 3179 P
1491 3159 1510 3178 R
1520 3160 1539 3179 0
1550 3159 1572 3178 M
1583 3159 1604 3178 Τ
1613 3158 1633 3177 V
1643 3159 1655 3179 S
1662 3171 1671 3184 ‚
1689 3160 1713 3184 a,
1733 3160 1787 3178 um.
1824 3152 1915 3179 Partic.
1951 3152 2200 3190 [προκεχειρισμένος]
2235 3153 2290 3179 Cic.
2301 3153 2332 3180 de
2340 3154 2418 3183 Orat.

1918 3171 1973 3220 'm
1994 3196 2075 3222 quum
2090 3194 2165 3214 erunt
2179 3196 2259 3222 paene
2276 3197 2307 3215 ex
2321 3190 2418 3218 intima

1736 3259 1741 3262 .
2123 3222 2263 3250 Maledicta
2281 3224 2419 3259 depromta

1381 3267 1412 3284 ex
1432 3259 1617 3285 recordatione
1640 3257 1823 3292 impudicitiae
1845 3264 1871 3284 et
1902 3258 2051 3293 stuprorum
2074 3257 2204 3290 alicuius,
2233 3260 2366 3287 coniicere
2387 3262 2419 3287 in

1381 3294 1464 3320 alium
1484 3295 1539 3320 Cic.
1556 3294 1668 3328 Philipp.
1682 3302 1712 3326 3,
1735 3301 1759 3326 ις
1786 3303 1807 3319 c.
1822 3296 1848 3319 6.
1919 3295 2061 3327 Depromta
2077 3301 2109 3318 ex
2129 3293 2232 3320 aerario
2250 3296 2360 3328 pecunia
2377 3296 2418 3322 Id.

1382 3338 1430 3363 pro
1445 3330 1511 3363 Lege
1525 3330 1618 3356 Manil.
1632 3337 1663 3363 37
1683 3338 1704 3355 c.
1716 3337 1750 3361 13.
1819 3330 1891 3355 Haec
1908 3330 1968 3356 sunt
1985 3336 2018 3354 ex
2036 3335 2097 3355 meo
2115 3327 2188 3355 sensu
2207 3329 2342 3365 depromta
2359 3331 2416 3358 Cic.

1349 3384 1365 3402 0
1381 3364 1469 3391 Parad.
1488 3374 1509 3390 c.
1524 3373 1542 3390 1.

1421 3406 1439 3425 D
1448 3406 1464 3425 E
1473 3405 1487 3424 Ρ
1497 3406 1515 3425 R
1524 3406 1542 3426 Ο
1552 3407 1566 3425 P
1578 3397 1593 3425 ἕ
1603 3406 1621 3425 R
1631 3405 1650 3425 O
1660 3419 1669 3431 ,
1687 3402 1740 3425 are.
1777 3396 1971 3431 [κατασπεύδω]
2011 3397 2087 3424 Valde
2096 3405 2245 3434 properare,
2263 3401 2304 3427 vel
2306 3406 2418 3436 propere

1385 3433 1484 3469 efficere.
1521 3435 1600 3460 Plaut.
1615 3436 1692 3460 Pocn.
1709 3443 1728 3466 1,
1742 3442 1765 3465 2,
1780 3438 1822 3463 108
1842 3434 2022 3467 Deproperant
2037 3433 2126 3460 sedulo
2140 3435 2290 3462 sacrificare.
2347 3437 2416 3464 Hor.

1384 3469 1436 3497 Od.
1450 3479 1472 3502 2,
1485 3477 1511 3503 7,
1527 3478 1558 3501 24
1583 3470 1649 3502 Quis
1664 3469 1717 3496 vdo
1752 3470 1932 3503 Deproperare
1945 3468 2005 3502 apio
2025 3478 2135 3496 coronas
2171 3472 2284 3498 Curatue
2306 3478 2394 3504 myrto
2407 3473 2419 3500 Ξ

1385 3509 1404 3532 ι’.
1419 3505 1577 3532 Festinanter
1591 3504 1691 3530 afferre.
1729 3505 1824 3530 Acron.

1426 3547 1444 3567 D
1454 3547 1468 3567 E
1478 3548 1492 3567 i>
1502 3548 1514 3566 S
1526 3547 1544 3566 ο
1557 3559 1564 3570 ,
1582 3540 1610 3565 ui
1619 3559 1627 3570 ,
1648 3543 1729 3571 itum,
1748 3542 1800 3565 ere.
1828 3536 1940 3574 [δεῷἰω]
1975 3538 2108 3575 Subigcndo
2122 3540 2232 3567 manibus
2242 3540 2341 3576 aliquid
2350 3542 2419 3569 molle

1389 3611 1500 3642 mollio,
1525 3610 1582 3643 telle
1600 3610 1693 3636 Nonio
1709 3619 1736 3640 2,
1756 3618 1810 3642 ²34·
1873 3609 1940 3635 Cato
1959 3619 1979 3634 c.
1995 3618 2028 3641 90
2055 3611 2084 3637 Id
2103 3611 2149 3638 vbi
2167 3617 2302 3637 excoxeris
2320 3612 2420 3647 depsito

1390 3647 1472 3679 bene,
1489 3646 1550 3672 oleo
1568 3653 1674 3671 manum
1692 3645 1817 3678 vnguito‚
1837 3645 1952 3678 primum
1967 3645 2102 3678 pusillum,
2119 3644 2207 3679 postea
2225 3646 2306 3680 magis
2319 3647 2419 3682 depses,

1391 3682 1451 3708 oleo
1465 3690 1508 3708 tan
1528 3681 1581 3712 ito,
1601 3680 1750 3714 depsitoque
1765 3680 1827 3705 dum
1842 3681 1939 3713 poteris
1953 3681 2039 3707 facere
2052 3679 2182 3708 turundas.
2225 3681 2311 3708 Varro
2323 3683 2420 3714 Myste—

1539 3716 1588 3742 tibi
1603 3716 1705 3742 fortasse
1719 3716 1786 3741 alius
1804 3715 1892 3741 mollit
1906 3721 1931 3742 et
1949 3716 2038 3749 depsit.
2072 3715 2216 3750 obsoletum.
2271 3719 2301 3744 ln
2322 3719 2420 3751 objceno

1388 3753 1433 3788 vsu
1472 3751 1649 3786 impudentius
1692 3750 1771 3776 etiam
1808 3759 1886 3784 quani
1923 3751 2007 3778 batuit
2018 3770 2027 3783 ,
2068 3751 2118 3776 dici
2148 3749 2253 3784 Depsit,
2290 3751 2328 3778 ait
2361 3753 2419 3780 Cic.

1387 3789 1459 3816 Fam.
1472 3796 1498 3820 9,
1512 3795 1553 3813 22.

1426 3828 1612 3853 DEPSTVS,
1631 3829 1662 3852 a,
1680 3829 1734 3846 um.

1778 3820 1843 3846 Cato
1857 3821 1889 3848 de
1901 3822 1973 3849 KR,
1991 3831 2012 3848 c,
2025 3827 2061 3853 40
2090 3817 2161 3845 Luto
2179 3820 2269 3855 depsto
2288 3821 2418 3851 oblinere.

1389 3859 1462 3886 Idem
1481 3867 1502 3883 c.
1517 3865 1554 3889 135
1580 3856 1660 3883 Coria
1673 3855 1767 3890 depsta.

302 3896 383 3930 legem
399 3893 486 3928 Aquis.
506 3893 536 3921 Et
549 3893 605 3920 eius
622 3892 691 3919 ratio
704 3891 796 3922 haberi
810 3894 902 3927 debet,
922 3903 974 3928 quo
993 3903 1090 3925 caeteta
1105 3903 1216 3931 corpora
1230 3894 1319 3929 depre·
1334 3904 1379 3933 ¹05
1425 3899 1563 3922 DEPSJT
1574 3897 1696 3927 icivs,
1719 3900 1745 3926 a,
1765 3899 1817 3918 um.
1852 3891 1913 3920 Adi.
1949 3887 2106 3925 [Μητικδε]
2141 3890 2209 3917 Cato
2226 3898 2248 3917 c.
2262 3898 2299 3926 74
2322 3892 2425 3918 Panem

300 3930 362 3957 tiata
375 3931 440 3956 sunt.

2339 3927 2421 3962 aepli-
