2479 4225
249 164 340 201 ‚079
635 106 1037 181 IND.
1702 133 1972 183 iND

287 243 298 264 1
309 241 330 261 N
343 240 362 261 n
374 239 396 259 V
406 236 602 264 CTOR1VM‚
622 229 641 258 i.
678 239 705 257 n,
761 226 833 263 Quod
843 224 927 252 induci
934 221 1024 263 potest.
1078 222 1144 250 Plin.
1157 221 1216 248 Val.
1233 229 1259 254 1,
1271 229 1284 254 3
1347 221 1564 257 indulgentissinie
1577 224 1741 257 Imperator,
1760 227 1797 253 vt,
1811 229 1856 250 etc.
1881 258 1887 263 ι
1926 215 2179 257 Indulgeiitiffunus,
2192 221 2316 259 frequens
2328 223 2390 248 titu-
2407 212 2431 249 2*
2451 233 2466 251 ·,

252 272 347 301 facere
365 267 554 295 indlfflorium,
1347 259 1387 284 Ius
1399 260 1590 294 Imperatorum:
1626 258 1678 285 viil.
1693 260 1792 284 Gruter.
1809 259 1927 292 Inscript.
1942 267 2015 293 p.253
2029 267 2055 284 n.
2068 263 2082 289 8
2101 266 2146 286 etc.
2189 256 2277 293 Cous.
2292 257 2389 283 Nazar.
2460 264 2462 272 '

284 307 297 333 Ι
307 311 329 331 Ν
341 311 360 330 n
371 310 389 328 v
400 309 443 329 ro
453 309 472 328 n
482 309 502 326 v
512 309 524 328 s
569 301 587 328 i.
627 310 662 326 ni.
717 299 765 325 Pro
779 295 898 326 inforus,
918 302 946 319 ex
959 293 1045 320 Ennio
1058 300 1097 329 ap.
1112 292 1179 319 Gell.
1195 300 1237 324 12,
1255 300 1284 324 4.
1349 293 1441 327 Paneg.
1455 295 1588 321 Constant.
1602 304 1622 321 c.
1632 295 1674 321 26.
1769 294 1862 328 afflue
1875 293 1941 329 apud
1953 293 2086 327 Qstnffil.
2100 293 2174 322 Ded.
2188 303 2217 321 [Ο
2243 292 2295 320 Fili
2305 291 2391 318 indul—
2408 286 2411 298 2
2468 312 2469 316 Ἰ

250 345 262 368 ι·
291 339 418 370 iudicium,
430 337 508 374 nestro
527 322 573 372 q’uo
586 336 653 362 modo
669 332 796 367 irrepfiw‘t
806 333 833 355 in
847 331 945 356 Lexica.
993 329 1085 361 *Verba
1107 328 1186 354 Ennii
1203 328 1284 366 su⁷¹',·'
1349 329 1491 362 gentissiine
1504 330 1562 356 vidi
1575 337 1616 361 te,
1635 338 1683 355 nee
1696 329 1773 355 semel
1788 329 1855 355 vidi.
2407 306 2446 350 ff.»

249 361 371 410 Magnam
385 383 444 400 cum
465 373 534 400 lassu’
554 371 608 398 diei
626 372 724 396 Partem
742 365 862 397 fuuiss'et,
887 363 919 391 de
940 364 1047 391 summis
1066 364 1141 391 rebu’
1161 362 1285 398 regundis
1311 367 1326 393 5
1385 371 1482 391 INDV
1493 367 1661 395 LTV'RYS,
1682 373 1712 396 a,
1739 374 1793 391 um,
1830 364 1923 391 partic,
1977 364 2038 398 νῙΡθ
2053 363 2081 390 in
2101 364 2119 390 1,
2135 373 2145 390 ι
2164 362 2187 401 §
2200 363 2232 390 de
2246 362 2287 390 hig
2301 366 2390 389 autem
2419 363 2431 381 n
2444 386 2452 400 .-

250 410 368 438 Consilio
380 409 439 435 indu
446 408 509 444 foro
523 408 593 438 lato,
611 404 749 436 saneioque
762 401 865 430 senatu,
889 402 907 426 i.
923 400 1030 436 inforo.
1352 398 1384 424 D.
1397 398 1428 424 de
1442 401 1548 434 separat.
1574 401 1630 434 Qii
1644 400 1832 434 separationem
1844 399 1993 426 indulturus
2004 400 2050 426 cst.
2120 429 2124 430 ⁷
2290 404 2296 410 ·
2431 416 2438 431 .,
2453 395 2455 404 “
2468 399 2477 428 ².

275 440 328 472 '1N
339 452 357 472 D
368 451 387 470 v
400 449 420 471 G
430 451 449 470 R
460 442 477 470 ἐ
486 450 522 470 D1
538 462 546 474 ,
579 442 591 474 [
604 437 740 473 η’σέρχεθαι
753 437 766 470 ]
801 437 911 470 Antiqui
929 435 1042 462 dicebant
1061 436 1133 461 metri
1151 432 1224 469 causti
1236 439 1286 468 pro
1388 440 1397 459 1
1410 440 1433 459 N
1443 441 1462 460 D
1471 442 1490 461 v
1501 443 1516 462 i.
1528 442 1550 463 G
1562 443 1577 462 E
1590 443 1610 462 N
1623 444 1643 463 T
1653 442 1668 462 E
1679 443 1706 462 R.
1744 435 1811 462 Adii.
1849 435 2032 470 [φιλοςόργως]
2076 434 2181 460 Comiter
2194 440 2217 460 ει
2229 433 2331 465 blande,
2351 431 2394 458 vel
2432 439 2451 448 ‘

251 480 374 516 Ingredi:
401 478 468 513 ficut
481 477 659 511 Induperator;
675 507 681 512 .
695 471 871 511 Inclupeqlitus,
886 477 936 513 pro
951 471 1093 507 [mpeditus.
1146 469 1287 511 Lucretui,
1350 468 1464 509 molliter.
1534 472 1657 512 Cic3Att.
1672 480 1702 503 9,
1714 479 1735 496 11
1770 470 1839 497 Illud
1853 479 1895 496 uie
1910 471 2041 505 praeclare
2055 469 2195 510 admones,
2211 468 2392 509 quumffflum
2428 463 2452 503 ,a

251 523 279 548 83
313 531 359 537 —
383 515 507 548 viamque
542 507 683 542 Indugredi
709 506 823 533 scelerls·
883 507 925 539 SIC
943 515 977 540 42
1001 511 1041 538 318
1061 512 1084 532 et
1103 506 1162 544 357:
1227 504 1286 531 Vni.
1351 504 1462 537 videro,
1486 515 1518 547 ne
1535 516 1615 533 nimis
1636 507 1817 547 indulgenter,
1840 511 1865 532 et
1891 512 1927 546 vt-
1945 515 2004 532 cum
2027 510 2156 544 grauitate
2177 510 2264 538 potius
2287 503 2391 538 loquar.
2418 518 2419 521 =
2432 519 2433 523 =
2447 511 2454 545 ᾖ

253 559 264 578 1
278 557 299 577 N
314 558 333 578 Ι)
345 557 381 583 v,
397 558 446 586 pro
461 550 490 574 in
502 548 588 580 Praep.
1298 546 1329 565 10
1352 539 1425 566 Idem
1438 540 1470 567 de
1482 541 1538 568 Fm.
1552 552 1574 575 2,
1582 551 1627 574 109
1657 542 1730 576 Qud
1743 542 1760 568 si
1774 548 1852 568 etiam
1864 541 1962 568 bestiae
1970 541 2053 568 multa
2065 541 2164 567 faciunt
2176 539 2242 566 duce
2257 540 2301 565 [113
2316 547 2395 573 quae·
2434 547 2441 554 ··
2462 547 2464 551 ’

289 593 298 612 1
312 593 332 613 N
345 592 391 613 nv
402 592 416 610 L
427 590 443 610 c
455 591 464 609 1
475 587 562 611 TAs,
579 579 635 604 atis.
662 577 682 604 f.
735 577 882 612 Antiquam.
940 576 1037 604 Caecil.
1051 575 1166 608 Syracus.
1196 574 1288 601 Tanta
1353 584 1404 610 que
1417 581 1524 610 natura,
1548 579 1644 612 partim
1664 578 1832 612 indulgenter
1850 577 1892 603 vel
1905 586 1963 603 cum
1978 577 2087 608 labore,
2111 582 2139 602 vt
2151 576 2180 601 in
2191 574 2324 609 gignendo
2337 594 2345 606 ,
2364 574 2393 600 in
2435 574 2439 578 '
2462 584 2464 590 =

253 621 317 649 huic
329 620 421 647 inuasit
434 619 460 643 in
479 616 557 642 corda
570 613 717 640 indulcitas.
758 613 865 639 Nonius
878 621 910 644 2,
924 620 977 645 215.
1032 611 1080 639 Sed
1092 609 1234 647 legendum,
1257 611 1289 636 111
1354 610 1503 645 educando,
1522 620 1568 640 etc.
1671 614 1732 639 Liu.
1753 616 1803 645 36,
1829 621 1859 646 14
1891 612 2028 647 Philippus
2052 609 2230 638 Athamanum
2255 610 2394 645 praecipue
2452 611 2456 619 “

254 666 300 684 cor
312 656 379 683 Daui
392 653 506 680 dulciias.
564 650 600 677 Vt
619 650 758 675 Mcrcerius
770 648 922 684 Jiispicatur.
1228 680 1234 685 ⁴
1353 646 1465 681 captiuis
1477 648 1642 683 indulgenter
1656 648 1765 680 habitis,
1785 655 1812 674 vt
1826 656 1873 682 per
1885 656 1929 674 eos
1941 648 2094 674 conciliaret
2106 653 2219 682 gentem.
2281 646 2395 680 Compar.

290 699 299 717 i
313 698 334 717 N
345 697 362 716 D
372 697 391 716 v
400 694 439 714 LC
448 693 483 719 Ο,
503 688 556 713 ire.
599 684 717 712 Tertull.
730 683 830 711 aduers.
843 682 900 710 Iud.
914 691 935 709 c.
951 691 984 715 13.
1020 688 1044 709 et
1055 681 1131 716 Vulg.
1145 682 1195 707 Int.
1209 680 1290 707 Sirac.
1353 682 1413 708 Seri.
1428 682 1517 710 Benef.
1531 693 1558 717 4,
1571 693 1601 716 32
1627 684 1672 710 Dii
1685 684 1752 709 alios
1767 683 1947 718 indulgentius
1960 683 2078 710 tractant.
2182 681 2239 708 Val.
2253 681 2322 707 Mat.
2338 689 2347 706 1
2356 699 2364 712 ,
2377 687 2407 714 7¹
2476 709 2478 714 Ι

255 737 280 755 12
321 729 355 752 16.
779 716 783 721 ”
1311 724 1337 751 15
1354 718 1446 751 Longe
1455 718 1631 754 indulgentius
1647 720 1673 745 in
1687 720 1765 745 Poeta
1781 719 1925 746 Simonide.
2019 718 2115 754 superl.
2151 716 2234 744 Solisi.
2249 724 2310 749 c.14
2341 716 2394 742 Vo-
2427 738 2430 742 ,

287 747 300 787 ’1
312 767 333 786 N
345 765 362 785 D
373 764 417 783 VL
426 763 443 783 c
452 762 473 782 A
486 761 509 783 T
519 762 562 782 vs
571 775 579 788 ,
598 763 628 787 a,
646 763 701 780 um.
737 754 805 780 Part.
851 753 962 787 Optatus
976 753 1041 780 Afer
1052 755 1077 780 6.
1113 751 1174 779 oo.
1187 752 1255 778 Hor.
1270 759 1292 784 1,
1355 753 1449 788 luptati
1461 755 1565 781 aurium
1578 755 1797 790 indulgentiffime
1811 754 1924 781 deditus.
2331 786 2338 791 .
2440 781 2443 789 κ

253 806 290 825 10.
326 800 348 820 et
362 792 438 826 Vulg.
454 793 504 818 Int.
518 791 596 817 Sirac.
610 796 653 822 38,
667 798 689 822 5-
1220 816 1227 823 ‚
1392 792 1436 815 IN
1446 795 1569 817 DVLGE
1580 798 1602 816 N
1614 798 1635 817 ‘r
1645 798 1653 816 1
1663 798 1684 817 A
1694 810 1702 823 ,
1718 800 1757 817 ae.
1784 791 1804 816 f.
1842 791 1928 816 Mollis
1937 788 2062 825 permzffi'o
2074 794 2097 815 et
2109 787 2230 823 educatio.
2283 784 2393 820 Qun&
2425 799 2428 802 >

288 835 330 855 iN
341 832 444 855 DVLG
455 835 471 854 E
482 832 520 859 ο,
539 826 573 857 si,
594 826 650 851 sinn
670 831 694 851 et
712 829 782 854 tum,
803 826 856 849 ὅτε.
897 820 1037 856 [ἒνδίδωμω
1058 823 1202 857 συγχωρῶ),
1218 821 1292 856 χοιρί’·
1356 832 1368 850 1
1379 843 1386 855 ,
1405 832 1417 850 2
1430 844 1438 856 ,
1459 826 1476 851 6
1507 827 1598 852 Mollis
1620 826 1666 853 illa
1685 826 1823 857 educatio,
1843 835 1922 860 quam
1936 825 2128 858 indulgentiam
2142 831 2280 854 vocamus,
2297 829 2396 848 neruos
2418 830 2447 854 ἢ.
2476 855 2478 857 ‚

250 865 344 900 ζομαι]
399 862 503 897 Obfiqui
510 881 517 893 ,
537 860 671 896 inseruire,
691 858 802 894 etfacile
815 858 958 891 concedere,
977 859 1131 894 obsequenter
1145 858 1292 892 delicateque
1354 868 1444 886 omnes
1457 866 1482 886 et
1494 862 1587 888 mentis
1601 868 1626 888 et
1638 863 1758 896 corporis
1770 861 1878 896 frangit.
1971 860 2065 888 Balbus
2078 859 2111 886 ad
2124 859 2180 885 Cic.
2197 860 2248 885 Att.
2262 866 2294 890 9,
2309 862 2323 887 8
2342 858 2396 889 (12)
2441 855 2451 886 ζ’

249 900 362 926 tribucre.
417 900 454 924 De
468 905 491 922 et
510 906 546 922 mo
559 895 631 932 infra
645 904 704 929 ⁷¹·4·
776 893 844 921 Ter.
858 894 954 920 Heaiit.
968 903 997 926 4,
1012 899 1034 926 8,
1050 903 1078 920 21
1111 893 1235 921 Nimium
1248 891 1291 918 illi
1303 905 1339 924 20
1354 895 1385 920 Et
1398 895 1447 921 hoc
1469 896 1603 924 Caesarem
1625 907 1673 932 pro
1693 898 1737 924 sua
1758 896 1921 931 indulgentia
1941 896 1970 923 in
1992 898 2051 922 suos
2071 894 2244 930 probaturum
2268 899 2398 928 putamus.

249 934 405 963 Menedeme
420 932 483 958 indu
497 941 548 965 ges.
617 930 685 956 Ibid.
699 937 727 963 ς,
741 937 772 959 2,
791 937 824 962 34
861 929 931 955 Dum
952 929 1008 955 istis
1029 929 1102 956 fuisti
1115 930 1201 961 soliis,
1226 928 1290 955 dum
1358 929 1496 963 Versiculus
1516 935 1634 968 vulgatus
1658 933 1754 960 Blanda
1773 942 1876 967 patrum
1896 933 1985 966 segnes
2005 932 2067 958 facit
2085 929 2249 963 indulgentia
2269 934 2349 968 natos·
2363 924 2398 959 est
2436 954 2437 958 ,
2453 934 2454 939 ’

250 970 322 997 nulla
334 969 385 995 alia
398 967 553 999 deleElatio,
569 974 640 1001 ,111136
654 965 765 1000 propior
778 966 853 997 esset,
879 971 904 991 te
916 964 1101 999 indulgebant,
1120 965 1172 991 tibi
1186 963 1291 990 dabant.
1354 966 1493 993 Mantuafli
1504 968 1589 995 Parth.
1606 977 1632 1001 1,
1647 971 1701 1002 164.
1796 969 1863 994 Plin.
1877 968 1956 1003 Epist.
1971 976 2014 999 10,
2034 975 2066 1000 34
2080 974 2123 1002 pr.
2162 965 2193 991 Id
2205 965 2296 1004 itaque
2310 962 2398 990 indul·
2418 980 2430 987 ,.
2452 975 2454 997 ;

250 1008 365 1037 Donare,
383 1003 522 1033 concedere,
534 1004 685 1037 permittere.
746 999 811 1026 Plin.
827 1000 905 1034 Epist.
921 1009 965 1030 10,
981 1008 1013 1035 75
1044 1000 1153 1027 Indulsit
1167 1000 1292 1027 balneum
1355 1002 1443 1036 gentia
1457 1008 1502 1029 tua
1519 1004 1656 1037 restituere
1675 1003 1829 1030 desiderant.
1856 1023 1860 1027 .
1933 1004 2046 1030 Dextera
2065 1001 2205 1036 praecipue
2224 1005 2292 1034 capit
2309 998 2399 1026 indul·
2425 998 2448 1035 ,5'5

250 1041 318 1067 fieri.
390 1039 499 1073 Indulge
512 1039 570 1064 sane
584 1046 665 1064 vanae
679 1036 734 1062 rei:
758 1035 877 1070 ignosce:
913 1036 1028 1062 libenter
1040 1037 1065 1062 se
1076 1036 1178 1062 orbitas
1192 1035 1292 1069 decipit
1355 1037 1443 1072 gentia
1455 1045 1552 1065 mentes
1577 1040 1658 1066 Ouid.
1671 1041 1702 1066 A.
1716 1041 1747 1066 A.
1761 1048 1784 1072 2,
1799 1047 1856 1073 147.
1927 1039 1973 1066 Sed
1985 1039 2042 1065 Sen.
2059 1038 2090 1064 de
2103 1036 2192 1064 Benef.
2208 1045 2238 1068 2,
2251 1044 2276 1068 ις
2311 1033 2397 1068 Qud·
2426 1030 2444 1066 ξ·

250 1074 380 1110 Qssntffil·
394 1075 511 1102 Ded-10·
614 1073 681 1099 Tes-
698 1070 809 1105 Adelph·
825 1080 843 1102 Ι,
854 1080 875 1103 1,
889 1077 913 1102 38
935 1072 990 1098 Cur
1003 1078 1031 1097 tu
1046 1070 1087 1098 his
1101 1071 1179 1098 rebus
1193 1072 1292 1097 sumtus
1308 1085 1337 1112 25
1356 1072 1422 1107 quid
1433 1073 1475 1099 illi
1485 1075 1601 1101 accidere
1613 1078 1718 1110 optant,
1737 1076 1766 1101 in
1779 1075 1806 1101 id
1821 1075 1918 1101 horum
1932 1073 2115 1108 intempestiua
2130 1071 2295 1106 indulgentia
2306 1069 2399 1104 11111161-
2447 1071 2453 1089 :¹

250 1111 385 1146 suggeris?
420 1110 516 1137 vestitu
534 1108 649 1135 nimium
663 1107 797 1140 indulges,
821 1107 936 1132 nimium
955 1107 1058 1141 ineptus
1078 1116 1113 1133 es.
1218 1107 1291 1133 Caes.
1356 1109 1387 1134 lit
1401 1115 1480 1143 atque
1495 1110 1608 1137 instruit.
1676 1112 1762 1138 Nocet
1777 1110 1942 1144 indulgentia
1955 1109 2033 1136 nobis
2059 1109 2140 1136 Ouid.
2156 1108 2248 1134 Amor.
2262 1113 2344 1139 2,19,
2361 1111 2399 1137 35.
2422 1074 2453 1153 ’ἐι

238 1148 280 1174 -Β,
294 1139 326 1173 Cr.
341 1156 367 1179 1,
385 1154 421 1179 40
453 1145 522 1172 Huic
542 1144 642 1178 legioni
657 1144 750 1169 Caesar
765 1148 791 1169 et
805 1142 947 1169 indulserat
961 1142 1118 1177 praecipue,
1141 1146 1167 1168 et
1185 1149 1293 1177 propter
1357 1144 1474 1170 Abolere
1488 1146 1597 1172 crimina
1612 1155 1719 1173 reorum
1735 1145 1897 1181 indulgentia
1918 1145 2029 1172 Modest.
2044 1145 2072 1170 in
2086 1145 2103 1171 l.
2117 1144 2214 1170 Lucius
2230 1142 2261 1168 D.
2275 1141 2308 1168 ad
2321 1141 2400 1167 Sena·
2434 1155 2442 1186 ι]

251 1183 379 1209 virtutem
394 1180 541 1207 confidebat
553 1179 677 1205 maxime.
750 1178 817 1204 Cels.
831 1186 854 1211 3,
869 1182 883 1203 6
906 1178 1014 1205 Necesse
1027 1179 1063 1204 est
1078 1185 1175 1209 tamen,
1191 1185 1292 1213 quanto
1355 1180 1543 1208 tusconsultuin
1557 1182 1770 1217 Turpillianum.
1877 1181 1950 1208 Caeli
1971 1180 2137 1214 indulgentia
2166 1179 2243 1212 Virg.
2259 1178 2356 1211 Georg.
2371 1184 2401 1207 2,
2433 1180 2454 1215 j

250 1218 354 1245 facilius
368 1217 421 1242 sani
435 1216 532 1242 famem
547 1214 708 1249 quanrfitiin
721 1213 854 1244 sustinent,
862 1218 936 1240 tanto
949 1214 1032 1249 magis
1045 1215 1128 1248 aegris
1141 1215 1169 1240 in
1183 1214 1293 1248 potione
1356 1223 1414 1248 343.
1482 1217 1613 1244 Fortunae
1638 1219 1734 1244 parere,
1750 1227 1761 1243 2
1770 1237 1778 1249 ²
1792 1222 1839 1249 80,
1855 1225 1873 1244 1.
1981 1218 2089 1243 Ponitur
2102 1223 2126 1241 er
2136 1222 2183 1250 Pro
2198 1215 2288 1240 Gratia
2306 1211 2401 1247 veisa.
2435 1216 2453 1249 ἐξ

251 1262 330 1287 quani
343 1252 371 1278 in
385 1251 445 1278 cibo
461 1251 607 1285 indulgere.
677 1250 738 1276 Stat.
753 1248 840 1283 Epith.
853 1249 947 1276 Stellae
961 1259 1003 1282 179
1039 1250 1188 1284 que-nique
1201 1249 1293 1276 curule
1309 1265 1341 1289 30
1355 1260 1415 1277 vore
1429 1252 1600 1287 Imperatoris.
1642 1253 1700 1280 Vid.
1721 1252 1785 1279 Plin.
1805 1252 1884 1286 Epist.
1899 1261 1941 1283 10,
1961 1260 1976 1278 2
1996 1259 2018 1278 et
2039 1253 2094 1285 107.
2130 1257 2153 1276 et
2165 1250 2262 1276 Auson.
2282 1248 2400 1275 Gratiar.
2420 1245 2447 1308 ’1

250 1287 403 1322 Indiilgebit
416 1287 492 1313 ebur.
597 1286 729 1320 Imperaui
742 1284 827 1318 mihi,
853 1285 925 1319 quod
948 1285 1085 1320 indulgere
1103 1286 1293 1311 consueuerain
1357 1286 1416 1313 A&
1430 1295 1451 1313 c.
1466 1297 1503 1314 ιι.
1596 1288 1777 1323 Indulgentiae
1807 1291 1880 1314 etiam
1916 1296 2038 1313 vocantur
2070 1289 2205 1314 Poenorum
2237 1281 2401 1318 re-miffiones:
2432 1302 2446 1317 4

250 1323 367 1350 Martial.
381 1323 462 1357 praef.
477 1322 492 1348 l.
502 1330 538 1348 12.
574 1324 592 1348 i.
611 1321 679 1347 modo
693 1330 746 1346 cum
758 1318 866 1353 molestia
879 1320 983 1355 quodum
996 1328 1018 1346 ct
1027 1328 1106 1356 poene
1118 1320 1293 1356 inicitusfeci,
1356 1322 1471 1356 Capitol.
1486 1324 1545 1350 Ant.
1559 1324 1607 1350 Pio
1623 1333 1644 1352 c.
1659 1327 1676 1351 6
1712 1325 1761 1350 His
1776 1332 1842 1358 quos
1856 1322 2004 1349 Hadrianus
2019 1323 2204 1353 damnauerat,
2223 1318 2415 1358 indulgent-iar
2423 1327 2452 1359 :rga

268 1359 314 1384 uod
324 1360 387 1385 aliar
395 1358 484 1394 sponte
496 1364 519 1383 ct
533 1356 624 1383 lubens.
712 1355 854 1390 Indulgere
877 1356 968 1382 sceleri
986 1357 1092 1384 veniam
1120 1356 1191 1390 Sulp.
1204 1356 1294 1383 Seuer.
1356 1358 1443 1392 petiit.
1559 1359 1754 1395 Indulgentiain
1767 1359 1907 1393 consequi,
1923 1365 1969 1394 pro
1990 1359 2092 1386 Veniam
2116 1357 2186 1391 Sulp.
2201 1355 2270 1384 Dial.
2283 1353 2315 1381 de
2327 1354 2401 1381 Virt.
2432 1362 2433 1366 ¹
2447 1378 2450 1384 ,

248 1368 317 1421 blan.
331 1403 356 1426 2,
370 1403 396 1426 4.
468 1394 509 1420 Sic
522 1392 625 1418 Rudem
639 1391 778 1426 indulgere
798 1392 966 1418 Suet.Claud.
976 1401 1042 1418 c.21.
1113 1393 1162 1418 Pro
1170 1392 1238 1418 Rode
1254 1392 1295 1417 do-
1356 1395 1431 1421 Mon.
1445 1393 1549 1420 Oi‘ient.
1563 1400 1616 1425 c,g,

249 1439 324 1456 nare:
359 1437 382 1455 et
394 1429 554 1456 Ornamenta
568 1427 723 1454 Consularia
736 1427 874 1462 indulgere
901 1427 974 1453 Idem
987 1437 1031 1460 24.
1084 1427 1158 1463 Cous.
1175 1428 1249 1453 Non.
1264 1436 1294 1460 4,
1308 1438 1337 1465 35
1392 1437 1402 1456 1
1414 1436 1436 1455 N
1448 1435 1466 1455 D
1475 1436 1521 1456 VL
1530 1431 1628 1457 Gi'TA
1637 1436 1649 1456 s
1658 1450 1667 1462 ‚
1687 1429 1744 1456 fitis,
1770 1430 1792 1457 f,
1830 1431 1879 1456 pro
1893 1428 2062 1465 Indulgentia,
2117 1427 2238 1458 Sisenna,
2252 1425 2337 1453 Bafl‘us
2350 1422 2403 1451 affi-

250 1467 312 1498 246.
468 1462 488 1501 ff
516 1472 532 1490 2
567 1461 724 1496 Substantiua
743 1465 834 1489 Datiui
852 1463 921 1498 casiu-
936 1474 943 1488 :
980 1463 1127 1489 Abdomini
1141 1462 1296 1497 indulgere,
1357 1464 1408 1491 dua
1421 1463 1579 1499 indulgita‘te
1592 1465 1689 1492 vietus.
1724 1466 1873 1500 Antiquam.
1916 1463 1974 1490 Vid.
1988 1464 2062 1490 Non.
2075 1471 2103 1496 2,
2120 1472 2179 1496 439.
2371 1493 2378 1500 .

248 1500 303 1527 vid.
323 1507 344 1526 A
353 1506 369 1527 Β
378 1507 396 1527 D
405 1506 423 1526 O
433 1507 458 1526 M
469 1507 486 1526 E
497 1506 531 1525 N.
601 1499 658 1525 Cic.
672 1498 703 1525 de
718 1499 825 1524 Aniicit.
842 1506 875 1531 54
907 1500 994 1533 Atque
1008 1498 1058 1525 hoc
1071 1498 1142 1525 idem
1157 1497 1249 1525 videre
1263 1498 1295 1524 li·
1391 1507 1402 1527 1
1415 1506 1438 1526 N
1450 1506 1468 1526 D
1478 1508 1498 1527 v
1508 1507 1524 1526 1,
1533 1508 1555 1528 Τ
1565 1508 1583 1527 O
1592 1508 1626 1532 n,
1645 1501 1710 1527 bris.
1729 1509 1764 1528 m,
1801 1499 1922 1526 Tei-tull.
1937 1500 1996 1525 adu.
2011 1500 2094 1525 Marc.
2107 1508 2134 1531 4,
2147 1506 2164 1530 9
2191 1496 2314 1522 Indultor
2327 1494 2403 1529 legis.
2424 1520 2426 1523 ,

251 1542 307 1567 661,
333 1544 377 1561 eos
395 1535 442 1569 qui
461 1542 536 1562 antea
548 1534 696 1561 commodis
710 1534 817 1561 fuerunt
831 1534 967 1566 moribus,
997 1535 1129 1569 imperio,
1154 1534 1294 1569 potestate,
1396 1543 1406 1562 1
1417 1542 1438 1561 N
1450 1543 1469 1562 D
1478 1543 1498 1562 v
1508 1543 1524 1561 L
1536 1543 1558 1563 'r
1567 1543 1588 1562 v
1597 1543 1626 1567 S,
1647 1534 1685 1562 1⁶15.
1710 1544 1746 1561 111.
1793 1535 1884 1562 Sidon.
1902 1535 1981 1570 Epist.
1996 1543 2006 1561 1
2020 1533 2068 1561 vlt.
2098 1533 2173 1565 Oro,
2193 1537 2222 1558 vt
2235 1530 2340 1558 indultu
2352 1530 2405 1556 cle-

251 1571 383 1606 prosperis
397 1571 475 1597 rebus
490 1571 642 1601 immutari,
666 1570 753 1604 sperni
773 1569 805 1596 ab
820 1569 860 1596 his
874 1577 975 1597 veteres
990 1570 1144 1601 Amicitias,
1169 1577 1195 1596 et
1209 1569 1296 1596 indul·
1357 1571 1471 1598 mentiae
1488 1577 1548 1597 tuae
1568 1580 1635 1606 quae
1653 1571 1718 1598 volo
1738 1571 1860 1598 scribam.

252 1615 313 1640 gere
325 1606 411 1633 nouis.
478 1606 572 1632 Amori
596 1605 675 1631 Ouid.
690 1606 753 1632 Met.
766 1614 792 1638 9,
801 1612 861 1642 595.
965 1606 1063 1632 Animo
1076 1607 1122 1632 sno
1137 1605 1338 1639 indiilgens‚40
1395 1613 1403 1632 1
1416 1613 1438 1632 N
1452 1613 1471 1632 D
1486 1613 1529 1632 vi.
1541 1613 1562 1633 'r
1573 1613 1634 1640 VS,
1653 1615 1684 1640 a,
1699 1616 1753 1633 um.
1797 1606 1859 1634 Adi.
1879 1606 1884 1611 “
1914 1604 2006 1632 Sidon.
2021 1603 2097 1640 Epist.
2112 1613 2141 1638 4,
2157 1612 2193 1637 24
2217 1600 2331 1628 Induitis
2348 1605 2406 1627 tan·

250 1641 272 1668 i.
290 1641 426 1676 Obsi-quens
452 1640 491 1666 Id.
506 1640 572 1666 ibid.
591 1648 626 1671 12,
640 1645 694 1672 598.
786 1640 824 1666 Id.
838 1640 939 1674 ibid.7,
953 1644 999 1673 568
1024 1641 1164 1676 Indulgent
1178 1641 1294 1673 Animis,
1355 1642 1438 1677 tisper
1452 1642 1579 1669 induciis.
2024 1650 2026 1652 ·

252 1682 278 1702 et
291 1676 363 1702 nulla
375 1675 440 1710 quid
452 1675 518 1702 vtile
530 1683 591 1701 cura
604 1675 648 1701 est.
667 1676 692 1702 h.
701 1684 720 1700 e.
743 1676 854 1707 Faciunt,
870 1676 991 1711 quidquid
1002 1676 1061 1712 ipsis
1073 1678 1138 1704 libet.
1192 1678 1295 1711 Campo
1392 1686 1403 1704 1
1416 1685 1436 1704 N
1448 1684 1467 1704 D
1477 1684 1497 1703 v
1509 1684 1543 1709 o,
1562 1678 1607 1710 ui,
1626 1679 1701 1704 situm
1711 1697 1719 1711 ,
1740 1678 1794 1705 ere.
1833 1674 1937 1739 Ξέκδῦω,
1956 1674 2155 1712 περιέῗοίλλσμαι,
2174 1673 2341 1711 ἆμπὲκψᾰι,
2353 1669 2404 1703 οἶμ-

253 1712 321 1738 Pers.
335 1719 358 1743 ς,
373 1719 400 1744 37
425 1710 524 1737 ludendi
536 1709 617 1745 coufir-
710 1710 822 1735 Choreis
848 1711 922 1744 Virg.
936 1712 1000 1737 Aen.
1014 1721 1040 1743 9,
1056 1715 1106 1741 615.
1177 1712 1295 1745 Corpori
1355 1715 1480 1749 φιέννυμι,
1498 1715 1649 1748 περιπίπτω]
1685 1716 1712 1741 A
1724 1714 1816 1740 Graeco
1848 1713 1894 1744 ύω,
1916 1711 2058 1748 quodsubco
2078 1712 2118 1737 uel
2131 1705 2406 1746 ingrediorslgnfflcat.
2424 1730 2444 1746 u.

252 1747 311 1774 Sen.
327 1746 404 1780 Epist.
413 1751 434 1776 8.
504 1745 640 1783 Desiderio
651 1744 763 1771 alicuius
793 1745 858 1770 Plin.
872 1745 949 1778 Epist.
964 1755 1000 1779 10,
1014 1755 1047 1779 34
1058 1753 1102 1781 pr.
1172 1748 1211 1773 Id.
1226 1747 1294 1773 ibid.
1358 1749 1442 1783 Ipsum
1457 1747 1525 1774 ἒνδύω
1540 1748 1573 1782 est
1587 1749 1680 1776 induo.
1751 1748 1839 1775 Indiio
1851 1748 1948 1774 vestem
1980 1748 2048 1774 Ter.
2061 1747 2126 1773 Eun.
2139 1754 2167 1779 4,
2180 1753 2213 1778 4,
2225 1752 2262 1777 35·
2334 1741 2405 1768 Ibid·
2417 1746 2422 1755 ”
2434 1758 2439 1771 i

251 1790 267 1814 ς
280 1802 288 1815 ,
311 1789 328 1813 9
349 1788 413 1808 exer.
449 1779 499 1807 Sed
512 1780 575 1814 quid
590 1789 638 1813 ego
652 1779 776 1813 indulgeo
795 1780 907 1806 Dolori?
943 1783 961 1806 i.
988 1783 1077 1813 Doleo,
1104 1787 1128 1806 et
1148 1791 1183 1807 me
1201 1780 1296 1817 affligo.
1306 1789 1339 1814 43
1358 1790 1379 1813 5,
1393 1791 1418 1815 7,
1433 1791 1470 1815 40
1495 1783 1550 1810 Vbi
1563 1784 1661 1810 vestem
1674 1784 1824 1810 viditillam
1837 1785 1885 1810 effe
1898 1793 1959 1810 eum
1973 1783 2097 1809 indutum
2110 1781 2199 1816 pater3
2268 1778 2311 1806 Sic
2323 1777 2406 1804 Plaut.

250 1817 347 1843 Seneca
385 1835 391 1842 .
429 1834 435 1841 .
473 1815 537 1840 Non
559 1820 632 1848 potes
655 1815 764 1840 illorum
782 1815 878 1841 Dolori
900 1814 1017 1847 obstare,
1045 1816 1062 1841 fi
1083 1822 1130 1842 tuo
1146 1817 1295 1843 indulseris.
1354 1814 1432 1851 Epid.
1449 1825 1475 1849 2,
1487 1825 1513 1850 2,
1527 1826 1557 1850 41
1583 1818 1664 1844 Vtine
1677 1818 1840 1851 impl'uuium
1855 1818 1950 1844 induta
1963 1823 2014 1844 eat.
2118 1817 2195 1851 Virg.
2210 1815 2276 1842 Aen.
2287 1822 2314 1847 2,
2325 1821 2371 1847 393

251 1850 383 1884 Quinctil.
400 1858 437 1881 10,
452 1857 460 1874 1
483 1850 573 1875 Minus
585 1849 716 1874 indulsere
729 1850 902 1882 Eloquentiae
916 1851 997 1876 Stoici
1014 1857 1125 1877 veteres.
1150 1866 1152 1869 -
1196 1852 1295 1878 Furori
1711 1853 1814 1879 Deinde
1833 1859 1984 1885 comantem
2200 1868 2210 1871 e

251 1887 377 1917 alicuius,
397 1888 413 1910 i.
433 1884 537 1920 Ohsequi
549 1882 715 1922 ardenti-*Uirrio
725 1886 775 1908 eius
790 1887 870 1909 amori
894 1885 976 1910 Ouid.
989 1885 1050 1910 Met.
1068 1894 1093 1917 9,
1107 1894 1154 1918 511.
1226 1887 1292 1912 Plin.
1512 1887 1650 1922 Androgei
1667 1888 1784 1922 galeam³
1811 1888 1944 1922 clipeique
1961 1885 2062 1921 insigne
2081 1885 2208 1912 decorum
2437 1918 2439 1921 .

251 1921 331 1956 Epist.
348 1930 375 1953 5,
392 1928 415 1952 15
453 1920 482 1945 In
496 1917 630 1944 infinitum
646 1917 781 1950 epistolam
796 1917 951 1950 extendam,
976 1919 994 1944 fi
1009 1920 1114 1945 Gaudio
1136 1928 1196 1946 i-neo
1210 1921 1297 1946 indul·
1514 1922 1647 1948 Induitur.
1842 1921 2021 1949 Plaut.'Cafin.
2036 1931 2057 1953 3,
2071 1929 2094 1954 ς,
2108 1929 2135 1953 53
2160 1917 2332 1947 Occiflffimus
2349 1917 2407 1943 sum
2427 1928 2438 1955 ,ζ

250 1966 335 1992 geam.
438 1953 581 1987 Gymnasiis
596 1953 747 1986 indulgere,
769 1953 924 1986 Frequcntcm
934 1960 956 1978 et
968 1952 1087 1987 affiduicm
1102 1952 1145 1985 ‘ff’
1173 1954 1213 1980 Id.
1226 1955 1294 1980 ibid.
1310 1964 1342 1990 50
1358 1955 1496 1987 omnium,
1516 1957 1563 1990 qui
1578 1958 1707 1988 veniunt,
1731 1957 1842 1983 loricam
1862 1958 1969 1983 induam
1990 1957 2059 1982 mihi
2079 1958 2211 1990 optimum
2234 1955 2282 1980 effe
2300 1953 2407 1987 opinor.
2430 1964 2431 1968 ¹

253 2000 290 2023 ιο,
302 2000 346 2024 49.
415 1991 490 2024 Virg.
506 1991 571 2015 Aen.
585 1998 613 2022 4,
627 1997 652 2021 51
674 1988 785 2021 indulge
800 1988 926 2023 Hospitio
936 2008 945 2020 ,
966 1989 1104 2022 causasque
1118 1988 1225 2015 11111εέ16
1239 1998 1295 2015 nio-
1358 1989 1427 2021 Ter.
1442 1990 1507 2015 Eun.
1515 2000 1543 2023 4,
1554 1999 1620 2024 4,41
1644 1991 1795 2019 Chaereane
1808 1998 1881 2018 tuam
1891 1992 1991 2018 vestem
2004 1991 2121 2018 detraxit
2132 1990 2201 2017 tibi?
2225 1995 2278 2016 Do.
2297 1987 2407 2014 [36111111.

250 2027 335 2056 randi.
370 2027 419 2052 i.e.
442 2026 480 2051 Da
493 2033 615 2059 operam,
632 2031 660 2050 vt
673 2027 710 2050 ait
725 2024 841 2050 Seruius.
958 2023 1092 2050 Imbribus
1106 2024 1242 2058 tempestas
1256 2025 1295 2051 in·
1359 2031 1375 2050 Ρ
1385 2031 1416 2051 H.
1441 2030 1466 2050 et
1479 2033 1508 2051 ea
1522 2025 1559 2051 est
1581 2026 1705 2053 indutus?
1741 2034 1797 2053 Do.
1816 2026 1926 2054 [36111111.
2034 2027 2122 2053 Vestes
2136 2025 2222 2052 induit
2236 2024 2302 2051 meis
2314 2023 2406 2056 hinne-

250 2063 340 2098 dulget
371 2062 475 2088 Lucret.
490 2070 516 2093 1,
530 2066 584 2092 805.
656 2058 716 2085 Liu.
734 2068 776 2090 23,
795 2067 806 2090 3
833 2058 882 2085 Sed
894 2063 954 2084 ante
969 2061 1059 2085 omnia
1072 2060 1108 2085 ita
1122 2069 1169 2085 vos
1184 2061 1240 2088 Irae
1257 2061 1296 2086 iri-
1357 2060 1395 2086 ris
1419 2060 1500 2086 Ouid.
1517 2062 1595 2095 Epist.
1608 2070 1646 2095 21,
1661 2071 1716 2094 109.
1873 2061 1894 2100 fl
1914 2071 1930 2090 2.
1965 2060 2124 2095 Sufflavitiua
2132 2064 2232 2088 nomina
2242 2069 2335 2092 ratum,
2347 2067 2418 2095 quae

251 2098 359 2133 dulgere
373 2102 494 2132 oportet,
515 2102 544 2122 vt
558 2095 690 2129 potiorem
704 2095 744 2120 ira
757 2094 864 2120 salutem
877 2100 955 2128 atque
970 2094 1111 2121 Vtilitateni
1124 2095 1236 2121 vestram
1251 2095 1295 2122 ha·
1352 2099 1456 2130 proprie
1469 2097 1616 2124 induuntur.
1670 2097 1808 2124 Annulum
1839 2099 1905 2125 Plin.
1920 2107 1963 2131 33,
1978 2107 1987 2124 1
1997 2118 2004 2131 ,
2025 2106 2040 2124 2.
2058 2104 2082 2124 et
2099 2105 2125 2132 7.
2195 2096 2250 2123 Cic.
2265 2095 2318 2122 Off.
2331 2103 2359 2127 3,
2380 2098 2406 2126 38

251 2134 344 2160 beatis.
434 2133 491 2158 Iuri
511 2131 602 2159 nostro
622 2130 748 2156 libentius
765 2129 914 2164 indulgebit
938 2130 1017 2155 index
1056 2130 1187 2163 Qiinclil.
1206 2138 1238 2164 7,
1267 2133 1292 2157 6.
1309 2133 1337 2159 55
1357 2131 1547 2165 Annuluinque
1558 2140 1668 2159 aureum
1681 2134 1708 2160 in
1723 2133 1825 2168 digito:
1861 2143 1951 2169 quein,
1965 2139 1994 2160 vt
2006 2133 2130 2166 detraxit,
2148 2138 2226 2167 atque
2240 2132 2294 2166 ipse
2307 2130 2406 2160 induit,

251 2168 379 2196 Lacrimis
392 2167 497 2194 indulsit
529 2165 610 2193 Ouid.
623 2166 687 2192 Met.
706 2174 738 2198 9,
757 2163 813 2204 142.
836 2199 840 2204 Ι
905 2165 1033 2191 Luctibus
1064 2166 1168 2191 Lucret.
1182 2174 1211 2198 3,
1230 2174 1294 2200 947.
1357 2172 1404 2204 gtc.
1499 2168 1581 2193 Arma
1615 2169 1691 2202 Virg.
1705 2170 1770 2195 Aen.
1784 2178 1811 2202 9,
1827 2175 1872 2199 181.
1967 2170 2058 2209 ‘Arma
2070 2169 2200 2203 fulgentia
2213 2167 2302 2194 induit
2331 2165 2405 2193 Idem
2427 2199 2430 2203 1

250 2205 321 2232 Suet.
329 2204 360 2231 de
367 2203 435 2230 Clar.
445 2204 561 2229 Gramm.
576 2210 602 2234 23
635 2201 770 2227 Luxuriae
782 2206 819 2226 ita
834 2199 953 2231 indulsit,
967 2205 995 2227 vt
1009 2201 1110 2235 saepius
1124 2201 1152 2226 111
1167 2201 1210 2227 die
1224 2201 1294 2228 laua-
1358 2200 1426 2226 ibid.
1442 2209 1473 2231 11,
1487 2208 1532 2235 77.
1627 2204 1728 2229 Aurum
1743 2204 1864 2232 induitur
1877 2205 1955 2232 etiam
1969 2205 2080 2238 pedibus
2109 2204 2175 2230 Plin.
2188 2211 2224 2236 33,
2235 2211 2258 2236 3.
2329 2201 2442 2234 Idem-U

251 2248 334 2267 retur.
405 2238 524 2265 Offensae
537 2239 575 2263 vel
588 2237 697 2263 Vtilitati
713 2237 771 2262 suae
796 2235 924 2268 Quinctil.
940 2244 973 2268 11,
988 2244 1005 2261 1.
1102 2236 1159 2262 Cic.
1177 2236 1207 2262 de
1222 2237 1294 2262 Ami·
1359 2240 1386 2265 28
1396 2255 1404 2267 ,
1418 2246 1432 2268 4
1463 2237 1494 2262 In
1507 2237 1718 2264 Calceamentum
1733 2239 1820 2266 dextri
1834 2240 1906 2274 pedis
1919 2246 1978 2266 ante
1991 2249 2069 2274 qnam
2084 2240 2218 2266 induatur.
2326 2238 2405 2267 Com·
2424 2240 2442 2263 Γ

252 2276 296 2302 cit.
307 2284 333 2308 91
347 2284 367 2301 c.
377 2283 412 2307 24
436 2273 544 2300 Molesta
557 2272 653 2299 veritas
667 2272 719 2304 est,
738 2271 755 2297 si
770 2271 879 2306 quidem
893 2279 923 2296 ex
939 2280 967 2296 ea
979 2270 1094 2297 nascitur
1109 2271 1211 2305 odium,
1221 2271 1293 2306 quod
1357 2271 1436 2304 pedes
1462 2271 1500 2297 Id.
1513 2281 1553 2304 33,
1568 2281 1605 2298 12.
1713 2274 1769 2301 Cic.
1785 2284 1833 2309 pro
1847 2274 1916 2301 Sulla
1930 2277 1965 2309 76
1987 2284 2007 2300 c.
2021 2283 2055 2309 27
2092 2276 2187 2302 Beluae
2200 2272 2330 2309 quaedam
2341 2272 2404 2300 illae
2413 2266 2433 2292 '30‘

250 2311 287 2337 est
311 2319 438 2337 venenum
458 2309 589 2335 amicitiae
605 2318 610 2334 ε
645 2307 687 2334 sed
702 2306 867 2341 Obsequium
887 2306 972 2332 inulto
990 2306 1126 2333 molestius
1145 2307 1195 2338 est,
1222 2306 1294 2342 quod
1308 2306 1342 2331 60
1358 2315 1389 2332 ex
1404 2308 1533 2340 portentis
1552 2308 1679 2334 immanes
1697 2318 1726 2336 ac
1744 2310 1833 2343 ferae,
1858 2311 1945 2337 forma
1962 2310 2103 2337 hominum
2123 2311 2231 2337 indutae
2251 2311 2403 2335 extiterunt.
2422 2308 2424 2313 '

251 2347 362 2382 peccatis
377 2345 514 2378 indulgens
527 2364 535 2376 ,
557 2343 727 2378 praecipitem
741 2344 855 2369 amicum
870 2342 937 2369 ferri
950 2342 1017 2368 finit.
1121 2341 1246 2369 Precibus
1260 2343 1295 2369 al·
1360 2342 1468 2368 Galeam
1481 2342 1603 2369 induitur
1629 2345 1703 2378 Virg.
1716 2345 1782 2372 Aen.
1792 2355 1814 2378 2,
1826 2354 1881 2379 394.
1958 2345 2085 2372 Gramine
2097 2347 2188 2372 induta
2201 2352 2271 2371 terra
2297 2344 2401 2369 Petron.

251 2382 348 2413 terius,
371 2379 585 2421 Coiiccdt=re,qiiod
594 2383 660 2415 petit
687 2378 753 2405 Plin.
767 2378 844 2412 Epist.
858 2387 886 2410 4,
900 2386 932 2410 ις.
1000 2376 1071 2404 Sibi:
1098 2378 1150 2404 vid.
1166 2378 1295 2404 Bur-mad
1358 2386 1378 2403 c.
1400 2385 1454 2411 127.
1475 2385 1487 2397 ·
1546 2379 1670 2406 Loricam
1694 2379 1814 2407 induitur
1853 2381 1927 2414 Virg.
1948 2380 2013 2406 Aen.
2033 2388 2067 2414 7,
2086 2376 2162 2414 640.‘
2265 2377 2402 2411 Lugubria

252 2417 380 2451 Qiinetil.
395 2422 418 2449 8,
431 2424 451 2448 ς.
520 2415 613 2441 Studio
626 2415 672 2441 suo
686 2413 787 2448 aliquid
810 2413 921 2447 Qun&
934 2421 961 2445 3,
977 2421 1015 2439 10.
1086 2413 1153 2439 Plin.
1168 2413 1246 2447 Epist.
1261 2424 1294 2447 4,
1356 2412 1545 2446 (vestimenta)
1568 2415 1679 2441 induere
1704 2416 1784 2442 Ouid.
1800 2417 1862 2443 Met.
1878 2425 1911 2448 11,
1926 2417 1987 2448 669.
2038 2415 2123 2441 Postes
2136 2414 2209 2449 pice,
2222 2419 2272 2449 pro
2285 2413 2401 2440 minere.-

252 2462 277 2486 ις
292 2459 355 2479 extr.
380 2453 407 2478 Si
420 2451 533 2486 denique
546 2450 666 2485 precibus
680 2450 746 2476 meis
758 2456 786 2475 tii
796 2449 938 2483 potissimus
951 2449 1058 2475 adiutor
1070 2449 1211 2481 accesseris,
1219 2449 1294 2474 cuius
1356 2448 1438 2474 Plaut.
1454 2449 1555 2475 Mostel.
1571 2458 1594 2482 3,
1612 2459 1624 2475 2
1633 2469 1640 2481 ‚
1654 2460 1701 2484 140
1733 2452 1819 2486 Atque
1832 2452 1912 2479 etiam
1926 2459 1994 2477 nunc
2007 2450 2066 2477 satis
2077 2451 2135 2477 sunt
2147 2449 2228 2480 boni,
2237 2455 2244 2463 ·
2254 2448 2273 2475 si
2287 2449 2345 2474 sunt
2361 2448 2400 2474 in-

250 2489 358 2516 Senatus
372 2494 397 2514 et
415 2487 545 2521 Suffragio
562 2485 727 2512 libentiffime
747 2485 896 2519 indulgeat,
926 2491 951 2511 et
973 2484 1125 2510 testimonio
1149 2483 1295 2518 plurimum
1311 2485 1343 2517 65
1358 2482 1416 2509 duti
1430 2484 1497 2517 pice.
1533 2486 1576 2510 Al.
1590 2486 1637 2520 leg.
1653 2487 1773 2519 1nduffl,
1800 2487 1865 2522 quod
1879 2494 1944 2513 certe
1957 2485 2082 2520 usitatius.
2189 2482 2274 2510 Sectis
2287 2483 2313 2509 se
2328 2483 2401 2519 ,Cim

252 2523 347 2551 credat.
416 2523 471 2549 Cic.
494 2523 566 2549 Fam.
593 2524 635 2554 16,
660 2527 685 2551 18
727 2521 838 2554 indulge
855 2520 1010 2547 Valetudini
1027 2526 1100 2553 tuae,
1128 2526 1157 2545 vt
1178 2520 1295 2546 Seruire.
1357 2518 1389 2544 de
1403 2520 1477 2545 Orat.
1486 2527 1508 2551 3,
1518 2528 1557 2552 125
1570 2529 1590 2546 c.
1599 2529 1634 2551 32.
1689 2521 1776 2548 Soleas
1789 2523 1917 2548 iumentis
1940 2522 2004 2548 Plin.
2019 2527 2057 2554 33,
2069 2530 2090 2547 11
2105 2521 2124 2547 [.
2133 2528 2178 2554 49.
2212 2519 2256 2546 Al.
2270 2517 2402 2544 inducere.
2418 2538 2421 2543 .

251 2556 272 2622 Ξ
294 2568 305 2591 3
342 2558 482 2594 Obseruott.
532 2558 590 2584 Cum
609 2557 773 2593 Accigs'atiuo,
800 2558 919 2592 Antique.
975 2556 1044 2582 Ter.
1059 2556 1153 2581 Heaut.
1167 2564 1196 2587 ε,
1217 2564 1242 2588 1,
1265 2557 1294 2581 16
1358 2554 1449 2588 Specie
1464 2554 1578 2581 humana
1593 2555 1680 2582 induti
1694 2555 1728 2582 Di
1757 2557 1813 2583 Cic.
1825 2557 1862 2584 N.
1878 2557 1910 2583 D.
1927 2565 1938 2581 2
1957 2565 2026 2588 e.24.
2121 2555 2218 2590 spoliis
2232 2554 2313 2588 raptis
2325 2552 2402 2579 indu·
2418 2580 2420 2582 ,

274 2594 389 2621 iiciunda
403 2594 488 2621 hercle
501 2593 563 2619 haec
577 2592 701 2619 mollities
715 2592 814 2625 animi,
839 2593 918 2618 nimis
932 2592 976 2618 Me
995 2590 1130 2625 indulgeo.
1185 2592 1227 2617 Al.
1243 2589 1295 2623 Mi,
1360 2595 1400 2615 tus
1421 2590 1495 2624 Virg.
1512 2591 1577 2618 Aen.
1592 2598 1631 2624 10,
1645 2599 1703 2626 775.
1765 2593 1908 2627 Torquem
1922 2592 2021 2618 ceruici
2036 2592 2096 2618 suae
2114 2592 2180 2618 Aur.
2194 2589 2267 2617 Vi&
2283 2589 2314 2616 de
2327 2588 2402 2615 Viris
2414 2591 2430 2604 ’-

249 2629 353 2658 refhus.
446 2628 556 2655 Modest.
570 2628 597 2653 in
611 2628 626 2654 l.
641 2628 736 2654 Titius
754 2628 786 2653 D.
810 2627 842 2653 ad
867 2627 1124 2653 Senatusconsultum
1143 2626 1295 2661 Tiirpillia-
1357 2625 1454 2651 Illustr.
1470 2631 1538 2655 c.28.
1641 2627 1777 2654 Tunicam
1806 2629 1862 2655 Cic.
1876 2628 1958 2654 Tusc.
1974 2636 2003 2660 2,
2019 2635 2062 2653 20.
2246 2622 2274 2662 fl
2296 2635 2307 2658 3
2345 2625 2404 2651 Cum

251 2675 332 2696 nuni,
353 2663 515 2691 Modestinus
537 2663 681 2697 rescripsit,
707 2663 890 2689 Abolitionem
902 2671 1027 2695 reorum,
1053 2671 1119 2696 quae
1134 2662 1241 2696 publice
1256 2663 1295 2688 in-
1308 2671 1344 2698 70
1351 2661 1432 2696 flores
1446 2660 1583 2696 etsruH'us
1595 2660 1650 2696 fint
1662 2664 1730 2702 velo(
1743 2661 1818 2695 vestis
1830 2670 1853 2689 et
1867 2670 1970 2690 ornatus
1983 2663 2083 2698 quidam
2101 2661 2231 2692 arborum,
2253 2662 2313 2688 hino
2330 2660 2411 2698 iureis
2447 2690 2449 2696 .

252 2700 391 2734 diligetur,
421 2699 451 2725 ad
464 2699 513 2725 hoc
527 2707 605 2733 genus
619 2698 739 2724 criminis
753 2706 805 2723 non
821 2698 960 2731 pertinere.
1051 2698 1157 2731 leian.
1173 2698 1202 2723 in
1216 2697 1233 2723 l.
1250 2706 1257 2723 1
1271 2695 1299 2733 §.⁶
1357 2698 1471 2732 ligantur
1477 2697 1604 2732 formulae
1616 2695 1690 2730 istae,
1709 2704 1732 2724 et
1745 2697 1800 2731 istis
1807 2698 1910 2733 fimilcs.
1961 2699 2034 2733 Saepe
2047 2701 2085 2725 ita
2101 2696 2265 2724 Columella:
2301 2701 2330 2723 vt
2343 2704 2366 2728 5,
2377 2696 2405 2726 6.

251 2736 300 2762 vlt.
333 2737 366 2765 D.
386 2734 403 2761 si
424 2743 480 2769 pars
499 2733 670 2764 hereditatis,
694 2733 828 2759 Interdum
849 2734 956 2759 Praetor
970 2733 1084 2760 incertae
1098 2733 1179 2767 partis
1193 2733 1297 2759 heredi-
1359 2737 1390 2762 28
1423 2733 1498 2766 Quae
1512 2741 1569 2767 pars
1583 2733 1697 2767 palmitis
1714 2735 1884 2769 praecipitata
1897 2733 1950 2767 est,
1974 2733 2064 2761 fructu
2083 2733 2214 2759 induitur.
2269 2731 2359 2758 Induit
2378 2731 2419 2757 se

252 2770 313 2797 tatis
337 2769 492 2804 petitionem
512 2769 639 2802 indulget.
745 2768 804 2793 Cum
824 2775 881 2793 vtro
899 2777 926 2793 ue
939 2769 1009 2804 Casu.
1082 2768 1191 2795 Indulsit
1210 2770 1235 2795 se
1255 2769 1294 2795 vi-
1323 2780 1326 2783 *
1358 2768 1426 2801 yites
1442 2768 1501 2794 vuis
1520 2777 1554 2802 4,
1568 2777 1611 2801 24,
1626 2777 1662 2795 12.
1715 2769 1783 2797 Add.
1796 2779 1828 2803 4,
1844 2779 1888 2802 27,
1903 2777 1916 2802 ς
1935 2777 1981 2796 etc.
2053 2769 2144 2796 Induit
2158 2769 2184 2795 se
2196 2767 2310 2795 floribus
2323 2765 2404 2794 arbos
2442 2798 2443 2803 1

253 2805 367 2832 dendum
380 2805 430 2831 tibi
455 2805 515 2830 Stat.
530 2803 594 2829 Silu.
608 2813 630 2834 4,
643 2804 676 2834 63
690 2804 728 2834 36.
765 2806 783 2828 r'.
805 2802 928 2837 (301161ζὶ1.
970 2832 976 2841 x
1000 2803 1132 2836 Qiine‘fil.
1145 2813 1174 2836 2,
1190 2812 1218 2838 17
1250 2805 1295 2831 At.
1359 2812 1403 2835 10,
1423 2812 1474 2835 242.
1584 2807 1675 2840 Nempe
1688 2805 1739 2840 ipſs:
1758 2806 1834 2840 Virg‚
1849 2806 1946 2839 Georg,
1964 2814 1998 2838 2,
2016 2812 2063 2840 ¹77
2099 2804 2300 2838 Contemplator
2321 2803 2402 2834 item,
2421 2804 2427 2822 ”.
2441 2810 2443 2819 ⁴

253 2850 305 2876 que
319 2842 356 2867 ita
376 2840 497 2874 quidem,
520 2844 549 2865 vt
563 2844 683 2872 appareat
697 2837 759 2864 hacc
772 2837 893 2864 aduersus
908 2847 953 2864 cos
966 2847 1072 2873 quoque
1084 2839 1180 2865 frustra
1193 2842 1294 2874 excogi.
1309 2846 1341 2873 75
1359 2848 1441 2873 quum
1457 2839 1481 2864 se
1495 2847 1548 2865 nux
1561 2840 1675 2874 plurima
1690 2841 1762 2867 filuis
1798 2840 1893 2868 Induet
1912 2841 2064 2874 inrfloreni.
2179 2838 2296 2866 Frondes
2314 2836 2402 2864 induit
2435 2870 2438 2874 .

254 2882 323 2909 tata,
348 2877 394 2910 qui
414 2875 490 2902 malis
503 2874 622 2900 moribus
636 2882 732 2899 nomen
746 2874 859 2900 oratoris
873 2873 1017 2908 indulgent.
1089 2876 1129 2902 Sic
1143 2875 1171 2901 de
1185 2880 1296 2902 meretri-
1358 2874 1439 2901 arbor
1470 2874 1552 2901 Ouid.
1569 2876 1632 2902 Met.
1648 2883 1679 2910 7,
1699 2882 1752 2907 281.
1823 2877 1854 2903 Se
1868 2877 1954 2911 pomis
1967 2876 2045 2903 arbos
2058 2874 2180 2902 induerat
2214 2875 2289 2908 Virg.
2301 2873 2400 2906 Georg.
2419 2893 2424 2896 .
2439 2887 2442 2892 ν

252 2912 337 2943 cibus,
364 2920 436 2946 quum
453 2910 505 2946 sese
522 2912 687 2944 permittunt,
716 2915 739 2934 et
757 2909 875 2943 praebent
898 2910 1049 2935 amatoribus
1064 2930 1073 2943 ,
1110 2911 1122 2945 [
1133 2911 1293 2946 χαρίζεὲὶαι]
1358 2920 1383 2943 4,
1397 2918 1446 2943 143.
1551 2910 1617 2937 Plin.
1631 2911 1659 2937 in
1674 2912 1766 2947 Paneg.
1781 2921 1843 2945 030
1851 2920 1894 2948 pr.
1925 2912 2023 2939 Tantis
2035 2911 2165 2946 segetibus
2179 2909 2354 2940 induebatur,
2372 2912 2409 2943 vt?
2420 2920 2439 2944 ij

254 2947 374 2974 quen-al.
394 2955 409 2972 2
421 2966 429 2978 ,
449 2948 491 2978 163
525 2960 570 2965 ——-
594 2943 696 2971 ardenti
718 2945 768 2971 sese
788 2944 916 2970 indulsisse
936 2945 1054 2972 tribuno.
1136 2947 1295 2981 Imhdgeor,
1358 2954 1418 2971 cum
1433 2945 1592 2973 feracislimis
1606 2948 1699 2981 terris,
1725 2948 1797 2983 quali
1811 2957 1947 2983 nunquam
1961 2949 2055 2974 cessura
2068 2951 2187 2973 certaret.
2342 2942 2362 2981 fl
2381 2952 2402 2977 4
2430 2968 2434 2975 ,

253 2981 318 3016 Post]
355 2981 422 3008 Gell.
438 2990 470 3007 20
490 2989 511 3006 c.
524 2980 572 3007 vlt.
606 2980 662 3014 Ipse
681 2985 767 3005 autem
787 2980 818 3005 ad
839 2980 889 3006 hoc
907 2981 1008 3015 scripti,
1035 2987 1063 3007 vt
1080 2981 1171 3008 liberis
1186 2992 1294 3017 quoque
1359 2982 1485 3008 Formulae
1498 2982 1562 3008 oliae
1582 2984 1776 3018 Metophorisae.
1833 2983 2001 3010 Adulationis
2013 2982 2158 3016 plurimum
2173 2979 2346 3007 Seleucienscs
2359 2980 2400 3006 in·
2424 3010 2434 3017 -.

253 3018 320 3046 meis
335 3023 438 3052 paratae
453 3015 600 3042 istiusmodi
613 3014 773 3041 remissiones
785 3015 877 3047 essent,
904 3016 1007 3050 quando
1026 3017 1128 3043 animus
1148 3026 1240 3044 eorum
1255 3019 1294 3044 in-
1311 3017 1343 3043 80
1358 3015 1440 3042 dinei-e
1467 3016 1557 3044 Tacit.
1570 3018 1637 3045 Ann.
1651 3021 1675 3050 6,
1689 3013 1736 3053 42]
1801 3019 1927 3045 Animum
1941 3018 2018 3044 bonis
2031 3015 2131 3044 artibus
2144 3024 2197 3042 non
2211 3015 2332 3041 induerat
2359 3015 2400 3042 1d.
2426 3019 2439 3051 ’,ζ

253 3053 401 3081 terstitione
430 3052 519 3086 aliqua
539 3051 708 3085 negotiorum
728 3050 786 3076 data
818 3050 916 3082 laxari,
950 3052 1136 3087 indulgerique
1163 3055 1293 3088 potuiffet.
1357 3051 1425 3078 ibid.
1440 3060 1473 3083 15,
1488 3060 1530 3084 45.
1633 3055 1828 3081 Auftoritatem
1842 3054 1931 3081 induit
1942 3062 2004 3080 vera
2019 3051 2152 3079 sentientis
2186 3051 2318 3083 Quinctil.
2333 3059 2364 3084 4,
2379 3059 2398 3078 1.
2423 3072 2429 3082 ‚-

253 3087 274 3125 q
296 3098 314 3121 4
350 3090 387 3115 De
401 3094 478 3121 etymo
486 3087 589 3122 pulchre
603 3086 702 3121 CaJIzub.
717 3085 751 3111 od
762 3086 828 3112 Pers.
844 3093 866 3118 ς,
882 3094 911 3120 37
926 3096 948 3120 p.
966 3096 1011 3119 390
1025 3089 1061 3122 sq.
1082 3089 1192 3124 obseram
1206 3090 1293 3116 indul.
1358 3088 1415 3114 Cic.
1432 3087 1464 3114 de
1478 3087 1535 3113 Fin.
1550 3096 1571 3120 2,
1586 3096 1615 3122 73
1648 3091 1674 3116 Si
1688 3091 1831 3125 voluptatis
1845 3091 1917 3117 causa
1931 3098 1990 3115 cum
2005 3087 2081 3115 Gallo
2093 3085 2163 3121 apud
2178 3087 2306 3112 Anienem
2321 3086 2401 3121 1161111-
2428 3086 2443 3115 ,3'

253 3133 315 3158 gere
329 3123 370 3157 effi*
383 3123 477 3150 dicium
487 3130 534 3157 pro
547 3121 704 3156 indiirgere,
723 3124 741 3148 i.
756 3131 804 3148 non
818 3129 950 3157 urgerem!
958 3122 1059 3149 indoles
1072 3124 1100 3149 ob
1115 3125 1293 3152 inolescendo.
1357 3123 1462 3158 gnati-it,
1483 3131 1655 3158 prouocatuS,
1682 3131 1708 3152 et
1721 3135 1753 3152 ex
1773 3127 1829 3152 eius
1842 3125 1932 3160 spoliis
1947 3124 1995 3150 fibi
2014 3129 2040 3150 et
2060 3128 2183 3156 torquem
2204 3128 2229 3148 et
2242 3123 2400 3162 Cognomen
2421 3118 2443 3137 Λ

256 3162 348 3194 Nempe
357 3161 458 3194 proprie
471 3161 543 3184 etiam
566 3157 637 3184 Cael.
652 3157 751 3184 Chron.
767 3165 797 3196 2‘.
814 3165 838 3189 1,
852 3165 889 3189 44
922 3157 1000 3183 Nunc
1021 3161 1166 3192 aegrotanti
1185 3161 1294 3187 demon·
1357 3159 1462 3191 induit,
1485 3165 1531 3185 etc.
1625 3160 1714 3188 Tacit.
1730 3163 1797 3188 Ann.
1812 3164 1844 3194 6,
1861 3170 1896 3188 20
1923 3159 2036 3193 Qlalem
2050 3158 2129 3184 Diem
2149 3157 2283 3184 Tiberius
2301 3157 2400 3184 Induis-

254 3195 333 3221 strato
347 3200 437 3226 motu,
459 3193 506 3228 qui
526 3202 594 3219 nnnc
614 3192 724 3220 adducti
737 3192 843 3218 fasciola
858 3192 974 3218 svblcuct
989 3202 1081 3225 crura,
1107 3204 1174 3220 nunc
1193 3197 1294 3223 indulta
1306 3199 1336 3227 85
1359 3195 1409 3227 set,
1438 3195 1494 3228 pari
1515 3193 1615 3221 habitu.
1669 3199 1687 3222 i.
1715 3198 1816 3223 Qualem
1834 3205 1925 3232 quoque
1944 3195 1983 3221 die
2009 3203 2117 3220 omnuim
2143 3196 2299 3227 vultumque,
2339 3202 2400 3229 quae

255 3230 375 3263 deponat.
433 3230 473 3256 Sic
494 3236 516 3255 ft
534 3229 551 3254 s.
568 3236 604 3260 45.
679 3230 709 3254 Et
730 3227 799 3254 Ibid.
841 3228 958 3261 Cogatui·
980 3227 1070 3254 labore
1086 3231 1196 3264 proprio
1209 3241 1254 3265 pci-
1269 3233 1294 3258 se
1349 3230 1484 3266 summitur
1497 3240 1511 3256 a
1530 3230 1568 3256 dle
1582 3237 1628 3256 etc.
1687 3222 1746 3258 VIII.
1766 3234 1872 3259 Gronou.
1892 3229 1956 3263 Olgffi
1976 3239 2005 3261 1,
2028 3239 2051 3256 2.
2155 3229 2265 3255 Diuersa
2286 3227 2399 3256 induere

256 3265 340 3299 ipsum
355 3264 507 3291 adducendo
515 3264 663 3299 fasciolam,
687 3269 765 3298 atque
792 3263 954 3298 indulgendo
976 3264 1027 3290 suis
1050 3265 1171 3291 cruribus
1189 3273 1293 3294 motuni
1356 3265 1448 3292 Tacit.
1462 3266 1529 3292 Ann.
1543 3267 1574 3297 6,
1588 3274 1623 3297 33.
1657 3269 1675 3292 i.
1694 3266 1852 3301 diueifimode
1865 3264 1984 3300 offi·Hicm
1999 3263 2049 3298 t'ffi’-
2119 3264 2185 3291 Plifl·
2200 3273 2250 3296 20,
2264 3272 2288 3296 ¹3
2299 3271 2343 3299 pr.
2369 3264 2398 3292 de

254 3300 390 3334 praestare.
444 3297 484 3332 Es}
491 3299 553 3335 sare
567 3302 593 3324 in
608 3300 648 3325 his
661 3299 797 3333 indulgere
812 3308 860 3325 non
874 3309 977 3334 urgere,
995 3309 1042 3325 non
1055 3299 1174 3326 adducere
1183 3321 1190 3333 ,
1212 3306 1294 3328 inten-
1356 3311 1444 3333 eruca,
1466 3302 1547 3327 Aiunt
1561 3300 1671 3328 verbera
1680 3302 1804 3330 subituris
1817 3307 1908 3337 potum
1923 3309 1954 3326 ex
1967 3301 2032 3326 vino
2045 3299 2178 3327 Duritiam
2192 3300 2322 3334 quandam
2339 3306 2402 3325 coni

254 3336 325 3366 dere,
347 3343 393 3362 etc.
454 3335 512 3360 Vni.
532 3344 591 3369 quoe
610 3333 762 3369 disputamus
779 3344 836 3360 voce
852 3341 891 3361 1N
901 3341 919 3360 D
929 3340 947 3360 V
959 3342 975 3361 C
985 3342 993 3360 1
1004 3342 1066 3367 AE,
1086 3344 1157 3370 quam
1172 3337 1201 3362 ab
1215 3338 1293 3364 Indu·
1355 3341 1396 3362 tra
1408 3337 1509 3363 sensum
1524 3336 1642 3363 induere.
1696 3338 1743 3365 Sed
1754 3338 1879 3365 inducere
1892 3337 1974 3362 Elzeu.
1988 3343 2011 3362 ct
2024 3336 2150 3363 Hordum.
2161 3337 2266 3362 alterins
2284 3333 2399 3361 lec-tionis
2421 3336 2449 3369 st*

254 3371 351 3405 cendo,
370 3374 387 3396 i.
400 3379 447 3396 non
461 3369 578 3402 ducendo,
591 3369 689 3396 (luciam
702 3370 862 3396 arbitramur.
1307 3383 1342 3406 90
1356 3380 1385 3397 ne
1408 3375 1529 3398 mentione
1548 3372 1640 3407 quidem
1655 3372 1744 3408 sach.
1846 3372 2029 3405 Eloquentiam
2047 3371 2134 3406 pueris
2152 3370 2261 3397 induere
2292 3371 2396 3397 Petron.
2424 3373 2449 3406 g,

292 3412 301 3430 1
314 3413 332 3430 N
346 3412 472 3432 DV1.GE
485 3412 504 3431 N
516 3413 546 3437 s,
565 3406 640 3432 entis.
677 3406 770 3432 Partic.
807 3405 873 3431 Plin.
889 3412 976 3440 17,10
1002 3405 1144 3432 Nutricem
1158 3406 1294 3440 indulgen-
1357 3415 1378 3432 c.
1392 3417 1419 3440 4.
1489 3409 1610 3434 Formam
1629 3409 1767 3435 mortalem
1787 3407 1907 3434 induitur
1928 3406 2048 3432 Phoebus
2082 3406 2163 3433 Ouid.
2187 3407 2250 3432 Met.
2275 3414 2297 3432 11
2309 3425 2318 3438 ,
2343 3414 2396 3438 203.
2434 3409 2441 3437 ης

255 3439 349 3465 tiorein
363 3441 418 3471 effe,
433 3449 510 3475 quam
525 3446 633 3466 matrem
651 3441 723 3475 saepe
738 3441 872 3467 conuenit.
943 3441 999 3467 Cic.
1015 3442 1065 3467 Att.
1081 3450 1123 3473 io,
1145 3444 1162 3468 6
1191 3443 1293 3469 Vellem
1356 3442 1502 3474 Habitum,
1522 3452 1550 3470 ac
1564 3451 1640 3469 voces
1655 3444 1790 3471 dolentum
1803 3442 1967 3469 simulatione
1989 3442 2086 3477 magis,
2106 3450 2184 3476 quam
2205 3441 2290 3468 libens
2304 3436 2396 3467 indue‘-
2426 3439 2439 3467 ’ἰ
2477 3462 2479 3469 1

257 3474 398 3507 suscepill‘es
411 3476 534 3502 iuuenem
547 3476 705 3510 regendum,
727 3477 881 3510 paterenim
894 3476 973 3502 nimis
988 3477 1142 3511 indulgens,
1161 3477 1292 3512 quidquid
1359 3477 1402 3503 bat
1437 3478 1527 3509 Tacit.
1541 3479 1608 3504 Ann.
1628 3489 1658 3512 4,
1676 3488 1713 3506 12.
1828 3478 1941 3504 Hostilia
1961 3478 2042 3504 etiam
2060 3478 2185 3503 aduersus
2207 3486 2256 3503 nos
2274 3477 2397 3503 induerat
2421 3482 2433 3504 ·,
2477 3493 2479 3511 l

258 3516 307 3540 ego
327 3510 467 3543 adstrinxi,
485 3511 592 3538 relaxat.
686 3512 784 3538 Animo
804 3511 942 3546 indulgens
972 3511 1072 3539 Sallust.
1086 3513 1188 3548 Fragm.
1202 3515 1227 3545 6,
1248 3523 1292 3547 42.
1356 3513 1430 3540 Idem
1444 3514 1510 3540 ibid.
1524 3523 1556 3544 12,
1570 3522 1616 3547 40,
1630 3523 1656 3546 4.
1759 3513 1813 3539 Cic.
1829 3513 1909 3540 Tusc.
1926 3522 1945 3546 1,
1958 3522 1987 3546 91
2000 3522 2020 3539 c.
2036 3521 2062 3545 33
2093 3512 2181 3539 Habes
2194 3513 2313 3538 somnum
2328 3512 2397 3538 Ima-
2423 3484 2442 3569 ἢ

258 3542 356 3569 Lucan·
369 3551 399 3577 7,
419 3552 451 3579 54
541 3552 543 3555 '
1306 3553 1339 3580 95
1358 3549 1446 3583 ginem
1463 3549 1555 3576 mortis
1568 3557 1678 3583 eamque
1693 3548 1814 3584 quotidie
1828 3549 1924 3575 induis.
1998 3549 2058 3575 Liu.
2072 3558 2098 3580 3,
2114 3557 2139 3580 33
2171 3548 2299 3581 Regimen
2313 3547 2395 3574 totius
2411 3551 2437 3579 ‚¹3
2477 3553 2479 3580 1

483 3614 488 3618 -
556 3597 600 3602 -
620 3582 705 3615 segnis
723 3581 888 3616 pauidusque
906 3589 1032 3613 vocatur,
1357 3584 1520 3618 magistratus
1533 3593 1610 3618 penes
1629 3585 1745 3619 Appium
1765 3591 1819 3610 erat
1839 3585 1932 3611 fauore
1954 3583 2050 3618 plebis:
2086 3584 2204 3617 adeoque
2222 3590 2321 3608 nouum
2346 3582 2396 3609 fibi
2423 3586 2442 3611 ·;·

412 3612 447 3637 Ac
463 3614 573 3642 nimium
592 3618 692 3651 patiens
709 3618 792 3645 soceri
812 3618 965 3652 Pompeius,
984 3624 1009 3643 et
1023 3617 1098 3645 orbis
1357 3620 1496 3653 Ingenium
1512 3619 1646 3651 induerat,
1672 3626 1700 3646 vt
1719 3619 1847 3653 plebicola
1868 3626 1991 3655 repente,
2014 3620 2153 3653 omnisque
2166 3627 2244 3645 aurae
2258 3618 2395 3653 popularis
2421 3612 2441 3630 ⁴⁴*
2474 3641 2479 3660 1

336 3681 342 3685 ,
369 3680 374 3686 ,
411 3646 655 3690 Indulgens-regno.
821 3657 838 3679 i.
865 3655 978 3680 Nimium
991 3656 1101 3679 intentus
1113 3659 1135 3679 ct
1145 3653 1291 3681 incumbenr.
1357 3662 1474 3688 captator
1487 3655 1606 3682 euaderet
1620 3664 1667 3689 pro
1679 3655 1746 3681 truci
1761 3656 1889 3690 saeuoque
1906 3655 2060 3682 insectatore
2076 3654 2170 3688 plebis.
2273 3655 2325 3680 iras
2345 3652 2395 3679 {ibi
2413 3630 2447 3707 ὦ

256 3682 355 3708 Crescit
367 3680 501 3715 indulgens
516 3684 562 3709 libi
575 3686 646 3712 dii-us
660 3686 774 3726 liydrops
800 3689 867 3715 Hor.
876 3689 963 3716 Carni.
979 3697 1002 3718 2,
1016 3697 1039 3719 2,
1054 3697 1087 3720 13.
1181 3689 1240 3716 Liu.
1254 3699 1292 3722 22,
1357 3691 1401 3717 Sil.
1416 3699 1442 3723 1,
1456 3696 1493 3723 38.
1560 3690 1649 3716 Mores
1661 3690 1768 3724 pudicos
1783 3699 1807 3717 ct
1822 3693 1925 3718 seueros
1954 3690 2019 3716 Plin.
2032 3695 2071 3720 28,
2085 3695 2108 3719 8.
2215 3689 2308 3715 Munia
2321 3689 2394 3715 ducis
2413 3693 2435 3729 111,

258 3719 284 3742 61
296 3724 337 3756 pr.
361 3717 474 3756 ¹Praeter
487 3720 633 3756 exemplum
653 3724 768 3748 ciuitatis
787 3725 898 3750 minime
912 3724 938 3750 in
953 3724 1070 3758 captiuos
1084 3724 1135 3749 iam
1150 3724 1210 3751 inde
1225 3726 1290 3752 anti.
1302 3730 1348 3749 100
1356 3726 1448 3752 Tacit.
1470 3727 1538 3752 Anii.
1558 3734 1582 3756 1,
1601 3727 1644 3757 69.
1733 3727 1888 3753 Orationem
1906 3725 1992 3752 fidiam
2014 3725 2131 3760 personis
2164 3723 2297 3757 Qiiiic'lil.
2315 3733 2353 3757 4,
2375 3732 2394 3750 1.
2416 3716 2441 3766 (¹
2476 3732 2479 3757 1

257 3759 345 3785 quitus
360 3751 528 3791 indulgentis.
642 3757 696 3781 Cic.
713 3758 764 3784 Off.
779 3767 801 3790 3,
815 3768 855 3786 112
887 3759 942 3793 Qui
955 3768 1038 3793 nuper
1054 3759 1191 3793 indulgens
1206 3761 1234 3786 in
1249 3770 1291 3794 pa·
1356 3761 1438 3787 Indue
1451 3767 1537 3787 mente
1549 3761 1660 3792 Patrem,
1670 3762 1807 3789 crescentes
1821 3763 1903 3796 dilige
1917 3762 1986 3787 fetus
2010 3761 2101 3788 Claud.
2118 3760 2196 3786 Cons.
2210 3760 2281 3785 Hon.
2295 3767 2317 3791 3,
2339 3766 2392 3794 157.
2410 3760 2413 3769 ¹
2476 3769 2479 3793 1

256 3793 339 3819 trem,
366 3787 434 3827 idern
454 3787 562 3813 acerbus
580 3794 605 3813 et
619 3790 719 3816 senei-us
733 3793 760 3818 in
771 3793 864 3820 filiuni.
971 3795 1083 3829 Compar.
1145 3796 1201 3822 Vid.
1223 3797 1290 3823 Plin.
1355 3798 1467 3823 Pauores
1480 3796 1556 3822 falsos
1570 3795 1690 3822 induerat
1716 3797 1804 3824 Tacin
1818 3798 1885 3824 Hist.
1902 3807 1930 3830 4,
1946 3801 1982 3827 38·
2090 3794 2222 3828 Qinffll.
2242 3797 2272 3826 6,
2293 3803 2306 3819 2
2327 3802 2392 3821 extr.
2437 3793 2447 3817 ᾋ
2477 3802 2479 3826 j

248 3822 337 3857 supra.
386 3824 441 3850 Cle·
456 3831 504 3857 pro
518 3822 622 3849 ClUffl‘l'·
633 3832 659 3849 ¹2
672 3834 692 3849 c.
703 3834 715 3856 ἰ
747 3828 833 3861 Ipsum
848 3838 945 3856 nomen
959 3829 1087 3856 amantius
1100 3830 1290 3865 indulgentius-
1355 3832 1458 3859 Orbum
1471 3831 1571 3864 agimus
1585 3836 1610 3857 et
1621 3832 1792 3865 naufragum,
1811 3840 1837 3860 et
1852 3831 2061 3868 periclitantem:
2095 3829 2328 3865 quoi-uniindiiere
2336 3830 2393 3855 Per·
2434 3823 2439 3863 η’

255 3866 305 3896 que
318 3863 474 3897 maternum.
507 3892 512 3898 .
567 3858 634 3886 Suet.
648 3860 721 3892 Vesp.
737 3869 757 3886 c.
773 3870 799 3888 21
829 3864 886 3890 Nec
906 3865 961 3892 ν110
980 3872 1099 3900 tempore
1118 3866 1226 3893 facilior
1243 3873 1289 3894 aut
1355 3868 1444 3897 sonas,
1461 3865 1525 3900 quid
1539 3866 1648 3898 attinet,
1671 3867 1717 3893 nili
1737 3868 1845 3894 affcdhis
1865 3867 2035 3895 aflinuainus?
2150 3865 2190 3890 An
2202 3864 2295 3891 eodem
2310 3864 2400 3891 inodo-

253 3892 432 3927 indulgcntior
446 3892 568 3921 traditur.
669 3893 763 3930 Superl.
800 3897 863 3924 Plin.
879 3900 957 3934 Epist.
972 3909 1017 3933 10,
1037 3909 1067 3935 5,
1081 3909 1097 3927 2
1133 3901 1209 3937 Rogo
1222 3911 1286 3937 ergo
1301 3908 1345 3934 ως
1354 3901 1493 3936 6631131111,
1525 3907 1570 3928 aut
1588 3901 1696 3930 eandem
1713 3903 1852 3931 Personam
1869 3902 1958 3931 induit
1979 3902 2092 3934 Cicero,
2122 3908 2181 3927 cuna
2199 3900 2323 3962 scribkeret
2343 3901 2391 3939 Cn.
2405 3934 2407 3941 ἲ
2427 3897 2438 3922 ·.’

2248 3948 2250 3950 “
2281 3942 2390 3971 ompeio

2409 3969 2437 4013 ,1.

2406 4010 2437 4051 ,ἦέ

2411 4054 2433 4099 τ’

2410 4147 2415 4160 .

2403 4047 2417 4067 ,Α

2400 4126 2409 4142 ,v

2393 4065 2461 4225 ll
