2479 4225
23 198 27 202 Δ
42 218 109 267 365

0 1456 1 1459 ,
29 1429 105 1456 Altus
118 1429 246 1469 Enipeus,
270 1431 288 1455 i.
302 1428 447 1490 pagancia-t
466 1427 562 1462 Virgil.
575 1427 672 1461 Georg.
685 1436 713 1460 4,
726 1429 781 1459 368.

0 1488 1 1495 ,
28 1463 118 1490 lectus.
131 1463 266 1490 Claudian.
286 1462 319 1490 de

0 1545 1 1549 ¹
27 1533 193 1562 Thessalicus
210 1535 329 1569 Propert.
341 1543 364 1567 3,
378 1543 414 1567 19,
430 1543 469 1567 14.

0 1815 1 1819 ¹
27 1816 144 1844 Floridis
155 1818 256 1843 enitens
269 1824 368 1848 myrtus
381 1816 490 1848 ramulis
521 1814 616 1840 Catuli.
637 1816 682 1843 62,
702 1821 740 1838 21.
907 1847 912 1850 ⁵
965 1847 970 1850 ·

26 1859 55 1882 2,
69 1858 83 1883 ς
103 1853 140 1876 Ac
151 1851 169 1876 fi
182 1860 228 1884 par
241 1852 270 1876 in
282 1851 359 1876 nobis
372 1851 451 1875 huius
463 1848 526 1874 artis
538 1852 617 1880 atque
628 1847 657 1871 in
671 1846 719 1870 illo
739 1845 858 1878 Ρίἃ111ε30
878 1847 987 1871 scient1a
1004 1847 1108 1885 suis-43

0 2077 1 2084 .
28 2071 62 2090 na
75 2061 168 2088 enituit
179 2060 280 2087 Tullii.

0 2142 1 2153 ¹
31 2134 82 2161 tuit
102 2131 195 2168 aliquis
218 2132 248 2159 in
273 2131 365 2162 bello;
402 2132 428 2157 se

0 2173 1 2194 l
32 2169 150 2203 Gimpro
163 2169 278 2195 Muraen.
291 2175 321 2199 32
336 2176 357 2193 0.
371 2175 400 2201 14
418 2168 481 2200 Qio
494 2165 602 2201 quidem
615 2166 645 2191 in
657 2165 729 2192 bello
743 2165 828 2192 virtus
842 2165 939 2191 enituit
958 2166 1064 2199 egregia

285 2203 290 2208 ’
461 2202 602 2228 Contraria.
640 2201 696 2228 Cic.
716 2201 749 2227 de
766 2202 869 2227 Inuent.
885 2210 905 2233 1,
918 2209 944 2240 11,Ι
975 2202 1065 2234 Quare
1081 2208 1109 2234 53

12 3959 14 3968 l

12 3969 14 3988 l

408 206 680 248 ENI

184 297 255 335 Resp.
272 297 327 332 Ego
340 297 411 324 enim
423 297 515 324 vocari
529 297 592 324 iussi.
648 299 680 325 Et
695 295 772 323 Most.
785 303 808 328 3,
823 303 848 327 1,
863 302 898 328 24
926 293 999 329 Qiid
1019 298 1075 321 tute

42 307 142 331 vocare·
501 334 549 359 Vbi
567 333 630 359 idem
647 334 706 368 fere
724 330 773 364 est,
794 330 858 365 quod
874 332 948 362 sane,
969 330 1076 357 scilicet.

43 336 143 366 tecum?
183 335 254 370 Resp.
275 333 361 365 Nihil}
374 333 454 359 enim.

44 373 99 400 Cic.
107 372 158 398 Ati.
166 377 194 402 4,
216 389 222 395 .
244 389 250 395 .
273 368 395 395 Profce'to
408 369 479 394 enim
492 368 593 403 aliquid
607 369 716 403 egissem.
752 366 818 392 Ter.
827 365 901 392 Adel.
912 373 1004 400 2,1,47
1025 367 1074 391 Ve-

41 415 100 436 rum
112 404 182 432 enim
192 404 297 439 quando
306 404 372 430 benc
380 404 538 438 promeruit,
546 404 600 436 fiat,
607 405 679 430 suum
689 402 729 428 ius
737 400 859 435 postulat.
896 402 952 427 Cic.
961 400 992 426 de
999 401 1074 427 Orat.

41 451 65 476 3,
73 450 106 476 ςι.
140 441 226 467 Immo
238 440 310 466 enim
323 448 401 474 qnam
415 439 529 466 maxime
539 439 585 466 abs
594 445 620 465 te
631 437 735 473 postulo
747 441 825 470 atque
836 445 886 462 oro
894 436 1018 468 Chreme,
1029 444 1073 462 etc.
1096 443 1110 469 5

27 475 192 506 'Ter.A11dr.
202 482 224 507 ς,
233 484 253 508 1,
261 484 288 508 4.
324 475 390 502 ΛΜ.
406 475 622 508 Id.Eun.2‚3,63.
645 479 668 499 et
681 471 823 504 Phorm.4,
831 480 859 504 4,
875 480 908 503 13.
945 473 1074 507 Eleganter

40 510 160 541 abundat:
173 511 246 545 Virg.
255 512 320 537 Aen.
330 515 352 542 8,
362 515 394 543 84
407 512 494 543 Qiam
503 511 560 545 pius
569 510 667 535 Aeneas
675 506 727 533 tibi
735 507 806 532 enim
817 506 867 532 tibi
877 507 990 533 maxima
998 508 1074 533 Iuno.

39 553 68 575 vt
78 548 114 573 ait
122 545 195 573 Seru.
231 547 333 573 Poterat
345 549 417 571 etiam
431 548 471 572 hic
484 555 536 572 cum
549 543 660 576 scilicet,
678 543 717 568 uel
729 550 824 575 nempe
831 545 982 578 permutari.
1017 544 1075 568 Alii

37 581 125 616 aestio,
135 590 207 617 quam
218 583 360 617 reIIgionem
373 584 399 606 in
414 591 440 607 ra
448 581 535 617 forma
540 577 690 615 subodorari
702 577 828 603 videntur.
865 577 912 604 Sed
924 580 997 604 etiam
1010 579 1075 602 alias

35 616 271 648 abundarevidetur,
279 625 307 643 vr
316 617 396 643 Plaut.
404 616 498 650 Amph.
506 624 526 646 2,
535 622 555 645 2,
562 616 595 640 62
609 613 681 647 Quid
689 612 760 639 enim
771 613 873 639 censes?
890 612 1073 648 Itasaepiffimc
1089 623 1117 640 10

34 655 65 680 in
77 655 270 688 interrogatione
288 653 343 678 tali.
386 650 532 678 Vid.L.amb.
546 648 580 675 ad
592 650 659 675 Hor.
672 648 754 674 Serm.
771 656 791 680 1,
805 657 824 680 1,
837 655 863 682 7.
894 650 933 675 De
951 647 1027 684 ellipst
1046 650 1072 674 in

35 687 226 724 responsionibus
243 693 300 713 ante
314 687 404 720 Enim,
424 686 476 714 vid.
490 691 571 712 NAM.
924 720 930 724 Ι

344 722 406 756 [wel
423 721 470 755 μὴν
489 718 533 754 δὴ]
572 718 605 746 Id
620 716 751 759 eli-Certe,
770 721 797 745 in
812 720 942 753 principw
956 717 1070 753 positum.

77 729 94 750 Ε
106 729 307 754 NlMVhRO,
780 753 852 780 Idem
867 754 941 779 Verr.
958 762 976 784 1,
993 756 1027 779 66
1049 763 1069 780 c.

36 758 92 786 Cic.
106 759 179 784 Verr.
192 766 215 790 3,
228 760 259 791 ὅς
280 758 422 784 Enimuero
433 755 469 782 est
480 756 568 782 ridere
581 763 610 782 ac
624 755 725 781 mirari.

36 795 73 821 26
89 793 230 819 Enimuero
243 793 381 819 ferendum
392 791 442 818 hoc
455 799 508 817 non
522 790 565 816 est.

34 825 160 855 Chrem'es
173 829 252 854 nimis
266 829 389 863 grauiter,
402 833 448 852 etc.
485 825 557 860 Conf.
570 824 644 851 Idem
657 825 738 852 Andr.
753 834 771 855 1,
781 833 803 857 3,
819 831 840 857 1,
858 824 902 850 vbi
914 823 966 850 vid.
976 824 1070 850 Donat.

32 863 178 891 Enimuero
198 864 283 898 inquit
302 863 357 890 Cic.
372 861 404 887 de
415 862 489 888 Orat.
504 869 531 894 1,
552 868 605 893 105.
676 860 724 888 Sed
737 859 892 895 aduersarius
913 859 973 885 Liu.
986 863 1029 891 26,
1044 865 1070 891 38

32 898 132 926 Blafius
152 898 184 925 de
202 899 352 934 proditione
370 896 475 923 Dasium
492 896 646 931 appellabat.
700 896 844 922 Enimuero
864 895 927 927 ille,
950 894 1023 921 velut
1041 896 1069 922 in

33 934 171 961 manifesta
183 943 229 967 re,
250 935 393 961 exclamat:
423 931 470 958 sub
488 932 573 959 oculis
586 931 743 958 Hannibalis
764 931 851 957 secum
870 929 902 956 de
916 930 1070 964 proditione

31 977 48 996 a
69 978 86 997 1.

31 978 198 1040 rffspondenti.
253 1003 378 1031 Interdum
390 1002 446 1036 sine
466 1003 654 1039 indignatione,
683 1009 707 1028 et
728 1004 755 1027 in
774 1000 958 1035 affirmatione:
987 1002 1068 1028 Plaut.

32 1041 130 1075 Amph.
144 1049 169 1073 2,
183 1049 207 1073 z,
221 1047 266 1074 127
287 1039 369 1065 Tune
385 1044 410 1064 te
423 1037 513 1064 abiisse
528 1038 592 1065 hinc
605 1045 682 1071 negas
698 1038 707 1063 3
736 1043 802 1063 AM.
823 1037 901 1070 Nego
921 1036 1068 1064 enimuero.

33 1076 91 1102 Cic.
105 1078 179 1103 Vcrr.
193 1083 214 1109 5,
227 1082 266 1101 101
285 1074 329 1101 Illi
341 1073 479 1100 enimuero
492 1074 518 1100 se
530 1072 684 1105 ostendunt,
703 1071 774 1106 quod
789 1072 869 1098 vellet
882 1072 929 1098 esse
943 1072 1068 1099 fafluros.

31 1110 106 1138 Idem
122 1112 196 1138 Verr.
209 1121 236 1144 4,
249 1118 296 1142 140
318 1109 366 1136 Ille
379 1109 517 1136 enimuero
530 1114 614 1143 negat.
684 1107 754 1134 Ter.
768 1108 833 1134 Eun.
847 1116 872 1139 2,
888 1116 908 1139 3,
922 1115 954 1142 37
984 1115 1006 1134 Ρ.
1027 1110 1069 1134 Ιη-

31 1146 170 1173 commode
183 1145 277 1172 hercle.
314 1150 332 1172 c
343 1151 373 1171 1-1.
391 1145 476 1171 immo
488 1145 627 1170 enimuero
642 1141 795 1170 infeliciter.

32 1182 151 1210 Deorum
169 1181 208 1209 ira
225 1180 362 1207 admonuit
380 1180 440 1206 Liu.
454 1189 479 1212 z,
492 1182 532 1212 36.
567 1177 652 1206 Paullo
661 1179 721 1213 plus
733 1176 780 1211 esi,
799 1177 902 1214 quamsi
914 1188 980 1205 vcro
989 1180 1070 1216 stilum

27 1223 63 1254 po
76 1216 153 1251 uisfi‘t.
188 1216 228 1244 Sic
240 1214 357 1248 affeHum
365 1216 475 1252 subitum
486 1217 619 1250 exprimit,
635 1214 713 1240 Nunc
729 1214 867 1241 enimuero
880 1214 967 1241 occidi
981 1225 986 1241 :
1006 1220 1069 1242 eunt

30 1261 47 1280 a
78 1259 103 1280 te
115 1252 216 1284 hostes,
235 1250 363 1284 Tyndare
380 1251 461 1278 Plaut.
474 1251 548 1284 Capt.
562 1258 586 1282 3,
601 1259 629 1283 4,
643 1257 668 1275 2.

70 1293 89 1314 Ε
99 1289 216 1314 ΝῖΡΕν
226 1293 257 1319 S,
276 1286 294 1313 i.
319 1296 355 1313 m.
385 1285 521 1321 [Ἔνιπεῦς]
558 1286 660 1312 Flauius
675 1283 826 1317 Thessaliae,
842 1287 913 1311 iuxta
928 1295 995 1321 quem
1008 1286 1070 1322 suit

26 1325 149 1360 praelium
161 1325 225 1349 inter
237 1321 362 1357 Caesarem
375 1328 399 1348 et
411 1323 558 1357 Pompeium.
596 1321 693 1347 Lucan.
708 1328 735 1355 7,
747 1322 790 1346 116
809 1321 939 1355 Sanguine
948 1322 1069 1348 Romano
1080 1337 1112 1361 30

29 1367 110 1394 quam
122 1357 240 1385 turbidus
252 1357 304 1384 ibit
317 1357 438 1391 Enipeus.
474 1355 516 1390 Est
529 1362 553 1382 et
565 1357 629 1383 alter
641 1355 713 1382 huius
727 1359 835 1382 nominis
839 1356 938 1392 fluuius
950 1360 977 1382 in
992 1357 1069 1389 Elide,

26 1390 182 1430 inAlpheuni
194 1392 304 1425 illabens,
311 1396 354 1428 qui
365 1394 498 1419 recentiore
511 1394 605 1418 nomine
613 1391 764 1418 Barnichius
775 1391 879 1422 dicitur,
890 1390 948 1425 teste
956 1393 1036 1419 Strab.
1044 1399 1068 1422 8.

853 1427 1009 1462 Virginibus
1030 1427 1070 1454 di-

360 1463 402 1490 ell.
418 1464 476 1490 Get.
496 1468 543 1495 183.
615 1463 727 1497 Magnus
746 1462 834 1489 Valer.
848 1464 948 1497 Argon.
963 1471 993 1496 5,
1013 1469 1068 1493 208.

27 1499 138 1526 Pulcher
157 1499 293 1526 Claudian.
306 1500 384 1526 Cons.
396 1500 467 1525 Hon.
479 1507 503 1532 3,
519 1499 569 1525 116.

523 1532 659 1560 Tumidus
674 1533 762 1561 Valer.
775 1534 837 1569 Arg.
850 1542 871 1566 1,
883 1539 920 1567 83.

64 1576 221 1603 ENxsvs,
237 1570 290 1596 vid.
305 1576 471 1597 ENiTOR.

60 1612 82 1632 E
92 1603 133 1632 N'I'
142 1611 187 1633 ΤΕ
197 1612 233 1637 0,
257 1609 309 1632 ere.
346 1603 538 1639 [καλλύνομικη
562 1601 764 1637 ἒπκαλλύνσμοιι]
800 1603 974 1638 Resplendere,
993 1610 1018 1631 et
1031 1608 1070 1631 ni-

25 1636 107 1669 ¹titium
119 1649 148 1668 ac
160 1643 266 1676 politum
280 1647 304 1667 et
315 1647 428 1667 ornatum
439 1639 491 1673 esse.
525 1638 654 1666 Laudatur
672 1638 784 1665 Tibulli
797 1647 910 1671 carmen,
922 1640 993 1675 falso
1001 1659 1010 1672 ,
1028 1649 1070 1666 ar—

25 1676 109 1703 bitror
118 1695 125 1707 ,
144 1677 176 1703 Et
188 1682 315 1711 quantum
328 1676 418 1703 faciles
430 1676 549 1702 enituere
563 1674 634 1700 deae.

28 1711 126 1745 quibus
138 1711 189 1738 hoc
200 1720 255 1741 non
266 1712 381 1738 maxime
394 1711 498 1740 enituit,
511 1708 584 1744 quod
596 1709 648 1736 tibi
662 1716 753 1735 omnes
767 1709 844 1741 dant,
863 1719 973 1736 acumen
986 1709 1070 1745 quod-

29 1746 90 1772 dam
104 1746 240 1781 singulare.
343 1748 428 1773 Decus
442 1746 524 1772 enitet
536 1754 584 1771 ore
621 1745 693 1778 Virg.
712 1745 778 1770 Aen.
792 1753 826 1776 4,
844 1752 896 1776 ¹30·
1013 1745 1069 1770 Cic.
1090 1748 1092 1751 “

28 1782 112 1808 Tusc.
128 1791 153 1814 2,
167 1791 190 1813 13
203 1791 225 1808 0.
239 1789 252 1815 ς
271 1783 368 1816 Fruges
378 1788 465 1809 tamen
478 1781 547 1814 ipsae
559 1781 648 1813 suapte
660 1784 753 1805 natura
764 1780 976 1838 001101ἓὶέκᾶ1ἔτῖ.
979 1780 1069 1837 11311οὲἑῖ

26 1886 66 1911 set
80 1895 86 1910 :
119 1885 224 1910 fortaffe
244 1884 327 1916 magis
348 1884 392 1910 hic
409 1885 456 1909 suo
469 1882 499 1907 in
510 1889 606 1915 genere
616 1888 681 1914 opus
695 1880 813 1906 nostrum
828 1889 906 1914 quam
921 1881 966 1906 ille
979 1881 1007 1906 in
1023 1881 1068 1907 sua

25 1919 130 1956 pieiura
141 1919 242 1945 nobilis
254 1919 373 1945 eniteret.
471 1917 526 1943 Cic.
546 1916 578 1942 de
592 1915 662 1941 Clar.
677 1915 751 1941 Orat.
769 1923 809 1948 215
844 1916 878 1942 At
891 1916 970 1942 Crassi
983 1917 1067 1951 magis

24 1954 143 1982 enitebat-
153 1955 249 1980 oratio.
352 1953 409 1980 Cic.
424 1953 477 1979 Att.
492 1961 516 1983 2,
532 1960 541 1978 1
561 1952 624 1978 Fuit
636 1950 708 1977 enim
722 1950 791 1977 mihi
803 1951 1066 1986 commodum,quod

25 1991 56 2019 in
67 1991 104 2017 eis
116 1989 296 2026 orationibus,
315 1998 382 2026 quae
398 1987 560 2023 Philippicae
581 1986 768 2018 nominantur,
783 1986 910 2014 enituerit
936 1988 982 2013 iile
1005 1994 1065 2014 tuus

27 2026 92 2053 ciuis
105 2025 299 2052 Demosthenes.
403 2024 464 2051 Liu.
478 2032 499 2056 1,
537 2042 543 2049 .

383 2060 440 2087 Cic.
461 2068 510 2094 pro
530 2058 612 2085 Flacc.
633 2066 661 2093 17
676 2067 696 2084 c.
709 2065 727 2092 7
754 2059 844 2092 Quini
866 2058 928 2084 illae
946 2059 1066 2086 Athenae

430 2103 519 2157 ‘prope
532 2094 632 2120 cunetis
646 2093 767 2128 gentibus
781 2094 925 2120 enitebant.
1004 2095 1066 2120 Eni-

29 2107 84 2125 non
95 2097 177 2124 solum
190 2097 219 2123 in
234 2095 358 2128 Graecia,
378 2095 422 2122 sed

471 2130 604 2157 obsoleuit
633 2130 662 2156 in
700 2138 761 2164 pace
810 2129 875 2156 Plin.
896 2131 1022 2164 Paneg.c.
1037 2140 1065 2164 4.

32 2205 71 2232 M.
84 2204 188 2231 Catonis
200 2212 293 2238 111-03111
305 2203 355 2229 tui.

32 2239 100 2267 mihi
113 2238 232 2266 videntur
243 2239 331 2274 postea
344 2243 444 2265 caetera
457 2237 540 2265 studia
553 2236 623 2263 reeta
633 2242 712 2272 atque
726 2236 834 2263 honesta
847 2243 893 2271 per
905 2242 992 2263 otnnn
1005 2245 1066 2263 con-

30 2274 158 2312 celebrata
173 2275 205 2302 ab
223 2275 348 2310 optimis,
366 2273 483 2300 enituisse
497 2283 502 2300 :
540 2272 592 2301 hoc
608 2281 673 2300 vero
692 2281 708 2300 a
725 2272 859 2308 plerisque
873 2280 968 2299 eorum
981 2271 1066 2302 deser-

25 2311 82 2336 mm
97 2310 258 2337 obsoleuitse.

63 2352 278 2380 ENITESCO,
298 2347 351 2374 ere.

26 2378 113 2408 noster
124 2381 167 2408 hic
181 2382 264 2408 cultus
278 2382 373 2409 clarius
386 2381 516 2409 enitescet.

24 2417 161 2444 felicitatis
173 2418 306 2445 Romanae
319 2417 387 2452 apud
398 2424 498 2444 exteras
512 2422 601 2452 gentes
614 2416 757 2443 enitescere
771 2417 927 2452 inceptabat.
987 2416 1065 2443 Au&

25 2451 59 2480 ad
71 2453 169 2480 Heren.
181 2463 209 2486 4,
224 2461 256 2488 57
275 2455 350 2486 Qiae
374 2461 433 2478 cum
453 2454 553 2479 summa
576 2451 653 2478 laude
671 2452 777 2487 prodita
794 2452 921 2480 vetustate
943 2452 1065 2488 quotidie

25 2489 110 2522 magis
123 2488 250 2522 enitescit.
319 2487 385 2514 Add.
399 2488 505 2514 Colum.
517 2495 544 2520 9,
560 2496 598 2520 14.

64 2530 80 2549 E
89 2530 111 2550 N
121 2523 134 2549 ἶ
142 2529 164 2548 Τ
171 2529 191 2549 0
199 2529 228 2555 R,
235 2523 286 2548 isus
296 2528 319 2548 et
332 2523 401 2555 imis,
410 2523 450 2549 iti.
472 2523 537 2557 Dep.
558 2522 709 2558 [πειραίομαι,
716 2523 905 2558 φιλοτιμῖμσιι]
925 2524 992 2551 Idem
1000 2523 1065 2560 quod

28 2560 103 2587 Niti,
117 2557 354 2593 sedfignficantius
360 2557 453 2594 paullo.

27 2593 145 2625 enitere,
164 2598 192 2619 vt
208 2602 255 2619 nos
268 2602 328 2619 cura
342 2599 385 2620 tua
400 2599 425 2620 et
437 2593 605 2628 prouidentia
616 2595 699 2621 iuues.
770 2595 837 2622 Ter.
853 2595 933 2622 Andr.
953 2604 975 2628 3,
991 2605 1019 2629 4,
1033 2604 1062 2630 17

27 2628 171 2663 Cori-igere
185 2629 252 2655 mihi
264 2634 354 2655 natum
367 2638 449 2664 porro
463 2630 571 2657 enitere.
686 2631 743 2657 Cic.
757 2630 808 2657 Off.
822 2638 845 2663 3,
856 2640 893 2664 42
905 2640 926 2657 0.
941 2640 970 2657 10
1005 2631 1062 2664 Qi

25 2663 138 2690 stadium
152 2664 273 2699 (inquit)
293 2665 391 2697 currit,
409 2665 476 2692 eniti
490 2671 515 2691 et
530 2665 686 2693 contendere
699 2665 776 2692 (lebet
788 2675 867 2700 quam
880 2667 994 2692 maxime
1007 2667 1065 2699 pos-

26 2699 58 2726 fit
69 2706 97 2725 vt
112 2699 206 2725 vincat.
309 2700 364 2726 Cic.
379 2700 451 2726 Fam.
465 2708 490 2731 9,
504 2708 529 2731 13
550 2700 631 2732 Qiod
643 2707 671 2726 vt
683 2702 784 2726 enitare
797 2701 990 2734 contendasque
999 2720 1006 2731 ,
1019 2699 1063 2726 vel

387 2344 611 2380 [ἒκκκλλῦνομοιι]
647 2344 724 2373 Idem.
759 2344 892 2379 Qinfiil.
905 2353 937 2378 2,
951 2352 964 2378 ς
988 2344 1066 2372 Tum

24 2735 114 2769 potius
128 2741 156 2774 vt
172 2733 289 2769 perficias
304 2734 389 2768 (posse
402 2735 473 2760 enim
488 2738 529 2766 te,
548 2734 616 2760 mihi
630 2735 752 2768 persuasi)
767 2735 938 2761 vehementer
950 2741 975 2761 te
984 2735 1063 2761 etiam
1070 2748 1106 2776 70

24 2776 104 2804 atque
118 2777 197 2796 etiam
211 2778 288 2803 rogo,
395 2770 451 2796 Cic.
466 2769 498 2795 de
511 2769 617 2796 Amicit.
630 2777 661 2802 59
691 2770 755 2796 Non
767 2770 803 2796 est
817 2770 899 2804 igitur
912 2770 1007 2802 amici,
1026 2776 1063 2796 ta-

26 2805 79 2831 lem
99 2806 147 2831 esse
168 2807 195 2831 in
215 2814 290 2837 eum,
309 2804 393 2840 qualis
415 2805 460 2831 ille
478 2805 507 2830 in
520 2806 544 2831 se
555 2805 606 2836 cst,
627 2805 670 2831 sed
683 2806 769 2839 potius
783 2806 849 2832 eniti
861 2811 887 2832 et
899 2804 1018 2838 efficere,
1034 2811 1063 2832 vt

301 2841 306 2845 “
607 2840 663 2866 Cic.
678 2841 789 2875 Philipp.
803 2850 829 2873 2,
843 2850 872 2873 23
897 2841 976 2868 Nihil
990 2850 1063 2875 prae-

855 2877 927 2903 Eniti
942 2876 970 2902 in
981 2876 1065 2903 reali-

25 2841 106 2868 amici
123 2840 249 2867 iacentem
264 2849 383 2866 annuum
398 2841 500 2867 excitet.

23 2876 138 2909 tei-mili,
159 2883 285 2911 quantum
298 2876 398 2908 facere,
416 2876 534 2910 enitique
546 2875 622 2909 potui
636 2876 718 2910 quin,
738 2884 784 2902 etc.

26 2921 78 2947 qua
97 2912 151 2938 Cic.
167 2912 198 2938 de
211 2912 286 2937 Orat.
299 2920 325 2943 2,
333 2919 387 2944 293·

26 2947 99 2974 effice
114 2955 158 2979 vt,
179 2955 224 2973 etc.
265 2947 321 2972 Cic.
336 2948 389 2973 Att.
410 2950 452 2978 16,
467 2952 501 2978 18.

26 2983 153 3017 1emporis
166 2982 243 3009 nobis
256 2988 415 3017 prorogetur
434 2983 490 3009 Cic.
503 2982 574 3008 Fam.
588 2990 610 3014 3,
627 2991 663 3009 10.
733 2984 814 3009 Omni
828 2993 878 3018 ope
891 2990 969 3018 atque
982 2992 1064 3018 opera

27 3019 94 3044 eniti
111 3019 165 3045 Cic.
180 3020 230 3044 Att.
245 3027 284 3050 14,
298 3025 331 3050 15.
426 3018 518 3044 Remis
538 3017 625 3045 Valer.
640 3019 736 3052 Argon.
749 3028 777 3052 4,
791 3021 849 3049 680.
953 3019 1064 3046 Viribus

28 3053 103 3087 Virg.
116 3055 211 3088 Georg.
226 3062 247 3086 2,
261 3056 317 3086 360.
427 3055 561 3087 Quintum
577 3053 679 3080 viribus
693 3055 775 3087 eniti,
788 3055 897 3082 consilio
909 3055 1065 3090 prouidere,

29 3088 183 3115 auctoritate
204 3098 313 3115 monere
335 3094 448 3123 potuero
488 3090 543 3116 Cic.
567 3090 637 3115 Fam.
658 3099 696 3122 10,
708 3098 735 3123 4.

30 3123 96 3150 Nit'r
105 3131 213 3150 conatum
226 3134 314 3151 omnem
323 3125 500 3161 progrediendi
505 3124 650 3160 fignificat,
670 3128 708 3151 ita
722 3125 793 3152 Eniti
805 3123 838 3158 cst
852 3135 905 3151 cum
919 3125 1065 3160 difficultate

31 3159 112 3192 aliquo
125 3159 256 3195 ascendere.
302 3161 368 3187 Plin.
383 3165 417 3193 18,
432 3166 462 3190 28
479 3161 522 3186 Sol
536 3161 590 3194 ipsc
603 3161 634 3187 ad
646 3161 806 3196 Aquilonem
820 3161 957 3194 scandens,
978 3171 1006 3188 ac
1019 3171 1066 3197 per

33 3194 113 3220 ardua
128 3195 226 3225 enisus,
243 3195 275 3221 ab
298 3204 328 3222 ea
347 3202 417 3222 meta
430 3196 525 3230 incipit
538 3196 623 3227 flecti,
643 3204 689 3223 etc.
795 3197 851 3223 Cic.
866 3196 899 3222 de
911 3198 986 3224 Orat.
1002 3206 1021 3230 1,
1035 3207 1065 3231 14

34 3229 122 3256 Nemo
133 3229 188 3256 fere
201 3230 283 3256 laudis
292 3231 399 3266 cupidus
411 3231 562 3258 adolescens
570 3241 624 3258 11011
635 3232 683 3259 sibi
696 3231 729 3259 ad
742 3232 879 3259 dicendum
893 3233 978 3259 studio
991 3233 1066 3259 omni

34 3265 184 3291 enitendum
196 3266 305 3299 putauit.

33 3300 96 3331 tuit,
113 3301 258 3339 quo-virtus
270 3310 323 3328 non
335 3302 408 3337 poffit
421 3304 496 3329 eniti.
585 3304 652 3330 Tac.
666 3305 696 3330 A.
710 3313 733 3337 2,
746 3313 778 3330 20
799 3305 857 3330 Pars
873 3304 1009 3330 obieGmm
1025 3313 1067 3338 ag-

31 3343 122 3370 gerem
136 3340 283 3363 eniteretur.
316 3364 320 3367 ,
385 3338 452 3365 Add.
468 3339 505 3365 Id.
520 3338 587 3365 Hist.
602 3348 621 3370 1,
635 3348 674 3372 23,
688 3349 709 3372 3.
745 3347 768 3366 et
781 3340 829 3366 An.
843 3348 866 3370 2,
880 3345 911 3370 80
930 3341 1000 3366 Dum
1013 3340 1066 3366 Ro-

33 3378 125 3396 manae
139 3369 255 3397 cohortes
266 3372 294 3397 in
305 3380 416 3408 aequum
427 3375 597 3401 eniterentur.
655 3375 727 3410 Conf.
744 3382 869 3402 ENisvs.
951 3376 1065 3411 Metaph.

32 3405 74 3434 Ad
84 3404 239 3432 Consulatus
245 3412 269 3432 et
275 3406 385 3435 honores
393 3410 467 3445 eniti,
480 3413 498 3436 i.
506 3410 657 3446 adscendere.
693 3412 790 3437 Patere.
799 3410 913 3446 asubfin.
922 3412 992 3438 Raro
1000 3412 1064 3438 01111-

604 2946 672 2973 Illud
687 2956 769 2982 pugna
780 2948 928 2988 ettenitere,
949 2956 981 2973 ne
996 2947 1061 2982 quid

33 3512 82 3540 fibi
98 3522 104 3537 ι
138 3516 170 3551 yt
180 3512 211 3537 D.
226 3511 367 3553 Augustus,
386 3516 422 3541 M.
436 3517 564 3551 Agrippa,
583 3523 609 3543 et
622 3517 726 3544 Statilio
745 3518 858 3550 Taum,
878 3518 975 3552 quibus
989 3519 1071 3544 noui-¹

34 3553 72 3574 tas
85 3547 203 3574 familiae
218 3545 286 3571 hand
299 3546 411 3581 obstitit,
431 3561 483 3585 quo
496 3553 583 3578 minus
595 3552 626 3579 ad
639 3553 798 3588 multiplices
807 3554 963 3580 Consulatus
972 3554 1065 3580 trium-

35 3582 161 3618 phosque,
170 3588 195 3608 et
203 3581 338 3615 complura
345 3583 500 3614 eniterentur
506 3588 660 3615 sacerdotia.
730 3586 751 3626 q
774 3598 784 3621 3
805 3591 935 3624 Proprium
942 3588 975 3622 est
984 3590 1065 3621 Eniti,

636 790 703 817 Ter.
717 791 811 816 Heaut.
824 796 845 822 ς,
859 796 881 821 ς,
896 797 905 814 1
924 789 1069 815 Enimuero
1088 798 1112 824 ις

137 972 165 995 111
186 969 347 1006 rqspmfione,
370 973 399 993 vt
417 967 501 1000 modo,
527 967 673 1003 indignanti
690 966 885 997 accommodum,
910 972 934 991 et
946 966 1071 1002 ferociter
1081 979 1117 998 20

841 1143 917 1169 Tum
931 1144 1069 1170 enimuero
1080 1155 1112 1182 23

638 1498 751 1532 Segnior
767 1498 855 1525 Valcr.
871 1499 970 1533 Argon.
984 1507 1004 1531 1,
1017 1506 1068 1533 357.
1084 1512 1113 1540 33

723 1674 779 1699 Cic.
801 1673 834 1700 de
848 1675 922 1701 Orat.
937 1683 963 1706 2,
978 1682 1020 1707 125
1040 1676 1113 1713 In40

582 2043 588 2049 .
625 2023 656 2049 In
675 2031 707 2048 eo
720 2022 792 2048 bello
806 2031 830 2049 et
845 2023 929 2048 virtus
941 2029 967 2049 et
981 2024 1064 2049 fortu-
1077 2036 1109 2062 50

586 2381 656 2408 Gell.
671 2389 710 2416 17,
724 2389 751 2407 21
772 2383 827 2408 Iam
841 2382 912 2408 fama
926 2382 1065 2416 virtusque
1072 2386 1108 2412 60

508 2559 563 2585 Cic.
580 2559 633 2585 Att.
648 2567 675 2592 9,
688 2564 713 2590 18
739 2559 787 2587 Tu
800 2569 868 2586 nunc
881 2561 957 2586 omni
971 2569 1062 2587 amore
1075 2570 1107 2602 65

480 2911 601 2944 Enitcre‚
620 2911 742 2944 elabora,
760 2914 802 2938 vel
817 2912 904 2946 potius
918 2911 1062 2943 eblandire,
1075 2924 1107 2952 7³¹

931 3088 951 3127 fl
972 3099 988 3117 2
1030 3092 1108 3126 Vtgo

411 3267 486 3294 Curt.
498 3275 526 3303 7,
539 3276 572 3300 11,
587 3277 614 3294 10
639 3268 719 3295 Nihil
731 3274 784 3295 tam
800 3269 851 3294 alte
867 3275 958 3295 natura
972 3268 1066 3294 consti·
1080 3280 1108 3308 83

1511 203 1797 246 ENN
2111 214 2185 263 366

1140 301 1180 326 14,
1194 297 1234 326 28,
1247 301 1269 326 3.
1372 292 1431 320 Liu.
1446 302 1491 327 40,
1505 302 1523 327 4
1558 293 1589 320 Et
1601 293 1667 329 apud
1683 303 1745 321 eum
1762 294 1848 329 plures
1861 297 1936 325 cnira
1957 304 2054 334 partus.
2151 303 2185 328 Ee

1140 330 1231 356 Tacit.
1247 331 1313 355 Ann.
1328 336 1352 360 3,
1365 337 1391 360 33
1429 329 1595 356 Concordem
1615 330 1664 356 libi
1682 330 1839 364 coniugem,
1860 339 1885 359 et
1904 336 1945 360 sex
1965 343 2051 369 partus
2066 335 2183 364 enixam.

1141 364 1214 390 Non.
1231 373 1249 395 1,
1264 370 1303 395 281
1324 364 1422 390 Enixae
1435 365 1558 392 dicuntur
1572 366 1702 396 feminae,
1722 365 1852 398 Nitendi,
1871 368 1895 393 h.
1909 378 1927 394 e.
1949 372 2070 397 Conandi
2090 378 2115 398 et
2135 372 2183 399 do-

1141 399 1211 425 leudi
1225 400 1316 426 labore
1329 399 1496 434 persunfhwc,
1516 410 1530 427 a
1550 401 1645 434 Nixis,
1666 410 1733 436 quae
1755 401 1916 436 religionum
1942 413 2034 437 genera
2056 408 2183 441 parienti-

1140 435 1189 460 bus
1205 437 1332 470 praesunt.
1368 434 1417 460 Sed
1432 435 1577 469 elegantior
1591 436 1748 468 intellectus,
1765 443 1794 463 vt
1807 445 1838 464 cx
1853 437 1903 463 hoc
1916 437 2002 466 (116130
2016 443 2063 467 css‘c
2076 443 2183 471 credan-

1140 476 1182 496 tur
1197 473 1306 504 enixae,
1326 469 1398 504 quod
1413 470 1526 497 vinculis
1541 471 1697 506 quibusdam
1712 472 1837 506 periculi,
1858 472 1954 508 quibus
1974 475 2183 513 implicarentur,

1139 506 1240 532 fuerint
1255 506 1387 533 exsolutae
1406 516 1411 531 :
1447 513 1542 532 nexum
1556 508 1627 533 enim
1641 508 1752 534 dicimus
1766 508 1868 535 arftum
1883 514 1908 535 et
1921 509 2082 543 colligatum.
2135 516 2183 542 Βίς

1139 542 1203 567 ludit
1226 543 1417 568 Grammaticus.
1490 541 1569 568 Nixii
1591 546 1654 568 enim
1677 543 1721 570 Dii
1735 562 1742 575 ,
1765 544 1810 580 stu
1834 545 1932 571 Nixiae
1949 549 2036 580 potius
2055 549 2130 583 sucre
2166 560 2184 577 a

1139 576 1260 603 Nitendo
1273 577 1398 603 dicuntur.
1445 575 1547 602 Enexae
1562 578 1639 613 plane
1662 579 1738 605 nihili
1756 579 1828 615 Jitnt.
1900 581 1994 607 Melius
2005 582 2078 608 Idem
2092 594 2120 617 4,
2135 570 2183 612 1⁵66

1138 612 1236 644 Enixa,
1256 618 1331 646 partu
1344 611 1429 637 leuata
1444 610 1549 638 dicitur.
1624 613 1682 640 Vici.
1697 623 1714 645 1,
1729 619 1780 644 28¹.
1817 622 1840 641 et
1852 625 1881 650 4,
1897 617 1951 642 166.
2035 618 2107 651 Virg.
2117 621 2182 648 Aen.

1138 656 1159 679 3,
1175 655 1216 678 391
1255 648 1383 681 Triginta
1398 646 1513 680 capitum
1528 647 1596 673 fctus
1609 649 1686 675 cnixa
1701 649 1805 676 iacebit.
1901 651 1973 677 Idem
1987 659 2021 685 ις,
2037 658 2065 686 58
2088 654 2184 682 Enixa·

1137 691 1191 708 non
1206 682 1234 708 111
1251 688 1326 717 partu
1340 682 1425 708 solum
1440 683 1569 715 possumus
1581 683 1678 716 dicere,
1701 684 1742 710 scd
1757 684 1837 711 ctiam
1854 687 1928 713 0111111
1943 687 2033 714 labore
2045 690 2184 724 exercitas,

1136 717 1247 744 auclore
1262 719 1336 751 Virg.
1351 718 1416 743 Aen.
1432 726 1453 748 3,
1466 725 1512 752 327
1529 718 1621 752 Stirpis
1635 720 1782 746 Achillacae
1796 721 1885 753 fastus,
1904 722 2082 759 iuuenemque
2095 725 2184 760 super-

1137 753 1202 779 bum
1239 752 1354 779 Ser-uitio
1369 753 1461 778 enixae
1475 753 1592 779 tulimus.
1700 755 1790 789 Pasliu.
1826 757 1916 783 Iustin.
1931 767 1973 791 43,
1988 766 2038 793 2,7
2060 761 2137 788 Pueri
2153 763 2184 789 in

1136 788 1196 814 luco
1211 788 1304 814 Martis
1320 788 1392 814 enixi
1406 788 1472 814 sunt.
1578 790 1690 825 Compar.
1727 791 1793 817 Plin.
1807 800 1833 823 9,
1845 797 1858 821 8
1878 793 1926 819 Sed
1941 795 2070 822 enixioris
2085 805 2183 831 operae

1137 832 1215 859 quain
1229 823 1257 848 in
1272 823 1349 849 vuius
1363 823 1417 849 diei
1431 824 1578 857 praemium
1600 826 1697 852 conscii
1718 826 1782 858 sibi,
1806 828 1965 861 operiuntur
1986 830 2014 855 in
2039 831 2182 865 posterum.

1136 863 1153 886 i.
1168 860 1278 885 Maioris
1289 866 1312 884 et
1324 858 1499 892 laboriosioris.
1534 860 1581 886 Sed
1592 860 1744 896 haecfarma
1756 865 1782 886 in
1792 866 1877 896 priori
1889 864 1933 899 vsu
1941 865 2105 901 frequentior
2120 867 2163 901 est.

1171 901 1218 921 EN
1230 900 1337 926 IXVS,
1359 893 1396 920 ὓς.
1414 903 1449 921 m.
1488 895 1542 930 Ipse
1570 896 1680 921 enitendi
1694 897 1739 930 seu
1758 899 1878 931 pariendi
1900 898 1980 926 astus.
2016 902 2082 928 Plin.
2097 912 2125 930 10
2150 906 2183 937 63

1135 930 1223 965 Equae
1235 929 1292 964 post
1305 938 1387 955 vnum
1400 938 1497 955 annum
1511 930 1543 956 ab
1557 931 1637 957 enixu
1651 931 1754 957 vtiliter
1767 931 1950 960 admittuntur.
2127 923 2135 936 ⁵

1171 972 1187 991 E
1197 972 1218 991 N
1229 973 1265 992 lx
1276 971 1301 990 E.
1332 965 1399 990 Adu.
1437 966 1609 999 [φιλοτίμως]
1644 966 1702 991 Cum
1715 974 1813 992 conatu.
1851 969 1907 994 Cic.
1928 979 1976 1003 pro
1991 972 2058 999 Sext.
2072 979 2100 1004 38
2115 984 2135 1000 c.
2153 977 2184 1002 16

1134 1001 1222 1028 Meam
1241 1000 1343 1027 causam
1364 1001 1470 1026 Senatus
1490 1001 1592 1035 palam,
1613 1000 1736 1035 Equester
1749 1002 1818 1027 ordo
1831 1005 1975 1038 acerrime,
1998 1008 2091 1035 cundia
2105 1011 2183 1037 Italia

1135 1035 1257 1071 publice,
1273 1044 1364 1061 omnes
1387 1035 1453 1062 boni
1475 1037 1583 1071 proprie
1606 1037 1736 1070 enixeque
1759 1037 1929 1070 susceperant.
2025 1043 2120 1071 quare
2133 1046 2184 1072 311-

1134 1080 1213 1106 quem
1234 1072 1305 1098 Caes.
1321 1071 1348 1097 Β.
1364 1072 1393 1097 C.
1408 1080 1431 1103 3,
1444 1080 1480 1104 3ς.
1576 1071 1686 1097 Obstare
1699 1071 1770 1105 plebi
1792 1072 1851 1097 Liu.
1864 1082 1892 1105 4,
1930 1092 1936 1099 .
1975 1094 1981 1101 .
2015 1078 2088 1105 Adde
2102 1088 2131 1112 23
2155 1089 2174 1115 7

1134 1109 1176 1139 26,
1189 1114 1234 1141 47.
1339 1107 1421 1133 Enixc
1436 1106 1564 1140 praestare
1578 1107 1642 1141 quid
1660 1107 1719 1134 Liu.
1732 1115 1768 1140 31,
1785 1115 1817 1132 11.
1925 1109 2036 1144 Compar.
2074 1114 2112 1140 Eo
2126 1101 2184 1142 e’ni:

1134 1143 1193 1168 xius
1207 1142 1239 1168 ad
1252 1141 1352 1168 bellum
1364 1143 1522 1168 adiuuerunt
1542 1142 1602 1167 Liu.
1617 1151 1655 1175 29,
1670 1150 1688 1168 1.
1793 1142 1903 1169 Enixius
1917 1152 1994 1178 opem
2014 1146 2085 1174 ferre
2111 1150 2183 1178 Suet.

1133 1177 1203 1205 Tib.
1218 1187 1239 1203 c.
1253 1186 1292 1210 50.
1398 1179 1492 1212 Super-I.
1529 1178 1599 1203 Suet.
1613 1178 1737 1210 Cat-1105
1758 1177 1910 1204 Enixiffime
1923 1180 2024 1207 iuuare.

1170 1220 1217 1240 EN
1228 1221 1236 1239 1
1247 1221 1284 1240 xx
1296 1219 1337 1245 Μ,
1353 1219 1401 1247 pro
1416 1215 1501 1239 Enixe.
1537 1213 1670 1246 [ἐντόνως]
1707 1213 1787 1239 Siscn.
1814 1214 1881 1240 Hist.
1905 1224 1924 1248 4
1944 1223 1975 1250 ap
2010 1217 2082 1245 Non.
2097 1228 2122 1252 2,
2135 1229 2184 1253 301

1134 1249 1189 1283 Ego
1203 1248 1264 1275 illos
1278 1248 1359 1274 malos
1375 1254 1400 1274 et
1412 1249 1520 1275 audaces
1536 1249 1636 1283 semper
1652 1248 1753 1274 enixim
1767 1256 1857 1276 contra
1871 1250 1992 1278 fortunas
2004 1259 2083 1288 atque
2096 1255 2184 1284 hono-

1133 1293 1174 1311 res
1189 1284 1268 1310 huius
1284 1284 1386 1310 ordinis
1399 1285 1489 1310 omnia
1503 1284 1589 1310 fecisse
1602 1294 1631 1311 ac
1645 1284 1736 1311 dixisse
1756 1285 1849 1311 sentio.

1169 1327 1186 1347 E
1198 1327 1220 1346 Ν
1232 1317 1244 1346 1⁰
1255 1326 1275 1345 v
1286 1317 1333 1346 ἐν
1344 1327 1371 1350 s,
1390 1328 1420 1352 a,
1442 1329 1497 1346 11111.
1539 1320 1598 1346 Adi.
1634 1321 1758 1355 Reponit,
1777 1322 1883 1357 legitque
1902 1322 1970 1357 apud
1985 1324 2079 1352 Manil.
2093 1334 2114 1359 ς,
2129 1332 2183 1361 7οΒ

1133 1356 1265 1382 Ε11111011111
1277 1354 1361 1381 rubro
1375 1355 1479 1381 vultum
1496 1355 1588 1381 suffusa
1600 1364 1719 1389 pyropo,
1756 1357 1844 1383 Barth.
1860 1357 1965 1393 Adulas
1981 1366 2013 1391 8,
2033 1367 2049 1391 8
2063 1368 2113 1397 pro
2126 1364 2183 1390 vul.

1131 1398 1191 1428 gato
1204 1391 1341 1425 Femineo,
1356 1397 1380 1418 et
1389 1393 1571 1427 interpretatur
1582 1391 1724 1418 candidum.
1760 1393 1842 1422 Bentl.
1857 1393 2024 1422 Caeruleum.
2144 1411 2146 1415 ·

1168 1505 1186 1526 E
1194 1506 1217 1526 N
1225 1505 1248 1526 N
1257 1505 1278 1526 A
1286 1519 1295 1532 ,
1307 1498 1333 1536 s
1351 1506 1372 1527 H
1381 1507 1398 1527 Ε
1407 1506 1431 1526 Ν
1439 1505 1462 1526 Ν
1471 1506 1491 1526 Α
1500 1520 1508 1532 ,
1528 1508 1568 1527 30.
1589 1499 1609 1526 f.
1645 1497 1747 1533 [''Erroe]
1785 1501 1882 1527 Ciuitas
1895 1502 1995 1529 Siciliae
2013 1503 2078 1531 edito
2089 1507 2117 1532 in
2129 1506 2182 1534 Ioco

1134 1541 1158 1561 et
1176 1535 1283 1570 undique
1302 1538 1439 1570 praecipiti
1457 1533 1527 1569 fita,
1547 1541 1570 1560 et
1592 1545 1607 1561 a
1631 1536 1793 1570 Syracusanis
1816 1537 1959 1572 (Stephano
1976 1538 2054 1574 teste)
2070 1540 2182 1568 condita.

1134 1571 1189 1596 Cic.
1207 1571 1281 1596 Verr.
1294 1579 1322 1603 4,
1336 1573 1382 1596 106
1397 1572 1477 1596 Vetus
1491 1571 1527 1596 est
1541 1570 1651 1603 opinio,
1671 1570 1789 1602 Iudices,
1809 1581 1875 1605 quae
1889 1573 1988 1600 constat
2001 1583 2033 1600 ex
2053 1577 2183 1610 antiquis-

1133 1605 1204 1632 simis
1217 1606 1381 1632 Graecorum
1395 1605 1478 1631 literis
1490 1611 1569 1640 atque
1581 1607 1768 1638 monimentis,
1792 1607 1902 1633 insulam
1911 1608 2026 1634 Siciliam
2041 1616 2123 1637 totam
2132 1613 2183 1638 eise

1137 1641 1231 1666 Cereri
1246 1645 1271 1665 et
1285 1640 1399 1667 Liberae
1414 1642 1597 1668 consecratam.
1633 1642 1692 1667 Hoc
1706 1651 1764 1667 cum
1773 1648 1890 1668 caeterae
1904 1649 1991 1676 gentes
2005 1644 2037 1669 sic
2050 1645 2183 1672 arbitran-

1134 1681 1194 1708 tur,
1215 1681 1271 1701 tum
1286 1676 1346 1710 ipsis
1359 1676 1452 1702 Siculis
1465 1682 1516 1702 tam
1530 1676 1679 1711 persuasum
1692 1676 1741 1707 est,
1759 1682 1787 1702 vt
1800 1677 1895 1702 animis
1908 1686 2001 1703 eorum
2021 1679 2129 1707 insitum
2144 1687 2184 1708 at-

1136 1720 1188 1745 que
1201 1711 1321 1736 innatum
1338 1711 1385 1736 csse
1399 1712 1529 1737 videatur.
1564 1718 1624 1736 nam
1640 1716 1666 1736 et
1690 1717 1762 1736 natas
1785 1712 1833 1737 01Γο
1858 1712 1885 1738 111
1907 1712 1948 1738 his
1968 1714 2046 1740 terris
2061 1716 2136 1748 deas,
2153 1722 2182 1744 et

1135 1746 1223 1779 fruges
1237 1746 1267 1770 in*
1280 1754 1310 1771 ea
1325 1751 1394 1772 terra
1408 1747 1523 1780 primum
1538 1751 1653 1779 repertas
1666 1745 1845 1772 arbitrantur:
1882 1753 1908 1773 et
1921 1754 2021 1782 raptam
2039 1751 2087 1777 esse
2102 1752 2183 1779 Libe-

1135 1788 1208 1810 ram,
1228 1788 1306 1812 quam
1321 1781 1429 1806 eandem
1439 1781 1619 1814 Proserpinam
1633 1786 1745 1812 vocant,
1764 1790 1795 1807 ex
1807 1782 1964 1809 Enncnfium
1980 1793 2104 1813 nemore:
2131 1789 2181 1823 qui

1133 1813 1216 1846 locus,
1224 1814 1296 1846 quod
1310 1815 1338 1840 in
1352 1815 1440 1842 media
1454 1816 1489 1841 est
1504 1815 1587 1841 insula
1600 1815 1669 1849 situs,
1689 1816 1832 1843 vmbilicus
1846 1818 1953 1845 Siciliae
1966 1821 2120 1849 nominatur
2133 1830 2182 1851 etc.

1134 1849 1196 1874 Sunt
1208 1850 1363 1882 enimplura.
1434 1851 1502 1877 Add.
1517 1851 1546 1876 de
1560 1851 1605 1876 hac
1618 1851 1702 1877 Cerere
1709 1858 1732 1877 et
1746 1855 1797 1878 eius
1810 1856 1918 1888 imagine
1938 1856 2013 1881 Verr.
2023 1863 2044 1888 ς,
2053 1862 2105 1891 187.
2141 1860 2182 1885 De

1132 1883 1314 1918 orthographia
1325 1883 1472 1918 dissentiunt
1488 1893 1641 1912 monumenta
1653 1893 1677 1912 et
1690 1890 1743 1913 viri
1755 1887 1832 1914 dofli.
1885 1890 1995 1925 Alagnae
2008 1894 2125 1929 utrinque
2137 1903 2182 1921 au-

1131 1915 1263 1944 claritates
1272 1939 1280 1951 ‚
1300 1921 1458 1955 quas-*laudat
1469 1922 1594 1948 Drakenb.
1607 1922 1641 1947 ad
1654 1922 1698 1948 Sil.
1712 1930 1732 1954 1,
1752 1931 1791 1955 93.
1828 1924 1896 1949 Hinc
2171 1940 2175 1953 1

1151 1956 1406 1994 ,ΕΝΝΑΕνεὴΓ-
1428 1964 1506 1984 HEN
1521 1964 1667 1988 NAEVS,
1686 1966 1715 1989 a,
1737 1967 1790 1984 um.
1810 1959 1870 1985 Adi.
1907 1959 1952 1986 Sil.
1967 1969 2024 1993 1,*93
2052 1963 2182 1992 Hennaea

1130 1988 1209 2021 diua,
1227 1991 1245 2014 i.
1260 1990 1418 2025 Proserpina.
1511 1992 1590 2018 Ceres
1606 1992 1729 2019 Hennaea
1751 1993 1787 2020 Id.
1804 2003 1824 2025 1,
1839 2003 1895 2028 214.
1967 1997 2053 2022 Valles
2068 1998 2140 2025 Idem
2153 2009 2168 2026 2

1131 2033 1183 2057 304
1196 2031 1242 2050 etc.
1282 2026 1423 2060 Miscentur
1437 2029 1464 2052 in
1478 2027 1551 2055 MSS.
1564 2028 1681 2054 Ennaeus
1690 2029 1714 2064 J:
1729 2030 1869 2055 Hennaeus
1883 2036 1906 2055 et
1919 2031 2057 2058 Aetnaeus.
2119 2020 2182 2062 llicit

1131 2059 1257 2086 Drakenb.
1271 2061 1305 2086 ad
1318 2061 1364 2088 Sil.
1379 2070 1399 2094 1,
1412 2070 1452 2094 93.

1166 2102 1183 2122 Ε
1193 2102 1214 2122 N
1224 2102 1246 2121 N
1255 2103 1272 2122 Ε
1283 2103 1303 2120 Ν
1311 2102 1323 2122 S
1334 2104 1364 2124 IS
1373 2117 1382 2129 ‚
1407 2106 1431 2124 e.
1469 2098 1565 2124 Gentile
1583 2097 1670 2130 aliud,
1690 2105 1720 2124 ve
1746 2100 1865 2126 Ennaeas.

1131 2131 1187 2157 Cic.
1208 2132 1285 2157 Verr.
1305 2140 1328 2164 3,
1348 2140 1392 2166 47.
1464 2133 1537 2168 Canf.
1558 2134 1634 2160 Verr.
1648 2144 1676 2168 4,
1689 2135 1803 2171 106sqq.

1129 2166 1190 2192 Liu.
1206 2174 1250 2198 24,
1263 2174 1304 2201 37.
1376 2168 1530 2194 Hennenses
1551 2167 1617 2195 Ptin.

1167 2209 1214 2229 EN
1223 2209 1245 2228 N
1255 2209 1277 2228 A
1287 2208 1314 2228 Μ
1324 2222 1333 2235 ,
1347 2203 1455 2238 antiqui
1469 2203 1610 2237 dixerunt,
1631 2212 1680 2239 pro
1693 2204 1829 2239 Etiamne,
1847 2205 1906 2240 teste
1922 2207 2007 2237 Festo.

1166 2244 1184 2265 E
1194 2245 1216 2264 N
1224 2245 1247 2264 N
1257 2245 1273 2264 E
1281 2244 1304 2264 A
1318 2239 1420 2265 Graecis
1432 2247 1514 2265 nouem
1522 2258 1531 2272 ,
1552 2247 1568 2266 E
1577 2247 1599 2266 N
1609 2248 1631 2266 N
1640 2248 1656 2267 E
1665 2248 1702 2268 As
1718 2246 1875 2269 nouenarius.
1913 2246 1982 2271 Hinc

1166 2280 1184 2300 E
1193 2281 1214 2300 N
1223 2281 1245 2300 N
1255 2280 1271 2300 Ε
1281 2281 1301 2300 Α
1310 2281 1324 2299 Ρ
1335 2281 1356 2300 H
1364 2281 1383 2299 A
1393 2282 1412 2301 R
1421 2282 1445 2301 M
1458 2274 1479 2301 A
1489 2281 1506 2301 c
1518 2282 1539 2301 v
1548 2282 1590 2308 Μ,
1609 2276 1627 2302 i.
1657 2286 1683 2305 n,
1721 2277 1929 2305 Medicamentum
1951 2289 1981 2307 ex
2001 2288 2086 2308 nouem
2107 2282 2181 2310 reba,-

1910 2101 1958 2132 Vt,
1972 2102 2094 2130 Ennenfis
2115 2115 2181 2141 ager

1875 2136 2032 2166 Ennenlium
2045 2141 2181 2177 principes

1126 2308 1256 2345 permistis
1268 2308 1391 2342 constans.
1428 2311 1469 2337 Sic
1482 2311 1510 2336 de
1524 2311 1668 2346 Emplastro
1680 2312 1712 2339 ad
1726 2322 1773 2347 pus
1787 2313 1958 2342 mouendum.
1997 2316 2064 2343 Cels.
2073 2325 2140 2351 ς,19,
2151 2327 2181 2345 10

1132 2344 1252 2371 Alterum
1274 2343 1306 2371 ad
1329 2344 1400 2372 idem
1415 2346 1675 2381 Enneapharmacum
1698 2349 1868 2383 nominatur,
1889 2350 1960 2385 quod
1979 2353 2062 2386 magis
2075 2361 2180 2389 purgat.

1130 2380 1237 2407 Constat
1257 2389 1289 2406 ex
1303 2389 1401 2407 nouem
1416 2381 1510 2414 rebus,
1525 2390 1598 2415 cera,
1625 2383 1703 2410 melle
1713 2405 1721 2417 ,
1743 2386 1822 2417 seuO,
1848 2385 1931 2413 resina
1941 2407 1949 2419 ,
1969 2388 2091 2420 myrrha,
2109 2390 2180 2420 rosa,

1129 2415 1245 2444 medulla
1258 2416 1300 2442 vel
1314 2418 1437 2450 ceruina,
1453 2417 1496 2444 vel
1510 2418 1642 2452 vitulina,
1662 2420 1706 2447 vel
1721 2420 1835 2453 bubula,
1855 2422 1968 2456 oesypo,
1979 2422 2090 2455 butyro:
2111 2433 2180 2459 quo-

1128 2462 1189 2481 rum
1204 2451 1318 2488 pondera
1333 2453 1406 2487 paria
1423 2453 1573 2481 miscentur.

1163 2495 1180 2516 E
1190 2497 1212 2516 N
1220 2495 1268 2516 NE
1276 2495 1298 2516 A
1307 2496 1321 2514 p
1330 2496 1350 2515 n
1363 2495 1383 2515 'r
1394 2494 1415 2516 11
1423 2496 1441 2516 0
1450 2497 1472 2516 N
1482 2496 1502 2517 G
1512 2498 1531 2517 o
1541 2498 1563 2518 s.
1593 2490 1654 2517 Adi.
1682 2490 1881 2525 [ἒννεέφθογγος]
1923 2492 1997 2527 ,Qloa'
2017 2503 2100 2519 nouem
2124 2494 2179 2520 edit

1127 2534 1216 2557 voces,
1236 2531 1281 2557 vt,
1301 2525 1539 2560 Enneaphthongos
1552 2526 1640 2558 chelys
1652 2528 1719 2560 apud
1730 2527 1808 2553 Mart.
1823 2526 1911 2560 Capel.
1926 2535 1935 2553 1
1949 2537 1974 2561 p.
1991 2535 2029 2562 17.
2076 2530 2126 2556 Pro
2139 2539 2178 2556 co-

1127 2561 1180 2587 dem
1192 2563 1266 2587 etiam
1278 2560 1411 2595 ἔννεοῖφωνσν
1424 2561 1510 2587 dicunt
1529 2563 1628 2587 Graeci.

1165 2603 1182 2623 E
1192 2603 1212 2621 N
1221 2603 1243 2621 N
1253 2603 1270 2622 E
1281 2602 1300 2621 Α
1311 2603 1326 2622 1>
1336 2603 1356 2622 H
1369 2604 1387 2622 Y
1398 2603 1413 2620 L
1424 2603 1440 2621 L
1451 2603 1469 2622 ο
1478 2603 1500 2621 N
1510 2615 1519 2627 ,
1538 2596 1556 2621 i.
1576 2605 1601 2621 n.
1638 2595 1826 2629 [ἐννεάφυλλον]
1863 2597 1954 2624 Herba
1966 2597 2002 2624 est
2010 2617 2019 2630 ,
2037 2606 2105 2632 quae
2120 2599 2178 2627 lon-

1130 2640 1161 2665 ga
1175 2631 1241 2657 folia
1255 2639 1360 2656 nouena
1375 2630 1468 2662 habet,
1488 2630 1614 2656 causticae
1626 2637 1743 2657 naturae.
1815 2633 1967 2665 [inponitur
1985 2633 2044 2659 lana
2064 2635 2179 2662 circum-

1130 2667 1202 2696 data,
1222 2674 1256 2691 ne
1270 2672 1327 2691 vrat
1341 2665 1427 2691 latus:
1463 2667 1590 2692 continuo
1604 2667 1677 2692 enim
1690 2666 1804 2700 pustulas
1824 2669 1937 2701 excitat,
1956 2668 2110 2696 lumborum
2130 2670 2179 2697 do-

1127 2701 1231 2727 loribus
1245 2706 1270 2726 et
1285 2701 1456 2727 coxendicum
1470 2701 1601 2727 vtilissima
1619 2702 1684 2727 Plin.
1699 2708 1739 2736 27,
1755 2710 1780 2734 9.

1167 2743 1248 2762 ENN
1262 2743 1270 2761 1
1282 2742 1339 2769 vs,
1359 2736 1377 2763 i.
1406 2746 1441 2763 111.
1479 2735 1596 2770 [Ἔννιος]
1634 2738 1725 2768 Poo'ta,
1744 2746 1823 2771 quem
1844 2737 1946 2764 Rudiae
1964 2748 2079 2774 genuere
2100 2747 2179 2768 veru-r

1128 2771 1195 2804 stae,
1215 2778 1245 2798 vc
1256 2774 1295 2797 ait
1307 2771 1386 2798 Silius
1401 2781 1436 2804 12,
1449 2779 1503 2804 395.
1539 2772 1650 2804 Rudiae,
1669 2775 1762 2798 ct'uitas
1775 2771 1808 2805 est
1823 2773 1950 2800 Calabriae
1963 2785 1970 2800 .·
2001 2776 2049 2811 sed
2062 2777 2178 2812 Eusebius

1131 2808 1296 2834 Tarentinum
1309 2807 1453 2841 eumfacit,
1470 2807 1578 2842 dicitque
1591 2817 1606 2833 a
1621 2808 1711 2833 Catone
1723 2807 1855 2843 Quaestore
1868 2811 1968 2836 Romam
1982 2813 2141 2845 translatum,
2149 2816 2178 2838 in

1127 2844 1252 2869 Auentino
1266 2842 1397 2875 habitasse,
1418 2852 1447 2869 ae
1458 2845 1534 2868 vnius
1546 2843 1648 2869 ancillae
1662 2843 1798 2877 ministerio
1812 2852 1950 2871 contentum
1957 2846 2044 2881 sitisse.
2088 2849 2178 2883 §eluu-

1127 2883 1169 2903 tus
1184 2875 1217 2910 ⁶st
1237 2878 1275 2904 M.
1300 2879 1410 2904 Fuluium
1432 2878 1583 2905 Nobiliorem
1595 2878 1629 2904 ad
1639 2879 1723 2905 bellum
1740 2881 1863 2906 Aetoliam
1872 2900 1879 2912 ,
1898 2884 1966 2907 cuius
1973 2882 2059 2918 filium
2072 2884 2178 2911 tel-udat.

1127 2913 1168 2939 Ab
1181 2914 1226 2939 hoc
1239 2920 1263 2939 et
1278 2913 1337 2939 Cato
1344 2913 1420 2949 senex
1433 2914 1527 2940 dicitm·
1541 2915 1647 2940 Graecas
1660 2916 1746 2941 literas
1759 2915 1878 2948 didicsſje.
1944 2917 2048 2953 Scripsit
2063 2920 2179 2953 plurima

1128 2951 1196 2975 inter
1208 2958 1267 2984 quae
1282 2948 1393 2975 Annales
1409 2960 1414 2975 2
1449 2949 1550 2975 Bellum
1568 2950 1695 2976 Punicum
1709 2951 1850 2977 secundum
1864 2952 2027 2985 hexametris,
2047 2956 2177 2990 quaesane

1128 2994 1177 3010 non
1190 2982 1295 3017 exstant.
1331 2994 1359 3010 ex
1371 2988 1405 3010 iis
1417 2985 1534 3011 nonnulla
1542 2985 1693 3012 Macrobius
1707 2986 1807 3013 Satin-n.
1821 2989 1846 3018 6,
1861 2996 1870 3013 1
1895 2997 1953 3022 quae
1966 2989 2096 3023 Virgilius
2108 2991 2137 3016 ab
2150 3000 2178 3017 eo

1129 3018 1161 3052 esi
1178 3026 1317 3051 mutuatus,
1333 3019 1487 3055 manifestat.
1527 3023 1592 3046 Nam
1607 3021 1686 3047 dscere
1694 3022 1806 3057 fidebat,
1827 3030 1855 3048 vt
1868 3027 1906 3049 ait
1924 3027 1951 3049 in
1972 3025 2027 3050 vita
2046 3025 2176 3058 Donatus,

1129 3056 1155 3081 se
1168 3064 1263 3081 aurum
1276 3063 1307 3081 ex
1321 3056 1401 3082 Ennii
1414 3056 1581 3090 sterquilinio
1594 3057 1729 3091 colligere.
1772 3060 1883 3098 Elogium
1897 3062 1947 3085 cius
1956 3059 2068 3093 fipulcri
2079 3061 2178 3095 scribit

1130 3091 1186 3117 Cic.
1199 3091 1282 3117 Tusc.
1297 3099 1316 3121 1,
1329 3100 1361 3124 34
1379 3091 1546 3126 Adspicite,6
1562 3092 1647 3123 ciues,
1668 3093 1734 3119 senis
1748 3094 1827 3119 Ennii
1843 3093 1963 3127 imaginis
1977 3095 2098 3121 formam.
2121 3097 2176 3122 Hie

1130 3126 1246 3153 vestrum
1271 3128 1361 3161 panxit
1380 3128 1495 3153 maxima
1509 3127 1578 3154 facia
1592 3135 1704 3163 patrum.
1801 3129 1877 3155 Vixit
1889 3137 1969 3155 annos
1984 3130 2051 3156 LXX
2072 3131 2126 3156 Cic.
2140 3130 2175 3157 de

1129 3161 1230 3188 Senec'i.
1246 3170 1285 3195 14.
1356 3164 1394 3189 De
1406 3166 1457 3188 eius
1464 3163 1578 3198 sepulcro
1604 3165 1660 3191 Cic.
1676 3172 1724 3198 pro
1739 3163 1817 3190 Arch.
1833 3173 1865 3190 22
1885 3165 1967 3191 Carus
1981 3165 2031 3191 fuit
2046 3166 2176 3193 Africano

1130 3198 1261 3232 superiori
1275 3197 1362 3224 noster
1377 3199 1489 3225 Ennius:
1524 3201 1615 3234 Itaque
1632 3200 1711 3226 ctiam
1728 3199 1755 3225 in
1770 3199 1887 3233 sepulcro
1901 3201 2053 3235 Scipionum
2068 3207 2176 3235 putatur

1130 3234 1152 3259 is
1166 3234 1214 3259 else
1228 3233 1392 3260 constitutus.
1499 3235 1597 3261 Ennius
1612 3242 1686 3262 natus
1701 3235 1736 3262 est
1750 3235 1804 3268 post
1819 3236 1929 3262 Romam
1947 3236 2079 3262 conditam
2104 3246 2176 3264 anno

1130 3269 1389 3303 quadringentesimo
1407 3269 1512 3296 decimo
1538 3271 1593 3297 Cic.
1607 3270 1638 3297 de
1651 3271 1721 3297 Clar.
1736 3270 1808 3297 Orat.
1825 3273 1862 3303 36.
1931 3271 2003 3298 Idem
2022 3272 2074 3297 fuit
2091 3273 2175 3299 Liuio

1132 3305 1285 3331 Andronico
1299 3305 1415 3340 aequalis
1441 3305 1510 3332 Ibid.
1605 3307 1703 3332 Ennius
1721 3307 1830 3340 ingenio
1856 3307 2000 3338 maximus,
2019 3313 2074 3333 arte
2097 3308 2174 3335 rudis

1131 3339 1211 3367 Ouid.
1227 3340 1312 3368 Trist.
1329 3349 1354 3373 2,
1369 3349 1432 3374 424.
1540 3342 1646 3375 Sapiens
1659 3343 1756 3368 Ennius
1780 3343 1848 3369 Hor.
1865 3342 1941 3375 Epist.
1955 3351 1979 3372 2,
1994 3351 2013 3373 1,
2027 3350 2066 3373 50.
2131 3344 2174 3371 Ab

1130 3377 1250 3402 Homero
1264 3376 1336 3402 locos
1351 3375 1478 3411 quosdam
1492 3378 1625 3403 transtulit
1641 3378 1740 3404 Ennius
1761 3379 1817 3404 Cic.
1833 3378 1863 3403 dc
1877 3378 1932 3403 Fin.
1950 3384 1969 3409 1,
2008 3396 2014 3403 .
2124 3380 2175 3406 En.

1130 3412 1189 3437 nius
1204 3412 1346 3439 somniauit
1358 3412 1405 3438 fibi
1419 3413 1505 3439 visum
1518 3412 1599 3439 adefl'e
1614 3414 1761 3440 Homerum
1776 3414 1880 3439 poetam
1920 3412 1976 3438 Cic.
1992 3413 2068 3440 Acad.
2084 3424 2118 3448 4,
2133 3423 2174 3447 50.

0 3439 3 3446 ¹
30 3448 123 3475 nentes
136 3440 190 3466 viri
201 3448 254 3466 11011
264 3444 360 3483 magnis
373 3445 540 3472 adiutoribus
554 3446 585 3472 ad
594 3446 790 3480 gubernandam
803 3447 939 3472 fortunam
948 3448 1018 3473 suam
1027 3447 1063 3473 vsi
1076 3456 1112 3481 90
1130 3445 1150 3485 ff
1173 3456 1189 3473 2
1225 3448 1322 3474 Ennius
1336 3448 1402 3474 alter
1415 3448 1468 3474 fuit
1484 3448 1676 3475 Grammaticus
1686 3470 1693 3481 ,
1713 3449 1759 3483 qui
1775 3448 1840 3473 duos
1854 3447 1935 3473 libros
1949 3448 1980 3474 de
1993 3448 2078 3475 literis
2089 3459 2118 3476 ac
2127 3451 2176 3484 syl-

0 3483 5 3497 ?
33 3478 106 3504 sunt:
142 3481 171 3501 vt
184 3475 237 3501 duo
252 3475 381 3510 Scipiones
393 3480 495 3507 duobus
508 3482 622 3515 Laeliis,
642 3491 708 3516 quos
722 3491 768 3517 per
780 3482 870 3508 omnia
883 3488 1064 3516 aequauerunt

1133 3482 1199 3510 labis
1212 3488 1238 3509 ct
1250 3484 1340 3510 metris
1355 3483 1519 3518 conscripsit,
1539 3491 1567 3510 vt
1581 3484 1668 3511 auctor
1682 3483 1714 3517 est
1728 3482 1905 3516 Tranquillus
1924 3492 1944 3508 c.
1959 3492 1969 3509 1
1983 3491 2046 3510 extr.

1167 3525 1183 3545 E
1193 3525 1375 3546 NNIANVS
1385 3539 1393 3551 ,
1412 3528 1440 3550 a,
1461 3529 1514 3545 um.
1534 3519 1594 3546 Adi.
1636 3521 1685 3553 Vr,
1705 3519 1836 3546 Ennianus
1849 3517 1962 3553 populus
1994 3519 2061 3547 Geli.
2086 3528 2124 3554 12,
2149 3530 2173 3549 2.

1129 3555 1278 3581 Ennianum
1297 3554 1501 3581 hemistichium.

1165 3596 1441 3623 ENNIANISTA,
1465 3599 1503 3617 ae.
1524 3599 1560 3617 m.
1595 3592 1655 3617 Hoc
1666 3590 1691 3615 se
1704 3588 1811 3615 nomine
1830 3589 1955 3623 appellari
1974 3590 2084 3618 volebat
2104 3592 2174 3619 Ana-

34 3617 216 3655 cumstgyzificat
231 3616 391 3651 [dnoelmm]
400 3621 492 3648 Parere.
505 3624 787 3659 Ρ13111.Α1-11ρ11.ς,1,36
807 3625 932 3651 Geminos
941 3625 1065 3665 Alcmena
1078 3636 1111 3662 9)-
1130 3625 1246 3659 gnostcs,
1267 3626 1315 3660 qui
1327 3626 1429 3660 legebat
1442 3627 1521 3652 Ennii
1535 3626 1645 3652 Annales
1659 3624 1690 3650 ad
1705 3624 1830 3658 populum
1844 3625 1872 3650 in
1884 3624 1987 3652 theatro
2009 3626 2153 3661 Gell.18,;.

38 3653 166 3694 'enititur-t
204 3653 268 3679 Plin.
284 3657 322 3684 28,
335 3657 356 3682 8-
403 3656 433 3679 Et
447 3657 573 3689 Quinctil.
587 3667 610 3692 ς,
625 3668 648 3692 13
670 3662 744 3693 Qiae
757 3669 838 3694 quum
853 3669 922 3686 anno
936 3661 1015 3686 vidua
1024 3663 1063 3685 tu-

36 3689 106 3719 siret,
126 3697 201 3714 enixa
213 3687 257 3714 est.
361 3688 432 3714 En1t1
444 3698 558 3725 partum,
577 3704 686 3728 puerum
707 3696 768 3722 Liu.
782 3704 828 3728 40,
835 3704 860 3728 4.
932 3697 1019 3722 Varro
1032 3695 1064 3721 de

37 3723 70 3750 R.
84 3725 114 3750 R.
128 3733 153 3757 2,
167 3733 203 3750 10.
273 3723 360 3749 Valer.
372 3724 443 3750 Max.
457 3730 479 3757 8,
494 3735 512 3754 1.
546 3730 622 3756 Amb.
637 3740 661 3757 2.

38 3758 91 3786 dul.
105 3758 192 3792 hymn.
206 3759 237 3785 de
250 3758 364 3786 Christo.

75 3796 232 3827 ENYSVS,
252 3803 281 3825 a,
297 3804 350 3820 um.

40 3827 83 3854 sed
92 3830 169 3856 velim
183 3825 362 3865 tinemsaffcrat
377 3830 531 3857 Consulatus
544 3843 550 3858 z
583 3834 612 3860 in
623 3845 676 3870 quo
696 3839 780 3864 enitar
800 3847 854 3863 non
877 3838 973 3870 minus,
987 3847 1065 3872 quam

42 3863 97 3889 snm
109 3865 189 3896 enisus
205 3867 234 3906 in
256 3866 355 3893 nostro.
458 3866 550 3893 Tacit.
563 3868 628 3895 Ann.
641 3880 661 3903 1,
676 3875 716 3904 65,
728 3876 744 3899 6
785 3873 876 3900 Enisae
900 3873 1017 3908 legiones
1038 3874 1065 3899 in

41 3904 126 3932 aperta
137 3907 162 3926 et
176 3900 267 3927 solida.
372 3901 446 3927 Idem
459 3902 525 3927 Arm·
540 3911 561 3934 Ι,
574 3909 618 3937 70,
631 3912 644 3936 ς
663 3908 787 3935 Vitellius
800 3910 829 3935 in
843 3909 956 3936 editiora
969 3910 1064 3936 enisus.

733 3732 802 3757 Suet.
818 3731 900 3765 Calig.
914 3739 934 3756 c.
948 3739 987 3763 23.
1022 3731 1064 3757 Sc-

458 3761 527 3788 Eniti
539 3772 589 3791 oua
601 3766 696 3793 dicitur
710 3767 807 3801 gallina
827 3766 955 3793 Columel.
965 3772 988 3798 8,
997 3775 1027 3792 11.

12 3947 13 3956 ¹
40 3933 106 3962 Adri.
122 3935 203 3963 Ρ1111.1
247 3946 262 3963 2
280 3957 286 3962 .

73 3976 121 3999 EN
130 3977 165 4000 lx
174 3942 235 4006 vg:
249 3943 280 4010 38,
300 3982 353 4001 uin.
388 3973 459 4002 aliud
463 3973 555 4003 Partic.
590 3973 688 4003 Fratris
698 3978 792 4012 opibus
807 3981 902 4010 enixus
919 3981 988 4011 Tac.
996 3981 1064 4010 Ann.
1074 3993 1120 4023 ¹05
1130 3979 1290 4016 consignatas
1301 3980 1330 4007 in
1342 3979 1437 4008 animis
1450 3979 1573 4005 notiones
1594 3979 1676 4016 Tusc.
1693 3989 1713 4015 1,
1726 3988 1758 4016 57
1773 3989 1794 4007 c.
1810 3989 1852 4014 24.

110 4042 113 4055 l

1167 3667 1184 3687 E
1193 3667 1216 3686 N
1225 3668 1248 3687 N
1257 3667 1276 3687 O
1288 3668 1301 3687 S
1312 3668 1350 3688 [G
1359 3669 1381 3688 A
1390 3668 1406 3687 E
1414 3669 1435 3687 V
1445 3670 1457 3688 S
1467 3682 1475 3694 ,
1495 3662 1512 3688 i.
1534 3671 1568 3687 m.
1605 3661 1790 3694 [Ἔννασιγαῖος]
1827 3661 1939 3695 Neptuni
1960 3664 2081 3697 epitheton
2107 3663 2176 3698 apud

1131 3696 1236 3731 Poe'tas,
1255 3695 1324 3732 quast
1341 3698 1444 3723 Terram
1458 3700 1604 3723 concutiens.
1642 3696 1733 3721 quen.
1747 3695 1796 3721 Sat.
1813 3704 1851 3729 10,
1869 3701 1908 3726 182
1928 3697 1956 3723 de
1969 3699 2052 3724 Xerxe
2064 3700 2175 3734 loquens,

1129 3731 1218 3765 Ipsum
1233 3732 1403 3765 compedibus
1417 3733 1463 3767 qui
1476 3733 1595 3757 vinxerat
1611 3730 1808 3764 Ennosigaeum.

1167 3773 1183 3793 E
1192 3773 1214 3793 N
1224 3774 1246 3793 N
1257 3774 1276 3794 O
1285 3774 1301 3793 E
1312 3775 1331 3793 Α
1343 3787 1351 3800 ,
1365 3778 1402 3794 ae.
1425 3769 1443 3793 f,
1463 3767 1571 3800 [silvola]
1608 3765 1785 3802 Intelligentia.
1821 3767 1879 3794 Cic.
1895 3768 2031 3803 Top.31c.
2040 3777 2057 3803 7
2074 3770 2171 3795 Forma
2195 3781 2205 3803 '.

392 3795 484 3821 Partic-
518 3798 572 3825 Cic.
588 3801 626 3834 Q
636 3803 718 3828 Fratr.
732 3811 752 3835 3,
766 3811 782 3835 9
813 3803 893 3836 Angit
907 3811 972 3827 vnus
986 3802 1065 3834 Milo,
1074 3816 1121 3834 100
1131 3802 1169 3828 est
1182 3803 1275 3835 notio,
1299 3804 1373 3829 cuius
1388 3802 1535 3829 differentia
1549 3800 1581 3826 ad
1595 3807 1670 3835 caput
1683 3802 1800 3836 generiS‚
1820 3809 1846 3829 et
1859 3804 1930 3838 quali
1949 3805 2052 3830 fontem
2073 3804 2173 3830 referri

1132 3838 1223 3873 potest.
1259 3838 1406 3865 Notionem
1421 3837 1539 3871 appello,
1559 3837 1630 3870 qnod
1639 3837 1733 3863 Graeci
1747 3844 1803 3864 tum
1817 3840 1914 3871 ἔννοιαν,
1932 3845 1987 3865 tum
2001 3839 2117 3871 πρόληῲωι
2132 3839 2173 3865 di-

1133 3880 1202 3900 cunt.
1239 3874 1275 3899 Ea
1287 3874 1322 3900 est
1336 3874 1426 3904 inlita,
1446 3879 1471 3898 et
1484 3878 1543 3898 ante
1556 3880 1675 3906 percepta
1689 3873 1817 3908 cuiusque
1832 3875 1934 3901 formae
1955 3873 2089 3909 cognitio,
2109 3883 2172 3900 eno-

1461 3907 1526 3933 Idem
1547 3908 1664 3934 Notitias
1677 3910 1781 3944 appellat
1795 3909 1874 3936 Acad.
1889 3919 1912 3943 2,
1926 3919 1958 3937 22
1973 3919 1993 3935 c.
2011 3918 2036 3944 7.
2072 3909 2172 3936 Intelli-

1961 3944 2050 3972 Insttas
2062 3951 2087 3970 et
2100 3943 2171 3979 quali

2048 3977 2103 4016 52
2130 3978 2174 4012 Est

2150 4022 2175 4044 ec

1131 3908 1246 3935 dationis
1262 3909 1389 3943 indigens.

1131 3944 1263 3979 gentiam,
1282 3945 1325 3970 vel
1350 3944 1487 3969 notionem
1510 3944 1598 3977 potius
1619 3943 1650 3969 de
1677 3944 1733 3970 Fin.
1748 3953 1770 3977 3,
1784 3954 1808 3971 21
1829 3955 1850 3971 0.
1864 3947 1889 3972 6.

1438 4015 1545 4046 ‚Zaa
