2479 4225
5 0 64 79 r*
82 58 85 66 .

67 239 159 278 1093
464 227 482 268 I
580 227 626 268 N
717 226 752 267 F
1562 222 1580 263 1
1667 221 1711 263 Ν
1799 225 1834 264 F
2130 238 2228 279 1094

68 323 117 352 per
127 314 236 346 vrbem,
254 314 325 350 quasi
339 315 489 343 valetudine
501 315 609 343 infensa.
689 315 802 351 Compar.
837 311 975 341 claudian.
988 311 1020 337 de
1033 311 1110 346 Rapt.
1175 312 1230 339 ποκ’
1248 311 1282 346 est
1302 312 1411 339 dubium.
1450 312 1483 340 V.
1496 319 1521 349 g.
1541 310 1660 340 Laetam.
1683 312 1712 345 6,
1735 320 1758 345 3,
1778 321 1810 339 ιι.
1881 313 1913 341 Et
1925 321 2007 343 tamen
2022 317 2127 345 Inscros
2135 320 2225 354 patim

69 352 187 386 Proserp.
200 359 276 384 32²0!
311 366 357 372 —
392 352 501 385 Phlegra
513 352 592 378 nobis
605 350 732 378 infensior
746 349 844 378 aether.
946 347 1111 387 vopisc-Au·
1179 348 1260 375 dicere
1273 355 1365 375 amant.

68 387 118 415 rel.
147 395 169 413 e.
200 387 231 418 36
270 386 366 414 Incidit
397 394 426 414 vt
457 387 586 414 libertum
618 388 694 414 suum
725 384 894 413 infensiorem
913 382 963 409 sibi
984 383 1110 409 minando
1216 389 1484 413 INFERNALIS,
1507 392 1531 409 e.
1551 383 1613 410 Adi.
1648 382 1770 410 Prudent.
1785 381 1844 408 adu.
1859 383 2079 419 Symniach.r,388
2100 389 2224 417 Haesimt

45 423 54 436 ⁵
67 421 198 450 redderet,
1179 417 1290 445 deliciae
1304 419 1376 446 Iouis
1390 417 1536 444 infernalis.
1619 419 1714 445 Alcim.
1727 417 1800 445 Auit.
1814 426 1841 450 2,
1854 425 1905 450 290
1928 420 2054 449 infernali
2068 424 2223 451 iamdudum

107 463 228 484 INFEN
238 463 251 483 s
261 463 287 483 Ε.
313 457 382 484 Adu.
418 457 508 484 Tacit.
522 457 589 484 Ann.
604 464 626 490 5,
641 465 664 490 3,
678 458 695 483 6
721 454 852 483 Tiberius
865 452 968 478 infense
982 452 1110 483 inucfitus.
1134 457 1150 484 ς
1179 454 1257 480 noete
1275 454 1391 488 sepultis.

70 492 184 528 Compar.
222 492 282 519 Liu.
296 501 338 526 34,
355 500 379 525 ις
411 493 538 520 Infensius
558 493 643 520 hostes
658 501 707 527 pro
720 490 792 519 vallo
806 487 963 523 pugnabant.
1053 489 1110 516 Cic.
1217 496 1258 515 1N
1271 495 1287 515 F
1301 489 1343 516 ta
1354 495 1391 521 o,
1407 488 1475 520 fers,
1496 488 1588 519 intilli,
1605 488 1720 519 illitum,
1739 489 1849 515 inferre.
1884 488 2023 525 [ἐπιφέροι]
2059 494 2222 531 huroserre,

72 528 146 554 Orat.
159 536 181 553 c.
195 534 220 560 51
240 528 347 555 Isocrati
361 528 397 555 est
410 530 542 555 auersatus
556 527 690 555 infensius.
726 528 760 553 al.
778 523 929 558 Impensius.
1171 524 1225 559 fine
1233 532 1344 560 portare.
1381 523 1462 551 Plaut.
1479 524 1556 550 Cure.
1573 533 1592 555 1,
1608 533 1628 556 ι,
1640 532 1673 558 72.
1698 525 1742 551 Me
1757 525 1858 551 inferre
1871 525 1969 552 Veneri
1983 527 2048 552 noui
2067 528 2119 555 iam
2139 531 2221 557 ienta-

106 569 116 589 1
126 570 149 590 N
161 568 178 589 Ρ
189 569 206 590 13
216 569 239 589 N
249 570 305 595 so,
332 568 384 591 are,
420 563 578 599 [ἐχθραίνω]
618 563 707 592 Tacit.
729 563 795 588 Ann.
817 567 850 592 13,
868 567 897 592 41
919 565 967 594 pro
986 558 1112 594 Insani-sitm
1180 560 1276 586 culum.
1383 559 1485 586 Paullus
1499 559 1526 584 in
1541 559 1558 585 l.
1573 560 1678 586 Senatus
1693 560 1723 586 D.
1738 559 1770 586 de
1785 560 1960 587 contrahenda
1975 566 2037 587 emt.
2051 569 2077 588 et
2090 565 2222 592 venditio-

71 597 130 632 ff,‚
151 598 367 634 vdpmcbcrese,
382 601 459 635 Plane
477 606 506 625 vt
524 599 661 630 infestare,
696 598 732 624 Vt
753 594 822 630 quali
843 594 1032 621 infensantibus
1057 595 1113 620 dcis
1180 604 1222 628 ne,
1242 596 1349 622 Senatus
1368 594 1483 626 censuit,
1504 603 1536 620 ne
1556 594 1614 628 quis
1628 595 1734 621 donmm
1752 595 1878 622 villamue
1893 596 2018 628 dirueret,
2033 606 2087 631 quo
2102 600 2158 632 plus
2172 601 2221 627 fibi

70 634 158 660 exitio
171 632 242 660 tradi
257 634 416 661 crederetur·
487 636 536 662 pro
552 633 689 671 lnft’stare,
725 631 816 658 Tacit,
832 633 899 656 Anu.
913 632 978 662 6,34
999 630 1113 665 Adequi-
1139 637 1170 656 10
1181 631 1380 665 acquireretur,
1400 639 1467 656 neue
1487 630 1545 663 quis
1565 630 1716 663 negotiandi
1737 631 1812 657 causa
1826 639 1919 658 eorum
1933 631 1998 666 quid
2011 639 2113 660 emeret
2126 636 2221 661 vende-

70 674 128 696 tare
143 669 245 701 castris,
265 670 395 697 infensare
407 670 513 705 pabula.
583 669 658 697 Bello
677 668 808 695 infensare
820 665 972 692 Armeniam
992 666 1030 691 ld.
1045 667 1113 693 Anu.
1181 672 1256 693 rctue
1272 677 1278 692 ε
1314 675 1398 700 poena
1412 684 1419 697 ,
1439 665 1465 690 in
1481 673 1541 691 eum
1555 665 1602 699 qui
1615 664 1738 692 aduersus
1756 666 2010 694 Senatuseonsnltum
2031 668 2142 700 fecisset,
2160 679 2221 696 con-

71 712 113 737 13,
134 712 180 740 37,
201 713 221 731 ι·
1180 702 1284 735 stituta,
1303 708 1332 728 vt
1344 701 1452 736 duplum
1466 700 1538 732 cius,
1555 701 1646 735 quanti
1667 701 1779 732 emisset,
1801 701 1827 727 in
1848 702 1978 729 aerarium
1996 703 2098 730 inferre
2116 713 2221 739 cogere·

110 747 120 766 1
131 746 153 766 N
165 746 181 766 1:
191 746 254 772 ER,
278 743 406 777 antiquum
425 750 526 773 nomen,
549 739 613 767 vnde
631 737 756 765 Inferior.
798 737 864 763 Cato
884 734 916 761 de
930 736 960 762 R.
976 736 1006 762 R.
1029 745 1050 763 c.
1066 745 1114 769 149
1180 743 1223 764 tur
1238 748 1243 764 :
1279 738 1307 763 in
1321 746 1380 764 eum
1395 744 1459 771 vero
1474 735 1519 771 qui
1534 735 1705 768 vendidisset,
1726 741 1753 762 vt
1767 736 1842 763 irrita
1857 736 1931 764 fieret
1943 738 2073 765 venditio.
2144 740 2220 767 risco

71 774 127 802 vbi
140 784 219 810 pyrus
235 776 330 802 florere
349 777 482 811 coeperit,
501 781 576 811 prato
590 774 694 808 irriguo
707 784 712 800 :
738 772 786 801 vbi
800 773 891 806 super,
907 771 1029 806 inferque
1047 773 1112 798 vici-
1179 773 1337 808 quingentos
1349 771 1447 799 solidos
1484 772 1573 797 Macer
1592 771 1620 797 in
1639 771 1656 797 l.
1671 772 1844 806 Imperatores
1856 772 1888 798 D.
1903 772 1935 798 de
1947 773 2006 800 iure
2019 774 2082 801 fisci.
2151 776 2222 802 Her-

69 819 121 838 ῃῃς
136 811 286 845 permittet,
306 817 363 838 tum
377 812 506 838 decedito.
551 812 593 838 Sic
607 810 682 836 Citer
698 814 723 835 et
736 810 832 840 Exter,
851 816 877 833 υ.
895 815 921 833 υ.
1131 817 1157 843 ¹3
1178 808 1353 843 mogenianus
1373 807 1401 834 in
1419 806 1435 832 l.
1450 806 1577 832 Aufertur
1589 805 1640 832 eod.
1656 810 1698 833 tit.
1806 806 2003 843 Itasimpliciter
2012 816 2061 844 pro
2071 810 2167 838 Soluere
2174 817 2222 847 po·

107 853 118 872 1
128 853 149 873 N
160 853 175 872 F
184 853 201 873 F.
210 853 229 873 R
238 853 259 874 A
267 848 365 879 x,acis.
380 847 441 874 Adi.
477 846 563 873 Siluae
569 845 698 872 inferaces
706 841 933 871 Hieron-Homil.
943 851 964 869 2.
998 843 1030 870 Et
1039 843 1111 870 frob.
1177 847 1218 870 nie
1237 843 1358 870 Scaeuola
1372 843 1389 868 1.
1403 843 1434 869 de
1444 841 1576 868 accession.
1590 842 1622 868 D.
1638 842 1669 868 de
1683 842 1778 868 diuers.
1792 847 1872 876 temp.
1884 845 1994 877 praescr.
2014 846 2108 872 Videri
2120 853 2147 873 te
2159 855 2224 874 con-

54 887 98 919 f.
111 888 170 916 185,
190 882 271 908 Calon.
282 886 341 917 369.
365 884 436 909 Tom.
448 891 472 914 3.
1082 903 1085 915 r
1178 879 1267 906 ceslisse
1280 878 1478 910 venditionem,
1497 878 1514 903 li
1528 877 1666 912 pecuniam
1679 886 1732 904 non
1745 878 1880 917 intulisses.
1987 880 2060 907 Caes.
2074 881 2101 908 B.
2116 882 2147 908 G.
2155 884 2183 915 6,
2192 890 2222 916 19

112 923 122 944 1
135 923 156 942 N
169 922 185 943 F
195 924 212 944 Ε
222 924 240 944 R
249 923 266 943 c
276 924 285 942 1
294 924 330 949 o,
365 917 418 944 vid.
445 925 455 945 1
464 923 541 944 NFA
550 923 569 943 R
578 922 596 944 C
609 923 620 944 1
634 922 666 943 0.
1177 915 1281 941 Funera
1300 915 1357 940 sunt
1378 922 1426 947 pro
1447 912 1518 939 cultu
1538 913 1677 939 Gallorum
1695 912 1835 946 magnifica
1854 919 1879 940 et
1891 914 2021 941 sumtuosa
2036 926 2042 942 e
2076 918 2237 952 omniaque*

107 959 119 978 1
128 960 150 979 N
159 959 227 979 FER
237 959 247 978 1
257 959 317 986 vs,
335 961 364 985 a,
384 962 439 980 um.
456 953 515 980 Adi.
550 952 681 988 Epitheton
694 959 786 982 rerum,
803 957 864 984 qnae
877 949 1021 985 inferuntur
1034 948 1111 984 insa·
1176 959 1244 985 quae
1257 949 1328 976 vinis
1341 948 1415 975 cordi
1427 949 1502 974 fuiss'e
1514 947 1685 980 arbitrantur,
1700 949 1726 974 in
1741 950 1829 982 ignem
1844 949 1976 983 inferunt,
1993 951 2073 978 etiam
2087 953 2220 980 animalia.

69 990 140 1021 eris,
156 990 175 1015 i.
189 987 338 1021 qfflruiitur.
410 990 452 1016 Sic
470 987 601 1015 Inferium
619 987 711 1014 vinum
730 984 790 1021 quid
800 983 870 1018 qffi’ss
889 986 995 1020 explicat
1008 984 1108 1011 Arnob.
1122 994 1158 1013 20
1175 986 1258 1012 Plaut.
1271 984 1356 1012 Truc.
1369 993 1393 1015 2,
1407 992 1432 1019 7,
1444 993 1472 1017 ¹9
1492 983 1574 1010 Velut
1587 983 1715 1022 meretrix
1728 992 1816 1010 meum
1830 983 1925 1010 herum
1946 987 2070 1013 miserum
2089 988 2133 1014 sua
2151 988 2222 1015 blan-

71 1030 90 1058 7
104 1032 128 1058 p.
141 1026 189 1055 236
196 1023 240 1059 sq.
276 1024 380 1057 Operae
394 1025 508 1058 pretium
521 1023 558 1050 est
570 1023 650 1050 etiam
666 1020 746 1048 verba
758 1021 811 1055 ipsa
823 1019 986 1054 depromere,
1002 1020 1109 1054 quibus,
1177 1021 1243 1047 ditia
1258 1020 1349 1046 intulit
1362 1020 1390 1046 in
1405 1019 1566 1054 pauperiem,
1587 1019 1705 1052 priuauit
1717 1017 1804 1051 bonis,
1821 1020 1888 1051 luce,
1901 1019 2121 1052 honore,amicis‚
2177 1025 2220 1050 In-

68 1067 131 1085 eum
143 1058 238 1085 vinum
251 1058 344 1091 datur,
364 1061 404 1086 vti
421 1068 450 1086 ac
465 1059 608 1094 supplicare
621 1057 782 1084 consuetudo
795 1055 840 1082 est.
879 1054 980 1082 Mafhis
994 1056 1038 1082 hoc
1050 1059 1109 1082 vino
1176 1057 1247 1084 ferre
1261 1057 1286 1082 se
1295 1075 1303 1087 ‚
1322 1063 1351 1081 vt
1365 1055 1485 1082 conferre
1499 1055 1523 1081 se
1531 1073 1538 1086 ,
1550 1053 1599 1089 sed
1611 1053 1674 1080 illud
1687 1053 1852 1079 vehementius
1866 1064 1874 1079 :
1909 1056 1964 1081 Cic.
1978 1057 2006 1082 in
2021 1058 2108 1084 Vatin.
2123 1066 2149 1090 3¹
2167 1059 2219 1086 Tu

68 1093 166 1128 inferio
176 1091 223 1126 esta
237 1096 250 1119 Ι
285 1094 401 1129 Inferio,
420 1095 510 1130 inquit
521 1094 683 1124 Trebatius,
701 1091 813 1118 verbum
829 1099 859 1117 ea
883 1092 955 1117 causa
979 1091 1015 1118 est
1038 1091 1111 1117 addi-
1176 1093 1205 1119 in
1223 1092 1349 1125 templum
1367 1090 1481 1118 Castoris
1503 1095 1529 1116 te
1548 1098 1607 1114 cum
1625 1089 1655 1114 C.
1675 1088 1770 1114 Fidulo
1784 1095 1885 1121 atrato,
1903 1091 2063 1126 caeterisque
2076 1094 2128 1120 tuis
2142 1093 2221 1122 furiis

67 1133 144 1160 tum,
163 1137 247 1163 eaque
261 1135 365 1156 ratione
377 1131 528 1165 profertur,
544 1138 577 1156 ne
591 1129 684 1155 vinum
697 1136 776 1154 omne
790 1126 915 1159 omnino,
930 1126 1001 1161 quod
1020 1126 1048 1152 in
1061 1126 1112 1152 cel·
1176 1127 1308 1154 funestum
1321 1126 1440 1153 intulisti.
1513 1125 1586 1150 Idem
1606 1124 1635 1150 in
1654 1123 1739 1150 Pison.
1752 1131 1780 1156 55
1800 1124 1939 1151 Triennio
1958 1126 2014 1159 post
2034 1128 2220 1156 Macedonicus

67 1163 103 1190 lis
125 1169 205 1198 atque
226 1164 360 1198 apothecis
383 1165 420 1192 est
441 1166 591 1195 conditum,
609 1173 642 1190 ex
665 1162 762 1198 quibus
785 1161 852 1194 illud
872 1162 942 1196 quod
957 1162 1149 1197 effunditur‚25
1176 1164 1324 1197 Imperator
1337 1162 1366 1188 in
1381 1161 1473 1188 vrbem
1488 1161 1513 1187 se
1528 1159 1632 1192 intulit,
1653 1165 1682 1186 vt
1694 1159 1793 1185 nullius
1806 1160 1981 1194 negotiatoris
1992 1161 2164 1190 obseurissimi
2178 1175 2220 1191 re.

67 1206 206 1234 promtum
231 1199 284 1230 est,
303 1201 351 1227 esse
375 1202 473 1228 sacrum
495 1200 620 1234 incipiat,
639 1204 666 1225 et
681 1206 713 1224 ex
736 1197 824 1224 vfibus
837 1198 964 1232 eripiatur
979 1194 1109 1224 huminis.
1177 1197 1248 1224 ditus
1261 1207 1376 1232 vnquam
1390 1197 1471 1223 fuerit
1484 1195 1620 1222 desertior.
1702 1221 1703 1224 ,
1726 1194 1785 1221 Liu.
1798 1203 1822 1227 2,
1838 1204 1868 1228 14
1887 1196 1961 1222 Adeo
1974 1198 2105 1224 concitato
2118 1200 2222 1234 impetu

68 1233 171 1261 Addito
187 1244 250 1269 ergo
264 1234 315 1261 hoc
331 1237 431 1269 verbo,
450 1236 535 1263 solum
549 1235 601 1262 erit
611 1254 620 1267 ,
637 1233 710 1269 quod
722 1233 867 1264 inferetur,
887 1234 994 1264 sacrum,
1009 1243 1056 1260 nec
1070 1242 1110 1260 re-
1176 1235 1202 1260 se
1215 1234 1358 1260 intulerant
1372 1233 1508 1264 l-letrnsci‚
1528 1237 1557 1257 vt
1571 1229 1712 1256 funderent
1727 1230 1783 1265 ipso
1796 1231 1899 1257 incursu
1907 1232 2039 1259 Aricinos.
2110 1236 2152 1261 Sic
2159 1245 2185 1269 4,
2191 1245 2221 1266 53

68 1269 171 1304 ligione
194 1270 358 1305 obligabitur
377 1278 510 1298 caeterum
530 1277 575 1297 etc.
589 1270 652 1305 sunt
670 1273 732 1296 enim
740 1269 864 1305 pluscula.
934 1268 975 1302 Est
988 1269 1112 1305 hacc-sor·
1174 1271 1207 1297 Et
1220 1270 1273 1304 ipse
1287 1270 1406 1303 princeps
1418 1267 1561 1294 calcaribus
1576 1266 1686 1292 subditis
1701 1265 1824 1301 euectus,
1859 1266 1959 1293 effreno
1979 1276 2049 1303 equo
2068 1268 2097 1295 in
2115 1271 2220 1297 medios

65 1306 134 1332 mula
145 1305 212 1341 apud
228 1307 320 1333 Caton.
334 1307 366 1333 R.
380 1307 412 1333 R.
426 1315 476 1339 ¹32,
489 1315 506 1333 2
527 1306 614 1332 Mane
625 1305 691 1332 vino
704 1305 803 1332 inferio
817 1304 880 1331 este.
936 1306 966 1331 Et
976 1305 1014 1330 his
1028 1315 1080 1339 134,
1085 1313 1109 1336 3.
1175 1305 1249 1340 ignes
1270 1305 1393 1331 infertur.
1465 1302 1532 1330 Idem
1543 1312 1580 1334 33,
1592 1305 1628 1333 36
1653 1301 1816 1330 Inserentem
1837 1303 1864 1329 se
1887 1302 2015 1330 ferociter
2035 1303 2153 1337 hostem,
2172 1312 2219 1332 etc.

64 1340 173 1373 Festus,
192 1341 323 1369 Inferium
336 1342 429 1369 vinum
441 1341 479 1374 id,
493 1341 564 1376 quod
575 1342 604 1367 in
624 1340 792 1368 sacrificando
811 1340 881 1367 infra
893 1346 993 1374 paterae
1007 1340 1109 1366 labrum
1117 1346 1148 1371 30
1174 1341 1224 1367 Per
1237 1339 1340 1366 medios
1356 1339 1437 1365 infert
1451 1338 1475 1364 se
1497 1338 1571 1371 Virg.
1586 1338 1651 1363 Aen.
1667 1345 1686 1369 ι,
1701 1345 1761 1370 443.
1876 1338 1925 1365 Sed
1940 1342 2015 1365 etiam
2028 1345 2077 1373 pro
2096 1340 2220 1374 Incedere,

21 1394 23 1398 ι
65 1375 232 1411 ponebatur:
265 1386 312 1413 quo
324 1378 493 1413 etymologIam
506 1377 590 1404 docere
599 1396 608 1409 ,
625 1382 701 1411 puto,
721 1377 810 1403 voluit.
853 1376 910 1402 Vid.
919 1376 981 1402 scal.
990 1375 1021 1401 ad
1031 1377 1107 1402 Varr.
1174 1382 1197 1403 et
1209 1375 1337 1411 compofito
1350 1373 1418 1411 quast
1431 1373 1512 1410 gradu
1526 1382 1581 1399 cum
1587 1371 1643 1407 fast
1647 1383 1661 1398 u
1674 1372 1798 1400 ambulare
1811 1382 1821 1397 -·
1855 1374 1908 1403 vel,
1927 1377 2001 1400 etiam
2011 1376 2161 1410 simpliciter
2175 1377 2220 1403 In-

24 1425 30 1431 =
66 1411 101 1438 de
119 1412 150 1439 L.
169 1412 199 1439 L.
220 1421 244 1446 p.
264 1419 308 1447 77.
504 1410 525 1449 ff
546 1420 563 1438 a
599 1410 690 1445 Omr'ffo
713 1410 868 1445 Substantiuo
889 1411 1051 1443 oblationes,
1071 1412 1111 1438 uel
1191 1411 1245 1438 redi
1258 1418 1281 1438 et
1294 1413 1400 1437 intrare.
1450 1409 1533 1435 Plaut.
1548 1409 1605 1434 Mil.
1620 1417 1647 1442 4,
1659 1416 1685 1440 2,
1699 1416 1741 1441 54.
1810 1407 1884 1435 Idem
1897 1409 1964 1436 Pers.
1978 1418 2000 1442 ς,
2014 1418 2039 1441 z,
2054 1418 2085 1443 25
2105 1411 2161 1438 Hui
2175 1411 2220 1439 ba-

8 1469 13 1487 ,
65 1447 162 1481 dapes,
180 1447 378 1483 inferiae-fient,
397 1453 427 1474 vt
438 1449 478 1475 ait
497 1448 569 1474 Seru.
588 1446 623 1474 ad
641 1448 707 1474 Aen.
723 1456 762 1480 10,
776 1455 818 1480 519
846 1448 920 1474 Sacra
942 1452 1109 1473 mortuorum
1194 1456 1237 1479 ae,
1258 1455 1336 1481 quam
1349 1445 1454 1472 basilice
1467 1450 1492 1471 te
1506 1443 1634 1483 intulisti,
1651 1449 1676 1469 et
1687 1443 1779 1470 facete.
1835 1443 1866 1469 Se
1877 1444 1998 1471 flammae
2019 1446 2085 1472 Vell.
2101 1455 2126 1478 2,
2140 1454 2218 1481 74‚4.

66 1491 135 1517 qnae
147 1483 241 1509 inferis
255 1483 406 1510 soluuntur.
473 1484 506 1510 Et
519 1482 635 1509 Inferiae
649 1482 720 1509 dieta
733 1482 873 1514 Sati-isicia,
883 1492 948 1517 quae
958 1483 1016 1508 Diis
1025 1483 1110 1509 Mani-
1176 1484 1263 1517 Equus
1278 1483 1303 1508 se
1317 1482 1399 1508 infert
1419 1489 1511 1515 campo
1548 1479 1623 1513 Virg.
1639 1479 1737 1512 Georg.
1752 1487 1775 1510 2,
1791 1486 1843 1513 145.
1949 1481 2005 1507 Cic.
2020 1490 2068 1515 pro
2078 1482 2219 1515 Caecin.13

62 1517 116 1545 bus
128 1517 279 1545 inferebant
289 1539 297 1551 ,
317 1518 415 1545 Festus.
521 1520 560 1545 De
571 1518 612 1544 his
624 1518 698 1553 Virg.
712 1519 776 1546 Aen.
791 1526 814 1551 3,
828 1520 863 1544 66
890 1519 1032 1546 Inferimus
1045 1519 1144 1552 tepi-35
1174 1518 1334 1545 Versabatur
1351 1525 1459 1552 quoque
1480 1525 1512 1542 eo
1526 1521 1644 1549 tempore
1658 1515 1685 1540 in
1700 1514 1740 1540 his
1753 1513 1902 1542 rationibus
1914 1516 2046 1542 auctionis
2059 1522 2085 1543 et
2097 1518 2221 1552 partitio-

63 1553 100 1580 do
113 1554 259 1588 spumantia
273 1553 377 1586 cymbia
392 1552 624 1587 la&e‚‘sanguinis
636 1559 662 1580 et
675 1554 740 1580 sacri
755 1559 864 1588 pateras.
933 1553 1015 1580 Ouid.
1025 1554 1111 1581 Trist.
1175 1554 1216 1580 nis
1232 1565 1237 1580 :
1273 1560 1351 1588 atque
1374 1553 1455 1579 etiam
1480 1553 1504 1578 se
1523 1551 1577 1585 ipse
1591 1550 1723 1577 inferebat
1736 1555 1761 1576 et
1773 1550 1942 1584 intrudebat,
1962 1557 1987 1577 et
1999 1552 2029 1579 in
2042 1561 2099 1579 eam
2113 1553 2220 1587 opinio-

64 1597 89 1622 3,
101 1597 124 1622 3,
137 1594 163 1619 81
183 1589 231 1615 Tu
246 1596 333 1615 tamen
346 1588 476 1615 exstintffio
488 1589 583 1616 feralia
596 1598 707 1616 munera
723 1590 803 1616 ferto.
908 1589 983 1624 Virg.
999 1590 1063 1616 Aen.
1083 1598 1108 1622 9,
1175 1599 1236 1616 nem
1250 1589 1405 1616 Cesenniam
1417 1586 1575 1619 adducebat,
1596 1593 1623 1613 vt
1636 1585 1749 1618 mulier,
1769 1593 1813 1612 etc.
1849 1589 1868 1612 i.
1888 1587 2033 1623 Ingerebat,
2052 1594 2083 1614 vt
2095 1590 2169 1624 vulgo
2182 1588 2222 1615 di-

65 1633 107 1657 εις
126 1624 237 1651 Absenti
250 1625 319 1652 ferat
332 1624 451 1651 inferias.
493 1624 550 1652 Vid.
570 1625 683 1652 Kirchm.
698 1624 727 1650 de
743 1626 804 1651 Fun.
812 1626 882 1651 Rom.
893 1633 918 1657 3,
931 1635 970 1652 22.
1005 1630 1029 1652 et
1044 1626 1110 1651 Tur·
1173 1632 1240 1651 cunt.
1346 1626 1385 1651 De
1399 1626 1503 1650 mortuis
1515 1625 1588 1649 etiam
1601 1622 1711 1654 dicitur,
1730 1631 1782 1648 cum
1808 1623 1952 1657 epeliuntur.
2022 1622 2078 1650 Cic.
2086 1623 2118 1649 de
2125 1624 2222 1657 Legib.

65 1659 120 1686 neb.
143 1669 169 1694 4,
189 1670 229 1687 22.
337 1660 414 1695 Virg.
435 1662 500 1687 Aen.
524 1669 564 1693 ιο,
579 1668 622 1694 ςι9
655 1661 781 1687 Viuentes
792 1661 884 1694 rapit3
919 1660 1029 1687 inferias
1043 1669 1109 1695 quos
1174 1669 1199 1691 2,
1212 1670 1239 1694 55
1259 1661 1315 1687 Iam
1335 1665 1406 1686 tanta
1424 1659 1460 1685 est
1477 1658 1574 1691 religio
1595 1657 1790 1692 sepulcrorum,
1808 1663 1837 1683 vt
1855 1662 1927 1683 extra
1941 1658 2011 1684 sacra
2024 1663 2050 1683 et
2063 1664 2167 1691 gentem
2180 1659 2221 1684 in-

64 1695 188 1722 immolet
214 1694 325 1722 vmbris.
371 1697 476 1722 Animae
507 1699 694 1731 parentatianes
724 1695 759 1728 fic
785 1698 859 1721 ctiam
892 1694 983 1722 diHac.
1038 1696 1109 1722 Suet.
1117 1705 1154 1730 40
1173 1697 1241 1722 ferri
1257 1697 1295 1722 fas
1308 1701 1410 1730 negent.
1518 1694 1780 1726 Sueton.ffl1g.c.1or
1801 1692 1882 1717 Iulias
1917 1707 1963 1712 —-—
1999 1695 2085 1719 vetuit
2099 1693 2220 1727 sepulcro

64 1729 219 1765 Calig.c.r5.
243 1731 410 1765 Inferiasque
429 1729 470 1757 his
492 1740 578 1758 annua
592 1731 725 1766 religione
743 1730 847 1766 publice
868 1731 992 1758 instituit.
1033 1731 1108 1767 Cous.
1173 1733 1219 1758 suo
1233 1731 1338 1758 inferri.
1445 1729 1505 1762 le.
1531 1728 1558 1754 in
1581 1728 1598 1754 l.
1620 1736 1632 1753 2
1655 1728 1686 1753 D.
1706 1726 1890 1767 ele-Religiosis
1905 1731 1931 1752 et
1943 1726 2071 1766 sumtibus
2083 1728 2221 1762 funerum,

63 1765 138 1793 Idem
151 1765 243 1792 Claud.
253 1775 313 1792 c.11.
349 1773 371 1793 ct
385 1766 477 1793 Vitell.
487 1776 550 1794 c.11.
604 1767 661 1794 Cic.
675 1767 706 1793 de
714 1767 749 1793 N.
758 1768 818 1798 1).3,
832 1775 865 1799 42
900 1767 1013 1794 Tertius
1028 1767 1064 1792 est
1077 1775 1109 1792 ex
1173 1767 1229 1799 Qri
1241 1771 1377 1792 mortuum
1391 1764 1419 1790 in
1434 1763 1522 1789 locum
1536 1763 1654 1801 alienum
1671 1761 1777 1791 intulit,
1796 1761 1931 1801 tenebitur
1945 1770 1972 1787 ιη
1986 1762 2085 1788 faeturn
2105 1765 2222 1790 ac'tione.

63 1800 151 1827 Idaeis
165 1802 280 1835 Digitis,
301 1802 344 1827 cui
359 1802 469 1828 inferias
481 1802 601 1829 afferunt.
679 1803 748 1828 Dare
762 1802 872 1829 inferias
885 1801 1007 1827 manibus
1027 1800 1109 1826 Ouid.
1173 1801 1249 1826 Idem
1263 1802 1291 1826 in
1304 1799 1384 1826 titulo
1402 1800 1442 1824 De
1454 1803 1562 1823 mortuo
1575 1795 1718 1822 inferendo
1732 1795 1748 1821 l.
1763 1803 1773 1821 r
1809 1797 1865 1830 Qu
1883 1796 2016 1823 inferendi
2027 1805 2163 1825 mortuum
2179 1799 2222 1825 ius

63 1835 131 1861 Fast.
153 1844 176 1868 5,
197 1845 258 1869 422.
295 1837 369 1871 Conf.
392 1837 468 1863 Curt.
487 1845 515 1872 7,
533 1846 560 1869 9,
578 1845 616 1863 21.
652 1843 676 1862 et
690 1845 727 1868 ιο,
742 1845 760 1866 ι,
772 1845 814 1867 30.
907 1837 987 1862 Ferre
1001 1835 1111 1861 inferias
1174 1834 1269 1867 habet,
1282 1842 1336 1860 non
1350 1832 1509 1867 prohibetur
1521 1832 1631 1859 inferre.
1668 1831 1772 1857 Mortui
1786 1840 1896 1866 corpuS‚
1921 1841 1980 1858 cnm
1992 1833 2083 1860 eodem
2097 1834 2222 1861 nonnulli

63 1870 145 1897 alicui
161 1870 235 1905 Virg.
250 1872 315 1897 Aen.
327 1880 355 1903 9,
368 1879 419 1903 215.
513 1872 621 1898 Mittere
637 1871 710 1897 Idem
724 1871 820 1904 Georg.
833 1879 861 1902 4,
874 1876 929 1902 545.
952 1872 983 1895 it.
998 1877 1048 1902 553.
1085 1873 1148 1900 et43
1174 1869 1293 1896 dicerent
1306 1868 1403 1895 inferri
1416 1874 1556 1902 oportere,
1575 1876 1628 1902 quo
1644 1866 1681 1897 hi,
1695 1867 1741 1900 qui
1755 1866 1785 1893 ad
1799 1867 1957 1900 supplicium
1969 1867 2023 1894 dati
2041 1869 2109 1902 Nep.
2119 1878 2147 1902 4,
2161 1877 2184 1902 5,
2196 1877 2220 1903 ς.

63 1905 130 1932 Aen.
145 1914 178 1938 ιι,
192 1911 230 1935 82.
325 1906 433 1932 Mittere
453 1905 564 1932 inferias
583 1905 711 1933 exstincto
725 1905 806 1932 alicui
827 1904 909 1932 Ouid.
925 1906 988 1931 Met.
1004 1913 1043 1936 ιι,
1062 1910 1108 1937 381.
1175 1906 1244 1931 Hinc
1257 1904 1427 1939 adsacrificia
1441 1906 1545 1929 mortuis
1557 1902 1637 1929 oblata
1651 1901 1762 1936 refertur
1776 1911 1784 1940 f
1821 1902 1894 1936 Virg.
1907 1903 1972 1928 Aen.
1986 1911 2009 1935 3,
2023 1906 2058 1930 66
2074 1905 2220 1932 Inferirnus

14 1970 21 1974 .
59 1941 131 1970 Add.
144 1939 291 1975 Cenotaph.
305 1941 388 1967 Pisan.
459 1942 556 1977 Reitzes.
571 1941 649 1969 Inser.
664 1941 705 1968 el.
718 1949 745 1975 7,
761 1949 798 1967 12.
888 1941 994 1967 Sacrate
1007 1939 1110 1967 vmbris
1174 1939 1266 1974 tepido
1290 1939 1436 1973 spumantia
1458 1937 1563 1969 cymbia
1583 1937 1650 1963 laete
1687 1937 1825 1970 Sanguinis
1845 1943 1870 1963 et
1886 1937 1949 1963 sacri
1969 1945 2077 1972 pateras.
2150 1942 2220 1966 Hinc

17 1975 20 1977 ⁴
60 1981 180 2004 aeternas
202 1976 312 2002 inferias
342 1976 404 2002 Stat.
423 1976 515 2003 Theb.
535 1986 558 2011 3,
573 1980 628 2008 363.
720 1976 811 2003 Tacit.
826 1975 894 2002 Hist.
907 1985 930 2008 2,
943 1982 986 2014 95,
1000 1983 1012 2000 2
1033 1974 1110 2014 Apud
1172 1974 1290 2001 Inferiae
1303 1973 1401 2003 dietae,
1421 1983 1444 1999 υ.
1458 1983 1484 1999 v.
1682 1971 1702 2007 Ἴ
1724 1980 1736 1997 2
1762 1971 1810 1998 Sed
1822 1974 1896 1999 multo
1909 1974 1986 1999 latius
1992 1981 2065 2008 patet
2077 1975 2136 2010 vfics
2148 1976 2222 2002 huius

62 2011 151 2038 bonos
169 2011 287 2037 inuidiae
305 2010 374 2043 fuit,
393 2010 465 2045 quod
486 2011 624 2037 exstructis
641 2011 671 2037 in
683 2011 785 2045 Campo
799 2011 898 2036 Martio
911 2019 979 2042 aris,
999 2009 1109 2035 inferias
1180 2009 1270 2041 Verbi,
1293 2009 1357 2044 quod
1372 2008 1499 2043 apparebit
1512 2017 1541 2034 ex
1562 2006 1660 2043 recenfic
1677 2005 1904 2040 substantiuoram,
1925 2017 1985 2043 quae
2008 2010 2047 2036 illi
2071 2012 2219 2046 iunguntur.

63 2047 170 2074 Neroni
183 2046 280 2072 fecisset
294 2056 300 2071 ε
336 2047 422 2072 caesae
434 2045 538 2080 publice
550 2046 676 2072 vietimae
689 2051 871 2079 cremataeque
884 2051 930 2072 etc.
1002 2044 1073 2070 Flor.
1086 2053 1111 2075 2,
1118 2046 1149 2071 50
1172 2044 1238 2071 Plin.
1253 2049 1275 2074 8,
1288 2054 1315 2076 47
1344 2043 1478 2070 Tonitrus
1492 2043 1617 2069 solitariis
1635 2043 1732 2069 ouibus
1747 2042 1861 2068 Abortus
1874 2043 2000 2070 inferunt.
2036 2045 2060 2072 h.
2076 2055 2095 2072 e.
2116 2047 2221 2082 Causam

61 2088 100 2115 18,
114 2091 139 2109 12
157 2084 192 2109 Vt
204 2081 331 2108 destinata
344 2086 431 2108 morte
441 2081 470 2107 in
483 2080 612 2116 praelium
627 2086 743 2114 ruerent,
756 2089 838 2116 quum
851 2081 903 2107 sese
916 2080 1032 2114 primum
1046 2088 1108 2114 epu-
1172 2078 1215 2113 effi*
1233 2079 1343 2105 abortus.
1385 2078 1442 2105 Vitl.
1465 2084 1616 2105 ABORiOR.
1721 2077 1863 2104 Anionem
1882 2088 1941 2105 cum
1960 2079 2066 2114 aliquo,
2085 2079 2118 2114 cst
2135 2085 2219 2117 Agers

36 2148 37 2152 Ἰ
61 2117 96 2145 lis
110 2118 180 2153 quasi
193 2117 298 2144 inferiis
312 2117 496 2152 impleuissent.
537 2116 595 2144 Vz'd.
607 2117 644 2144 ibi
657 2116 771 2144 frca'nsh.
807 2116 880 2152 Conf.
894 2116 1108 2149 Iustin.14‚4,¹3.
1171 2115 1288 2150 aduersus
1301 2116 1404 2148 aliquem
1419 2114 1524 2139 Paullus
1538 2114 1566 2138 in
1580 2113 1595 2138 l.
1611 2113 1646 2152 ‚Ex
1660 2111 1731 2138 fa&o
1752 2110 1776 2149 §-
1789 2113 1836 2140 vlt.
1850 2114 1882 2140 D.
1896 2114 1927 2140 de
1941 2117 2053 2150 peculio.
2158 2118 2220 2145 Liu.

61 2160 88 2180 ιε
99 2158 133 2185 18,
148 2162 175 2187 4,
189 2162 222 2186 13.
1173 2158 1239 2182 r‚30
1252 2156 1316 2175 extr.
1335 2150 1426 2181 Quum
1446 2148 1544 2174 bellum
1565 2152 1700 2182 Vtrimque
1718 2149 1817 2174 summa
1835 2158 1886 2184 ope
1898 2157 2034 2184 pararent,
2053 2152 2176 2187 vertique
2191 2153 2221 2180 in

100 2196 109 2215 1
120 2196 142 2215 N
155 2195 171 2215 F
182 2196 198 2216 E
208 2196 226 2216 R
237 2195 246 2214 1
256 2189 303 2216 Ᾰῐ.
313 2197 323 2216 1
332 2195 361 2220 s,
385 2198 407 2215 e.
436 2188 498 2216 Adi.
535 2187 662 2215 Funebris.
696 2186 774 2221 Apul.
790 2188 854 2214 Met.
867 2191 880 2216 8
891 2195 917 2221 p.
932 2187 979 2218 169
1007 2183 1110 2212 Officiis
1173 2193 1206 2210 eo
1218 2193 1260 2211 res
1273 2183 1421 2215 videretur,
1434 2184 1488 2210 vtri
1503 2183 1575 2223 prius
1585 2183 1666 2209 Arma
1677 2183 1824 2217 inferrent,
1844 2192 1954 2220 occupat
1967 2187 2067 2213 Tullus
2083 2187 2111 2213 in
2126 2196 2219 2222 agrum

59 2223 230 2252 inferialibus
243 2225 328 2251 statim
342 2224 447 2251 exaffis.
517 2223 591 2259 Conf.
604 2223 678 2250 Idem
692 2222 778 2249 Miles.
791 2229 854 2257 rpr.
1116 2223 1145 2249 55
1174 2219 1300 2246 Sabinum
1315 2218 1430 2246 transire.
1538 2219 1595 2245 Cic.
1611 2219 1663 2245 Att.
1676 2228 1702 2251 9,
1722 2227 1731 2245 1
1767 2220 1859 2247 Iouem
1879 2221 2061 2255 imperauiffe,
2077 2228 2106 2249 vt
2128 2223 2220 2250 Italiae

97 2267 108 2287 1
117 2267 140 2286 N
150 2266 166 2287 F
175 2266 192 2286 E
200 2267 237 2287 ιιι
247 2267 266 2286 0
275 2267 293 2287 R
301 2281 310 2294 ,
328 2260 382 2286 vid.
403 2267 413 2286 1
422 2267 443 2286 N
453 2265 493 2285 FB
502 2266 521 2285 R
530 2265 550 2284 v
559 2266 582 2285 s.
596 2262 598 2267 ’
903 2259 906 2263 ”
1175 2255 1276 2282 Bellum
1291 2256 1410 2282 inferret.
1481 2254 1555 2290 Conf.
1571 2256 1645 2280 Cnrt.
1660 2263 1682 2286 3,
1698 2263 1734 2286 ιο,
1748 2259 1771 2284 8.
1877 2256 1979 2282 Bellum
1999 2264 2090 2284 contra
2109 2260 2221 2291 patriam

98 2302 110 2322 1
120 2302 166 2322 NF
176 2302 252 2322 ERM
262 2302 278 2321 Ε
289 2303 312 2321 Ν
322 2302 375 2322 TA
385 2301 408 2321 T
423 2301 443 2320 v
455 2301 484 2325 s,
503 2301 516 2319 a
526 2313 533 2324 ,
564 2302 618 2319 um.
657 2292 717 2319 Adi.
753 2289 890 2325 [ἔξαιμος]
928 2291 1053 2317 Fermento
1071 2299 1110 2316 ca·
1176 2292 1231 2318 Cic.
1246 2291 1359 2325 Philipp.
1374 2299 1400 2322 2,
1414 2298 1441 2323 53
1454 2298 1473 2315 c.
1488 2299 1530 2316 22.
1601 2290 1716 2322 Plin..12,
1729 2295 1742 2320 8
1773 2291 1840 2316 Item
1852 2290 1957 2318 lautino
1972 2292 2041 2318 folio
2054 2300 2079 2319 et
2094 2294 2133 2320 ibi
2147 2294 2220 2329 spina

62 2338 138 2364 rens,
155 2329 389 2367 nonfermensatus.
448 2329 558 2355 Paullin.
573 2328 635 2355 Nat.
650 2327 704 2354 Pel.
717 2332 741 2359 8,
755 2335 792 2362 47
835 2327 1031 2353 Infermentatis
1044 2325 1110 2360 pulsi
1173 2326 1271 2353 tradita
1289 2327 1340 2358 est,
1357 2327 1431 2352 cuius
1451 2325 1542 2360 liquor
1561 2326 1677 2360 aspersus
1695 2325 1796 2355 oculiS,
1816 2326 1976 2354 Caecitatem
1998 2329 2079 2355 infert
2096 2329 2220 2356 omnibus

61 2365 126 2399 quia
138 2365 249 2399 panibus
262 2365 329 2391 olim
343 2365 470 2399 Aegypto.
495 2367 514 2390 i.
533 2371 590 2390 ante
605 2372 676 2399 quam
683 2363 839 2399 fermentare
846 2361 943 2397 poffinz
956 2368 979 2388 et
992 2369 1110 2397 quantum
1174 2362 1342 2388 animalibus.
1413 2362 1484 2388 Caes.
1500 2362 1527 2387 B.
1542 2361 1574 2387 G.
1589 2370 1611 2393 2,
1628 2370 1656 2393 ¹4
1677 2361 1731 2393 Qii
1746 2360 1825 2387 huius
1838 2362 1940 2389 consilii
1954 2364 2085 2398 principes
2106 2365 2221 2397 fuissent,

56 2407 118 2436 opus
130 2399 185 2434 aeffit
196 2400 318 2436 rat-estere
330 2407 403 2435 atque
413 2399 527 2434 acescere.
1116 2397 1153 2422 60
1174 2398 1246 2432 quod
1266 2397 1457 2430 intelligerent,
1471 2402 1593 2430 quantam
1617 2396 1799 2423 Calamitatem
1822 2397 1927 2425 ciuitati
1946 2399 2104 2432 intuliffent,
2121 2403 2149 2427 in
2163 2401 2220 2427 Bri-

98 2443 216 2463 1NFER
226 2443 277 2462 NA
287 2443 315 2466 s,
333 2437 389 2461 atis.
414 2435 473 2460 Adi.
509 2432 578 2466 ficut
591 2433 723 2468 supernas.
758 2432 824 2459 Plin.
839 2434 876 2463 16,
889 2441 920 2465 39
938 2433 969 2459 Et
982 2431 1044 2458 ideo
1056 2432 1110 2458 Ro·
1173 2433 1290 2459 tanniam
1304 2433 1453 2466 profugisse.
1555 2431 1621 2457 Plin.
1637 2437 1671 2464 18,
1687 2437 1714 2461 28
1731 2433 1860 2467 Qtaeque
1881 2443 2016 2468 nunquam
2037 2444 2156 2462 annonae
2178 2438 2230 2462 ina

59 2479 122 2498 mae
136 2472 251 2498 infernas
264 2470 337 2497 abies
351 2469 484 2504 supernati
497 2469 652 2503 praefertur.
738 2469 883 2495 Infernatia
898 2468 1039 2502 lignafimt
1050 2476 1109 2502 quae
1174 2468 1259 2494 tulere
1273 2468 1424 2494 Caritatem.
1533 2467 1606 2493 Caes.
1622 2468 1650 2493 B.
1665 2467 1696 2493 G.
1712 2476 1732 2499 1,
1748 2476 1777 2499 39
1797 2469 1918 2501 Qiorum
1932 2470 1999 2496 alius
2011 2471 2064 2497 alia
2084 2472 2166 2498 Causa
2184 2471 2217 2498 il-

58 2516 91 2534 ex
103 2508 235 2543 Apennino
245 2525 252 2537 ,
269 2512 343 2540 parte
354 2514 401 2541 qua
415 2504 524 2540 inferum
536 2502 723 2539 marespeflat,
741 2504 876 2530 caeduntur
891 2514 898 2528 :
934 2504 1081 2537 supernatia
1099 2511 1110 2528 e
1173 2504 1239 2535 lata,
1259 2512 1337 2538 quam
1352 2502 1401 2529 libi
1414 2501 1446 2529 ad
1461 2502 1678 2536 proficiscendum
1689 2503 1854 2530 necessariam
1870 2506 1918 2530 esse
1931 2505 2039 2538 diceret,
2060 2507 2174 2541 petebat,
2188 2513 2218 2533 vt

60 2542 167 2578 diuersa.
239 2541 345 2568 Vitruu.
360 2549 383 2572 2,
400 2549 428 2566 ιο
445 2540 509 2566 Ideo
522 2540 679 2571 infernates,
703 2548 770 2574 quae
784 2548 816 2565 ex
828 2539 922 2574 apricis
936 2539 1001 2565 locis
1015 2547 1108 2572 appor-
1173 2539 1229 2565 eius
1255 2539 1392 2565 voluntate
1413 2537 1545 2564 discedere
1569 2537 1668 2564 liceret.
1773 2539 1844 2565 Hirr.
1859 2540 1890 2565 de
1904 2541 1932 2566 B.
1948 2541 2054 2575 Hispan.
2071 2550 2080 2568 ι
2107 2543 2218 2577 Propter

10 2589 13 2591 ·
59 2584 166 2608 tantur,
201 2577 327 2603 meliores
361 2577 436 2609 sunt,
467 2584 546 2611 quam
579 2583 646 2611 quae
679 2574 712 2602 ab
740 2575 829 2610 opacis
861 2574 894 2601 de
926 2574 1109 2609 supernatibus
1123 2571 1155 2603 65
1172 2575 1300 2609 pecuniae
1314 2574 1522 2608 magnitudinem
1536 2573 1623 2607 aliqua
1635 2573 1660 2598 ei
1677 2572 1842 2600 inferebatur
1855 2575 1953 2606 Causa,
1975 2577 2015 2610 (i.
2033 2577 2217 2612 accusabatur)

57 2613 235 2641 aduehuntur.
251 2612 254 2614 ⁷
1172 2616 1201 2636 vt
1216 2618 1248 2636 eo
1270 2610 1301 2636 de
1319 2610 1408 2636 medio
1431 2608 1547 2640 sublato,
1568 2617 1597 2634 ex
1622 2609 1679 2634 cius
1692 2609 1826 2642 pecunia,
1846 2610 1980 2637 latronum
2003 2611 2111 2646 largitio
2130 2612 2215 2640 fieret.

99 2655 140 2675 IN
152 2654 169 2675 F
180 2654 256 2675 ERN
266 2653 324 2678 VS,
341 2655 372 2679 a,
390 2655 445 2673 um.
467 2645 527 2673 Adi.
546 2644 706 2681 [κατά-τερος,
726 2644 892 2677 καταχθόνιος
905 2645 985 2670 Gloss.
995 2645 1105 2671 Lat.Gr.
1172 2646 1214 2672 Sic
1230 2655 1286 2671 mox
1300 2646 1418 2672 Crimen.
1489 2644 1549 2670 Liu.
1564 2653 1590 2676 4,
1606 2653 1634 2676 43
1659 2644 1832 2677 Consulibus,
1853 2646 1976 2673 Tribuni
1989 2648 2058 2681 pleb.
2076 2649 2217 2676 Certamen
2260 2658 2262 2660 ·

63 2683 78 2710 ὅ
90 2683 176 2718 κάτω]
212 2683 337 2710 Infernus
360 2682 469 2713 ssueius,
487 2681 554 2717 quasi
575 2681 678 2722 [visimus
701 2687 724 2707 et
740 2680 893 2716 profundus.
939 2680 1005 2705 Plin.
1027 2689 1048 2710 2,
1069 2687 1106 2713 47
1172 2681 1336 2712 intulerunt,
1354 2688 1382 2706 vt
1395 2688 1452 2714 pars
1461 2680 1635 2712 Qiaesiorum
1651 2687 1682 2705 ex
1696 2679 1772 2713 plebe
1786 2680 1868 2707 fleret.
1962 2683 2021 2709 Liu.
2036 2692 2079 2716 29,
2092 2692 2104 2716 3
2122 2683 2217 2711 Omni-

63 2719 201 2752 Qioniam
224 2718 270 2745 ille
291 2718 411 2745 infernus
434 2717 527 2744 fluetus
545 2726 576 2743 ex
600 2725 656 2743 imo
674 2716 754 2742 maris
779 2716 868 2750 spirat.
975 2714 1106 2745 Fulmina,
1172 2715 1220 2742 bus
1234 2717 1303 2750 pacis
1316 2715 1397 2742 modo
1412 2715 1541 2741 iniuriose
1554 2715 1692 2749 agentibus
1707 2724 1799 2750 magna
1820 2717 1913 2743 Clades
1934 2717 2014 2745 illata,
2122 2720 2217 2747 Classes

60 2763 123 2781 cum
139 2763 153 2780 e
166 2760 236 2780 terra
248 2753 369 2780 exsiliunt
384 2753 456 2788 ignes
477 2753 536 2779 Sen.
550 2753 589 2786 Q
599 2752 636 2778 N.
652 2760 673 2782 2,
681 2760 726 2784 49.
829 2749 925 2778 Deinde
938 2750 1060 2785 epitheton
1074 2749 1106 2783 est
1121 2755 1157 2784 70
1172 2753 1278 2778 Oceano
1298 2753 1395 2778 Lucan.
1410 2760 1447 2785 ιο,
1461 2753 1500 2782 36.
1608 2750 1662 2776 Cic.
1679 2752 1753 2778 Verr.
1768 2759 1790 2783 5,
1803 2759 1846 2783 105
1872 2754 1962 2786 Qum
1975 2754 2029 2789 ipse
2049 2754 2214 2790 praedonum

62 2799 145 2816 earum
164 2799 245 2816 rerum
264 2797 287 2816 et
300 2789 478 2825 personarum,
495 2797 557 2823 quas
574 2786 640 2823 apud
651 2787 749 2823 inferos
761 2785 804 2820 effe
818 2786 1029 2822 commentifimt‚
1048 2795 1108 2821 quae
1172 2787 1256 2814 socius
1279 2793 1431 2822 putaretur,
1450 2786 1510 2811 aliis
1532 2785 1692 2820 proditionis
1716 2787 1827 2813 Crimen
1856 2788 1983 2822 inferret,
2009 2796 2037 2816 vt
2054 2790 2138 2826 paullo
2159 2798 2217 2817 ante

54 2823 114 2862 post
127 2831 227 2851 mortem
240 2827 374 2857 timentur,
394 2824 428 2851 ad
439 2833 498 2860 quae
506 2821 563 2860 post
573 2829 675 2849 mortem
693 2829 716 2848 et
725 2830 772 2858 per
789 2822 938 2858 fipzclturam
953 2824 1109 2856 peruenitur.
1173 2824 1300 2855 Causam,
1336 2830 1358 2849 et
1382 2832 1438 2848 mox
1457 2822 1559 2854 Liteni,
1596 2822 1795 2855 Quaestionem.
1900 2825 2056 2852 Contraria.-
2093 2826 2168 2853 Audi.
2183 2826 2216 2853 ad

62 2860 156 2895 Aquae
174 2859 255 2887 Ouid.
271 2860 356 2887 Trist.
373 2869 393 2890 1,
408 2870 428 2891 5,
442 2868 484 2886 20.
554 2858 624 2885 Tac.
639 2859 727 2884 Germ.
741 2860 803 2892 43‚⁶
832 2857 917 2891 Nigra
949 2859 1018 2883 scuti*
1028 2877 1035 2889 ι
1056 2858 1108 2883 fiss-
1174 2859 1273 2885 Hercu.
1288 2867 1315 2891 4,
1328 2865 1361 2892 48
1381 2858 1545 2884 Accusator-is
1559 2855 1677 2884 officium
1691 2857 1742 2889 est,
1767 2858 1867 2884 inferre
1882 2860 2004 2887 Crimina
2019 2871 2025 2886 ε
2061 2861 2216 2894 defensoris,

60 2895 106 2922 &a
125 2904 252 2929 corpora,
270 2902 337 2922 atras
358 2895 389 2922 ad
411 2894 509 2930 praelia
534 2893 625 2921 no&es
645 2893 753 2927 legunt:
788 2893 894 2928 ipsaque
909 2892 1057 2920 formidine
1070 2898 1106 2919 at-
1172 2894 1275 2920 diluere
1289 2901 1314 2920 et
1329 2893 1490 2928 propulsare.
1586 2893 1803 2927 Desperationcm
1824 2894 1913 2922 Iullin.
1929 2904 1970 2928 22,
1984 2904 2009 2930 7,
2023 2904 2047 2931 7.
2141 2899 2214 2924 Caes.

61 2940 116 2966 que
135 2930 229 2957 vmbra
248 2931 339 2958 feralis
360 2931 490 2957 exercitus
507 2936 637 2957 terrorem
655 2929 789 2962 inferunt,
806 2929 882 2956 nullo
901 2928 1016 2954 hostium
1035 2929 1107 2954 susti·
1121 2934 1153 2962 75
1172 2929 1200 2955 Β.
1216 2930 1245 2955 C.
1263 2939 1284 2958 2,
1298 2938 1312 2955 2
1332 2929 1488 2962 Magnisque
1512 2927 1583 2954 vltro
1604 2928 1683 2954 illatis
1699 2929 1889 2964 Detrimentis,
1908 2940 1963 2963 eos,
1977 2932 2023 2966 qui
2047 2933 2215 2967 eruptionem

15 2977 21 3000 Ἰ
60 2972 141 2993 nente
153 2975 255 2993 nouum
268 2975 297 2993 ac
311 2966 384 2993 velut
398 2966 531 2992 infernum
543 2965 692 3000 AspetSiurn.
808 2965 905 2991 Carcer
917 2964 1037 2991 infernus
1050 2965 1107 2991 Sen.
1172 2965 1304 2995 fecerant,
1324 2965 1351 2990 in
1363 2964 1490 2997 oppidum
1503 2963 1669 2990 reiiciebant.
1783 2965 1911 2992 Dolorem
1930 2967 1995 2993 Plin.
2010 2976 2052 3000 24,
2066 2976 2087 3001 5.
2158 2969 2215 2997 Cic.

12 3015 17 3030 ,’
60 3002 110 3037 Ep.
123 3008 162 3032 82.
278 3002 341 3034 Dii,
359 3002 446 3037 quibus
460 3001 552 3035 Superi
566 3006 718 3036 opponuntur
737 2999 847 3032 Liu.«31‚
862 3008 896 3032 31.
998 2999 1110 3035 Respicit
1172 3000 1200 3026 in
1215 2999 1303 3026 Parad.
1318 3010 1337 3033 4
1371 2999 1428 3026 Nisi
1450 2999 1534 3029 forte,
1553 3008 1634 3033 quum
1653 2999 1766 3034 parietes
1788 3000 1966 3033 disturbabas,
1984 3009 2029 3029 aut
2041 3013 2123 3038 quum
2137 3004 2215 3030 teffis

63 3037 98 3064 ad
110 3047 131 3064 c.
146 3047 177 3070 30
194 3037 294 3065 Omnia
313 3037 428 3071 sepulcra
451 3044 674 3070 monumentaque
690 3035 778 3062 diruta
802 3036 850 3062 ess'e
873 3036 900 3061 in
927 3035 1024 3062 finibus
1047 3036 1108 3068 suis,
1172 3036 1307 3062 sceleratas
1320 3036 1397 3063 Faces
1411 3034 1557 3065 inferebas,
1575 3044 1696 3061 meorum
1710 3035 1812 3070 aliquid
1825 3046 1910 3068 ruere,
1930 3043 1975 3064 aut
1988 3038 2131 3072 deflagrare
2144 3039 2215 3066 arbi-

62 3073 185 3100 omnium
198 3073 308 3100 nudatos
327 3082 433 3106 manes,
451 3073 551 3099 nullius
564 3071 615 3099 ossa
627 3078 697 3099 terra
709 3071 770 3105 tegi.
864 3071 964 3104 Lacus,
982 3073 1020 3097 Pl.
1055 3072 1106 3098 Ti·
1171 3071 1286 3098 trabare.
1357 3071 1411 3097 Cic.
1425 3071 1478 3096 Art.
1491 3078 1518 3103 9,
1534 3079 1561 3096 12
1579 3071 1625 3097 Me
1638 3071 1702 3096 meis
1716 3071 1820 3097 ciuibus
1834 3073 1954 3103 Famem,
1973 3073 2118 3100 vastitatem
2131 3075 2214 3101 infer-

64 3108 132 3135 bull.
145 3117 168 3140 2,
179 3116 206 3143 7,
219 3118 264 3142 40.
331 3109 418 3135 Pallor
432 3108 551 3135 infernus
569 3107 646 3142 Apul.
661 3108 726 3133 Met.
742 3116 770 3132 10
783 3115 807 3141 p.
821 3115 880 3139 243,
895 3116 925 3133 11.
1003 3107 1059 3133 Cic.
1074 3107 1105 3133 de
1124 3111 1156 3136 80
1172 3116 1201 3134 re
1216 3107 1314 3135 Italiae.
1388 3106 1449 3132 Liu.
1464 3113 1503 3140 27,
1517 3112 1542 3135 28
1551 3113 1598 3140 pr.
1626 3106 1668 3132 Ibi
1684 3105 1737 3132 duo
1750 3106 1827 3132 duces
1839 3108 1963 3142 sagaciter
1975 3109 2041 3134 moti
2056 3110 2128 3141 sinit,
2147 3110 2214 3136 alter

63 3144 101 3171 N.
116 3143 148 3169 D.
161 3151 187 3174 2,
201 3140 244 3176 114
261 3143 313 3170 Hic
335 3145 387 3171 sese
409 3144 522 3171 infernis
541 3152 556 3170 e
569 3143 686 3178 partibus
699 3142 777 3176 erigit
791 3142 891 3174 Hydra.
984 3143 1107 3169 Infernae
1171 3142 1204 3169 ad
1217 3141 1396 3173 inferendam,
1418 3142 1484 3168 alter
1498 3141 1529 3168 ad
1545 3143 1683 3168 cauendam
1697 3141 1834 3168 Fraude-m.
1913 3143 1973 3169 Liu.
1985 3152 2012 3176 9,
2027 3152 2063 3176 40
2088 3145 2111 3170 Is
2125 3153 2212 3171 nouus

64 3178 150 3206 tristia
163 3178 221 3205 vela
235 3179 306 3206 Ratis
326 3181 403 3215 Prop.
417 3189 439 3212 2,
452 3187 545 3214 20,72.
564 3179 592 3205 de
605 3178 690 3213 cymba
701 3178 842 3204 Charontis.
959 3178 1024 3207 Rex,
1034 3180 1106 3205 Pluto
1172 3184 1260 3205 terror
1271 3177 1385 3210 additus,
1393 3186 1475 3211 quum
1489 3185 1519 3203 ex
1535 3183 1606 3210 parte
1621 3182 1729 3211 Vtraque
1742 3177 1941 3206 circumuasisset
1956 3179 2054 3212 aciem,
2075 3185 2100 3205 et
2114 3180 2145 3206 ad
2160 3187 2212 3207 ter.

64 3215 142 3248 Virg.
155 3214 220 3240 Aen.
235 3216 260 3245 6,
274 3218 329 3242 106.
425 3214 500 3242 Sedes
520 3214 602 3241 Ouid.
614 3215 679 3240 Met.
696 3223 718 3248 3,
730 3221 789 3246 504.
860 3214 953 3247 Stagna
972 3214 1032 3240 Liu.
1048 3219 1106 3246 8,24
1172 3223 1261 3240 rorem
1275 3213 1391 3239 hostium
1405 3213 1520 3247 legiones
1529 3213 1605 3239 Rom.
1620 3212 1796 3245 redintegrato
1809 3213 1922 3240 elamore
1936 3214 2212 3242 intulissentGradum.

20 3276 22 3281 ,
58 3257 106 3287 pr.
199 3248 341 3277 Tenebrae
359 3251 428 3279 Hor.
441 3252 528 3278 earm.
544 3260 572 3284 4,
584 3258 611 3285 7,
622 3257 664 3283 25.
733 3249 822 3276 Valles
846 3248 926 3276 Ouid.
942 3250 971 3275 in
983 3249 1043 3276 Ibin
1061 3257 1106 3284 77.
1173 3250 1290 3276 Gradum
1313 3250 1447 3281 inferunt,
1467 3248 1537 3283 quasi
1558 3247 1706 3274 recentibus
1719 3248 1826 3274 auxiliis
1840 3249 1910 3275 aucti
1939 3250 2029 3276 Tacit.
2044 3250 2112 3277 nist.
2125 3260 2152 3283 3,
2171 3258 2212 3285 25.

17 3282 33 3312 ¹⁵.
64 3284 182 3313 Vmbrae
202 3284 316 3311 Martial.
333 3294 352 3317 1,
364 3294 404 3321 37.
1124 3287 1161 3315 83'
1172 3285 1283 3312 Hostem
1300 3286 1324 3311 se
1338 3285 1420 3311 alicui
1443 3285 1520 3316 Virg.
1533 3284 1598 3309 Aen.
1614 3292 1650 3315 ιω,
1665 3286 1707 3309 66.
1778 3284 1955 3317 Ignominiam
1974 3285 2034 3311 Liu.
2050 3294 2089 3318 34,
2126 3305 2132 3312 .
2168 3306 2175 3313 .

30 3322 32 3325 '
102 3329 112 3347 1
123 3327 145 3346 N
158 3326 225 3346 FER
236 3325 257 3344 N
267 3327 286 3346 v
296 3326 325 3353 S,
342 3321 360 3347 i.
379 3331 415 3348 m.
452 3319 531 3356 [ᾅδης
542 3321 620 3348 Gloff.
636 3321 692 3347 Lat.
708 3320 775 3354 Gr.]
811 3321 899 3347 Orcus.
936 3321 1022 3346 Varro
1040 3319 1107 3354 apud
1173 3321 1304 3347 Iniuriam
1318 3320 1395 3346 sociis
1410 3321 1481 3346 Caes.
1498 3320 1525 3344 Β.
1540 3319 1571 3344 G.
1585 3327 1605 3350 1,
1619 3321 1658 3350 36.
1724 3318 1782 3344 Cic.
1798 3319 1849 3346 Off.
1866 3329 1885 3352 1,
1900 3329 1929 3352 23
1948 3319 1995 3346 Sed
2009 3320 2154 3347 iniustitiae
2167 3331 2212 3356 ge-

41 3383 47 3386 ,,
65 3356 142 3384 Non.
156 3364 184 3389 4,
199 3357 252 3381 226.
353 3355 449 3384 Saltem
460 3358 599 3390 infernus,
617 3356 745 3388 tenebre,
759 3355 831 3382 κακὸς
846 3356 950 3388 δαίμων,
969 3361 1048 3389 atque
1062 3355 1106 3381 ha·
1171 3365 1235 3383 nera
1248 3357 1301 3382 duo
1315 3357 1372 3382 sunt
1386 3366 1391 3381 :
1426 3363 1507 3381 vnum
1521 3362 1613 3380 eorum
1628 3354 1676 3388 qui
1689 3353 1809 3380 inferunt
1823 3365 1828 3380 :
1863 3356 1989 3387 alterum,
2010 3365 2102 3383 eorum
2116 3357 2165 3391 qui
2177 3357 2211 3383 ab

18 3412 22 3422 ,,
65 3391 130 3419 beat
149 3390 271 3418 homines
291 3389 420 3423 solicitos,
438 3392 510 3427 quod
527 3402 588 3419 eum
609 3392 682 3427 peius
695 3391 855 3424 formidant,
874 3400 951 3426 quam
967 3391 1035 3417 fullo
1049 3391 1107 3418 vlu-
1174 3393 1216 3422 iis,
1229 3392 1324 3426 quibus
1338 3391 1462 3422 infertur,
1482 3389 1498 3415 si
1513 3389 1624 3423 possunt,
1643 3398 1697 3415 non
1708 3390 1860 3424 propulsant
1873 3391 2007 3418 iniuriam.
2077 3392 2212 3419 Inuidiam

64 3428 128 3455 lam.
244 3424 291 3452 Sed
304 3424 394 3460 quidst
407 3427 563 3455 Adieffluum
581 3426 631 3461 qli,
650 3434 674 3454 et
689 3428 736 3463 leg.
757 3427 879 3454 Infernus
897 3426 1028 3453 tenebrio.
1065 3428 1106 3453 In-
1171 3427 1262 3454 lustin.
1275 3432 1298 3459 8,
1313 3436 1333 3458 1,
1347 3436 1384 3453 10.
1463 3425 1598 3459 Papinian.
1612 3425 1639 3450 in
1655 3425 1671 3450 l.
1686 3434 1698 3450 2
1710 3426 1741 3451 D.
1756 3426 1798 3451 Ne
1812 3425 1843 3452 de
1855 3426 1919 3452 statu
1932 3425 2050 3453 defunct.
2085 3428 2212 3454 Praescri-

18 3463 23 3491 J
66 3462 140 3489 ferni
153 3467 218 3488 certe
226 3467 275 3496 pro
287 3460 384 3487 Inferis
397 3460 460 3487 diHi
472 3464 547 3498 Prop.
560 3472 584 3494 2,
597 3472 639 3496 22,
653 3472 682 3495 49
702 3463 766 3489 Sunt
777 3463 845 3496 apud
858 3462 977 3488 infernos
989 3467 1029 3488 tot
1047 3462 1106 3488 mil-
1119 3470 1155 3495 90
1171 3464 1229 3497 ptio
1244 3463 1362 3497 quinque
1377 3469 1505 3487 annorum
1515 3480 1522 3492 ,
1543 3468 1608 3493 quae
1621 3460 1713 3486 statum
1729 3459 1915 3487 defunctorum
1929 3467 2029 3493 tuetur,
2049 3462 2134 3496 specie
2143 3463 2211 3490 Litis

24 3513 25 3519 ι
65 3498 104 3525 lia
116 3497 304 3523 formosarum.
409 3496 456 3523 Sed
467 3498 515 3524 Iul.
528 3499 625 3534 Obseq.
638 3506 680 3531 105
711 3498 843 3524 Fremitus
862 3506 996 3523 armorum
1016 3505 1048 3523 ex
1067 3498 1106 3523 in.
1170 3505 1230 3525 ante
1248 3504 1361 3524 mortem
1376 3497 1462 3523 illatae
1476 3505 1529 3522 nou
1543 3495 1573 3521 fit
1586 3495 1670 3522 irrita.
1721 3496 1807 3521 Litem
1821 3496 1912 3530 eapitis
1926 3497 1954 3523 in
1962 3497 2079 3532 aliquem
2096 3498 2152 3525 Cic.
2161 3507 2211 3533 pro

41 3536 43 3539 '
65 3533 145 3561 ferno
158 3531 272 3559 auditus.
368 3531 400 3557 Et
411 3535 459 3558 106
477 3533 607 3561 Fremitus
622 3543 654 3561 ex
669 3534 776 3560 inferno
789 3534 819 3560 ad
832 3534 931 3560 caelum
943 3532 1010 3559 ferri
1024 3533 1106 3563 visus,
1171 3535 1276 3561 Cluent.
1291 3535 1341 3559 116.
1413 3531 1527 3557 Lumine
1541 3530 1612 3557 illata
1632 3532 1706 3557 Cur-t.
1719 3535 1741 3562 8,
1756 3539 1780 3561 2,
1794 3539 1832 3557 21.
1867 3539 1891 3558 ct
1903 3541 1924 3558 c.
1940 3534 1966 3564 6,
1982 3542 2019 3559 22.
2108 3534 2212 3561 Lumen

17 3565 21 3576 ²
57 3568 210 3604 ‚simpliciter
221 3566 274 3594 Ιοῖα
281 3565 442 3602 fiabterranca
454 3567 558 3595 indicat.
626 3572 665 3596 De
676 3570 720 3596 hoc
731 3572 826 3595 nomine
838 3569 986 3605 disputatum
1005 3571 1031 3593 in
1049 3569 1106 3594 Cur.
1172 3570 1200 3596 in
1214 3568 1378 3595 clarislimum
1393 3567 1474 3593 solem
1495 3565 1652 3600 anfflLs,
1662 3574 1697 3592 12.
1767 3565 1833 3592 Plin.
1848 3575 1888 3599 14,
1903 3575 1929 3592 22
1948 3568 2113 3603 Approbauit
2126 3569 2212 3604 plane,

65 3603 133 3637 PQst'·
154 3602 241 3630 Cellar.
257 3609 285 3638 p.
305 3605 362 3631 268.
399 3607 423 3627 et
441 3602 483 3629 Ol.
503 3604 616 3631 Borrich.
634 3606 714 3642 Cogit.
731 3612 760 3640 p.
777 3614 827 3639 134.
862 3612 885 3630 ct
899 3600 1014 3631 Analczsi.
1026 3610 1053 3638 p.
1069 3614 1106 3637 17.
1171 3611 1267 3638 quanta
1281 3613 1327 3639 per
1337 3603 1519 3629 temulentiam
1533 3602 1602 3629 Mala
1615 3607 1744 3629 terrarum
1756 3601 1817 3628 orbi
1829 3601 1963 3630 intulliset.
2069 3605 2169 3631 Malum
2183 3606 2213 3631 in

19 3644 23 3652 ⁴
66 3639 152 3668 Andr.
179 3637 294 3666 Borrich.
315 3639 382 3672 App.
399 3643 426 3672 p.
437 3646 474 3670 5⁰·
509 3644 533 3664 et
551 3640 686 3675 Vividin-,17.
701 3651 747 3674 115.
815 3641 937 3667 Buchner.
951 3638 984 3665 ad
994 3640 1107 3665 Venant.
1122 3643 1155 3670 95
1172 3641 1281 3666 domum
1294 3639 1406 3666 alicuius
1424 3639 1493 3672 Nep.
1507 3646 1530 3669 2,
1547 3646 1570 3668 9,
1584 3646 1604 3663 2.
1676 3637 1733 3663 Cic.
1748 3637 1775 3662 in
1790 3637 1878 3664 Parad.
1892 3646 1914 3671 3,
1927 3647 1944 3665 2
1964 3639 1994 3665 Et
2009 3648 2091 3674 aeque
2106 3649 2210 3674 peccare

66 3675 101 3702 de
121 3673 267 3702 Resurrec‘i.
287 3682 310 3707 p.
332 3681 367 3704 33-
408 3671 477 3699 Vnde
497 3672 596 3709 denique
609 3675 670 3702 illud
680 3676 811 3711 conficitur
825 3686 832 3701 :
873 3676 926 3703 Vox
940 3673 973 3707 est
986 3674 1051 3709 apud
1063 3676 1108 3700 Ec·
1172 3676 1208 3708 se,
1218 3675 1236 3701 fi
1250 3675 1376 3709 priuatis,
1394 3682 1422 3699 ac
1436 3673 1454 3699 fi
1469 3671 1660 3707 magistratibus
1667 3672 1759 3697 Manus
1772 3672 1929 3700 inferantur.
1985 3676 2016 3702 In
2030 3675 2122 3708 vetusto
2135 3684 2211 3700 exem-

65 3708 212 3743 clefiasticos
224 3708 394 3743 usitatiffima,
413 3707 492 3742 nefit'o
504 3716 537 3733 an
548 3710 645 3737 aliunde
651 3711 719 3745 satis
733 3711 849 3746 probata.
1165 3712 1238 3745 plari
1251 3713 1342 3746 legitur
1356 3708 1492 3735 Adferant.
1534 3707 1590 3734 Vid.
1604 3716 1658 3735 mox
1672 3707 1750 3738 Vim,
1770 3708 1885 3736 Vulnera
1903 3710 2011 3737 inferre.
2117 3710 2211 3735 Manus

105 3752 115 3771 1
125 3751 198 3772 NFE
208 3751 304 3775 RNA,
321 3746 406 3770 orum.
424 3752 451 3768 n.
469 3743 508 3770 ΡΙ.
546 3743 619 3771 Idem.
651 3747 719 3773 Tac.
735 3747 803 3773 Hist.
818 3755 838 3779 5,
853 3753 866 3779 5
886 3745 914 3772 de
926 3744 1034 3776 Iudaeis,
1042 3745 1107 3770 Cor·
1171 3745 1250 3772 turba
1262 3751 1372 3772 armatas
1386 3745 1414 3770 in
1428 3744 1503 3770 illum
1519 3743 1611 3769 intulit
1628 3741 1709 3768 Ouid.
1722 3743 1750 3768 in
1763 3742 1823 3769 Ibin
1838 3746 1892 3778 ⁶¹4·
1965 3744 2123 3772 Memoriam
2145 3744 2210 3770 sem-

66 3789 133 3815 pora
146 3779 260 3807 condere
272 3788 351 3814 quam
364 3786 494 3808 cremare,
516 3786 530 3804 e
543 3786 617 3804 more
632 3779 776 3816 Aegyptio,
793 3781 937 3816 eademque
955 3788 1016 3806 cura
1034 3785 1059 3805 et
1074 3779 1106 3805 de
1173 3781 1303 3815 piternam
1317 3781 1344 3806 in
1359 3779 1467 3806 domum
1482 3779 1551 3804 suam
1571 3777 1626 3804 Cic.
1639 3777 1691 3804 Off.
1709 3786 1730 3806 2.
1743 3781 1786 3812 76.
1862 3780 1921 3807 Liu.
1935 3791 1961 3815 4,
1975 3790 1983 3806 1
1994 3788 2035 3814 pr.
2062 3780 2093 3804 Et
2104 3779 2210 3805 Mentio

67 3816 181 3843 infernis
203 3815 333 3850 persuasio
343 3834 352 3846 ,
371 3813 521 3840 caelestium
544 3819 642 3840 contra·
711 3818 851 3854 intelligit,
867 3823 943 3852 puto,
965 3816 1107 3841 Nominati-
1116 3823 1163 3841 100
1176 3817 1263 3850 primo
1278 3816 1368 3842 senfim
1382 3815 1452 3841 illata
1466 3823 1480 3840 a
1494 3812 1642 3845 Tribunis,
1662 3818 1690 3839 vt
1704 3813 1814 3840 alterum
1827 3824 1859 3841 ex
1872 3816 1946 3849 plebe
1959 3814 2098 3842 Consulem
2116 3814 2209 3840 liceret

65 3859 125 3877 vum
139 3851 243 3878 inferna
256 3854 303 3877 int.
317 3851 389 3880 loca,
408 3848 523 3882 negotia.
616 3849 658 3875 Sic
665 3849 723 3877 Sen.
732 3853 810 3879 Here.
819 3853 873 3879 fur.
887 3860 933 3885 423
964 3860 992 3877 ex
1001 3850 1107 3886 persona
1175 3851 1244 3876 fieri.
1313 3851 1386 3883 Conf.
1400 3851 1472 3876 Curt.
1488 3854 1509 3879 8,
1523 3857 1543 3880 r,
1556 3853 1592 3879 38.
1662 3849 1721 3875 Liu.
1736 3851 1777 3882 26,
1791 3858 1825 3876 20
1851 3851 1947 3877 Nihilo
1963 3851 2048 3876 minor
2060 3849 2128 3875 sama
2142 3849 2210 3882 apud

67 3886 191 3920 Megarae
213 3889 326 3923 coniugis
348 3886 494 3916 Herculeae,
514 3883 541 3909 de
559 3886 649 3910 marito
656 3883 711 3919 suo.
750 3888 856 3914 Inferna
869 3888 970 3920 tetigit,
987 3886 1065 3920 posset
1079 3890 1107 3911 vt
1173 3885 1258 3912 hostes
1270 3881 1399 3919 Scipionis
1412 3890 1481 3916 erat,
1501 3890 1578 3918 quam
1593 3883 1660 3919 apud
1675 3884 1760 3917 ciues,
1779 3886 1913 3920 sociosque
1928 3896 1933 3910 :
1951 3891 1975 3910 et
1989 3884 2119 3909 diuinatio
2134 3892 2212 3917 quae-

47 3924 57 3927 *
67 3921 161 3954 supera
173 3921 280 3956 assequi-
351 3922 511 3954 lnterfflgfltss
531 3926 602 3950 erat,
621 3919 764 3946 AnimOSne
780 3925 878 3950 mersus
897 3922 991 3949 inferis
1010 3921 1107 3947 coniux
1174 3920 1234 3947 dam
1249 3921 1350 3953 futuri,
1370 3930 1424 3955 quo
1437 3919 1522 3946 minus
1534 3919 1603 3946 ratio
1616 3920 1719 3946 timoris
1733 3919 1808 3946 reddi
1820 3926 1936 3955 poterat,
1956 3928 1987 3944 co
2000 3925 2146 3953 opportune
2158 3927 2212 3944 ma-

36 3970 40 3979 »
68 3956 131 3982 facit
145 3956 154 3982 3
260 3957 341 3983 Solin.
355 3964 382 3988 55
407 3954 543 3981 Proximus
566 3953 627 3979 inde
649 3954 801 3982 Acherusius
819 3958 922 3992 specus,
942 3967 1021 3992 quem
1039 3957 1108 3982 fora·
1175 3957 1262 3983 iorem
1276 3955 1392 3982 inferens
1406 3956 1516 3982 Metum.
1588 3955 1747 3981 Moeffitiam
1769 3956 1824 3981 Cic.
1840 3956 1920 3982 Tusc.
1934 3963 1954 3985 ι,
1969 3957 2022 3980 106.
2094 3954 2165 3979 Caes.
2180 3953 2209 3980 B.

64 3991 148 4021 minis
160 3991 230 4018 caeci
243 3991 378 4026 profundo
390 3990 422 4018 ad
435 3998 516 4025 vsque
529 3989 634 4017 inferna
646 3989 721 4017 aiunt
733 3995 829 4026 patere.
898 3995 938 4022 De
957 3991 1108 4027 Christianis
1117 3999 1162 4026 105
1175 3992 1205 4019 C.
1218 4000 1240 4025 3,
1253 3998 1281 4024 75
1301 3991 1398 4026 Neque
1409 3999 1475 4017 vero
1488 3990 1628 4052 Panpeius
1642 3991 1749 4026 cognito
1760 3990 1869 4018 consilio
1881 3990 1947 4024 eius,
1965 3990 2070 4050 Moram
2083 3988 2163 4051 Vlifflg
2178 3988 2211 4015 ad

1480 4027 1498 4053 6
1579 4033 1598 4054 2.
2019 4033 2048 4052 in
2062 4032 2145 4059 equen
2164 4033 2210 4052 um
