2479 4225
287 179 341 217 35.
674 156 707 196 E
789 151 943 195 ME

291 256 364 278 mrum
378 250 424 284 ψ,
449 250 578 280 militam,
595 252 617 273 ct
630 245 817 281 expditionrm,
837 241 881 277 res
890 243 972 278 icitur.
1008 236 1087 263 Plaut.
1101 235 1203 275 Mostel.
1220 242 1238 264 1,
1252 240 1314 272 2,.ςι

292 290 378 313 Vnum
399 285 443 311 vbi
465 283 603 310 emeritum
619 282 654 308 est
669 279 839 315 Stipendium.
910 276 967 312 Liu.
983 280 1021 304 39,
1037 281 1064 304 19
1093 272 1189 298 Ebutio
1204 273 1314 308 emerita

293 322 424 356 Stipendia
444 320 535 350 essent,
555 327 587 344 nc
602 318 700 343 inuitus
720 315 862 350 militaren
880 345 884 348 -
929 309 985 348 Cic.
999 307 1191 347 de..3⁶¹¹.e&·.4.9
1221 305 1254 330 At
1267 303 1315 343 illa

294 357 381 392 quanti
400 356 471 384 sunt,
492 354 624 387 animum,
645 358 765 384 tanquam
784 351 898 373 emerms
916 344 1059 383 Stipendns
1073 342 1208 381 ltbtdtntS,
1230 338 1315 365 ambi-

291 393 385 420 nonis,
414 389 605 420 contentionis,
635 385 848 413 inimicitiarum,
870 380 1042 413 cupiditatum
1061 385 1198 417 omnium,
1229 376 1314 400 secum
1339 386 1352 413 5

291 427 352 458 esse,
373 427 513 460 secumque
534 428 578 455 (vt
592 423 703 451 dicitur)
728 419 826 444 viuere.
897 414 970 441 Idem
986 415 1038 440 Att.
1053 416 1104 445 6,3
1130 413 1178 438 Etn
1199 418 1315 436 annuum

291 463 412 495 Tempus
426 469 506 495 prope
519 460 569 485 iam
585 457 719 483 emeritum
734 451 890 479 habebamus
916 450 989 481 (dies
1002 449 1074 475 enim
1096 456 1113 475 x
1123 456 1140 474 x
1150 456 1166 473 x
1177 454 1185 472 1
1196 453 1222 471 11
1243 450 1318 471 erant

290 497 405 531 reliqui)
432 495 610 522 solicitudine,
634 497 679 516 etc.
700 490 723 514 h.
736 498 755 513 e.
768 487 910 522 Absolutum
923 485 1071 520 etfinitwn,
1096 480 1249 518 confestum,
1267 487 1316 520 ¹rcr-

290 535 418 558 minatum.
464 532 580 565 Loquitur
598 526 625 551 de
638 533 717 551 annua
732 526 877 557 prouinciae
895 519 1127 556 administrationer
1186 518 1317 543 Emeritae

292 568 456 602 permensum
469 570 582 597 tsmpora
595 561 664 586 vitae
690 556 837 584 Nemesian.
852 556 902 583 Ecl.
918 565 937 588 1,
953 565 990 588 19.
1044 553 1165 581 Emerttis
1180 550 1318 578 referenda
1336 559 1365 579 10

292 603 328 629 est
341 603 422 636 gratia
438 603 532 633 semper
552 595 630 623 Ouid.
645 603 675 620 ex
689 595 762 620 Pont.
777 601 797 626 1,
810 600 836 627 7,
851 595 887 618 61.
910 595 928 618 ι’.
946 591 1017 618 valde
1030 593 1139 621 meritis,
1165 588 1218 614 vid.
1233 588 1318 614 Burm.

294 638 327 665 ad
340 638 443 664 Nemes.
458 637 550 666 Cyneg.
569 641 592 657 v·
608 638 657 662 ¹95-
1013 664 1017 668 y
1033 663 1037 667 .
1056 664 1059 667 Ι
1198 661 1202 665 “

328 680 376 700 ΕΜ
387 680 402 698 E
412 679 428 697 R
439 678 476 696 1'1‘
486 677 503 694 v
516 675 539 693 M
552 687 558 697 ‚
577 667 594 692 i.
615 675 639 691 n.
676 665 863 698 Pecunia,quae
870 662 974 688 dabatur
983 662 1075 687 mzlma
1087 657 1223 695 defiuzstts.
1261 657 1319 697 Mo-

294 708 383 734 dcstin.
404 707 419 732 l.
433 714 443 736 3
459 706 488 730 D.
513 702 545 728 de
565 703 602 727 Re
617 700 726 727 Militar.
756 699 812 731 Qui
826 697 937 724 militiae
952 703 1053 730 tempus
1068 696 1095 721 in
1111 695 1257 721 desertione
1270 701 1319 718 im-

293 744 387 778 pleuit,
408 740 517 766 emerito
530 738 655 772 priuatur.
710 734 781 760 Idem
797 733 863 759 ibid.
884 733 914 759 Et
928 732 944 758 fi
958 733 1063 766 expleto
1076 737 1194 764 tempore
1206 728 1319 768 militiae
1338 734 1363 760 13

294 778 387 807 redeat,
401 782 427 801 vt
446 776 586 800 Veteranns
603 771 754 797 restituetur
773 775 798 795 et
817 768 926 794 emerita
945 768 1064 801 accipiet.
1123 765 1181 793 Vid.
1202 766 1268 799 LipJ.
1289 762 1322 788 ad

293 814 357 839 Tac.
372 814 436 837 Arm.
450 818 469 841 1,
486 817 513 842 17
544 808 586 834 vbi
599 816 628 832 cx
642 808 721 833 Dione
735 804 844 840 fimzmas
853 807 928 838 ponit
939 803 1011 829 huius
1025 804 1135 834 emeriti,
1151 802 1321 827 Praetorianis

297 849 326 874 V.
340 847 378 873 M.
404 844 572 871 drachmarum
600 842 667 875 (xx
692 842 769 867 millia
791 840 866 873 Hs.)
883 837 939 873 post
953 846 971 865 x
983 844 1003 863 V
1018 845 1028 864 1
1051 847 1139 871 annos,
1154 837 1255 871 reliquis
1268 837 1320 860 tria

290 882 366 909 millia
391 881 467 914 (xlt
487 880 525 905 M.
540 878 613 912 HS.)
636 874 764 912 postquam
779 883 823 902 xx
850 872 1008 906 militaffint:
1034 873 1188 907 emendatque
1214 872 1319 897 Sueton.

290 917 372 950 Calig.
384 923 448 947 c.44
467 913 613 940 Commoda
620 912 743 938 emeritae
756 910 868 937 militiae
888 907 982 941 (hoccst
991 908 1143 939 emeritum)
1163 906 1194 934 ad
1207 907 1247 933 sex
1260 905 1320 931 mil·
1328 914 1363 932 20

289 952 353 978 lium
373 953 498 977 summam
519 948 629 980 recidit,
654 950 671 973 i.
688 946 814 972 dimidium
827 944 1094 979 ordinariaeficmmae.
1133 944 1197 969 Nam
1210 941 1273 977 quod
1286 942 1318 967 le-

290 987 391 1024 gebatur
403 986 585 1012 sexcentorum
598 983 712 1009 millium
721 1002 728 1014 ,
747 990 838 1008 enorme
851 983 939 1006 vitium
948 985 1071 1014 putarunt
1085 981 1158 1005 etiam
1173 978 1321 1004 Torrentius

291 1030 315 1049 rt
326 1021 486 1057 Casaubonus.
523 1019 590 1047 Add.
611 1020 726 1045 Torrent.
740 1021 766 1042 in
781 1017 885 1042 Sueton.
899 1016 966 1049 Aug.
981 1024 1001 1040 c.
1017 1022 1060 1047 24.

324 1062 455 1084 EMERG
465 1062 498 1086 0,
518 1055 547 1087 11,
565 1055 630 1086 sum,
650 1056 702 1080 cre.
739 1050 909 1086 [α’ναδύσμαι]
946 1051 1103 1076 Contrarium
1117 1048 1188 1074 verbo
1201 1056 1321 1083 mergere:
1356 1072 1364 1074 ,

290 1102 319 1119 ex
333 1094 384 1119 Ioco
397 1091 444 1118 uhi.
446 1090 585 1126 submersus
591 1090 709 1125 fueram,
727 1090 766 1114 vel
779 1087 934 1118 delitum-am,
954 1088 1035 1116 exire,
1054 1092 1077 1110 et
1088 1087 1115 1110 in
1127 1085 1201 1110 lucem
1210 1082 1321 1122 prodire,
1339 1090 1370 1116 ις

290 1129 351 1154 Liu.
366 1136 385 1160 1,
400 1135 424 1159 13
442 1127 557 1153 Primum
571 1124 699 1159 profunda
713 1124 824 1149 emersus
838 1121 939 1156 palude.
994 1120 1049 1146 Cic.
1062 1119 1094 1145 de
1108 1120 1165 1145 Fin.
1180 1127 1199 1150 3,
1213 1123 1245 1151 48
1265 1119 1320 1151 Qu

292 1162 400 1189 demersi
421 1163 477 1188 sunt
497 1162 524 1187 in
544 1168 625 1194 aqua,
645 1158 714 1185 nihil
728 1159 808 1192 magis
822 1158 948 1192 respirare
964 1156 1074 1190 poss'unt,
1084 1155 1101 1181 11
1120 1164 1172 1180 11011
1185 1155 1262 1188 longe
1276 1157 1320 1179 ab-

293 1199 350 1224 sunt
364 1207 377 1223 a
392 1196 508 1229 summo,
532 1201 559 1221 vt
574 1196 625 1221 iam
640 1195 746 1228 iamque
761 1193 849 1228 possint
865 1200 1013 1226 emergere,
1040 1199 1118 1225 quam
1138 1190 1154 1216 11
1170 1190 1250 1216 etiam
1264 1195 1320 1215 tum

293 1235 369 1260 essent
382 1234 409 1258 in
421 1230 560 1266 profundo.
611 1230 678 1256 Add.
693 1231 724 1255 de
739 1230 794 1255 Fin.
810 1239 837 1261 4,
851 1231 886 1260 64
900 1237 920 1253 c.
935 1236 964 1260 23
987 1227 1013 1253 Si
1027 1227 1114 1261 plures
1128 1235 1158 1252 ex
1173 1225 1226 1252 alto
1239 1234 1321 1251 emer-

292 1277 352 1303 gere
367 1268 457 1299 velint,
470 1267 575 1301 propius
588 1265 695 1299 quidem
708 1274 752 1291 eos
765 1265 823 1290 fore
835 1263 867 1289 ad
879 1262 1069 1297 respirandum,
1090 1262 1136 1296 qui
1151 1261 1182 1287 ad
1196 1261 1321 1286 summam
1338 1271 1370 1296 30

291 1305 343 1330 iam
365 1311 457 1337 aquam
475 1301 699 1336 appropinquant,
724 1300 768 1326 sed
787 1298 872 1325 nihilo
891 1298 973 1333 magis
990 1299 1119 1332 respirare
1139 1297 1221 1331 ponc,
1242 1304 1320 1330 quam

290 1347 350 1370 eos,
370 1338 416 1372 qui
435 1339 491 1363 sunt
510 1338 538 1362 in
553 1335 695 1370 profundo.
765 1336 833 1361 Ter.
847 1335 911 1360 Eun.
927 1343 948 1366 3,
962 1342 983 1367 ς,
995 1341 1012 1368 7
1044 1332 1117 1366 Quid
1135 1332 1255 1366 gestiam,
1277 1337 1320 1357 aut

290 1373 354 1408 quid
367 1373 445 1399 laetus
461 1372 522 1404 sim,
541 1380 594 1406 quo
608 1379 728 1406 pergam,
743 1370 811 1397 vnde
825 1378 966 1404 emergam.
1041 1370 1089 1396 Vbi
1103 1369 1196 1394 Donat.
1211 1367 1320 1401 Proprie

289 1409 355 1434 dixit
369 1407 441 1433 Vnde
455 1416 600 1442 emergam:
624 1413 652 1433 vt
666 1415 697 1432 ex
710 1406 797 1432 lustris
815 1411 893 1440 atque
905 1404 1048 1431 inhonestis
1068 1404 1145 1435 locis,
1161 1408 1252 1436 vtpote
1266 1411 1319 1428 me-

288 1444 389 1470 retricis
403 1440 492 1469 domo.
563 1442 617 1468 Cic.
634 1442 666 1467 de
682 1442 771 1475 Arusp.
786 1442 859 1474 Resp.
874 1449 901 1473 53
914 1449 934 1466 c.
949 1448 978 1472 2,-
997 1441 1051 1465 lam
1066 1439 1112 1465 ista
1126 1440 1238 1473 serpens,
1252 1447 1318 1472 quae
1334 1445 1363 1472 35

288 1476 331 1505 hic
343 1477 484 1510 delitescit,
507 1483 562 1503 tum
578 1477 603 1502 se
616 1477 744 1509 emergit,
763 1482 787 1501 et
806 1476 892 1501 fertur
911 1475 989 1506 illuc,
1009 1475 1149 1508 compressa
1161 1480 1238 1508 atque
1251 1474 1319 1499 illisa

288 1514 426 1540 morietur.
495 1513 641 1538 Contraria:
675 1512 730 1536 Cic.
746 1510 778 1536 de
796 1510 831 1536 N.
846 1511 876 1536 D.
896 1518 983 1542 2,124
1012 1511 1077 1544 Legi
1096 1510 1175 1535 etiam
1193 1510 1318 1543 scriptum

289 1550 336 1575 esse
352 1557 426 1575 auem
442 1547 570 1582 quandam
585 1555 650 1581 quae
664 1546 772 1572 Platalea
790 1545 990 1576 nominaretur,
1004 1553 1061 1570 eam
1074 1544 1123 1570 fibi
1136 1544 1225 1570 cibum
1241 1553 1318 1578 quae-

290 1592 348 1610 rere
367 1583 529 1609 aduolantem
549 1581 580 1608 ad
599 1591 640 1608 eas
659 1589 806 1615 aues,quae
826 1581 854 1606 in
872 1581 941 1606 mari
959 1585 1120 1613 mergerent:
1153 1587 1220 1613 quae
1235 1588 1318 1612 quum

291 1618 454 1651 emersissent,
468 1619 613 1652 piscemque
627 1617 761 1650 cepiffent,
779 1624 859 1650 vsque
871 1624 903 1641 eo
917 1624 1034 1650 premere
1047 1623 1136 1640 earum
1150 1614 1235 1648 capita
1249 1623 1318 1640 mor-
1333 1620 1369 1645 40

261 1656 262 1659 ’
294 1654 382 1685 dicus,
402 1660 446 1679 etc.
516 1652 588 1678 Idem
608 1651 639 1677 de
652 1652 771 1677 Vniuers.
792 1659 818 1682 32
846 1651 980 1684 Qieisque
1007 1649 1170 1684 temporibus
1190 1658 1204 1675 a
1228 1649 1318 1676 nostro

293 1688 413 1723 adspectu
428 1687 590 1719 oblitescant,
607 1687 746 1721 rursusque
759 1685 849 1712 emersi
868 1694 985 1712 errorem
1006 1685 1133 1711 incutiant
1154 1686 1266 1711 rationis
1279 1693 1321 1711 ex-

293 1724 426 1759 pertibus,
449 1730 493 1748 ctc.
525 1722 551 1748 tle
570 1724 688 1748 planctis.
759 1722 789 1747 Et
809 1720 841 1746 de
855 1721 946 1754 Arusp.
962 1722 1035 1754 Resp.
1055 1726 1089 1754 48
1118 1720 1207 1752 Idem,
1234 1720 1322 1754 postea

293 1768 371 1793 quam
391 1759 517 1792 respirare
536 1767 583 1783 vos
596 1766 611 1783 a
629 1762 699 1783 metu
713 1756 810 1785 caedis,
826 1764 958 1790 emergere
977 1756 1161 1782 aucloritatem
1180 1755 1292 1781 vestram
1306 1763 1321 1780 a

292 1793 416 1820 fluctibus
430 1794 483 1819 illis
497 1792 644 1819 seruitutis,
663 1792 818 1818 reminiscere
832 1792 985 1817 memoriam
1000 1800 1027 1817 ac
1048 1790 1204 1816 deliderium
1218 1790 1271 1815 mei
1283 1790 1323 1815 vi·
1337 1796 1370 1822 43

292 1828 344 1860 dit,
362 1835 405 1854 etc.
493 1829 635 1861 Emergunt
657 1836 671 1853 a
690 1827 799 1860 septenis
826 1826 943 1860 partibus
965 1826 1024 1852 illae
1043 1826 1130 1851 stellae
1157 1825 1223 1850 Plin.
1243 1833 1268 1855 2,
1285 1832 1323 1857 14.

291 1861 312 1901 ff
332 1872 348 1889 2
383 1862 485 1897 Diuersi·
496 1861 654 1894 construitur.
691 1863 746 1887 Cic.
760 1861 792 1887 cle
801 1862 891 1888 Dinin.
908 1871 926 1893 1,
937 1870 966 1896 73
986 1863 1076 1894 ann
1090 1861 1136 1886 ille
1148 1860 1176 1886 in
1190 1869 1253 1893 agro
1266 1860 1323 1886 No-

291 1898 351 1924 lano
365 1898 512 1925 immolaret
524 1902 583 1923 ante
595 1897 776 1928 Praetorium,
796 1896 829 1922 ab
843 1897 934 1923 infima
948 1905 992 1923 ara
1004 1896 1091 1922 subito
1104 1896 1194 1929 anguis
1209 1903 1324 1928 emerge-

293 1940 341 1959 ret.
402 1934 497 1959 Paterc.
512 1941 533 1964 2,
547 1934 587 1964 65,
603 1940 612 1958 1
632 1932 769 1965 Emergere
783 1931 810 1956 in
828 1931 961 1965 fastigium
977 1937 1002 1957 et
1015 1931 1112 1956 attolli.
1183 1930 1202 1955 E
1215 1930 1323 1955 flumine

294 1970 350 1995 Cic.
365 1967 396 1994 de
410 1968 500 1993 Diuin.
521 1976 543 1999 2,
561 1969 595 2000 67
614 1976 635 1993 c.
652 1976 684 1998 31.
754 1966 825 1992 Idem
839 1975 886 1999 pro
901 1967 929 1991 L.
946 1965 1038 1991 Manil.
1052 1972 1069 1998 7
1093 1966 1131 1990 Ita
1146 1971 1245 1998 regnat,
1257 1970 1285 1990 vt
1299 1964 1324 1989 se
1336 1974 1367 1999 50

292 2012 348 2030 non
365 2004 461 2032 Ponto,
476 2011 559 2036 neque
573 2001 749 2035 Cappadociae
760 2001 866 2028 latebris
878 2000 1008 2027 occultare
1022 2000 1102 2032 velit,
1121 1999 1163 2025 sed
1177 2004 1324 2033 emergeret

295 2048 310 2066 e
329 2038 414 2073 patrio
431 2046 526 2071 regno,
546 2044 621 2070 atque
640 2038 667 2062 in
686 2037 776 2062 vestris
796 2035 985 2070 vectigalibus,
1012 2034 1061 2061 hoc
1078 2035 1113 2061 est
1133 2035 1162 2061 in
1180 2034 1251 2061 Afiae
1266 2034 1322 2060 luce

295 2073 401 2100 versari.
482 2073 618 2106 Emergere
637 2081 667 2097 ex
687 2070 786 2097 iudicio
806 2072 934 2105 peculatus
962 2071 998 2097 Id.
1016 2072 1091 2097 Verr.
1112 2079 1131 2102 1,
1146 2079 1182 2096 12.
1253 2070 1322 2096 Ter.

293 2109 376 2137 Andr.
390 2117 413 2140 3,
426 2116 449 2139 3,
461 2116 492 2140 30
513 2107 614 2133 Dehinc
627 2107 704 2132 facile
716 2115 746 2132 cx
759 2106 811 2133 illis
825 2107 876 2132 sese
890 2107 1050 2132 emersurum
1064 2105 1148 2131 malis.
1218 2105 1323 2138 Qubus

298 2152 329 2170 ex
344 2143 419 2169 malis
431 2148 458 2168 vt
471 2143 495 2169 se
507 2143 644 2172 emerserat
664 2142 731 2176 Nep.
747 2149 786 2174 23,
800 2146 834 2174 11,
847 2150 865 2167 1.
934 2140 1006 2175 Conf.
1021 2140 1054 2166 ad
1066 2141 1091 2167 h.
1106 2141 1122 2166 l.
1137 2140 1229 2167 Schott.
1242 2144 1272 2165 it.
1287 2141 1322 2165 N.
1340 2147 1369 2172 55

299 2178 384 2213 Heius:
397 2184 421 2204 et
433 2177 554 2204 Drakenb.
570 2178 602 2203 ad
620 2178 664 2203 Sil.
679 2185 705 2211 7,
719 2185 770 2209 4¹3·
838 2177 892 2203 Cic.
907 2177 934 2201 in
948 2176 1035 2202 Vatin.
1050 2184 1079 2207 23
1094 2185 1114 2200 c.
1129 2184 1145 2207 9
1177 2175 1233 2208 Qu
1247 2175 1275 2200 in
1290 2183 1322 2201 eo

297 2213 447 2248 magistratu
460 2220 513 2239 non
524 2213 604 2239 modo
617 2213 748 2238 emerseris
761 2221 791 2237 ex
804 2212 987 2243 mendicitate,
1008 2211 1048 2236 sed
1067 2211 1146 2237 etiam
1159 2210 1262 2236 diuitiis
1275 2219 1322 2236 nos

298 2250 350 2275 iam
365 2249 415 2275 tuis
428 2254 531 2275 terreas.
601 2249 637 2274 Ex
649 2248 738 2282 aliquo
750 2248 857 2281 negotio
889 2248 960 2273 Idem
974 2248 1026 2272 Att.
1046 2254 1068 2278 ς,
1082 2255 1119 2272 10.
1191 2246 1227 2271 Ex
1240 2253 1324 2280 pater-

297 2285 338 2311 nis
351 2284 454 2319 probris
467 2292 494 2309 ac
507 2283 579 2309 vitiis
605 2283 643 2309 Id.
658 2284 732 2309 Verr.
746 2291 767 2314 3,
782 2284 832 2308 162.
902 2283 1072 2308 Incommoda
1084 2280 1235 2307 valetudine
1266 2281 1323 2307 Cic.

1772 141 1804 179 E
2346 120 2431 193 35'2¹¹

2295 231 2414 258 Emersus

1893 143 1940 182 M
2030 143 2045 183 1

1380 231 1489 267 poribus
1503 241 1516 258 a
1530 232 1617 258 nostro
1631 229 1750 266 adspce'tu
1760 228 1924 264 oblitescant,
1938 232 2079 266 rursusque
2091 231 2182 258 emersi
2196 238 2241 259 etc.

1377 268 1410 294 ab
1424 268 1599 294 admiratione
1617 267 1734 298 animus,
1755 268 1772 290 1.
1792 266 1873 300 quise
1889 271 1982 302 recepit
1999 268 2058 293 Liu.
2073 272 2096 299 8,
2132 287 2138 293 .
2176 287 2182 294 .
2252 267 2433 297 Ouid.'Fast.-,

1379 312 1399 335 3,
1414 312 1461 336 399
1480 304 1577 329 Tertia
1593 312 1644 328 nox
1662 302 1759 328 emersa
1774 301 1831 326 snos
1847 300 1893 327 vbi
1907 303 2022 329 mouerit
2042 309 2126 329 ortus.
2197 303 2216 328 E
2232 311 2314 328 coeno
2330 311 2414 328 emer-
2429 334 2431 337 ι

1378 340 1418 365 sus
1437 339 1517 365 homo
1540 339 1595 365 Cic.
1609 340 1636 364 in
1652 338 1740 363 Vatin.
1754 344 1781 370 17
1797 345 1817 361 c.
1832 343 1857 369 7.
1930 339 1966 364 Ex
1984 338 2117 364 diuturnis
2138 338 2252 365 tenebris
2270 337 2428 365 lustrorum.
2468 340 2471 342 '

1379 382 1407 400 ac
1421 374 1570 407 stuprorum
1584 375 1696 400 emersus
1710 373 1790 398 homo
1812 372 1866 397 Cic.
1886 379 1933 405 pro
1945 373 2012 400 Sext.
2027 383 2058 399 20
2072 383 2093 400 c.
2109 383 2132 405 9.

1415 416 1432 436 E
1442 415 1490 435 ME
1501 416 1519 435 R
1529 417 1541 437 s
1553 416 1571 435 V
1584 417 1613 442 S,
1634 409 1671 435 sis.
1708 409 1773 434 Plin·
1789 412 1824 439 ¹8,
1837 415 1865 439 23
1892 407 2002 435 Exortus
2023 410 2177 443 occasusque
2191 408 2260 434 binis
2273 408 2360 434 modis
2375 408 2415 434 in-

1380 444 1543 478 telliguntur.
1581 447 1633 471 Aut
1653 444 1725 470 enim
1747 443 1860 469 aduentu
1876 443 1942 468 Solis
1963 445 2125 471 occultantur
2143 444 2229 469 stellae
2250 449 2275 470 et
2298 442 2415 477 conspici

1381 480 1514 511 desinunt,
1530 486 1574 506 aut
1593 480 1711 507 ciusdem
1729 479 1838 505 absccss'u
1858 478 1996 512 proferunt
2015 481 2047 506 se.
2099 480 2232 506 Emersum
2252 478 2302 505 hoc
2317 479 2414 505 melius
2441 507 2445 510 ,
2462 490 2465 492 ·

1379 524 1457 550 qnam
1483 523 1607 542 exortum
1633 515 1794 542 consuetudo
1817 513 1931 540 dixill'ct:
1964 519 1990 539 et
2010 514 2077 542 illud
2104 515 2307 542 occultationem
2327 514 2415 549 potius

1385 559 1462 586 quam
1478 552 1606 577 occasum.
1646 551 1718 577 Adae
1733 550 1830 576 eundem
1845 558 1882 581 22,
1895 557 1934 576 22.
1952 555 1976 575 et
1990 554 2024 581 18,
2035 552 2077 576 26.
2117 552 2224 577 Vitruu.
2240 558 2277 582 10,
2291 558 2330 576 22.
2365 550 2417 576 Co·
2462 555 2463 558 ’

1381 587 1446 613 111111.
1461 593 1485 620 7,
1500 594 1523 617 3,
1536 594 1572 618 24
1587 586 1705 612 Emersus
1720 585 1859 612 caniculae.
2440 583 2447 596 ‘⁴

1418 628 1435 648 r.
1444 627 1467 647 M
1478 628 1520 647 ER
1529 628 1541 648 s
1552 623 1572 647 V
1580 628 1598 647 r.
1609 628 1628 646 v
1639 627 1651 646 s
1661 641 1669 652 ,
1686 630 1709 652 a,
1727 630 1780 647 um.
1801 620 1893 646 Pax-tic.
1929 616 2083 653 [εἰναδύσων]
2123 622 2167 653 Vt,
2180 621 2317 648 Emersura
2329 620 2414 647 virtus
2445 622 2451 647 '.

1381 666 1412 684 ex
1425 657 1500 683 omni
1514 657 1621 682 saeuitia
1634 656 1757 682 fortunae
1772 656 1830 682 Liu.
1845 663 1884 688 23,
1920 674 1926 681 .
1966 674 1972 680 .

1416 700 1433 719 E
1442 699 1466 718 M
1475 699 1519 720 ER
1529 699 1537 718 1
1546 700 1567 719 T
1576 699 1597 718 Α
1621 691 1733 725 Augusta
1744 711 1751 723 ‚
1786 690 1917 725 [Ἀυγέτοι
1939 689 2079 725 'Enipi-ru]
2120 690 2184 716 Vrbs
2199 691 2336 727 Htspamsae
2348 689 2417 724 Lust-

1379 731 1470 754 taniae.
1506 728 1593 755 Strabo
1607 726 1747 760 Augustam
1763 726 1905 753 Emeritam
1918 732 1999 751 vocat.
2036 725 2077 758 Est
2089 733 2168 751 cocco
2180 727 2279 753 celebris
2288 747 2295 758 ‚
2309 726 2372 761 quod
2384 724 2418 759 ‹²st

1381 763 1492 790 rubrum
1507 772 1631 797 granum,
1645 764 1716 787 cuius
1723 762 1798 796 ficcco
1817 763 1908 788 vellera
1926 764 2076 796 tinguntur,
2099 761 2179 795 Tyrio
2191 761 2321 797 splendori
2340 763 2419 788 neuti-

1379 808 1452 834 quum
1471 800 1598 833 cedentia,
1612 805 1640 823 vt
1653 797 1717 823 Plin.
1726 797 1820 832 scribit
1832 805 1858 829 9,
1873 805 1910 829 4¹·
1946 798 2014 823 Hinc

1417 841 1520 866 EMER
1530 841 1539 860 1
1549 840 1595 860 Tr„
1605 840 1625 858 N
1636 840 1648 859 s
1660 841 1667 859 1
1677 840 1689 859 s
1699 852 1706 864 ‚
1725 841 1746 857 e.
1774 834 1869 858 Nomen
1889 834 1989 868 gentile.
2027 831 2123 858 Auson.
2139 830 2216 865 Epist.
2230 839 2274 865 24,
2287 839 2324 868 74
2344 832 2420 858 Eme·
2444 840 2447 852 1

1381 869 1483 896 ritenfis
1497 871 1568 896 Anae
1582 869 1700 902 lataeque
1711 869 1807 894 fluenta
1818 867 1977 894 Garumnae.

1419 911 1646 935 EMER1Tvs,
1682 903 1735 929 vid.
1771 909 1873 929 EMER
1886 909 1943 930 Eo.

1416 947 1433 967 E
1443 947 1466 966 M
1480 947 1496 967 Ε
1509 947 1529 966 Τ
1539 948 1546 966 1
1557 946 1576 965 Ο
1587 947 1604 966 R
1615 959 1623 972 ,
1642 940 1686 965 Iri.
1706 940 1769 972 Dep.
1795 935 1951 973 [διαμετρέω]
1973 939 2047 965 Plane
2060 947 2089 964 ac
2102 943 2179 963 totum
2191 939 2276 963 metiri
2280 936 2420 974 fignificat.
2444 937 2445 940 ’

1382 975 1513 1002 Laborem
1531 976 1665 1002 diuersum
1678 974 1784 1001 emetiri
1798 974 1843 999 Sil.
1858 982 1887 1006 4,
1924 993 1931 1000 .
2044 974 2098 1000 Iter
2115 973 2174 999 Liu.
2190 980 2225 1005 23,
2254 991 2261 998 .
2288 991 2294 998 .
2343 973 2420 1007 Virg.

1383 1012 1448 1038 Aen.
1461 1014 1556 1046 7,160.
1608 1012 1662 1037 Iter
1681 1009 1809 1037 vehiculis
1828 1009 1894 1034 Plin.
1914 1016 1939 1043 7,
1954 1017 1997 1035 20.
2054 1010 2113 1035 Vno
2133 1008 2176 1034 die
2196 1008 2287 1043 ingens
2307 1008 2421 1042 spatium

1384 1047 1444 1073 Liu.
1458 1055 1491 1079 31,
1505 1056 1548 1080 24.
1605 1046 1697 1073 Oculis
1712 1045 1822 1080 spatium
1838 1045 1956 1070 emensus
1969 1045 2044 1079 Virg.
2059 1047 2123 1070 Aen.
2139 1052 2176 1076 10,
2189 1051 2249 1078 772.
2318 1043 2375 1070 Cic.
2389 1043 2422 1071 de

1384 1083 1454 1109 Clar.
1469 1084 1543 1109 Orat.
1561 1085 1588 1108 16
1601 1091 1621 1108 c.
1636 1091 1654 1114 4
1677 1083 1732 1115 Ego
1746 1087 1833 1107 autem
1847 1080 2012 1106 voluntatem
2025 1080 2077 1106 tibi
2097 1079 2219 1114 prosefto
2233 1079 2358 1112 emetiar,
2378 1079 2422 1106 sed

1384 1126 1442 1145 rem
1455 1118 1537 1153 ipsam
1550 1117 1669 1144 nondum
1682 1117 1750 1151 posse
1762 1116 1871 1147 videor,
1886 1123 1930 1141 etc.
1950 1118 1969 1141 i.
1990 1116 2113 1142 Cumulate
2121 1113 2259 1150 praestabo.
2442 1144 2444 1147 .

1422 1159 1440 1179 E
1450 1160 1474 1179 M
1484 1160 1501 1180 E
1511 1161 1531 1180 N
1541 1160 1604 1180 SVS
1615 1172 1622 1184 ‚
1646 1161 1676 1185 a,
1703 1161 1757 1178 um.
1795 1152 1888 1178 Partic.
1923 1152 1936 1185 [
1948 1149 2166 1186 διαμεμετρημὲνσς
2179 1151 2191 1184 ]
2233 1151 2266 1176 Vt
2276 1170 2284 1182 ‚
2304 1149 2422 1177 Labores
2437 1163 2442 1166 ·
2465 1150 2467 1158 ⁴

1383 1190 1501 1215 emensus
1513 1189 1589 1215 aulae
1603 1188 1694 1215 Claud.
1708 1188 1735 1214 in
1748 1186 1860 1221 Epithal.
1876 1186 1971 1213 Pallad.
1986 1189 2029 1221 67.
2099 1186 2183 1212 Galba
2195 1185 2314 1220 quinque
2326 1186 2424 1220 princi·
2444 1209 2453 1214 .

1384 1233 1427 1259 pes
1440 1225 1562 1259 prospera
1574 1224 1680 1251 fortuna
1693 1224 1810 1249 emensus
1824 1223 1913 1249 Tacit.
1923 1222 1990 1248 Hist.
2006 1231 2026 1254 1,
2038 1230 2084 1256 49,
2098 1230 2120 1254 3.
2141 1225 2159 1247 i.
2179 1229 2234 1248 vita
2242 1221 2422 1258 ficpergreffits.

1384 1261 1507 1286 Emensus
1526 1260 1562 1293 est
1580 1260 1619 1285 sol
1638 1259 1719 1285 ardna
1738 1259 1802 1284 Plin.
1819 1263 1854 1290 18,
1868 1263 1907 1288 28-
1944 1257 2072 1284 Emendati
2091 1257 2185 1283 codices
2204 1257 2307 1289 habent,
2321 1259 2369 1284 Per
2383 1266 2424 1284 ar·

1384 1295 1434 1321 dua
1448 1295 1544 1321 enisus.
1615 1294 1717 1329 Paffiue.
1734 1294 1795 1320 Liu.
1813 1302 1849 1326 21,
1862 1303 1902 1325 30,
1917 1301 1929 1326 ς
1955 1293 2092 1328 Postquam
2111 1293 2198 1319 multo
2216 1293 2346 1320 maiorem
2357 1299 2424 1327 *par-

1383 1337 1436 1357 tem
1456 1331 1561 1358 itineris
1582 1331 1712 1356 emensam
1731 1336 1854 1361 cemant,
1868 1337 1913 1355 etc.
1986 1329 2172 1363 Virgsseorg.
2190 1338 2208 1360 1,
2221 1336 2273 1361 450
2312 1328 2424 1355 Emenso

1383 1376 1465 1401 quum
1478 1367 1532 1393 iam
1549 1366 1656 1392 decedet
1668 1366 1792 1399 Olympo.
1828 1365 1867 1391 De
1881 1364 1934 1391 sole
1952 1364 2080 1399 loquitur.
2103 1365 2128 1391 h.
2142 1373 2161 1390 e.
2183 1364 2306 1390 Percurso
2320 1369 2346 1391 et
2364 1373 2424 1399 per-

1382 1402 1492 1428 lustrato
1511 1402 1600 1432 caelo,
1614 1410 1695 1435 quum
1710 1402 1762 1427 iam
1776 1400 1912 1427 descendet
1926 1399 1957 1426 ad
1977 1401 2104 1426 occasum.
2125 1400 2194 1426 Haec
2207 1399 2322 1426 Seruius.
2364 1399 2424 1428 Vid.
2456 1433 2458 1436 ι

1381 1438 1506 1465 Drakenb.
1521 1437 1555 1463 ad
1568 1437 1613 1462 Sil.
1628 1445 1648 1468 1,
1661 1438 1717 1467 636.
2435 1455 2438 1458 .

1415 1472 1523 1500 EME‘T
1534 1478 1553 1497 o
1564 1492 1571 1503 ‚
1591 1474 1643 1497 ere.
1682 1470 1819 1504 [ἕξοιμάω]
1857 1470 1923 1497 Idem
1943 1469 2007 1505 quod
2021 1471 2130 1503 Mem-e,
2145 1472 2186 1497 vel
2203 1470 2329 1499 demetere.
2354 1471 2423 1498 Hor.
2444 1501 2448 1506 ,

1380 1508 1457 1544 Epist.
1473 1517 1493 1541 1,
1507 1510 1531 1540 6,
1545 1515 1573 1534 21
1599 1507 1642 1533 Ne
1656 1507 1712 1541 plus
1725 1505 1853 1532 frumenti
1868 1506 2001 1532 dotalibus
2016 1512 2111 1533 emetat
2124 1507 2201 1541 agris.

1716 1579 1762 1610 .E
1884 1579 1922 1610 M
2043 1580 2055 1612 1

1417 1646 1555 1680 EMi‘C0‚
1572 1647 1601 1674 111
1619 1654 1642 1674 et
1657 1647 1717 1680 aui,
1741 1652 1794 1674 are.
1830 1646 1947 1683 [ῥοιξὲω]
1984 1647 2124 1685 Effulgere,
2137 1649 2210 1675 celeri
2222 1653 2288 1674 motu
2301 1643 2430 1683 profilia(
2464 1675 2467 1678 ,

1382 1685 1511 1711 Laudatur
1524 1691 1641 1720 tanquam
1648 1684 1686 1718 fit
1697 1683 1791 1716 Plauti,
1813 1702 1819 1709 .
1867 1703 1872 1708 .
1911 1684 1947 1709 Ex
1960 1684 2044 1709 oculis
2059 1684 2130 1718 quasi
2144 1683 2213 1710 radii
2227 1682 2338 1709 emicant
2349 1681 2419 1708 solis.

1383 1720 1501 1746 Emicant
1519 1726 1544 1745 et
1558 1720 1641 1752 faces,
1655 1719 1758 1746 nonnisi
1779 1727 1861 1753 quum
1875 1718 1998 1745 decidunt
2018 1719 2105 1752 visae,
2124 1723 2143 1745 i.
2160 1721 2265 1754 Repente
2279 1715 2386 1751 exiliunt
2399 1721 2423 1742 et

1383 1756 1489 1780 lucentcs
1503 1761 1623 1788 apparent
1638 1755 1704 1780 Plin.
1718 1763 1743 1786 2,
1759 1757 1801 1780 26.
1872 1755 1990 1781 Emicare
2008 1763 2039 1781 ex
2060 1754 2186 1781 incendio
2207 1755 2311 1780 flamma
2330 1752 2425 1779 dicitur

1384 1789 1442 1814 Sen.
1464 1788 1495 1814 de
1518 1789 1607 1814 Benef.
1627 1797 1653 1820 2,
1673 1796 1715 1822 27.
1787 1788 1857 1821 Ignis
1882 1789 1992 1815 emicuit
2023 1790 2117 1816 Claud.
2135 1791 2213 1816 Cons.
2233 1790 2306 1815 Hon.
2325 1796 2351 1821 4,
2372 1788 2424 1816 186.

1386 1823 1428 1850 Sol
1444 1824 1553 1849 emicuit
1568 1824 1644 1856 super
1656 1828 1737 1849 terras
1750 1822 1839 1848 Valer.
1855 1823 1952 1856 Argon.
1968 1832 1996 1855 4,
2009 1830 2053 1857 97.
2123 1825 2213 1857 Virtus
2228 1823 2337 1849 emicuit
2353 1822 2448 1851 Flet-⁴>

1385 1868 1413 1891 4,
1426 1867 1451 1890 2,
1465 1868 1510 1891 40.
1581 1858 1698 1884 Emicare
1713 1858 1742 1884 in
1752 1857 1843 1891 iugum
1852 1877 1860 1890 ,
1877 1864 1924 1893 pro
1936 1859 2059 1884 Attollere
2072 1858 2124 1893 sese
2137 1864 2160 1884 ct
2179 1861 2272 1894 erigere
2290 1857 2319 1883 de
2332 1857 2427 1883 vitibus

1387 1894 1516 1920 Columel.
1530 1902 1558 1925 4,
1574 1902 1616 1919 20.
1652 1894 1734 1920 Plaut.
1747 1894 1809 1918 Aul.
1822 1902 1848 1925 4,
1863 1901 1884 1925 3,
1898 1903 1916 1927 4
1936 1893 2072 1919 Continuo
2085 1903 2173 1919 meum
2187 1902 2233 1919 cor
2247 1893 2334 1926 coepit
2341 1897 2426 1918 artem
2444 1916 2454 1925 f

1385 1929 1472 1954 facere
1499 1928 1644 1960 ludicram,
1673 1934 1752 1962 atque
1776 1929 1804 1953 in
1828 1928 1918 1960 peetus
1941 1929 2063 1954 emicare.
2089 1929 2115 1955 h.
2135 1938 2156 1955 e.
2184 1929 2252 1954 velut
2273 1927 2424 1962 subsultare.
2464 1944 2468 1955 ι

1386 1963 1522 1994 Mamilla,
1538 1971 1589 1996 qua
1608 1971 1655 1988 cor
1675 1963 1769 1988 emicat
1788 1962 1856 1987 Vell.
1871 1971 1896 1994 2,
1912 1971 1950 1994 50,
1963 1971 1985 1994 ς.
2005 1966 2023 1989 ι’.
2040 1964 2135 1998 pulsat.
2171 1962 2240 1988 Add.
2261 1962 2328 1988 Plin.
2349 1967 2372 1996 8,
2390 1969 2423 1996 43

1386 1999 1404 2024 s.
1418 2000 1459 2028 68.
1514 1998 1624 2024 Hostem
1638 1997 1688 2023 rati
1702 1997 1830 2028 emicant,
1847 1996 1900 2022 sine
1914 1997 2067 2023 discrimine
2086 1997 2210 2023 insultant
2225 1997 2295 2024 Flor.
2312 2006 2332 2030 1,
2346 2002 2382 2031 18,
2393 2005 2421 2031 4.

1384 2036 1403 2060 i.
1425 2032 1548 2067 exsiliunt.
1620 2033 1721 2059 Emicat
1733 2031 1860 2064 Euryalus
1873 2032 1947 2065 Virg.
1962 2033 2027 2058 Aen.
2041 2039 2066 2065 ς,
2078 2040 2131 2067 337.
2145 2040 2168 2058 et
2181 2033 2246 2059 Aen.
2259 2035 2286 2065 6,
2301 2041 2313 2066 ς
2348 2034 2420 2060 que.-

1385 2078 1449 2094 num
1464 2077 1555 2094 manus
1575 2069 1669 2094 emicat
1695 2068 1786 2094 ardens
1813 2067 1887 2093 Litus
1911 2067 1940 2093 in
1959 2068 2126 2102 Hesperium.
2198 2069 2229 2095 In
2248 2068 2302 2095 fata
2320 2064 2419 2096 alicuius}

1385 2104 1498 2130 emicare
1511 2106 1554 2139 qw'
1567 2103 1667 2138 prosilit
1679 2111 1702 2129 et
1719 2106 1798 2129 irruit
1812 2106 1838 2128 in
1852 2112 1902 2128 eum
1915 2101 2017 2138 infestis
2028 2107 2106 2130 armis
2121 2103 2209 2130 Valer.
2223 2104 2321 2138 Argon.
2334 2106 2361 2137 6,
2372 2102 2418 2137 551'.

1385 2139 1484 2166 Emicat
1505 2139 1533 2165 in
1547 2146 1648 2173 partem
1667 2139 1783 2173 sanguis,
1796 2137 1863 2164 vnde
1881 2138 1978 2165 icimur
1997 2138 2053 2165 16111
2072 2139 2176 2166 Lucret.
2193 2148 2221 2173 4,
2235 2148 2306 2173 1043.
2331 2134 2348 2142 κ
2375 2132 2420 2166 Sis.
2435 2152 2437 2154 ·

1385 2177 1424 2206 16,
1460 2194 1466 2200 .
1504 2192 1510 2200 .
1546 2176 1657 2206 Eurytus
1677 2174 1765 2201 euadit
1787 2174 1892 2206 iuueni,
1905 2180 1984 2209 atque
2003 2175 2031 2201 in
2045 2175 2146 2209 praelia
2163 2175 2252 2202 vietor
2285 2175 2384 2202 Emicat
2396 2172 2422 2201 ef

1385 2209 1474 2244 galeae
1488 2210 1539 2236 fert
1554 2210 1650 2236 donum
1666 2210 1764 2244 inflgne
1778 2210 1907 2236 coruscae.
1976 2210 2041 2236 Plin.
2056 2219 2087 2242 11,
2100 2218 2132 2246 37
2156 2211 2289 2245 Dracones
2300 2209 2421 2236 emicuis-

1385 2246 1410 2271 se
1423 2244 1454 2270 de
1468 2245 1543 2271 extis.
1596 2245 1669 2271 Idem
1683 2254 1725 2279 27,
1739 2252 1752 2275 8
1789 2246 1880 2271 Multis
1895 2245 1999 2272 calamis
2018 2254 2049 2272 ex
2069 2255 2120 2272 vna
2139 2245 2227 2272 radice
2240 2243 2428 2270 emicantibus.
2464 2241 2466 2248 ⁸

1386 2282 1436 2307 Pro
1449 2280 1577 2306 Excellere.
1630 2281 1694 2307 Plin.
1708 2288 1745 2313 35,
1760 2289 1781 2307 11
1816 2281 1874 2307 Post
1892 2290 1952 2307 eum
1972 2281 2081 2307 emicuit
2098 2281 2177 2315 longe
2195 2285 2255 2306 ante
2267 2287 2358 2306 omnes
2371 2279 2419 2306 Eu-

297 2321 350 2346 Att.
366 2328 387 2351 3,
403 2325 415 2349 8
425 2326 466 2354 pr.
501 2319 574 2345 Idem
586 2319 639 2344 Att.
653 2327 677 2350 2,
692 2327 718 2344 12
728 2325 770 2351 pr.
795 2319 955 2344 Emerseram
972 2317 1109 2343 commode
1129 2325 1159 2342 ex
1180 2317 1280 2343 Antiati
1296 2317 1324 2342 in
1341 2316 1376 2341 60
1387 2316 1503 2350 phranor
1517 2316 1649 2342 Isthmius.
1685 2318 1789 2356 Legitur
1802 2323 1824 2342 ct
1838 2317 1964 2343 Eminuit.

296 2356 407 2389 Appiam
420 2353 452 2380 ad
464 2354 532 2380 Tris
545 2353 677 2386 tabernas,
696 2353 755 2387 ipfis
768 2353 934 2382 Cerealibus,
956 2361 1035 2386 quum
1051 2353 1077 2378 in
1091 2362 1132 2377 me
1146 2352 1256 2378 incurrit
1272 2353 1323 2378 Ro-

296 2399 338 2416 ma
352 2390 457 2416 veniens
470 2389 553 2415 Curio
566 2397 647 2415 meus.
716 2388 852 2421 Emergere
866 2394 937 2413 extra
951 2394 1046 2413 terram
1073 2387 1136 2412 Plin.
1153 2395 1189 2418 19,
1204 2395 1224 2419 ς.
1242 2387 1270 2412 de
1283 2397 1323 2413 ra-

289 2425 391 2459 phanis.
446 2424 486 2450 Sn-
500 2424 528 2449 dc
542 2431 604 2458 rapa
632 2423 761 2449 Columel.
775 2428 806 2452 11,
818 2432 831 2455 3
863 2422 932 2449 Nam
946 2422 964 2448 11
984 2423 1059 2456 super
1071 2428 1166 2448 terram
1179 2423 1323 2454 emerserit,

295 2460 358 2486 dura
372 2466 397 2485 et
409 2459 516 2492 fungosa
533 2458 586 2485 siet.
657 2459 713 2484 Cic.
728 2458 760 2483 de
775 2459 810 2484 N.
826 2459 857 2484 D.
872 2466 896 2488 2,
913 2466 949 2483 112
980 2459 1014 2483 Vt
1030 2458 1080 2483 sese
1094 2456 1228 2482 ostendens
1242 2466 1324 2483 emer-

295 2495 333 2528 git
347 2495 460 2528 scorpius
475 2494 532 2519 alte.
603 2493 738 2519 Tenebris
751 2493 828 2526 pulsis
843 2501 977 2526 emergere
1002 2492 1093 2519 Claud.
1108 2492 1139 2518 de
1153 2493 1180 2518 B.
1199 2493 1256 2518 Get.
1272 2494 1323 2524 316.
1336 2490 1368 2521 65

289 2528 317 2567 q
339 2539 350 2561 3
387 2528 540 2559 Substantiua
557 2528 642 2563 quihus
662 2530 784 2563 iungitur.
819 2529 868 2553 Aes
890 2528 1006 2553 alienum
1027 2527 1129 2553 emersit
1143 2527 1198 2561 post
1211 2528 1324 2553 multum

298 2572 396 2598 tempus
421 2564 477 2597 le.
494 2564 521 2590 111
534 2563 550 2589 l.
566 2572 580 2589 2
593 2564 623 2589 D.
638 2563 669 2589 de
684 2562 797 2588 condiet.
811 2562 922 2588 indebit.
958 2564 1061 2588 Dicitur
1076 2562 1105 2588 de
1118 2572 1181 2590 aere,
1190 2563 1254 2596 quod
1265 2564 1324 2588 latr-

297 2600 339 2625 bat
353 2606 374 2624 et
389 2602 496 2634 ignotum
509 2605 570 2624 erat.
638 2599 691 2624 Cic·
706 2599 757 2624 Att.
772 2606 797 2630 9,
813 2606 836 2624 12
856 2598 934 2624 Nunc
948 2598 1060 2631 emergit
1073 2598 1163 2625 Amor,
1179 2606 1246 2622 nunc
1264 2596 1324 2622 defi-

299 2634 403 2660 derium
418 2634 486 2658 serre
503 2640 555 2658 non
569 2633 681 2666 possum,
704 2642 771 2658 nunc
786 2632 854 2658 mihi
868 2633 935 2659 nihil
948 2632 1026 2664 libri,
1045 2631 1114 2658 nihil
1128 2632 1235 2663 literae,
1254 2632 1323 2657 nihil

299 2669 417 2696 doctrina
431 2667 541 2701 prodest.
611 2667 718 2692 Animus
737 2676 781 2701 per
794 2674 862 2694 tanta
879 2668 983 2702 negotia
996 2668 1107 2701 emergit
1138 2666 1231 2693 Claud.
1246 2667 1323 2693 Cous.
1337 2676 1373 2702 70

299 2704 372 2731 Mall.
391 2702 498 2729 Theod.
517 2709 566 2728 212.
665 2703 738 2735 Aqua
756 2703 866 2736 emergit
906 2704 964 2736 le.
986 2703 1013 2728 111
1034 2703 1050 2728 l.
1073 2712 1081 2728 1
1104 2701 1124 2735 6.
1146 2709 1220 2736 caput
1241 2703 1271 2728 D.
1292 2702 1323 2728 de

300 2742 373 2773 Aqua
389 2738 468 2764 cotid.
487 2743 512 2763 et
527 2736 615 2763 aestiu.
687 2738 742 2762 Cic.
758 2738 834 2762 Vcrr.
846 2746 874 2768 4,
887 2745 928 2768 130
960 2739 1047 2770 Quum
1063 2735 1115 2763 tam
1129 2739 1210 2763 multa
1230 2746 1260 2763 ex
1277 2738 1325 2763 illo

302 2775 368 2800 mari
382 2773 449 2799 bella
463 2772 627 2806 emerserint,
651 2778 702 2797 tam
719 2771 801 2797 multa
815 2780 894 2804 porro
908 2772 936 2796 in
949 2773 1059 2797 Pontum
1077 2773 1180 2798 1111106111
1194 2773 1257 2803 sint,
1278 2780 1323 2798 etc.

301 2809 357 2835 Cic.
372 2811 423 2833 Att.
438 2810 463 2839 6,
477 2816 490 2833 z
511 2808 565 2833 Ilac
579 2813 663 2832 autem
676 2816 704 2832 re
722 2806 877 2832 incredibile
891 2806 925 2832 est
943 2813 1066 2840 quantum
1085 2807 1203 2832 ciuitates
1216 2808 1324 2833 emerse-

301 2844 371 2875 rint,
388 2845 479 2869 [citatae
492 2851 523 2866 771!
538 2844 596 2867 eriis
609 2849 631 2867 et
642 2851 695 2867 aera*
707 2844 784 2867 alieno
791 2850 836 2876 per
850 2843 974 2868 Ciceronis
987 2841 1170 2867 moderationem
1185 2845 1210 2866 111
1221 2843 1324 2867 Procon-
1340 2852 1372 2879 75

295 2879 390 2914 sulam.
460 2878 510 2902 Cre
533 2879 610 2903 itorcs
629 2883 779 2909 emergunt,
805 2879 822 2901 1’.
845 2877 1013 2911 Innottscnnt,
1028 2882 1162 2911 apparent,
1177 2885 1246 2910 quum
1268 2884 1325 2902 ante

301 2916 436 2944 laturrint,
456 2912 516 2945 le.
538 2912 563 2937 111
578 2911 628 2936 tine
649 2912 711 2944 legis
731 2912 906 2938 I’rocnratoris
927 2912 956 2937 D.
978 2911 1009 2937 dc
1028 2911 1120 2937 tribut.
1133 2911 1230 2937 aelion.
1286 2912 1326 2937 Sic

303 2949 428 2975 Debitum
442 2947 511 2973 aliud
526 2947 542 2972 11
557 2947 687 2973 emerserit
704 2947 761 2980 le.
776 2948 802 2972 in
816 2948 897 2980 princ.
913 2947 928 2972 l.
944 2946 1010 2973 Illud
1025 2948 1055 2972 D.
1074 2946 1105 2972 de
1120 2946 1212 2972 tribut.
1227 2946 1324 2972 aetion.

302 2983 416 3011 Falcidia
438 2983 547 3016 emergit
565 2981 635 3007 Idem
656 2982 682 3007 in
697 2982 776 3015 princ.
790 2982 806 3006 l.
822 2991 832 3007 2
854 2983 883 3007 D.
898 2982 928 3007 de
943 2982 1064 3007 condiet.
1082 2981 1191 3007 indebit.
1212 2984 1230 3008 1’.
1251 2989 1325 3015 appa-

302 3027 354 3050 ret,
375 3028 423 3044 cam
436 3019 511 3043 Iocum
523 3017 616 3043 habere.
688 3017 773 3042 Infans
789 3023 862 3043 vtcro
882 3018 989 3051 emergit
1011 3018 1074 3042 l'lin.
1090 3026 1123 3048 11,
1138 3026 1171 3049 51-
1242 3017 1325 3043 Insula
1341 3023 1372 3048 80

303 3064 316 3081 e
330 3054 396 3080 mari
416 3053 487 3079 Idem
502 3061 526 3083 2,
541 3057 573 3082 8¹·
646 3052 701 3077 Lux
721 3053 834 3085 Olympo
857 3052 942 3078 Valcr.
963 3054 1057 3085 Argon.
1077 3061 1097 3082 ς,
1112 3061 1129 3078 1.
1201 3052 1255 3078 Cic.
1278 3061 1325 3086 pro

303 3090 374 3116 Cael.
388 3097 410 3122 3¹
430 3086 477 3114 Sed
490 3088 614 3122 quoniam
633 3087 757 3114 emcrstss'e
772 3088 822 3113 iam
837 3096 850 3112 c
864 3087 952 3118 vadis,
973 3094 996 3113 et
1013 3088 1127 3120 scopulos
1149 3087 1325 3121 practerntha

302 3124 408 3151 videtur
428 3124 522 3150 Oratio
546 3131 617 3154 mea,
649 3123 781 3157 perfacilis
813 3122 880 3148 mihi
911 3123 1027 3155 reliquus
1054 3124 1141 3148 cursus
1172 3123 1325 3149 ostenditur.

302 3161 366 3186 Plin.
381 3168 403 3191 2,
416 3164 443 3189 82
462 3158 584 3184 Desinunt
600 3164 686 3184 autem
705 3165 847 3189 tremores,
860 3166 940 3191 quum
956 3160 1050 3183 Ventus
1064 3157 1180 3189 cntcrstt,
1200 3158 1228 3184 de
1247 3166 1327 3184 terrae

301 3203 376 3221 motta.
447 3193 503 3220 Cic.
525 3203 572 3227 pro
590 3193 691 3220 Cluent.
714 3199 751 3224 ¹83
772 3203 792 3219 c.
808 3196 837 3224 ῆς
870 3194 927 3218 Hoc
946 3202 998 3217 vno
1017 3191 1096 3218 modo
1116 3193 1231 3225 iudices,
1254 3195 1325 3227 saepe
1343 3200 1370 3226 83

304 3230 445 3256 multorum
460 3229 628 3263 improbitate
644 3229 754 3263 deprcss'a
768 3229 862 3255 veritas
876 3228 1000 3261 emergit,
1020 3234 1043 3252 ct
1063 3229 1225 3254 innocentiae
1239 3228 1327 3254 defen-

304 3266 339 3290 110
360 3264 495 3291 interclusa
515 3264 633 3298 respirat.
827 3261 884 3324 24
924 3264 1044 3289 Formulat·
1064 3269 1138 3287 alme:
1160 3264 1235 3289 llaud
1250 3263 1326 3289 facile

304 3306 448 3334 emergunt,
465 3308 578 3333 qnorum
590 3298 734 3324 virtutibus
746 3298 827 3324 obstat
860 3307 885 3323 es
899 3298 1001 3332 angusta
1017 3298 1087 3323 domi
1104 3299 1217 3323 quenal.
1233 3307 1254 3329 3,
1271 3304 1325 3332 ¹⁶4·

304 3338 322 3360 i.
343 3336 376 3360 (III
388 3335 531 3370 dignitatem
544 3341 566 3359 ct
573 3333 708 3369 fastigrum
722 3334 821 3368 aliquot!
834 3341 986 3368 [111-1111111011.
1020 3333 1074 3360 Cic.
1089 3342 1135 3366 pro
1144 3334 1213 3359 Caci.
1228 3339 1256 3362 28
1270 3343 1326 3359 c.12.

304 3370 431 3404 Equidem
445 3370 539 3395 multos
553 3376 577 3395 ct
591 3368 646 3394 vidi
669 3369 696 3395 in
711 3368 756 3394 hac
774 3368 890 3399 ciuitate,
904 3376 948 3394 etc.
968 3367 1013 3403 qui
1033 3375 1113 3394 totam
1127 3367 1326 3394 adulescentiam
1338 3375 1372 3399 90

304 3404 483 3439 voluptatibus
501 3404 774 3436 dctliss'cnt,c1nerlissc
795 3404 951 3438 aliquando:
969 3411 993 3429 ct
1013 3405 1035 3429 sc
1057 3404 1087 3429 ad
1106 3404 1206 3437 frugem
1220 3403 1326 3435 bonam,

306 3447 333 3465 vt
346 3441 441 3466 dicitur
454 3439 582 3473 rccepisse,
597 3448 740 3473 grauesque
753 3445 777 3465 et
793 3439 903 3465 illustres
918 3439 999 3465 sniss‘c.
1071 3438 1109 3464 Ad
1125 3439 1234 3464 summas
1245 3448 1326 3464 einer-

307 3484 365 3509 gcre
384 3484 459 3508 (ηις-5,
475 3482 614 3508 rerumque
629 3475 710 3508 potiri
741 3476 843 3501 Lucrct.
863 3483 888 3506 2,
908 3483 938 3506 13.
1009 3474 1145 3508 Emergcre
1159 3474 1182 3499 se
1201 3483 1231 3499 cx
1245 3475 1327 3503 malis,

304 3509 412 3535 (1311111111
425 3510 504 3535 Corn.
520 3511 584 3543 Ncp.
599 3511 624 3536 in
639 3511 691 3536 Α11.
707 3519 727 3536 c.
745 3519 764 3535 11
793 3511 853 3536 Tale
872 3507 904 3541 ‘fl
917 3509 979 3535 illud
991 3510 1044 3535 Cic.
1059 3509 1090 3535 dc
1107 3510 1198 3543 Arusp.
1212 3510 1285 3543 Resp.
1301 3517 1327 3541 33

304 3545 379 3571 Tum
395 3546 417 3570 se
431 3544 555 3577 emergit,
568 3550 591 3570 et
606 3546 687 3572 scrtur
703 3544 773 3571 illuc.
813 3545 870 3570 lvd.
885 3545 976 3572 Schntt.
992 3544 1024 3569 ml
1038 3544 1105 3578 Nep.
1122 3544 1203 3577 Hrt'nfi
1226 3552 1248 3570 ct
1264 3547 1328 3571 Dra-

304 3579 373 3607 kcnb.
386 3579 418 3605 ad
431 3579 474 3604 Sil.
490 3587 514 3613 7,
528 3587 580 3610 41³.
620 3581 671 3616 Ros
688 3580 740 3606 lud.
755 3580 787 3605 ad
801 3580 868 3613 Nep.
939 3579 1051 3612 Emergi.
1065 3580 1161 3614 imperf.
1177 3580 1242 3606 Ter.
1252 3580 1326 3606 Adel.

304 3624 325 3645 ⁵3.
340 3624 360 3643 2,
375 3624 392 3648 4
412 3615 470 3640 'sot
487 3623 525 3639 rcs
539 3620 640 3647 rcpcutc
655 3616 867 3646 circumituum,
882 3614 949 3640 vnde
963 3615 1060 3647 emergi
1080 3624 1131 3640 non
1149 3615 1236 3648 potest.
1279 3616 1327 3641 Vbi

305 3652 399 3676 Donat.
421 3649 494 3675 Vnde
508 3650 606 3683 emergi
625 3659 676 3674 non
693 3651 785 3682 potest:
811 3659 891 3684 quum
906 3648 1033 3684 imprcllio
1047 3650 1081 3675 cst
1098 3649 1225 3682 hostium,
1239 3651 1270 3677 fic
1288 3650 1327 3677 di-

304 3686 379 3711 citur.
398 3691 426 3710 vt
440 3683 538 3710 Sanun.
560 3683 631 3709 Prelli
651 3685 764 3718 rudique
783 3685 962 3712 multitudine.
999 3685 1054 3710 cic.
1079 3686 1132 3717 (Qu
1154 3687 1252 3719 semper
1271 3696 1326 3719 prc-

303 3727 425 3751 muntur,
441 3725 465 3745 ct
479 3728 610 3752 nunquam
625 3728 767 3752 emergunt.

301 3762 360 3787 tur,
376 3763 427 3781 non
442 3763 568 3787 emcrgor.
622 3754 669 3779 Sed
691 3755 750 3781 idco
770 3755 804 3780 est
818 3756 890 3787 rsus,
905 3756 967 3790 quia
985 3761 1056 3782 extra
1070 3756 1284 3789 compotitioncm
1303 3763 1327 3783 ct

302 3799 394 3825 mergo
408 3796 432 3816 et
448 3798 552 3823 mergor
567 3789 671 3815 dicitnr.

340 3833 355 3852 13
366 3833 388 3851 M
397 3833 412 3851 1²
423 3832 437 3851 1<
451 3832 523 3856 svs,
540 3833 564 3856 a,
583 3834 636 3850 um.
658 3823 748 3850 Partic.
785 3823 904 3857 [duride]
942 3828 983 3860 qm·
996 3824 1097 3858 emersit.
1122 3825 1176 3851 Cic.
1190 3824 1220 3850 dc
1234 3824 1325 3852 Diuin.

302 3870 323 3889 2,
340 3870 387 3893 140
406 3859 476 3886 Tibi
490 3867 575 3885 autem
589 3859 619 3886 dc
633 3869 674 3885 mc
687 3868 743 3884 cum
761 3859 926 3885 solicitudine
941 3861 1066 3893 cogitanti
1083 3860 1170 3886 subito
1187 3861 1239 3886 suin
1257 3862 1326 3887 visus

301 3897 412 3922 emerius
431 3906 444 3921 c
458 3895 575 3921 flumine.

805 3722 833 3746 Et
847 3721 947 3754 emergi
966 3729 1046 3746 noue:
1065 3729 1123 3745 nam
1144 3729 1249 3754 eincrgo
1264 3722 1482 3748 ἀπὶ-1000611111.
1503 3731 1564 3756 472.

631 3895 685 3923 Cic.
700 3895 817 3921 'I'unaco
832 3904 852 3920 c.
866 3903 893 3921 10
906 3895 1050 3930 deplora-tis
1061 3915 1069 3928 ‚
1090 3895 1246 3931 Qtibnsquc
1264 3903 1324 3923 tem-
1337 3911 1379 3936 ¹05
1389 3897 1536 3924 Crudelitas
1567 3898 1621 3930 Cic.
1641 3901 1715 3926 Vena
1738 3910 1760 3934 5,
1782 3904 1835 3929 160.

1422 2358 1438 2377 E
1449 2358 1471 2376 M
1485 2351 1524 2378 fc
1535 2359 1554 2378 A
1566 2359 1584 2377 N
1596 2359 1608 2378 s
1624 2371 1630 2382 ‚
1659 2358 1734 2378 antis.
1778 2353 1869 2380 Partic.
1912 2351 1968 2378 Vid.
1986 2354 2014 2378 in
2038 2358 2089 2378 EM
2099 2358 2109 2377 1
2119 2356 2137 2377 c
2149 2357 2178 2377 o.
2220 2350 2295 2376 Cui-t.
2312 2357 2339 2382 9,
2353 2356 2377 2382 ς,
2391 2356 2420 2376 10

1386 2388 1481 2420 Magna
1500 2388 1528 2413 vi
1550 2387 1679 2421 sanguinis
1694 2388 1831 2414 emicante.
1902 2388 2013 2423 Compar.
2034 2386 2155 2413 Tertull.
2176 2385 2277 2412 adners.
2291 2385 2423 2421 Hermoge-

1388 2431 1410 2448 c.
1424 2431 1453 2454 :9
1473 2423 1562 2448 Terra
1575 2423 1732 2449 emicantior
1744 2423 1813 2449 faeta
1826 2423 1860 2449 est
1874 2422 1957 2450 arida.
2465 2440 2469 2445 v

1422 2464 1469 2483 EM
1482 2465 1488 2483 1
1501 2465 1548 2484 cA
1561 2463 1582 2484 Τ
1592 2466 1601 2484 1
1611 2464 1643 2491 ο,
1664 2459 1728 2485 anis.
1747 2459 1766 2484 f.
1794 2458 1870 2493 Apul.
1885 2458 1916 2485 de
1927 2458 2044 2490 mundo,
2062 2456 2239 2484 Emicationes
2252 2455 2401 2490 siluarum-5
2431 2480 2434 2484 .

1422 2498 1438 2518 E
1447 2499 1470 2517 iu
1480 2500 1488 2517 1
1497 2499 1513 2518 C
1523 2495 1544 2518 Ᾱ
1554 2499 1575 2518 T
1585 2501 1593 2519 1
1603 2500 1637 2519 M.
1659 2494 1725 2520 Adn.
1757 2495 1801 2525 Vt,
1814 2495 1951 2520 Emicatim
1966 2493 2086 2528 prosilire
2098 2493 2188 2519 Sidon.
2200 2492 2244 2526 Ep.
2258 2500 2285 2524 2,
2298 2499 2331 2523 13.
2440 2513 2442 2517 .

1423 2533 1440 2553 Ε
1451 2525 1496 2552 ini
1506 2534 1525 2553 G
1536 2533 1576 2552 Ro
1587 2547 1595 2558 ,
1615 2532 1668 2553 are.
1705 2530 1715 2559 [
1730 2527 1847 2560 inarato,
1864 2528 1990 2562 α’ποικέω]
2027 2528 2092 2554 Idem
2132 2527 2180 2553 uod
2197 2529 2313 2562 Migrare
2323 2524 2423 2562 signifi·
2470 2536 2474 2545 .

1385 2570 1443 2588 cat:
1471 2569 1515 2594 ut,
1529 2562 1662 2596 Emigrare
1686 2562 1767 2588 domo
1791 2563 1846 2588 Cic.
1861 2564 1937 2588 Verr.
1959 2571 1980 2593 2,
2000 2567 2040 2594 89.
2097 2562 2114 2588 P
2126 2569 2178 2588 aut.
2193 2561 2296 2587 Mostel.
2309 2570 2335 2594 2,
2350 2571 2373 2594 2,
2387 2559 2433 2595 46'

1389 2596 1481 2623 Pedem
1496 2606 1573 2623 nemo
1587 2598 1657 2624 intro
1671 2598 1772 2629 retulit,
1793 2597 1870 2623 semel
1883 2603 1911 2623 vt
1924 2597 2120 2631 emigrauimus.
2176 2597 2311 2630 Emigrare
2325 2596 2423 2624 finibus

1387 2632 1438 2657 suis
1454 2633 1517 2657 Plin.
1532 2636 1558 2663 6,
1573 2640 1610 2666 17·
1646 2633 1665 2658 Ε
1679 2634 1732 2659 vita
1754 2634 1810 2659 Cic.
1825 2632 1856 2658 dc
1875 2633 1967 2666 Legib.
1982 2641 2006 2664 2,
2017 2638 2049 2664 48
2068 2641 2088 2658 c.
2106 2640 2142 2664 19.
2214 2632 2364 2666 Emigrare,
2384 2634 2424 2659 Iu-

1385 2667 1530 2701 reconfitltis
1546 2666 1676 2697 dicuntur,
1693 2668 1739 2701 qui
1757 2674 1817 2693 ante
1838 2667 1943 2693 finitum
1963 2667 2148 2693 conductionis
2168 2672 2269 2702 tempus
2283 2667 2424 2695 habitatio-

1385 2710 1445 2727 nem
1460 2701 1660 2735 derclinquunt,
1674 2701 1689 2727 l.
1703 2708 1733 2732 28
1748 2701 1795 2738 §.1
1809 2702 1841 2727 D.
1857 2701 1932 2728 locat.
1960 2703 2000 2728 Sic
2018 2709 2041 2728 et
2054 2702 2216 2736 Emigratio,
2230 2705 2257 2728 in
2270 2702 2288 2729 l.
2302 2708 2330 2734 28
2344 2704 2375 2730 D.
2390 2702 2422 2729 de

1386 2737 1481 2763 Damn.
1503 2737 1594 2763 infcc't.
1629 2737 1687 2763 Cum
1706 2746 1829 2772 rectproco
1842 2737 1914 2763 Non.
1931 2745 1951 2769 1,
1967 2745 1976 2763 1
1994 2746 2023 2763 ex
2040 2737 2149 2764 Titinn.
2170 2738 2324 2772 Veliterna‚
2338 2740 2421 2772 Qiot

1387 2773 1467 2806 pestes
1487 2773 1558 2798 senio
1573 2779 1598 2798 et
1614 2773 1700 2806 iurgia
1715 2774 1822 2799 sesemet
1833 2772 1926 2798 diebus
1941 2773 2114 2806 emigrarunt.
2449 2803 2451 2805 ¹

1422 2814 1437 2832 E
1447 2814 1470 2832 M
1482 2815 1489 2832 1
1499 2813 1517 2832 G
1528 2815 1547 2834 R
1558 2815 1607 2833 AN
1617 2815 1646 2839 s,
1665 2808 1740 2834 antis.
1775 2808 1868 2834 Partic.
1904 2809 2052 2844 [ἄποιναίων]
2093 2809 2143 2841 Vt,
2155 2807 2290 2843 Emigrans
2307 2807 2444 2858 populus'

1387 2841 1449 2866 Stat.
1463 2841 1526 2867 Siln.
1541 2851 1567 2874 4,
1581 2847 1602 2871 8,
1617 2850 1662 2875 47.
2440 2852 2448 2877 3'

1422 2883 1438 2901 E
1448 2883 1470 2901 m
1480 2884 1487 2901 1
1498 2883 1518 2902 G
1529 2883 1575 2902 ΚΑ
1585 2884 1605 2902 Τ
1615 2884 1623 2902 1
1634 2883 1662 2903 o.
1689 2876 1741 2902 lCt.
1756 2879 1783 2902 in
1798 2877 1901 2911 Digvvt
1915 2885 1945 2911 39
1959 2883 1977 2904 t.
1991 2886 2006 2904 2
2021 2878 2038 2905 1.
2053 2882 2092 2907 28.

1423 2918 1439 2937 E
1450 2917 1472 2936 M
1484 2911 1495 2936 ἶ
1505 2918 1523 2936 N
1535 2918 1550 2937 E
1560 2918 1578 2936 Ο
1588 2931 1596 2942 ,
1615 2912 1642 2937 ui
1651 2931 1659 2943 ,
1686 2914 1738 2937 ere.
1775 2913 1785 2944 [
1798 2912 1873 2945 ἒξὲχω
1882 2933 1890 2944 ,
1909 2911 2049 2948 προκύπτω,
2069 2911 2177 2947 ν’πιρέχω
2190 2912 2203 2946 ]
2238 2913 2257 2939 Ε
2272 2913 2422 2949 praepositio
2460 2935 2461 2941 1

1386 2946 1427 2972 hic
1442 2949 1514 2971 ctiam
1534 2946 1675 2972 altztudinrs
1694 2950 1815 2974 notionem
1833 2948 1909 2974 Verbo
1922 2948 2002 2974 addit.
2042 2949 2108 2973 Nam
2121 2947 2242 2974 Eminere
2257 2948 2367 2982 dicitur,
2379 2952 2424 2985 qui

1386 2984 1489 3007 caeteris
1508 2983 1584 3007 altior
1604 2980 1644 3014 ‹ss.
1680 2983 1719 3008 Ab
1741 2987 1841 3019 antiquo
1858 2983 1929 3009 verbo
1948 2983 2057 3015 Mineo,
2071 2992 2100 3008 ex
2121 2991 2168 3018 quo
2185 2985 2258 3010 etiam
2272 2985 2422 3018 prominere,

1387 3017 1544 3054 Imminere,
1567 3017 1729 3043 Pracminere
1744 3018 1820 3053 sunt,
1845 3018 1909 3054 quod
1934 3020 2098 3044 Praeteritum
2111 3019 2179 3053 Jatis
2196 3018 2307 3052 indit-at,
2324 3029 2388 3047 cum
2406 3029 2422 3047 a

1388 3053 1482 3078 Mam-o
1496 3054 1525 3082 lte
1540 3052 1630 3078 Manli.
1688 3053 1752 3079 Plin.
1768 3056 1806 3086 16,
1819 3063 1843 3086 3¹
1865 3053 1970 3080 Esculus
1983 3060 2109 3088 quantum
2123 3062 2233 3088 corpore
2245 3055 2354 3088 eminet,
2366 3061 2422 3082 tan-

1387 3093 1441 3112 tmn
1462 3087 1548 3113 radice
1568 3087 1706 3113 descendit.
1742 3089 1813 3115 Caes.
1829 3090 1856 3115 B.
1871 3090 1900 3116 C.
1920 3097 1940 3119 2,
1956 3097 1979 3121 9.
2051 3090 2107 3115 Cic.
2128 3098 2175 3123 pro
2189 3090 2262 3116 Rosc.
2277 3091 2422 3118 Arnen-121

1389 3124 1452 3155 Q1o
1465 3122 1600 3149 {ludioflus
1614 3122 1646 3149 ab
1665 3123 1722 3157 ἱρῆς
1735 3125 1896 3158 opprimitur
1909 3130 1933 3150 et
1946 3124 2130 3156 absconditur,
2145 3134 2177 3151 eo
2188 3126 2272 3159 magis
2287 3127 2385 3153 eminet.
2394 3133 2422 3154 et
2439 3136 2442 3137 ⁷

1388 3164 1499 3192 apparet.
1571 3157 1642 3184 Idem
1657 3158 1688 3184 de
1702 3160 1774 3185 Orat.
1791 3168 1812 3191 3,
1825 3162 1859 3193 69
1893 3161 1956 3193 Qio
1969 3160 2050 3193 magis
2065 3159 2092 3186 id
2105 3161 2155 3186 erit
2171 3161 2365 3193 illuminatum,
2377 3170 2421 3188 ex-

1388 3193 1453 3219 stare
1468 3200 1546 3227 atque
1559 3194 1675 3220 eminere
1687 3194 1816 3221 videatur.
1889 3197 1918 3221 Et
1932 3204 1979 3229 pro
1989 3196 2093 3221 Cluent.
2105 3201 2141 3227 183
2161 3196 2341 3231 Illi,quorum
2355 3197 2420 3224 emi-

1387 3236 1429 3254 uct
1444 3229 1552 3255 audacia
1566 3236 1644 3264 atque
1657 3229 1772 3263 111-010613
1785 3230 1820 3256 est
1829 3250 1836 3262 ,
1856 3239 1870 3256 a
1880 3230 1994 3256 consiliis
2006 3231 2123 3257 malitiae
2143 3231 2304 3258 deseruntur.
2367 3233 2420 3260 Vix

1387 3272 1417 3289 cx
1431 3264 1585 3297 gratulando
1601 3265 1680 3291 miser
1694 3265 1746 3290 iam
1765 3265 1913 3292 eminebant
1928 3266 2007 3292 Plaut.
2027 3267 2100 3301 Capt.
2114 3275 2137 3299 3,
2150 3275 2175 3299 2,
2189 3277 2210 3297 ς.
2245 3268 2336 3303 Lepide
2348 3268 2420 3304 sane,

1389 3300 1455 3333 quali
1469 3300 1569 3325 obe-ntur
1582 3299 1636 3332 tfliw
1649 3310 1663 3326 a
1677 3301 1875 3335 gratulantibus,
1890 3304 1932 3335 qni
1951 3302 2092 3334 miserum,
2106 3309 2134 3328 vt
2147 3303 2214 3329 modo
2232 3303 2334 3334 dicebat,
2347 3303 2421 3330 resti-

1389 3334 1468 3360 tando
1481 3335 1670 3369 retinendoque
1687 3336 1774 3361 lassum
1788 3335 1965 3364 reddiderant.
2021 3337 2140 3364 Emincre
2152 3346 2224 3365 extra
2243 3345 2338 3366 terram
2353 3339 2419 3366 Plin.

1391 3377 1428 3402 17,
1443 3378 1476 3396 21.
1545 3371 1625 3404 Super
1637 3370 1715 3396 vndas
1730 3372 1803 3397 Curt.
1817 3381 1844 3404 4,
1857 3380 1884 3404 4,
1899 3382 1925 3404 4.
1996 3373 2088 3398 Iulian.
2102 3373 2129 3399 in
2144 3374 2160 3399 l.
2182 3374 2208 3400 Si
2221 3375 2325 3408 gemina
2336 3375 2367 3401 D.
2379 3384 2420 3402 ar·
2443 3370 2452 3405 f

1389 3402 1447 3429 bor.
1462 3405 1524 3431 furt.
1539 3407 1631 3432 caesar.
1666 3406 1692 3431 si
1707 3407 1810 3440 gemina
1829 3407 1908 3433 arbor
1924 3406 1967 3437 fit,
1980 3414 2003 3433 et
2017 3409 2094 3443 Supra
2113 3414 2209 3436 terram
2230 3409 2351 3436 iunctura
2363 3411 2420 3436 eius

1389 3440 1517 3472 emineat,
1536 3450 1585 3467 vna
1606 3439 1685 3467 arbor
1705 3441 1810 3468 videtur
1827 3443 1882 3468 effe.
1955 3443 2055 3469 Eminet
2076 3451 2134 3471 ante
2153 3445 2244 3471 oculos
2263 3443 2333 3479 quod
2353 3445 2420 3479 petis

1388 3483 1447 3514 cccc
1466 3481 1524 3501 tuos
1544 3476 1622 3502 Ouid.
1638 3476 1702 3502 Fan.
1718 3486 1737 3507 3,
1752 3485 1808 3509 230-
1875 3478 1930 3503 Cic.
1951 3478 1978 3503 111
1998 3479 2083 3506 Somn.
2103 3481 2170 3514 Scip.
2184 3488 2211 3507 21
2244 3480 2327 3514 quue
2346 3481 2422 3508 ocius

1389 3510 1481 3539 factet,
1498 3510 1514 3535 11
1528 3510 1579 3537 iam
1595 3519 1755 3545 tuni‚quum
1769 3512 1819 3538 erit
1835 3513 1947 3539 inclusus
1961 3514 1988 3539 in
2002 3524 2126 3549 corpore,
2140 3515 2268 3541 eminebit
2280 3516 2373 3542 Foras:
2392 3522 2419 3543 et
2444 3531 2447 3535 ¹

1343 3555 1374 3580 9,-
1389 3554 1428 3577 ea,
1439 3554 1504 3580 quae
1514 3553 1586 3572 extra
1601 3548 1894 3587 c1*11nt,c0nte111plans,
1911 3558 1988 3582 quam
2004 3559 2116 3577 maxime
2129 3552 2154 3577 se
2167 3560 2180 3577 a
2196 3559 2305 3584 corpore
2324 3550 2419 3578 abstra-

1389 3580 1441 3606 het.
1513 3582 1642 3614 Qunffll.
1658 3590 1677 3612 2,
1689 3591 1701 3613 3
1728 3583 1815 3609 Nemo
1829 3583 1860 3609 fic
1876 3592 1903 3609 111
1916 3585 2059 3612 maioribus
2072 3587 2185 3618 eminet,
2197 3591 2225 3612 vt
2240 3594 2299 3612 enm
2314 3587 2419 3614 minora
2440 3611 2446 3616 .

1389 3615 1518 3642 deficiant.
1590 3616 1710 3649 Leniter,
1737 3618 1790 3644 vicl.
1811 3625 1909 3645 113v18.
1980 3621 2163 3656 Magnopere,
2184 3620 2236 3647 vid.
2264 3628 2417 3649 MAGNVS.

1387 3652 1459 3678 Inter
1471 3659 1561 3678 omnes
1576 3652 1602 3678 in
1616 3654 1688 3678 omni
1703 3662 1794 3685 genere
1808 3652 1911 3680 dicendi
1925 3664 1989 3681 vnus
2004 3658 2102 3684 eminet
2114 3655 2300 3684 Demosthenes
2321 3658 2376 3684 Cic·
2390 3658 2418 3684 in

1388 3688 1460 3713 Orat.
1477 3696 1523 3719 104
1539 3697 1561 3713 c.
1581 3696 1622 3720 29.
1687 3689 1832 3727 ¹Pulchrum
1851 3691 1966 3717 eminere
1987 3692 2022 3718 est
2041 3693 2110 3720 inter
2128 3691 2239 3718 illustres
2258 3693 2331 3719 viros
2360 3693 2418 3721 Sen.
2464 3692 2479 3716 *¹¹

1636 3723 1756 3762 Eminet-e
1782 3731 1895 3758 quatuor
1920 3726 2023 3760 Digitos
2046 3727 2206 3755 transuersos
2239 3727 2308 3754 Plin.
2325 3737 2363 3763 17,
2383 3733 2417 3758 18.
2443 3732 2446 3733 ’

1388 3754 1409 3789 q
1427 3766 1438 3782 2
1479 3759 1585 3783 Nomina
1599 3758 1708 3784 Annuus
1722 3760 1818 3791 eminet
1833 3760 1944 3788 maxime
1957 3764 1984 3788 in
1996 3761 2193 3789 contemnendis
2207 3760 2345 3790 doloribus
2361 3763 2418 3790 Cic.

1389 3790 1470 3831 Tusc.
1487 3800 1508 3823 2,
1522 3795 1557 3832 ⁶4:
1570 3792 1712 3833 s[»c¹J.1tm·.
1727 3796 1867 3830 conspicuus
1882 3796 1929 3829 eli,
1942 3805 2057 3833 tanquam
2075 3799 2163 3824 inulto
2177 3799 2227 3823 Ioco
2239 3797 2339 3832 positus.
2371 3799 2418 3825 Ar-

1389 3827 1481 3866 bor-tn
1496 3836 1566 3853 aruis
1580 3835 1677 3854 eminet
1692 3830 1770 3855 Ouid.
1786 3840 1815 3856 ex
1826 3832 1908 3858 Ponto
1922 3842 1944 3864 3,
1961 3841 1979 3865 1,
1994 3841 2029 3865 19.
2050 3830 2051 3835 ’
2099 3831 2185 3858 Ardor
2197 3833 2315 3860 militum
2327 3834 2418 3861 Tacit.
2475 3842 2477 3856 ¹

1391 3865 1477 3897 Agric.
1493 3871 1559 3893 3;,1.
1630 3865 1759 3891 Atrocitas
1780 3866 1881 3894 sceleris
1907 3868 2038 3894 eminebat
2064 3866 2093 3892 in
2113 3876 2178 3893 vote
2211 3869 2285 3894 Curt.
2304 3874 2327 3901 8,
2366 3889 2373 3896 .
2409 3887 2416 3895 .

1907 3903 2017 3930 Ferrum
2045 3911 2091 3936 per
2116 3902 2196 3929 costas
2225 3903 2285 3931 Liu.
2305 3909 2328 3937 8,
2366 3923 2372 3930 .
2409 3921 2416 3930 .

2340 3938 2418 3967 Hasta
