<?xml version="1.0" encoding="UTF-8"?>
<!DOCTYPE html PUBLIC "-//W3C//DTD XHTML 1.0 Transitional//EN"
    "http://www.w3.org/TR/xhtml1/DTD/xhtml1-transitional.dtd">
<html xmlns="http://www.w3.org/1999/xhtml" xml:lang="en" lang="en">
 <head>
  <title>
</title>
<meta http-equiv="Content-Type" content="text/html;charset=utf-8" />
  <meta name='ocr-system' content='tesseract 3.04.00' />
  <meta name='ocr-capabilities' content='ocr_page ocr_carea ocr_par ocr_line ocrx_word'/>
</head>
<body>
  <div class='ocr_page' id='page_1' title='image "./novuslinguaeeter02gesn_0266.png"; bbox 0 0 2479 4225; ppageno 0'>
   <div class='ocr_carea' id='block_1_1' title="bbox 277 167 928 227">
    <p class='ocr_par' dir='ltr' id='par_1_1' title="bbox 277 167 928 227">
     <span class='ocr_line' id='line_1_1' title="bbox 277 167 928 227; baseline -0.012 -12"><span class='ocrx_word' id='word_1_1' title='bbox 277 188 345 227; x_wconf 84' lang='lat'>503</span> <span class='ocrx_word' id='word_1_2' title='bbox 676 167 928 211; x_wconf 81' lang='lat' dir='ltr'>EXI</span> 
     </span>
    </p>
   </div>
   <div class='ocr_carea' id='block_1_2' title="bbox 275 247 1316 396">
    <p class='ocr_par' dir='ltr' id='par_1_2' title="bbox 275 247 1316 396">
     <span class='ocr_line' id='line_1_2' title="bbox 318 247 1312 296; baseline -0.019 -5"><span class='ocrx_word' id='word_1_3' title='bbox 318 271 336 291; x_wconf 74' lang='grc' dir='ltr'>Ε</span> <span class='ocrx_word' id='word_1_4' title='bbox 345 271 363 292; x_wconf 87' lang='lat' dir='ltr'>x</span> <span class='ocrx_word' id='word_1_5' title='bbox 374 271 383 289; x_wconf 93' lang='lat'>1</span> <span class='ocrx_word' id='word_1_6' title='bbox 393 270 405 290; x_wconf 87' lang='lat' dir='ltr'>s</span> <span class='ocrx_word' id='word_1_7' title='bbox 415 270 435 290; x_wconf 83' lang='lat' dir='ltr'>T</span> <span class='ocrx_word' id='word_1_8' title='bbox 444 259 455 288; x_wconf 86' lang='lat'>‘1&#39;</span> <span class='ocrx_word' id='word_1_9' title='bbox 463 269 487 289; x_wconf 86' lang='lat' dir='ltr'>M</span> <span class='ocrx_word' id='word_1_10' title='bbox 497 269 515 289; x_wconf 93' lang='lat' dir='ltr'>o</span> <span class='ocrx_word' id='word_1_11' title='bbox 524 281 531 293; x_wconf 96' lang='lat'>,</span> <span class='ocrx_word' id='word_1_12' title='bbox 548 265 600 289; x_wconf 69' lang='lat' dir='ltr'>are.</span> <span class='ocrx_word' id='word_1_13' title='bbox 635 258 739 296; x_wconf 58' lang='lat' dir='ltr'>Nonio,</span> <span class='ocrx_word' id='word_1_14' title='bbox 759 254 937 288; x_wconf 67' lang='grc' dir='ltr'>ὑπολαμβάνω,</span> <span class='ocrx_word' id='word_1_15' title='bbox 955 250 1107 286; x_wconf 57' lang='grc' dir='ltr'>λσγῖξομαιῇ</span> <span class='ocrx_word' id='word_1_16' title='bbox 1143 248 1174 275; x_wconf 81' lang='lat' dir='ltr'>ab</span> <span class='ocrx_word' id='word_1_17' title='bbox 1195 247 1312 274; x_wconf 82' lang='lat' dir='ltr'>Aestimo</span> 
     </span>
     <span class='ocr_line' id='line_1_3' title="bbox 275 282 1316 336; baseline -0.017 -10"><span class='ocrx_word' id='word_1_18' title='bbox 275 299 327 336; x_wconf 78' lang='lat' dir='ltr'>fit,</span> <span class='ocrx_word' id='word_1_19' title='bbox 348 298 505 335; x_wconf 77' lang='lat' dir='ltr'>Diphthongo</span> <span class='ocrx_word' id='word_1_20' title='bbox 518 300 544 324; x_wconf 77' lang='lat' dir='ltr'>in</span> <span class='ocrx_word' id='word_1_21' title='bbox 560 299 575 324; x_wconf 92' lang='grc' dir='ltr'><em>Ι</em></span> <span class='ocrx_word' id='word_1_22' title='bbox 586 299 682 334; x_wconf 78' lang='lat' dir='ltr'>longam</span> <span class='ocrx_word' id='word_1_23' title='bbox 695 295 808 328; x_wconf 58' lang='lat' dir='ltr'>conuersa</span> <span class='ocrx_word' id='word_1_24' title='bbox 820 302 826 315; x_wconf 92' lang='grc'>.·</span> <span class='ocrx_word' id='word_1_25' title='bbox 860 289 921 326; x_wconf 63' lang='lat' dir='ltr'>idem</span> <span class='ocrx_word' id='word_1_26' title='bbox 935 287 998 328; x_wconf 70' lang='lat' dir='ltr'>quod</span> <span class='ocrx_word' id='word_1_27' title='bbox 1009 287 1134 328; x_wconf 65' lang='lat' dir='ltr'>decernere</span> <span class='ocrx_word' id='word_1_28' title='bbox 1147 290 1190 310; x_wconf 81' lang='lat' dir='ltr'>aut</span> <span class='ocrx_word' id='word_1_29' title='bbox 1200 282 1316 316; x_wconf 77' lang='lat' dir='ltr'>statuere</span> 
     </span>
     <span class='ocr_line' id='line_1_4' title="bbox 279 318 1316 370; baseline -0.015 -10"><span class='ocrx_word' id='word_1_30' title='bbox 279 334 404 370; x_wconf 73' lang='lat' dir='ltr'>fignificat</span> <span class='ocrx_word' id='word_1_31' title='bbox 413 332 467 368; x_wconf 77' lang='lat' dir='ltr'>post</span> <span class='ocrx_word' id='word_1_32' title='bbox 482 332 680 366; x_wconf 73' lang='lat' dir='ltr'>aestimationem.</span> <span class='ocrx_word' id='word_1_33' title='bbox 726 327 850 355; x_wconf 76' lang='lat' dir='ltr'>Interdum</span> <span class='ocrx_word' id='word_1_34' title='bbox 863 325 1012 357; x_wconf 75' lang='lat' dir='ltr'>Jimpltciter</span> <span class='ocrx_word' id='word_1_35' title='bbox 1031 321 1162 351; x_wconf 68' lang='lat' dir='ltr'>iudicare,</span> <span class='ocrx_word' id='word_1_36' title='bbox 1181 326 1210 344; x_wconf 79' lang='lat' dir='ltr'>vt</span> <span class='ocrx_word' id='word_1_37' title='bbox 1230 318 1316 344; x_wconf 77' lang='lat' dir='ltr'>docent</span> 
     </span>
     <span class='ocr_line' id='line_1_5' title="bbox 285 353 1316 396; baseline -0.017 0"><span class='ocrx_word' id='word_1_38' title='bbox 285 372 390 396; x_wconf 71' lang='lat' dir='ltr'>Gronau.</span> <span class='ocrx_word' id='word_1_39' title='bbox 412 376 436 394; x_wconf 80' lang='lat' dir='ltr'>et</span> <span class='ocrx_word' id='word_1_40' title='bbox 454 368 578 395; x_wconf 75' lang='lat' dir='ltr'>Drakcnb.</span> <span class='ocrx_word' id='word_1_41' title='bbox 591 368 624 394; x_wconf 78' lang='lat' dir='ltr'>ad</span> <span class='ocrx_word' id='word_1_42' title='bbox 636 367 694 393; x_wconf 87' lang='lat' dir='ltr'>Liu.</span> <span class='ocrx_word' id='word_1_43' title='bbox 708 372 750 396; x_wconf 79' lang='lat'>34,</span> <span class='ocrx_word' id='word_1_44' title='bbox 762 371 774 387; x_wconf 83' lang='lat'>2</span> <span class='ocrx_word' id='word_1_45' title='bbox 812 360 988 394; x_wconf 79' lang='lat' dir='ltr'>Etymologiam</span> <span class='ocrx_word' id='word_1_46' title='bbox 999 356 1106 392; x_wconf 78' lang='lat' dir='ltr'>firmat,</span> <span class='ocrx_word' id='word_1_47' title='bbox 1124 353 1188 390; x_wconf 78' lang='lat' dir='ltr'>quod</span> <span class='ocrx_word' id='word_1_48' title='bbox 1208 353 1316 380; x_wconf 84' lang='lat' dir='ltr'>Vetusta</span> 
     </span>
    </p>
   </div>
   <div class='ocr_carea' id='block_1_3' title="bbox 285 389 1353 440">
    <p class='ocr_par' dir='ltr' id='par_1_3' title="bbox 285 389 1353 440">
     <span class='ocr_line' id='line_1_6' title="bbox 285 389 1353 440; baseline -0.017 -9"><span class='ocrx_word' id='word_1_49' title='bbox 285 404 374 431; x_wconf 89' lang='lat' dir='ltr'>tabula</span> <span class='ocrx_word' id='word_1_50' title='bbox 402 404 469 440; x_wconf 76' lang='lat' dir='ltr'>apud</span> <span class='ocrx_word' id='word_1_51' title='bbox 492 405 622 431; x_wconf 75' lang='lat' dir='ltr'><em>Gruterum</em></span> <span class='ocrx_word' id='word_1_52' title='bbox 643 408 671 435; x_wconf 83' lang='lat' dir='ltr'>p.</span> <span class='ocrx_word' id='word_1_53' title='bbox 697 407 740 432; x_wconf 84' lang='lat'>50⁰</span> <span class='ocrx_word' id='word_1_54' title='bbox 777 397 868 430; x_wconf 77' lang='lat' dir='ltr'>legitur</span> <span class='ocrx_word' id='word_1_55' title='bbox 903 393 1027 420; x_wconf 84' lang='lat' dir='ltr'>EXAES</span> <span class='ocrx_word' id='word_1_56' title='bbox 1035 393 1064 418; x_wconf 89' lang='grc' dir='ltr'><strong>Τ</strong></span> <span class='ocrx_word' id='word_1_57' title='bbox 1072 393 1094 417; x_wconf 98' lang='lat' dir='ltr'>V</span> <span class='ocrx_word' id='word_1_58' title='bbox 1104 392 1131 417; x_wconf 91' lang='lat' dir='ltr'>M</span> <span class='ocrx_word' id='word_1_59' title='bbox 1141 392 1161 415; x_wconf 89' lang='lat' dir='ltr'>A</span> <span class='ocrx_word' id='word_1_60' title='bbox 1172 390 1195 414; x_wconf 93' lang='lat' dir='ltr'>V</span> <span class='ocrx_word' id='word_1_61' title='bbox 1203 389 1221 415; x_wconf 89' lang='lat' dir='ltr'>E</span> <span class='ocrx_word' id='word_1_62' title='bbox 1229 389 1317 415; x_wconf 79' lang='lat' dir='ltr'>RIT.</span> <span class='ocrx_word' id='word_1_63' title='bbox 1339 400 1353 426; x_wconf 72' lang='grc' dir='ltr'>ς</span> 
     </span>
    </p>
   </div>
   <div class='ocr_carea' id='block_1_4' title="bbox 286 424 1323 928">
    <p class='ocr_par' dir='ltr' id='par_1_4' title="bbox 286 424 1323 928">
     <span class='ocr_line' id='line_1_7' title="bbox 286 424 1318 474; baseline -0.017 -7"><span class='ocrx_word' id='word_1_64' title='bbox 286 439 510 467; x_wconf 75' lang='lat' dir='ltr'>Consuetudinem</span> <span class='ocrx_word' id='word_1_65' title='bbox 524 437 690 474; x_wconf 77' lang='lat' dir='ltr'>quotidianae</span> <span class='ocrx_word' id='word_1_66' title='bbox 702 433 770 459; x_wconf 87' lang='lat' dir='ltr'>vitae</span> <span class='ocrx_word' id='word_1_67' title='bbox 782 428 972 461; x_wconf 85' lang='lat' dir='ltr'>existumandi,</span> <span class='ocrx_word' id='word_1_68' title='bbox 986 437 1017 455; x_wconf 85' lang='lat' dir='ltr'>ea</span> <span class='ocrx_word' id='word_1_69' title='bbox 1032 436 1073 454; x_wconf 89' lang='lat' dir='ltr'>res</span> <span class='ocrx_word' id='word_1_70' title='bbox 1091 433 1147 452; x_wconf 88' lang='lat' dir='ltr'>tum</span> <span class='ocrx_word' id='word_1_71' title='bbox 1161 424 1232 451; x_wconf 84' lang='lat' dir='ltr'>dedit</span> <span class='ocrx_word' id='word_1_72' title='bbox 1246 424 1318 463; x_wconf 50' lang='lat' dir='ltr'>copi:</span> 
     </span>
     <span class='ocr_line' id='line_1_8' title="bbox 286 459 1319 504; baseline -0.013 -7"><span class='ocrx_word' id='word_1_73' title='bbox 286 484 329 502; x_wconf 69' lang='lat' dir='ltr'>2m</span> <span class='ocrx_word' id='word_1_74' title='bbox 355 475 422 501; x_wconf 71' lang='lat' dir='ltr'>Ter,</span> <span class='ocrx_word' id='word_1_75' title='bbox 437 476 531 501; x_wconf 64' lang='lat' dir='ltr'>Heaut,</span> <span class='ocrx_word' id='word_1_76' title='bbox 549 483 568 503; x_wconf 76' lang='lat'>2,</span> <span class='ocrx_word' id='word_1_77' title='bbox 580 481 601 504; x_wconf 80' lang='lat'>5,</span> <span class='ocrx_word' id='word_1_78' title='bbox 615 479 651 502; x_wconf 82' lang='lat'>4¹·</span> <span class='ocrx_word' id='word_1_79' title='bbox 722 466 778 492; x_wconf 85' lang='lat' dir='ltr'>Cic.</span> <span class='ocrx_word' id='word_1_80' title='bbox 792 464 823 490; x_wconf 92' lang='lat' dir='ltr'>de</span> <span class='ocrx_word' id='word_1_81' title='bbox 837 466 894 491; x_wconf 86' lang='lat' dir='ltr'>Inu.</span> <span class='ocrx_word' id='word_1_82' title='bbox 909 473 929 495; x_wconf 90' lang='lat'>1,</span> <span class='ocrx_word' id='word_1_83' title='bbox 941 472 958 499; x_wconf 85' lang='lat'>7</span> <span class='ocrx_word' id='word_1_84' title='bbox 970 473 992 490; x_wconf 90' lang='lat' dir='ltr'>c.</span> <span class='ocrx_word' id='word_1_85' title='bbox 1007 471 1020 497; x_wconf 99' lang='lat'>5</span> <span class='ocrx_word' id='word_1_86' title='bbox 1040 463 1093 489; x_wconf 86' lang='lat' dir='ltr'>Has</span> <span class='ocrx_word' id='word_1_87' title='bbox 1108 467 1194 488; x_wconf 87' lang='lat' dir='ltr'>autem</span> <span class='ocrx_word' id='word_1_88' title='bbox 1209 468 1249 486; x_wconf 89' lang='lat' dir='ltr'>res</span> <span class='ocrx_word' id='word_1_89' title='bbox 1270 459 1319 498; x_wconf 74' lang='lat' dir='ltr'>ain</span> 
     </span>
     <span class='ocr_line' id='line_1_9' title="bbox 288 493 1319 546; baseline -0.017 -7"><span class='ocrx_word' id='word_1_90' title='bbox 288 510 377 546; x_wconf 83' lang='lat' dir='ltr'>plures</span> <span class='ocrx_word' id='word_1_91' title='bbox 391 510 436 537; x_wconf 88' lang='lat' dir='ltr'>alii</span> <span class='ocrx_word' id='word_1_92' title='bbox 453 510 584 545; x_wconf 61' lang='lat' dir='ltr'>paui-iores</span> <span class='ocrx_word' id='word_1_93' title='bbox 598 503 819 530; x_wconf 77' lang='lat' dir='ltr'>existimauerunt.</span> <span class='ocrx_word' id='word_1_94' title='bbox 891 500 930 526; x_wconf 88' lang='lat' dir='ltr'>Id.</span> <span class='ocrx_word' id='word_1_95' title='bbox 950 499 982 526; x_wconf 90' lang='lat' dir='ltr'>de</span> <span class='ocrx_word' id='word_1_96' title='bbox 995 501 1052 526; x_wconf 76' lang='lat' dir='ltr'>inu.</span> <span class='ocrx_word' id='word_1_97' title='bbox 1069 507 1088 529; x_wconf 91' lang='lat'>1,</span> <span class='ocrx_word' id='word_1_98' title='bbox 1102 502 1129 529; x_wconf 83' lang='lat'>83</span> <span class='ocrx_word' id='word_1_99' title='bbox 1144 506 1166 522; x_wconf 90' lang='lat' dir='ltr'>c.</span> <span class='ocrx_word' id='word_1_100' title='bbox 1180 504 1213 528; x_wconf 85' lang='lat'>45</span> <span class='ocrx_word' id='word_1_101' title='bbox 1245 493 1319 527; x_wconf 82' lang='lat' dir='ltr'>Qud</span> 
     </span>
     <span class='ocr_line' id='line_1_10' title="bbox 287 527 1320 577; baseline -0.018 -3"><span class='ocrx_word' id='word_1_102' title='bbox 287 555 350 572; x_wconf 85' lang='lat' dir='ltr'>eum</span> <span class='ocrx_word' id='word_1_103' title='bbox 363 546 478 577; x_wconf 76' lang='lat' dir='ltr'>accuses,</span> <span class='ocrx_word' id='word_1_104' title='bbox 499 541 581 577; x_wconf 83' lang='lat' dir='ltr'>quiid</span> <span class='ocrx_word' id='word_1_105' title='bbox 595 538 669 573; x_wconf 87' lang='lat' dir='ltr'>parui</span> <span class='ocrx_word' id='word_1_106' title='bbox 683 536 773 562; x_wconf 88' lang='lat' dir='ltr'>auditu</span> <span class='ocrx_word' id='word_1_107' title='bbox 793 535 925 562; x_wconf 85' lang='lat' dir='ltr'>existimet</span> <span class='ocrx_word' id='word_1_108' title='bbox 939 536 948 562; x_wconf 73' lang='grc' dir='ltr'><strong><em>ζ</em></strong></span> <span class='ocrx_word' id='word_1_109' title='bbox 983 544 1012 561; x_wconf 79' lang='lat' dir='ltr'>ex</span> <span class='ocrx_word' id='word_1_110' title='bbox 1036 535 1089 560; x_wconf 76' lang='lat' dir='ltr'>Ver.</span> <span class='ocrx_word' id='word_1_111' title='bbox 1105 535 1188 559; x_wconf 62' lang='lat' dir='ltr'>Poeta.</span> <span class='ocrx_word' id='word_1_112' title='bbox 1243 527 1320 556; x_wconf 69' lang='lat' dir='ltr'>Refle</span> 
     </span>
     <span class='ocr_line' id='line_1_11' title="bbox 287 566 1320 608; baseline -0.015 -1"><span class='ocrx_word' id='word_1_113' title='bbox 287 588 367 608; x_wconf 80' lang='lat' dir='ltr'>autem</span> <span class='ocrx_word' id='word_1_114' title='bbox 387 581 516 608; x_wconf 86' lang='lat' dir='ltr'>existimet</span> <span class='ocrx_word' id='word_1_115' title='bbox 538 574 633 601; x_wconf 48' lang='lat' dir='ltr'>lr&#39;iHor.</span> <span class='ocrx_word' id='word_1_116' title='bbox 669 574 712 598; x_wconf 83' lang='lat' dir='ltr'>Al.</span> <span class='ocrx_word' id='word_1_117' title='bbox 727 571 853 598; x_wconf 88' lang='lat' dir='ltr'>aestimet.</span> <span class='ocrx_word' id='word_1_118' title='bbox 958 571 1016 596; x_wconf 86' lang='lat' dir='ltr'>Cic.</span> <span class='ocrx_word' id='word_1_119' title='bbox 1036 568 1068 595; x_wconf 90' lang='lat' dir='ltr'>de</span> <span class='ocrx_word' id='word_1_120' title='bbox 1088 568 1158 594; x_wconf 90' lang='lat' dir='ltr'>Clar.</span> <span class='ocrx_word' id='word_1_121' title='bbox 1181 566 1256 606; x_wconf 73' lang='lat' dir='ltr'>Orat.</span> <span class='ocrx_word' id='word_1_122' title='bbox 1280 569 1320 604; x_wconf 63' lang='lat'>138</span> 
     </span>
     <span class='ocr_line' id='line_1_12' title="bbox 289 601 1320 651; baseline -0.012 -13"><span class='ocrx_word' id='word_1_123' title='bbox 289 617 377 651; x_wconf 67' lang='lat' dir='ltr'>Qfflm</span> <span class='ocrx_word' id='word_1_124' title='bbox 413 630 456 635; x_wconf 76' lang='lat'>-</span> <span class='ocrx_word' id='word_1_125' title='bbox 489 609 601 638; x_wconf 84' lang='lat' dir='ltr'>difficilis</span> <span class='ocrx_word' id='word_1_126' title='bbox 613 607 708 642; x_wconf 87' lang='lat' dir='ltr'>optimi</span> <span class='ocrx_word' id='word_1_127' title='bbox 722 607 866 641; x_wconf 72' lang='lat' dir='ltr'>perfefflo,</span> <span class='ocrx_word' id='word_1_128' title='bbox 883 614 914 632; x_wconf 88' lang='lat' dir='ltr'>ex</span> <span class='ocrx_word' id='word_1_129' title='bbox 930 614 971 637; x_wconf 88' lang='lat' dir='ltr'>eo,</span> <span class='ocrx_word' id='word_1_130' title='bbox 989 604 1060 640; x_wconf 90' lang='lat' dir='ltr'>quod</span> <span class='ocrx_word' id='word_1_131' title='bbox 1075 604 1159 630; x_wconf 86' lang='lat' dir='ltr'>dicam</span> <span class='ocrx_word' id='word_1_132' title='bbox 1174 601 1320 628; x_wconf 83' lang='lat' dir='ltr'>existimari</span> 
     </span>
     <span class='ocr_line' id='line_1_13' title="bbox 289 636 1322 688; baseline -0.017 -9"><span class='ocrx_word' id='word_1_133' title='bbox 289 651 380 688; x_wconf 86' lang='lat' dir='ltr'>potest.</span> <span class='ocrx_word' id='word_1_134' title='bbox 478 644 642 672; x_wconf 85' lang='lat' dir='ltr'>Pseudo-Cic.</span> <span class='ocrx_word' id='word_1_135' title='bbox 659 643 687 668; x_wconf 91' lang='lat' dir='ltr'>in</span> <span class='ocrx_word' id='word_1_136' title='bbox 701 642 802 670; x_wconf 82' lang='lat' dir='ltr'>Sallust.</span> <span class='ocrx_word' id='word_1_137' title='bbox 818 650 850 669; x_wconf 84' lang='lat'>22</span> <span class='ocrx_word' id='word_1_138' title='bbox 869 641 961 668; x_wconf 89' lang='lat' dir='ltr'>Desine</span> <span class='ocrx_word' id='word_1_139' title='bbox 972 647 1187 678; x_wconf 81' lang='lat' dir='ltr'>vnumquemque</span> <span class='ocrx_word' id='word_1_140' title='bbox 1201 636 1322 663; x_wconf 82' lang='lat' dir='ltr'>moribus</span> 
     </span>
     <span class='ocr_line' id='line_1_14' title="bbox 289 673 1321 714; baseline -0.015 -1"><span class='ocrx_word' id='word_1_141' title='bbox 289 688 341 714; x_wconf 86' lang='lat' dir='ltr'>tuis</span> <span class='ocrx_word' id='word_1_142' title='bbox 355 684 507 712; x_wconf 81' lang='lat' dir='ltr'>existimare.</span> <span class='ocrx_word' id='word_1_143' title='bbox 577 679 632 706; x_wconf 89' lang='lat' dir='ltr'>Cic.</span> <span class='ocrx_word' id='word_1_144' title='bbox 647 686 695 712; x_wconf 88' lang='lat' dir='ltr'>pro</span> <span class='ocrx_word' id='word_1_145' title='bbox 710 678 797 704; x_wconf 87' lang='lat' dir='ltr'>Domo</span> <span class='ocrx_word' id='word_1_146' title='bbox 811 679 854 704; x_wconf 86' lang='lat' dir='ltr'>sua</span> <span class='ocrx_word' id='word_1_147' title='bbox 867 686 892 710; x_wconf 90' lang='lat'>51</span> <span class='ocrx_word' id='word_1_148' title='bbox 909 674 1022 704; x_wconf 79' lang='lat' dir='ltr'>Proinde</span> <span class='ocrx_word' id='word_1_149' title='bbox 1035 675 1104 710; x_wconf 89' lang='lat' dir='ltr'>quasi</span> <span class='ocrx_word' id='word_1_150' title='bbox 1119 674 1162 700; x_wconf 78' lang='lat' dir='ltr'>isti</span> <span class='ocrx_word' id='word_1_151' title='bbox 1176 680 1220 699; x_wconf 89' lang='lat' dir='ltr'>aut</span> <span class='ocrx_word' id='word_1_152' title='bbox 1233 673 1264 698; x_wconf 88' lang='lat' dir='ltr'>de</span> <span class='ocrx_word' id='word_1_153' title='bbox 1272 673 1321 710; x_wconf 84' lang='lat' dir='ltr'>Cn.</span> 
     </span>
     <span class='ocr_line' id='line_1_15' title="bbox 289 705 1321 755; baseline -0.014 -8"><span class='ocrx_word' id='word_1_154' title='bbox 289 720 412 755; x_wconf 82' lang='lat' dir='ltr'>Pompeio</span> <span class='ocrx_word' id='word_1_155' title='bbox 428 717 503 743; x_wconf 86' lang='lat' dir='ltr'>aliter</span> <span class='ocrx_word' id='word_1_156' title='bbox 519 721 597 750; x_wconf 87' lang='lat' dir='ltr'>atque</span> <span class='ocrx_word' id='word_1_157' title='bbox 612 723 660 748; x_wconf 85' lang='lat' dir='ltr'>ego</span> <span class='ocrx_word' id='word_1_158' title='bbox 674 713 813 744; x_wconf 83' lang='lat' dir='ltr'>existimo,</span> <span class='ocrx_word' id='word_1_159' title='bbox 833 712 953 739; x_wconf 89' lang='lat' dir='ltr'>sentiant.</span> <span class='ocrx_word' id='word_1_160' title='bbox 1049 712 1087 737; x_wconf 91' lang='lat' dir='ltr'>De</span> <span class='ocrx_word' id='word_1_161' title='bbox 1105 709 1206 737; x_wconf 80' lang='lat' dir='ltr'>artibus</span> <span class='ocrx_word' id='word_1_162' title='bbox 1220 705 1321 742; x_wconf 83' lang='lat' dir='ltr'>aliquid</span> 
     </span>
     <span class='ocr_line' id='line_1_16' title="bbox 290 753 1201 785; baseline -0.015 -3"><span class='ocrx_word' id='word_1_163' title='bbox 290 757 345 784; x_wconf 84' lang='lat' dir='ltr'>Cic.</span> <span class='ocrx_word' id='word_1_164' title='bbox 361 755 391 780; x_wconf 86' lang='lat' dir='ltr'>de</span> <span class='ocrx_word' id='word_1_165' title='bbox 405 753 475 779; x_wconf 84' lang='lat' dir='ltr'>Orat.</span> <span class='ocrx_word' id='word_1_166' title='bbox 491 760 514 783; x_wconf 87' lang='lat'>2,</span> <span class='ocrx_word' id='word_1_167' title='bbox 527 759 547 782; x_wconf 83' lang='lat'>3.</span> <span class='ocrx_word' id='word_1_168' title='bbox 1164 781 1168 785; x_wconf 70' lang='lat'>.</span> <span class='ocrx_word' id='word_1_169' title='bbox 1197 780 1201 784; x_wconf 34' lang='grc' dir='ltr'>ι</span> 
     </span>
     <span class='ocr_line' id='line_1_17' title="bbox 290 780 1323 822; baseline -0.012 -6"><span class='ocrx_word' id='word_1_170' title='bbox 290 790 364 818; x_wconf 87' lang='lat' dir='ltr'>nobis</span> <span class='ocrx_word' id='word_1_171' title='bbox 379 786 554 822; x_wconf 72' lang='lat' dir='ltr'>probabatur,</span> <span class='ocrx_word' id='word_1_172' title='bbox 573 790 602 811; x_wconf 88' lang='lat' dir='ltr'>vt</span> <span class='ocrx_word' id='word_1_173' title='bbox 614 793 645 810; x_wconf 88' lang='lat' dir='ltr'>ex</span> <span class='ocrx_word' id='word_1_174' title='bbox 660 791 757 810; x_wconf 90' lang='lat' dir='ltr'>euentu</span> <span class='ocrx_word' id='word_1_175' title='bbox 771 783 892 810; x_wconf 86' lang='lat' dir='ltr'>homines</span> <span class='ocrx_word' id='word_1_176' title='bbox 905 782 937 808; x_wconf 91' lang='lat' dir='ltr'>de</span> <span class='ocrx_word' id='word_1_177' title='bbox 951 788 998 809; x_wconf 89' lang='lat' dir='ltr'>tuo</span> <span class='ocrx_word' id='word_1_178' title='bbox 1010 782 1119 808; x_wconf 87' lang='lat' dir='ltr'>consilio</span> <span class='ocrx_word' id='word_1_179' title='bbox 1127 780 1323 808; x_wconf 80' lang='lat' dir='ltr'>existimaturos</span> 
     </span>
     <span class='ocr_line' id='line_1_18' title="bbox 290 815 1323 855; baseline -0.012 -4"><span class='ocrx_word' id='word_1_180' title='bbox 290 825 445 852; x_wconf 83' lang='lat' dir='ltr'>videremus.</span> <span class='ocrx_word' id='word_1_181' title='bbox 551 820 606 847; x_wconf 88' lang='lat' dir='ltr'>Cic.</span> <span class='ocrx_word' id='word_1_182' title='bbox 620 828 669 855; x_wconf 88' lang='lat' dir='ltr'>pro</span> <span class='ocrx_word' id='word_1_183' title='bbox 681 819 753 846; x_wconf 92' lang='lat' dir='ltr'>Cael.</span> <span class='ocrx_word' id='word_1_184' title='bbox 767 828 783 846; x_wconf 85' lang='lat'>2</span> <span class='ocrx_word' id='word_1_185' title='bbox 801 819 828 846; x_wconf 91' lang='lat' dir='ltr'>Si</span> <span class='ocrx_word' id='word_1_186' title='bbox 841 818 973 846; x_wconf 84' lang='lat' dir='ltr'>attendere</span> <span class='ocrx_word' id='word_1_187' title='bbox 987 817 1142 852; x_wconf 79' lang='lat' dir='ltr'>diligenter,</span> <span class='ocrx_word' id='word_1_188' title='bbox 1161 815 1323 842; x_wconf 81' lang='lat' dir='ltr'>existimare-</span> 
     </span>
     <span class='ocr_line' id='line_1_19' title="bbox 287 853 1323 888; baseline -0.009 -3"><span class='ocrx_word' id='word_1_189' title='bbox 287 869 319 887; x_wconf 88' lang='lat' dir='ltr'>ve</span> <span class='ocrx_word' id='word_1_190' title='bbox 333 858 364 885; x_wconf 89' lang='lat' dir='ltr'>de</span> <span class='ocrx_word' id='word_1_191' title='bbox 383 857 456 884; x_wconf 89' lang='lat' dir='ltr'>omni</span> <span class='ocrx_word' id='word_1_192' title='bbox 471 855 517 882; x_wconf 84' lang='lat' dir='ltr'>hac</span> <span class='ocrx_word' id='word_1_193' title='bbox 532 856 604 882; x_wconf 89' lang='lat' dir='ltr'>causa</span> <span class='ocrx_word' id='word_1_194' title='bbox 617 855 765 882; x_wconf 86' lang='lat' dir='ltr'>volueritis.</span> <span class='ocrx_word' id='word_1_195' title='bbox 871 854 910 879; x_wconf 93' lang='lat' dir='ltr'>De</span> <span class='ocrx_word' id='word_1_196' title='bbox 924 853 1088 887; x_wconf 87' lang='lat' dir='ltr'>impudentia</span> <span class='ocrx_word' id='word_1_197' title='bbox 1107 853 1162 879; x_wconf 85' lang='lat' dir='ltr'>Cic.</span> <span class='ocrx_word' id='word_1_198' title='bbox 1172 853 1246 877; x_wconf 87' lang='lat' dir='ltr'>Verr.</span> <span class='ocrx_word' id='word_1_199' title='bbox 1260 858 1281 879; x_wconf 87' lang='lat'>2,</span> <span class='ocrx_word' id='word_1_200' title='bbox 1297 853 1323 888; x_wconf 63' lang='lat'>18</span> 
     </span>
     <span class='ocr_line' id='line_1_20' title="bbox 287 885 1321 928; baseline -0.009 -8"><span class='ocrx_word' id='word_1_201' title='bbox 287 905 307 921; x_wconf 88' lang='lat' dir='ltr'>c.</span> <span class='ocrx_word' id='word_1_202' title='bbox 322 901 346 928; x_wconf 87' lang='lat'>7.</span> <span class='ocrx_word' id='word_1_203' title='bbox 449 891 521 918; x_wconf 81' lang='lat' dir='ltr'>Idem</span> <span class='ocrx_word' id='word_1_204' title='bbox 535 891 567 918; x_wconf 92' lang='lat' dir='ltr'>de</span> <span class='ocrx_word' id='word_1_205' title='bbox 580 891 650 918; x_wconf 90' lang='lat' dir='ltr'>Clar.</span> <span class='ocrx_word' id='word_1_206' title='bbox 663 891 738 917; x_wconf 86' lang='lat' dir='ltr'>Orat.</span> <span class='ocrx_word' id='word_1_207' title='bbox 752 895 778 920; x_wconf 86' lang='lat'>82</span> <span class='ocrx_word' id='word_1_208' title='bbox 809 889 886 916; x_wconf 82' lang='lat' dir='ltr'>Tum</span> <span class='ocrx_word' id='word_1_209' title='bbox 899 889 953 923; x_wconf 87' lang='lat' dir='ltr'>ipse</span> <span class='ocrx_word' id='word_1_210' title='bbox 969 889 998 914; x_wconf 88' lang='lat' dir='ltr'>L.</span> <span class='ocrx_word' id='word_1_211' title='bbox 1011 889 1090 915; x_wconf 82' lang='lat' dir='ltr'>Cotta</span> <span class='ocrx_word' id='word_1_212' title='bbox 1103 893 1235 915; x_wconf 78' lang='lat' dir='ltr'>veterator</span> <span class='ocrx_word' id='word_1_213' title='bbox 1248 885 1321 911; x_wconf 78' lang='lat' dir='ltr'>habi-</span> 
     </span>
    </p>
   </div>
   <div class='ocr_carea' id='block_1_5' title="bbox 286 923 1366 964">
    <p class='ocr_par' dir='ltr' id='par_1_5' title="bbox 286 923 1366 964">
     <span class='ocr_line' id='line_1_21' title="bbox 286 923 1366 964; baseline -0.011 -8"><span class='ocrx_word' id='word_1_214' title='bbox 286 936 342 960; x_wconf 85' lang='lat' dir='ltr'>tus,</span> <span class='ocrx_word' id='word_1_215' title='bbox 357 927 400 954; x_wconf 87' lang='lat' dir='ltr'>sed</span> <span class='ocrx_word' id='word_1_216' title='bbox 414 929 443 954; x_wconf 91' lang='lat' dir='ltr'>C.</span> <span class='ocrx_word' id='word_1_217' title='bbox 458 927 562 954; x_wconf 89' lang='lat' dir='ltr'>Laelius</span> <span class='ocrx_word' id='word_1_218' title='bbox 575 933 600 954; x_wconf 90' lang='lat' dir='ltr'>et</span> <span class='ocrx_word' id='word_1_219' title='bbox 614 928 639 953; x_wconf 85' lang='lat' dir='ltr'>P.</span> <span class='ocrx_word' id='word_1_220' title='bbox 655 926 792 953; x_wconf 78' lang='lat' dir='ltr'>Africanus</span> <span class='ocrx_word' id='word_1_221' title='bbox 807 925 834 950; x_wconf 95' lang='lat' dir='ltr'>in</span> <span class='ocrx_word' id='word_1_222' title='bbox 848 924 942 959; x_wconf 85' lang='lat' dir='ltr'>primis</span> <span class='ocrx_word' id='word_1_223' title='bbox 955 923 1122 964; x_wconf 74' lang='lat' dir='ltr'>eloquentes,</span> <span class='ocrx_word' id='word_1_224' title='bbox 1146 930 1259 958; x_wconf 87' lang='lat' dir='ltr'>quorum</span> <span class='ocrx_word' id='word_1_225' title='bbox 1278 928 1323 945; x_wconf 84' lang='lat' dir='ltr'>ex·</span> <span class='ocrx_word' id='word_1_226' title='bbox 1331 935 1366 954; x_wconf 85' lang='lat'>20</span> 
     </span>
    </p>
   </div>
   <div class='ocr_carea' id='block_1_6' title="bbox 284 955 1325 1278">
    <p class='ocr_par' dir='ltr' id='par_1_6' title="bbox 284 955 1325 1278">
     <span class='ocr_line' id='line_1_22' title="bbox 284 955 1322 997; baseline -0.01 -7"><span class='ocrx_word' id='word_1_227' title='bbox 284 964 349 991; x_wconf 78' lang='lat' dir='ltr'>stant</span> <span class='ocrx_word' id='word_1_228' title='bbox 371 963 514 995; x_wconf 79' lang='lat' dir='ltr'>orationes,</span> <span class='ocrx_word' id='word_1_229' title='bbox 528 971 560 989; x_wconf 84' lang='lat' dir='ltr'>ex</span> <span class='ocrx_word' id='word_1_230' title='bbox 584 962 681 997; x_wconf 86' lang='lat' dir='ltr'>quibus</span> <span class='ocrx_word' id='word_1_231' title='bbox 703 960 849 988; x_wconf 85' lang='lat' dir='ltr'>existimari</span> <span class='ocrx_word' id='word_1_232' title='bbox 876 959 908 985; x_wconf 88' lang='lat' dir='ltr'>de</span> <span class='ocrx_word' id='word_1_233' title='bbox 933 959 1046 993; x_wconf 83' lang='lat' dir='ltr'>ingeniis</span> <span class='ocrx_word' id='word_1_234' title='bbox 1073 960 1217 986; x_wconf 88' lang='lat' dir='ltr'>Oratorum</span> <span class='ocrx_word' id='word_1_235' title='bbox 1231 955 1322 991; x_wconf 81' lang='lat' dir='ltr'>potest.</span> 
     </span>
     <span class='ocr_line' id='line_1_23' title="bbox 284 993 1323 1052; baseline -0.007 -27"><span class='ocrx_word' id='word_1_236' title='bbox 284 999 439 1026; x_wconf 84' lang='lat' dir='ltr'>Existimare</span> <span class='ocrx_word' id='word_1_237' title='bbox 452 999 484 1024; x_wconf 89' lang='lat' dir='ltr'>de</span> <span class='ocrx_word' id='word_1_238' title='bbox 501 997 663 1033; x_wconf 83' lang='lat' dir='ltr'>Principibus</span> <span class='ocrx_word' id='word_1_239' title='bbox 675 996 778 1037; x_wconf 81' lang='lat' dir='ltr'>nemini</span> <span class='ocrx_word' id='word_1_240' title='bbox 789 996 827 1022; x_wconf 87' lang='lat' dir='ltr'>fas</span> <span class='ocrx_word' id='word_1_241' title='bbox 839 994 875 1021; x_wconf 87' lang='lat' dir='ltr'>est</span> <span class='ocrx_word' id='word_1_242' title='bbox 901 995 997 1034; x_wconf 80' lang='lat' dir='ltr'>Nazar.</span> <span class='ocrx_word' id='word_1_243' title='bbox 1009 996 1099 1029; x_wconf 84' lang='lat' dir='ltr'>Paneg.</span> <span class='ocrx_word' id='word_1_244' title='bbox 1117 993 1206 1020; x_wconf 89' lang='lat' dir='ltr'>Const.</span> <span class='ocrx_word' id='word_1_245' title='bbox 1224 1001 1246 1018; x_wconf 91' lang='lat' dir='ltr'>c.</span> <span class='ocrx_word' id='word_1_246' title='bbox 1261 999 1283 1024; x_wconf 88' lang='grc'>5.</span> <span class='ocrx_word' id='word_1_247' title='bbox 1283 1000 1323 1052; x_wconf 69' lang='lat' dir='ltr'>Dte</span> 
     </span>
     <span class='ocr_line' id='line_1_24' title="bbox 284 1030 1322 1104; baseline -0.01 -7"><span class='ocrx_word' id='word_1_248' title='bbox 284 1034 554 1104; x_wconf 53' lang='lat' dir='ltr'>{Zizizssissfffizm</span> <span class='ocrx_word' id='word_1_249' title='bbox 570 1067 601 1094; x_wconf 64' lang='lat' dir='ltr'>a.</span> <span class='ocrx_word' id='word_1_250' title='bbox 609 1033 842 1102; x_wconf 50' lang='lat' dir='ltr'>igib3³15¹¹7g¹3¹¹2</span> <span class='ocrx_word' id='word_1_251' title='bbox 853 1030 1190 1097; x_wconf 51' lang='lat' dir='ltr'>V²¹⁶Afflf“iaY‘i‘{.‘..f*&#39;.‚¹‘}i</span> <span class='ocrx_word' id='word_1_252' title='bbox 1260 1062 1322 1088; x_wconf 68' lang='lat' dir='ltr'>u...</span> 
     </span>
     <span class='ocr_line' id='line_1_25' title="bbox 284 1107 1322 1176; baseline -0.009 -9"><span class='ocrx_word' id='word_1_253' title='bbox 284 1114 315 1167; x_wconf 58' lang='lat'>{⁹2</span> <span class='ocrx_word' id='word_1_254' title='bbox 326 1107 509 1176; x_wconf 50' lang='lat' dir='ltr'>{iiquofintire</span> <span class='ocrx_word' id='word_1_255' title='bbox 522 1148 569 1164; x_wconf 78' lang='lat' dir='ltr'>non</span> <span class='ocrx_word' id='word_1_256' title='bbox 584 1144 679 1164; x_wconf 81' lang='lat' dir='ltr'>tamum</span> <span class='ocrx_word' id='word_1_257' title='bbox 687 1158 695 1170; x_wconf 91' lang='lat'>,</span> <span class='ocrx_word' id='word_1_258' title='bbox 713 1148 796 1165; x_wconf 84' lang='lat' dir='ltr'>verum</span> <span class='ocrx_word' id='word_1_259' title='bbox 811 1145 834 1163; x_wconf 81' lang='lat' dir='ltr'>et</span> <span class='ocrx_word' id='word_1_260' title='bbox 847 1139 928 1172; x_wconf 89' lang='lat' dir='ltr'>loqui,</span> <span class='ocrx_word' id='word_1_261' title='bbox 948 1134 1063 1172; x_wconf 72' lang='grc' dir='ltr'><strong><em>λοιδηρὲῐν.</em></strong></span> <span class='ocrx_word' id='word_1_262' title='bbox 1099 1136 1191 1170; x_wconf 85' lang='lat' dir='ltr'>Nepos</span> <span class='ocrx_word' id='word_1_263' title='bbox 1209 1143 1251 1164; x_wconf 88' lang='lat'>10,</span> <span class='ocrx_word' id='word_1_264' title='bbox 1264 1141 1280 1167; x_wconf 89' lang='lat'><strong>7</strong></span> <span class='ocrx_word' id='word_1_265' title='bbox 1289 1152 1297 1165; x_wconf 93' lang='lat'>,</span> <span class='ocrx_word' id='word_1_266' title='bbox 1307 1141 1322 1172; x_wconf 53' lang='lat'>⁴3</span> 
     </span>
     <span class='ocr_line' id='line_1_26' title="bbox 286 1170 1325 1209; baseline -0.01 -6"><span class='ocrx_word' id='word_1_267' title='bbox 286 1176 351 1203; x_wconf 89' lang='lat' dir='ltr'>Non</span> <span class='ocrx_word' id='word_1_268' title='bbox 365 1184 450 1209; x_wconf 88' lang='lat' dir='ltr'>aequo</span> <span class='ocrx_word' id='word_1_269' title='bbox 463 1175 552 1201; x_wconf 88' lang='lat' dir='ltr'>animo</span> <span class='ocrx_word' id='word_1_270' title='bbox 566 1173 682 1204; x_wconf 88' lang='lat' dir='ltr'>ferebat,</span> <span class='ocrx_word' id='word_1_271' title='bbox 701 1173 733 1200; x_wconf 89' lang='lat' dir='ltr'>de</span> <span class='ocrx_word' id='word_1_272' title='bbox 749 1174 774 1200; x_wconf 89' lang='lat' dir='ltr'>se</span> <span class='ocrx_word' id='word_1_273' title='bbox 788 1172 821 1200; x_wconf 84' lang='lat' dir='ltr'>ab</span> <span class='ocrx_word' id='word_1_274' title='bbox 834 1173 868 1199; x_wconf 86' lang='lat' dir='ltr'>iis</span> <span class='ocrx_word' id='word_1_275' title='bbox 881 1172 949 1199; x_wconf 83' lang='lat' dir='ltr'>male</span> <span class='ocrx_word' id='word_1_276' title='bbox 962 1171 1117 1198; x_wconf 84' lang='lat' dir='ltr'>existimari.</span> <span class='ocrx_word' id='word_1_277' title='bbox 1189 1170 1228 1196; x_wconf 93' lang='lat' dir='ltr'>De</span> <span class='ocrx_word' id='word_1_278' title='bbox 1240 1177 1325 1195; x_wconf 90' lang='lat' dir='ltr'>omm-</span> 
     </span>
     <span class='ocr_line' id='line_1_27' title="bbox 286 1204 1324 1241; baseline -0.007 -4"><span class='ocrx_word' id='word_1_279' title='bbox 286 1210 335 1238; x_wconf 87' lang='lat' dir='ltr'>bus</span> <span class='ocrx_word' id='word_1_280' title='bbox 349 1211 424 1237; x_wconf 89' lang='lat' dir='ltr'>bonis</span> <span class='ocrx_word' id='word_1_281' title='bbox 437 1209 503 1238; x_wconf 79' lang='lat' dir='ltr'>male</span> <span class='ocrx_word' id='word_1_282' title='bbox 523 1208 578 1235; x_wconf 86' lang='lat' dir='ltr'>Cic.</span> <span class='ocrx_word' id='word_1_283' title='bbox 596 1209 673 1235; x_wconf 88' lang='lat' dir='ltr'>Verr.</span> <span class='ocrx_word' id='word_1_284' title='bbox 693 1209 750 1236; x_wconf 68' lang='lat' dir='ltr'>Aet.</span> <span class='ocrx_word' id='word_1_285' title='bbox 767 1218 786 1240; x_wconf 87' lang='lat'>1,</span> <span class='ocrx_word' id='word_1_286' title='bbox 799 1214 812 1239; x_wconf 77' lang='lat'>8</span> <span class='ocrx_word' id='word_1_287' title='bbox 826 1218 848 1234; x_wconf 83' lang='lat' dir='ltr'>c.</span> <span class='ocrx_word' id='word_1_288' title='bbox 861 1216 883 1241; x_wconf 84' lang='grc'>3.</span> <span class='ocrx_word' id='word_1_289' title='bbox 990 1208 1160 1234; x_wconf 84' lang='lat' dir='ltr'>Existimatur</span> <span class='ocrx_word' id='word_1_290' title='bbox 1176 1206 1204 1231; x_wconf 92' lang='lat' dir='ltr'>in</span> <span class='ocrx_word' id='word_1_291' title='bbox 1224 1204 1324 1240; x_wconf 88' lang='lat' dir='ltr'>probro</span> 
     </span>
     <span class='ocr_line' id='line_1_28' title="bbox 285 1242 1325 1278; baseline -0.008 -5"><span class='ocrx_word' id='word_1_292' title='bbox 285 1247 351 1273; x_wconf 89' lang='lat' dir='ltr'>Plin.</span> <span class='ocrx_word' id='word_1_293' title='bbox 365 1248 390 1278; x_wconf 89' lang='lat'>6,</span> <span class='ocrx_word' id='word_1_294' title='bbox 409 1253 442 1277; x_wconf 79' lang='lat'>13.</span> <span class='ocrx_word' id='word_1_295' title='bbox 513 1245 621 1275; x_wconf 75' lang='lat' dir='ltr'>Contra,</span> <span class='ocrx_word' id='word_1_296' title='bbox 635 1245 704 1271; x_wconf 82' lang='lat' dir='ltr'>Bene</span> <span class='ocrx_word' id='word_1_297' title='bbox 715 1245 866 1271; x_wconf 88' lang='lat' dir='ltr'>existimare</span> <span class='ocrx_word' id='word_1_298' title='bbox 880 1242 912 1270; x_wconf 89' lang='lat' dir='ltr'>de</span> <span class='ocrx_word' id='word_1_299' title='bbox 924 1243 1016 1277; x_wconf 88' lang='lat' dir='ltr'>aliquo</span> <span class='ocrx_word' id='word_1_300' title='bbox 1024 1243 1091 1269; x_wconf 80' lang='lat' dir='ltr'>dixit</span> <span class='ocrx_word' id='word_1_301' title='bbox 1103 1242 1325 1272; x_wconf 82' lang='lat' dir='ltr'>Cic.Farn.15,21.</span> 
     </span>
    </p>
   </div>
   <div class='ocr_carea' id='block_1_7' title="bbox 284 1277 1362 1384">
    <p class='ocr_par' dir='ltr' id='par_1_7' title="bbox 284 1277 1362 1384">
     <span class='ocr_line' id='line_1_29' title="bbox 284 1277 1362 1314; baseline -0.007 -6"><span class='ocrx_word' id='word_1_302' title='bbox 284 1289 308 1308; x_wconf 80' lang='lat' dir='ltr'>et</span> <span class='ocrx_word' id='word_1_303' title='bbox 322 1284 359 1314; x_wconf 88' lang='lat'>16,</span> <span class='ocrx_word' id='word_1_304' title='bbox 372 1289 398 1313; x_wconf 88' lang='lat'>4.</span> <span class='ocrx_word' id='word_1_305' title='bbox 513 1279 551 1305; x_wconf 93' lang='lat' dir='ltr'>De</span> <span class='ocrx_word' id='word_1_306' title='bbox 566 1279 636 1314; x_wconf 84' lang='lat' dir='ltr'>Rege</span> <span class='ocrx_word' id='word_1_307' title='bbox 647 1280 694 1306; x_wconf 90' lang='lat' dir='ltr'>suo</span> <span class='ocrx_word' id='word_1_308' title='bbox 705 1280 825 1307; x_wconf 86' lang='lat' dir='ltr'>homines</span> <span class='ocrx_word' id='word_1_309' title='bbox 838 1278 906 1306; x_wconf 89' lang='lat' dir='ltr'>male</span> <span class='ocrx_word' id='word_1_310' title='bbox 919 1279 1069 1305; x_wconf 84' lang='lat' dir='ltr'>existimant</span> <span class='ocrx_word' id='word_1_311' title='bbox 1086 1278 1172 1304; x_wconf 65' lang='lat' dir='ltr'>senec.</span> <span class='ocrx_word' id='word_1_312' title='bbox 1192 1277 1225 1302; x_wconf 86' lang='lat' dir='ltr'>de</span> <span class='ocrx_word' id='word_1_313' title='bbox 1244 1277 1286 1301; x_wconf 89' lang='lat' dir='ltr'>Ira</span> <span class='ocrx_word' id='word_1_314' title='bbox 1300 1282 1362 1311; x_wconf 82' lang='lat'>3,30</span> 
     </span>
     <span class='ocr_line' id='line_1_30' title="bbox 285 1309 1323 1349; baseline -0.009 -7"><span class='ocrx_word' id='word_1_315' title='bbox 285 1325 321 1343; x_wconf 80' lang='lat'>22.</span> <span class='ocrx_word' id='word_1_316' title='bbox 391 1315 432 1342; x_wconf 84' lang='lat' dir='ltr'>Sic</span> <span class='ocrx_word' id='word_1_317' title='bbox 445 1314 518 1341; x_wconf 82' lang='lat' dir='ltr'>Idem</span> <span class='ocrx_word' id='word_1_318' title='bbox 532 1314 610 1349; x_wconf 88' lang='lat' dir='ltr'>Epist.</span> <span class='ocrx_word' id='word_1_319' title='bbox 624 1323 660 1347; x_wconf 83' lang='lat'>31.</span> <span class='ocrx_word' id='word_1_320' title='bbox 730 1314 850 1342; x_wconf 89' lang='lat' dir='ltr'>Macrob.</span> <span class='ocrx_word' id='word_1_321' title='bbox 864 1315 967 1341; x_wconf 85' lang='lat' dir='ltr'>Saturn.</span> <span class='ocrx_word' id='word_1_322' title='bbox 982 1323 1005 1346; x_wconf 89' lang='lat'>2,</span> <span class='ocrx_word' id='word_1_323' title='bbox 1017 1323 1044 1347; x_wconf 86' lang='lat'>4.</span> <span class='ocrx_word' id='word_1_324' title='bbox 1116 1311 1192 1338; x_wconf 66' lang='lat' dir='ltr'>Au&amp;</span> <span class='ocrx_word' id='word_1_325' title='bbox 1205 1309 1275 1336; x_wconf 87' lang='lat' dir='ltr'>Dial.</span> <span class='ocrx_word' id='word_1_326' title='bbox 1291 1309 1323 1348; x_wconf 73' lang='lat' dir='ltr'>de</span> 
     </span>
     <span class='ocr_line' id='line_1_31' title="bbox 285 1343 1325 1384; baseline -0.009 -6"><span class='ocrx_word' id='word_1_327' title='bbox 285 1352 358 1378; x_wconf 89' lang='lat' dir='ltr'>Orat.</span> <span class='ocrx_word' id='word_1_328' title='bbox 372 1359 391 1382; x_wconf 95' lang='lat'>1,</span> <span class='ocrx_word' id='word_1_329' title='bbox 406 1358 427 1382; x_wconf 85' lang='lat'>3.</span> <span class='ocrx_word' id='word_1_330' title='bbox 465 1364 468 1367; x_wconf 83' lang='lat'>.</span> <span class='ocrx_word' id='word_1_331' title='bbox 535 1351 592 1377; x_wconf 85' lang='lat' dir='ltr'>Cic.</span> <span class='ocrx_word' id='word_1_332' title='bbox 607 1359 655 1384; x_wconf 87' lang='lat' dir='ltr'>pro</span> <span class='ocrx_word' id='word_1_333' title='bbox 669 1350 773 1378; x_wconf 89' lang='lat' dir='ltr'>Cluent.</span> <span class='ocrx_word' id='word_1_334' title='bbox 787 1359 812 1384; x_wconf 84' lang='lat'>51</span> <span class='ocrx_word' id='word_1_335' title='bbox 826 1359 847 1377; x_wconf 93' lang='lat' dir='ltr'>c.</span> <span class='ocrx_word' id='word_1_336' title='bbox 863 1355 888 1380; x_wconf 89' lang='lat'>18</span> <span class='ocrx_word' id='word_1_337' title='bbox 909 1351 942 1376; x_wconf 86' lang='lat' dir='ltr'>Vt</span> <span class='ocrx_word' id='word_1_338' title='bbox 957 1350 1045 1375; x_wconf 84' lang='lat' dir='ltr'>onmia</span> <span class='ocrx_word' id='word_1_339' title='bbox 1067 1347 1189 1373; x_wconf 86' lang='lat' dir='ltr'>timerem</span> <span class='ocrx_word' id='word_1_340' title='bbox 1204 1354 1212 1376; x_wconf 69' lang='grc' dir='ltr'><strong><em>ς</em></strong></span> <span class='ocrx_word' id='word_1_341' title='bbox 1249 1343 1267 1370; x_wconf 90' lang='lat' dir='ltr'>si</span> <span class='ocrx_word' id='word_1_342' title='bbox 1285 1351 1325 1369; x_wconf 85' lang='lat' dir='ltr'>ni-</span> 
     </span>
    </p>
   </div>
   <div class='ocr_carea' id='block_1_8' title="bbox 753 1380 1324 1413">
    <p class='ocr_par' dir='ltr' id='par_1_8' title="bbox 753 1380 1324 1413">
     <span class='ocr_line' id='line_1_32' title="bbox 753 1380 1324 1413; baseline -0.016 1"><span class='ocrx_word' id='word_1_343' title='bbox 753 1386 771 1413; x_wconf 87' lang='lat' dir='ltr'>fi</span> <span class='ocrx_word' id='word_1_344' title='bbox 785 1385 866 1413; x_wconf 87' lang='lat' dir='ltr'>multa</span> <span class='ocrx_word' id='word_1_345' title='bbox 880 1386 908 1411; x_wconf 90' lang='lat' dir='ltr'>in</span> <span class='ocrx_word' id='word_1_346' title='bbox 920 1382 1051 1410; x_wconf 87' lang='lat' dir='ltr'>eiusmodi</span> <span class='ocrx_word' id='word_1_347' title='bbox 1069 1382 1142 1407; x_wconf 85' lang='lat' dir='ltr'>causa</span> <span class='ocrx_word' id='word_1_348' title='bbox 1154 1380 1283 1412; x_wconf 74' lang='lat' dir='ltr'>dixissem,</span> <span class='ocrx_word' id='word_1_349' title='bbox 1291 1387 1324 1405; x_wconf 90' lang='lat' dir='ltr'>ne</span> 
     </span>
    </p>
   </div>
   <div class='ocr_carea' id='block_1_9' title="bbox 283 1385 1324 1449">
    <p class='ocr_par' dir='ltr' id='par_1_9' title="bbox 283 1385 1324 1449">
     <span class='ocr_line' id='line_1_33' title="bbox 283 1385 717 1417; baseline -0.005 -4"><span class='ocrx_word' id='word_1_350' title='bbox 283 1385 323 1413; x_wconf 88' lang='lat' dir='ltr'>hil</span> <span class='ocrx_word' id='word_1_351' title='bbox 336 1385 454 1411; x_wconf 63' lang='lat' dir='ltr'>dixisti-m</span> <span class='ocrx_word' id='word_1_352' title='bbox 467 1393 500 1411; x_wconf 89' lang='lat' dir='ltr'>ne</span> <span class='ocrx_word' id='word_1_353' title='bbox 513 1385 695 1412; x_wconf 78' lang='lat' dir='ltr'>infantissimus</span> <span class='ocrx_word' id='word_1_354' title='bbox 709 1396 717 1417; x_wconf 67' lang='grc' dir='ltr'><strong><em>ς</em></strong></span> 
     </span>
     <span class='ocr_line' id='line_1_34' title="bbox 816 1415 1324 1449; baseline -0.012 -3"><span class='ocrx_word' id='word_1_355' title='bbox 816 1421 1004 1446; x_wconf 84' lang='lat' dir='ltr'>Existimantur</span> <span class='ocrx_word' id='word_1_356' title='bbox 1023 1415 1144 1443; x_wconf 88' lang='lat' dir='ltr'>Scribon.</span> <span class='ocrx_word' id='word_1_357' title='bbox 1159 1424 1215 1442; x_wconf 86' lang='lat'>100.</span> <span class='ocrx_word' id='word_1_358' title='bbox 1240 1418 1259 1441; x_wconf 87' lang='lat' dir='ltr'>i.</span> <span class='ocrx_word' id='word_1_359' title='bbox 1276 1422 1324 1449; x_wconf 79' lang='lat' dir='ltr'>pu-</span> 
     </span>
    </p>
   </div>
   <div class='ocr_carea' id='block_1_10' title="bbox 279 1420 1325 1951">
    <p class='ocr_par' dir='ltr' id='par_1_10' title="bbox 279 1420 1325 1951">
     <span class='ocr_line' id='line_1_35' title="bbox 283 1420 712 1456; baseline -0.005 -7"><span class='ocrx_word' id='word_1_360' title='bbox 283 1420 520 1456; x_wconf 78' lang='lat' dir='ltr'>impudentiffimus</span> <span class='ocrx_word' id='word_1_361' title='bbox 538 1420 712 1447; x_wconf 86' lang='lat' dir='ltr'>existimarer.</span> 
     </span>
     <span class='ocr_line' id='line_1_36' title="bbox 281 1463 378 1484; baseline -0.021 0"><span class='ocrx_word' id='word_1_362' title='bbox 281 1463 378 1484; x_wconf 75' lang='lat' dir='ltr'>tantur.</span> 
     </span>
     <span class='ocr_line' id='line_1_37' title="bbox 282 1485 1323 1526; baseline -0.007 -8"><span class='ocrx_word' id='word_1_363' title='bbox 282 1492 368 1519; x_wconf 85' lang='lat' dir='ltr'>cinius</span> <span class='ocrx_word' id='word_1_364' title='bbox 404 1490 460 1517; x_wconf 84' lang='lat' dir='ltr'>Cic.</span> <span class='ocrx_word' id='word_1_365' title='bbox 479 1500 527 1526; x_wconf 89' lang='lat' dir='ltr'>pro</span> <span class='ocrx_word' id='word_1_366' title='bbox 547 1492 650 1517; x_wconf 89' lang='lat' dir='ltr'>Caecin.</span> <span class='ocrx_word' id='word_1_367' title='bbox 667 1500 696 1517; x_wconf 90' lang='lat'>10</span> <span class='ocrx_word' id='word_1_368' title='bbox 709 1500 730 1517; x_wconf 91' lang='lat' dir='ltr'>c.</span> <span class='ocrx_word' id='word_1_369' title='bbox 743 1500 770 1524; x_wconf 83' lang='lat'>4.</span> <span class='ocrx_word' id='word_1_370' title='bbox 873 1488 945 1514; x_wconf 88' lang='lat' dir='ltr'>Idem</span> <span class='ocrx_word' id='word_1_371' title='bbox 966 1487 993 1513; x_wconf 88' lang='lat' dir='ltr'>in</span> <span class='ocrx_word' id='word_1_372' title='bbox 1014 1488 1088 1514; x_wconf 87' lang='lat' dir='ltr'>Orat.</span> <span class='ocrx_word' id='word_1_373' title='bbox 1107 1495 1132 1520; x_wconf 91' lang='lat'>51</span> <span class='ocrx_word' id='word_1_374' title='bbox 1170 1486 1250 1519; x_wconf 82' lang='lat' dir='ltr'>Qiod</span> <span class='ocrx_word' id='word_1_375' title='bbox 1263 1485 1281 1512; x_wconf 89' lang='lat' dir='ltr'><strong>fi</strong></span> <span class='ocrx_word' id='word_1_376' title='bbox 1294 1485 1323 1511; x_wconf 91' lang='lat' dir='ltr'>in</span> 
     </span>
     <span class='ocr_line' id='line_1_38' title="bbox 281 1521 1324 1561; baseline -0.008 -7"><span class='ocrx_word' id='word_1_377' title='bbox 281 1526 452 1561; x_wconf 83' lang='lat' dir='ltr'>Philosophia</span> <span class='ocrx_word' id='word_1_378' title='bbox 465 1533 565 1553; x_wconf 88' lang='lat' dir='ltr'>tantum</span> <span class='ocrx_word' id='word_1_379' title='bbox 580 1526 701 1557; x_wconf 86' lang='lat' dir='ltr'>interest,</span> <span class='ocrx_word' id='word_1_380' title='bbox 721 1533 766 1552; x_wconf 82' lang='lat' dir='ltr'>etc.</span> <span class='ocrx_word' id='word_1_381' title='bbox 787 1524 850 1560; x_wconf 89' lang='lat' dir='ltr'>quid</span> <span class='ocrx_word' id='word_1_382' title='bbox 864 1523 968 1550; x_wconf 87' lang='lat' dir='ltr'>tandem</span> <span class='ocrx_word' id='word_1_383' title='bbox 981 1524 1010 1549; x_wconf 89' lang='lat' dir='ltr'>in</span> <span class='ocrx_word' id='word_1_384' title='bbox 1024 1522 1104 1549; x_wconf 85' lang='lat' dir='ltr'>causis</span> <span class='ocrx_word' id='word_1_385' title='bbox 1117 1521 1324 1548; x_wconf 84' lang='lat' dir='ltr'>existimandum</span> 
     </span>
     <span class='ocr_line' id='line_1_39' title="bbox 281 1556 1323 1598; baseline -0.007 -9"><span class='ocrx_word' id='word_1_386' title='bbox 281 1563 332 1594; x_wconf 84' lang='lat' dir='ltr'>est,</span> <span class='ocrx_word' id='word_1_387' title='bbox 352 1561 449 1598; x_wconf 87' lang='lat' dir='ltr'>quibus</span> <span class='ocrx_word' id='word_1_388' title='bbox 461 1563 524 1588; x_wconf 83' lang='lat' dir='ltr'>totis</span> <span class='ocrx_word' id='word_1_389' title='bbox 539 1561 690 1587; x_wconf 80' lang='lat' dir='ltr'>moderatur</span> <span class='ocrx_word' id='word_1_390' title='bbox 708 1561 796 1587; x_wconf 86' lang='lat' dir='ltr'>oratio</span> <span class='ocrx_word' id='word_1_391' title='bbox 812 1561 820 1586; x_wconf 73' lang='grc' dir='ltr'><em>Ξ</em></span> <span class='ocrx_word' id='word_1_392' title='bbox 907 1559 964 1584; x_wconf 85' lang='lat' dir='ltr'>Cic.</span> <span class='ocrx_word' id='word_1_393' title='bbox 984 1558 1015 1585; x_wconf 89' lang='lat' dir='ltr'>de</span> <span class='ocrx_word' id='word_1_394' title='bbox 1037 1558 1106 1585; x_wconf 86' lang='lat' dir='ltr'>Clar.</span> <span class='ocrx_word' id='word_1_395' title='bbox 1126 1558 1200 1584; x_wconf 89' lang='lat' dir='ltr'>Orat.</span> <span class='ocrx_word' id='word_1_396' title='bbox 1220 1565 1268 1589; x_wconf 85' lang='grc'>329</span> <span class='ocrx_word' id='word_1_397' title='bbox 1291 1556 1323 1582; x_wconf 92' lang='lat' dir='ltr'>L.</span> 
     </span>
     <span class='ocr_line' id='line_1_40' title="bbox 281 1592 1321 1633; baseline -0.008 -8"><span class='ocrx_word' id='word_1_398' title='bbox 281 1598 440 1633; x_wconf 78' lang='lat' dir='ltr'>Torquatus</span> <span class='ocrx_word' id='word_1_399' title='bbox 462 1598 562 1631; x_wconf 79' lang='lat' dir='ltr'>elegans</span> <span class='ocrx_word' id='word_1_400' title='bbox 584 1596 611 1621; x_wconf 91' lang='lat' dir='ltr'>in</span> <span class='ocrx_word' id='word_1_401' title='bbox 635 1596 762 1627; x_wconf 86' lang='lat' dir='ltr'>dicendo,</span> <span class='ocrx_word' id='word_1_402' title='bbox 780 1596 808 1621; x_wconf 91' lang='lat' dir='ltr'>in</span> <span class='ocrx_word' id='word_1_403' title='bbox 827 1592 1001 1621; x_wconf 83' lang='lat' dir='ltr'>existimando</span> <span class='ocrx_word' id='word_1_404' title='bbox 1022 1592 1166 1620; x_wconf 76' lang='lat' dir='ltr'>admodum</span> <span class='ocrx_word' id='word_1_405' title='bbox 1193 1593 1321 1626; x_wconf 84' lang='lat' dir='ltr'>prudens,</span> 
     </span>
     <span class='ocr_line' id='line_1_41' title="bbox 280 1631 631 1669; baseline -0.014 -8"><span class='ocrx_word' id='word_1_406' title='bbox 280 1638 340 1661; x_wconf 71' lang='lat' dir='ltr'>toto</span> <span class='ocrx_word' id='word_1_407' title='bbox 354 1642 448 1669; x_wconf 83' lang='lat' dir='ltr'>genere</span> <span class='ocrx_word' id='word_1_408' title='bbox 462 1631 631 1667; x_wconf 87' lang='lat' dir='ltr'>perurbanus.</span> 
     </span>
     <span class='ocr_line' id='line_1_42' title="bbox 281 1664 1322 1701; baseline -0.008 -5"><span class='ocrx_word' id='word_1_409' title='bbox 281 1669 381 1697; x_wconf 85' lang='lat' dir='ltr'>iotarus</span> <span class='ocrx_word' id='word_1_410' title='bbox 401 1667 455 1695; x_wconf 88' lang='lat' dir='ltr'>Cic.</span> <span class='ocrx_word' id='word_1_411' title='bbox 469 1668 500 1694; x_wconf 85' lang='lat' dir='ltr'>de</span> <span class='ocrx_word' id='word_1_412' title='bbox 514 1667 606 1700; x_wconf 88' lang='lat' dir='ltr'>Arusp.</span> <span class='ocrx_word' id='word_1_413' title='bbox 621 1667 695 1701; x_wconf 86' lang='lat' dir='ltr'>Resp.</span> <span class='ocrx_word' id='word_1_414' title='bbox 711 1675 740 1699; x_wconf 81' lang='lat'>:9</span> <span class='ocrx_word' id='word_1_415' title='bbox 753 1676 774 1692; x_wconf 85' lang='lat' dir='ltr'>c.</span> <span class='ocrx_word' id='word_1_416' title='bbox 788 1675 820 1698; x_wconf 80' lang='lat'>13.</span> <span class='ocrx_word' id='word_1_417' title='bbox 889 1664 961 1691; x_wconf 88' lang='lat' dir='ltr'>Idem</span> <span class='ocrx_word' id='word_1_418' title='bbox 975 1665 1005 1690; x_wconf 92' lang='lat' dir='ltr'>de</span> <span class='ocrx_word' id='word_1_419' title='bbox 1020 1666 1094 1693; x_wconf 89' lang='lat' dir='ltr'>Orat.</span> <span class='ocrx_word' id='word_1_420' title='bbox 1109 1674 1130 1697; x_wconf 82' lang='lat'>2,</span> <span class='ocrx_word' id='word_1_421' title='bbox 1144 1666 1189 1693; x_wconf 82' lang='lat'>268</span> <span class='ocrx_word' id='word_1_422' title='bbox 1209 1664 1243 1690; x_wconf 90' lang='lat' dir='ltr'>Vt</span> <span class='ocrx_word' id='word_1_423' title='bbox 1261 1672 1322 1689; x_wconf 91' lang='lat' dir='ltr'>cum</span> 
     </span>
     <span class='ocr_line' id='line_1_43' title="bbox 282 1698 1322 1734; baseline -0.008 -2"><span class='ocrx_word' id='word_1_424' title='bbox 282 1705 313 1732; x_wconf 93' lang='lat' dir='ltr'>C.</span> <span class='ocrx_word' id='word_1_425' title='bbox 332 1704 453 1732; x_wconf 81' lang='lat' dir='ltr'>Fabricio</span> <span class='ocrx_word' id='word_1_426' title='bbox 476 1704 502 1729; x_wconf 89' lang='lat' dir='ltr'>P.</span> <span class='ocrx_word' id='word_1_427' title='bbox 526 1702 666 1728; x_wconf 76' lang='lat' dir='ltr'>Comelius</span> <span class='ocrx_word' id='word_1_428' title='bbox 688 1702 785 1734; x_wconf 83' lang='lat' dir='ltr'>homo,</span> <span class='ocrx_word' id='word_1_429' title='bbox 804 1706 832 1727; x_wconf 92' lang='lat' dir='ltr'>vt</span> <span class='ocrx_word' id='word_1_430' title='bbox 851 1699 1065 1732; x_wconf 85' lang='lat' dir='ltr'>existimabatur,</span> <span class='ocrx_word' id='word_1_431' title='bbox 1086 1708 1180 1726; x_wconf 85' lang='lat' dir='ltr'>auarus</span> <span class='ocrx_word' id='word_1_432' title='bbox 1194 1705 1220 1726; x_wconf 87' lang='lat' dir='ltr'>et</span> <span class='ocrx_word' id='word_1_433' title='bbox 1233 1698 1322 1730; x_wconf 78' lang='lat' dir='ltr'>furax,</span> 
     </span>
     <span class='ocr_line' id='line_1_44' title="bbox 281 1733 1323 1771; baseline -0.008 -4"><span class='ocrx_word' id='word_1_434' title='bbox 281 1741 339 1771; x_wconf 86' lang='lat' dir='ltr'>sed,</span> <span class='ocrx_word' id='word_1_435' title='bbox 359 1747 404 1766; x_wconf 77' lang='lat' dir='ltr'>etc.</span> <span class='ocrx_word' id='word_1_436' title='bbox 511 1738 569 1764; x_wconf 90' lang='lat' dir='ltr'>Liu.</span> <span class='ocrx_word' id='word_1_437' title='bbox 588 1745 624 1770; x_wconf 81' lang='lat'>²3,</span> <span class='ocrx_word' id='word_1_438' title='bbox 637 1745 661 1770; x_wconf 81' lang='lat'>15</span> <span class='ocrx_word' id='word_1_439' title='bbox 683 1737 856 1770; x_wconf 81' lang='lat' dir='ltr'>Accitumque</span> <span class='ocrx_word' id='word_1_440' title='bbox 869 1735 901 1762; x_wconf 89' lang='lat' dir='ltr'>ad</span> <span class='ocrx_word' id='word_1_441' title='bbox 913 1735 938 1761; x_wconf 89' lang='lat' dir='ltr'>se</span> <span class='ocrx_word' id='word_1_442' title='bbox 958 1735 1071 1769; x_wconf 76' lang='lat' dir='ltr'>benigne</span> <span class='ocrx_word' id='word_1_443' title='bbox 1088 1734 1201 1769; x_wconf 87' lang='lat' dir='ltr'>appellat</span> <span class='ocrx_word' id='word_1_444' title='bbox 1216 1744 1221 1759; x_wconf 78' lang='lat' dir='ltr'><strong><em>z</em></strong></span> <span class='ocrx_word' id='word_1_445' title='bbox 1255 1733 1323 1759; x_wconf 89' lang='lat' dir='ltr'>mul-</span> 
     </span>
     <span class='ocr_line' id='line_1_45' title="bbox 280 1769 1322 1806; baseline -0.007 -5"><span class='ocrx_word' id='word_1_446' title='bbox 280 1781 321 1802; x_wconf 78' lang='lat' dir='ltr'>tos</span> <span class='ocrx_word' id='word_1_447' title='bbox 337 1784 397 1802; x_wconf 88' lang='lat' dir='ltr'>eum</span> <span class='ocrx_word' id='word_1_448' title='bbox 414 1772 518 1799; x_wconf 85' lang='lat' dir='ltr'>inuidos</span> <span class='ocrx_word' id='word_1_449' title='bbox 531 1772 600 1799; x_wconf 91' lang='lat' dir='ltr'>inter</span> <span class='ocrx_word' id='word_1_450' title='bbox 619 1772 757 1806; x_wconf 80' lang='lat' dir='ltr'>populares</span> <span class='ocrx_word' id='word_1_451' title='bbox 778 1772 876 1798; x_wconf 88' lang='lat' dir='ltr'>habere</span> <span class='ocrx_word' id='word_1_452' title='bbox 889 1782 896 1802; x_wconf 83' lang='lat'>3</span> <span class='ocrx_word' id='word_1_453' title='bbox 934 1770 994 1796; x_wconf 91' lang='lat' dir='ltr'>inde</span> <span class='ocrx_word' id='word_1_454' title='bbox 1008 1770 1159 1797; x_wconf 84' lang='lat' dir='ltr'>existimatu</span> <span class='ocrx_word' id='word_1_455' title='bbox 1174 1769 1249 1795; x_wconf 72' lang='lat' dir='ltr'>facile</span> <span class='ocrx_word' id='word_1_456' title='bbox 1263 1769 1322 1800; x_wconf 73' lang='lat' dir='ltr'>esse,</span> 
     </span>
     <span class='ocr_line' id='line_1_46' title="bbox 281 1808 608 1846; baseline -0.015 -9"><span class='ocrx_word' id='word_1_457' title='bbox 281 1810 352 1846; x_wconf 86' lang='lat' dir='ltr'>quod</span> <span class='ocrx_word' id='word_1_458' title='bbox 368 1818 446 1835; x_wconf 84' lang='lat' dir='ltr'>nemo</span> <span class='ocrx_word' id='word_1_459' title='bbox 461 1808 543 1840; x_wconf 89' lang='lat' dir='ltr'>ciuis,</span> <span class='ocrx_word' id='word_1_460' title='bbox 562 1814 608 1833; x_wconf 79' lang='lat' dir='ltr'>etc.</span> 
     </span>
     <span class='ocr_line' id='line_1_47' title="bbox 280 1839 1323 1881; baseline -0.008 -9"><span class='ocrx_word' id='word_1_461' title='bbox 280 1855 296 1873; x_wconf 83' lang='lat' dir='ltr'>a</span> <span class='ocrx_word' id='word_1_462' title='bbox 309 1845 450 1881; x_wconf 76' lang='lat' dir='ltr'>quibusdam</span> <span class='ocrx_word' id='word_1_463' title='bbox 465 1851 504 1878; x_wconf 82' lang='lat' dir='ltr'>ap.</span> <span class='ocrx_word' id='word_1_464' title='bbox 517 1843 585 1869; x_wconf 87' lang='lat' dir='ltr'>Tac.</span> <span class='ocrx_word' id='word_1_465' title='bbox 601 1842 667 1868; x_wconf 83' lang='lat' dir='ltr'>Arm.</span> <span class='ocrx_word' id='word_1_466' title='bbox 678 1849 802 1880; x_wconf 70' lang='lat' dir='ltr'>13‚17pr.</span> <span class='ocrx_word' id='word_1_467' title='bbox 822 1842 949 1876; x_wconf 88' lang='lat' dir='ltr'>Antiquas</span> <span class='ocrx_word' id='word_1_468' title='bbox 963 1841 1074 1867; x_wconf 88' lang='lat' dir='ltr'>fratrum</span> <span class='ocrx_word' id='word_1_469' title='bbox 1088 1839 1231 1866; x_wconf 72' lang='lat' dir='ltr'>discordias</span> <span class='ocrx_word' id='word_1_470' title='bbox 1244 1845 1269 1864; x_wconf 81' lang='lat' dir='ltr'>ct</span> <span class='ocrx_word' id='word_1_471' title='bbox 1284 1847 1323 1864; x_wconf 83' lang='lat' dir='ltr'>in-</span> 
     </span>
     <span class='ocr_line' id='line_1_48' title="bbox 280 1875 1324 1912; baseline -0.009 -4"><span class='ocrx_word' id='word_1_472' title='bbox 280 1880 406 1909; x_wconf 85' lang='lat' dir='ltr'>sociabile</span> <span class='ocrx_word' id='word_1_473' title='bbox 438 1887 547 1912; x_wconf 84' lang='lat' dir='ltr'>regnum</span> <span class='ocrx_word' id='word_1_474' title='bbox 580 1878 744 1903; x_wconf 80' lang='lat' dir='ltr'>extimantes.</span> <span class='ocrx_word' id='word_1_475' title='bbox 782 1878 880 1912; x_wconf 76' lang='lat' dir='ltr'>Optime</span> <span class='ocrx_word' id='word_1_476' title='bbox 910 1878 1057 1908; x_wconf 66' lang='lat' dir='ltr'>Rhenanus,</span> <span class='ocrx_word' id='word_1_477' title='bbox 1073 1883 1121 1910; x_wconf 86' lang='lat' dir='ltr'>pro</span> <span class='ocrx_word' id='word_1_478' title='bbox 1142 1875 1324 1905; x_wconf 86' lang='lat' dir='ltr'>Aestimantes,</span> 
     </span>
     <span class='ocr_line' id='line_1_49' title="bbox 279 1909 1325 1951; baseline -0.01 -7"><span class='ocrx_word' id='word_1_479' title='bbox 279 1918 353 1944; x_wconf 69' lang='lat' dir='ltr'>Potes</span> <span class='ocrx_word' id='word_1_480' title='bbox 366 1918 429 1943; x_wconf 83' lang='lat' dir='ltr'>enim</span> <span class='ocrx_word' id='word_1_481' title='bbox 437 1911 584 1951; x_wconf 71' lang='lat' dir='ltr'>Jiabstituere</span> <span class='ocrx_word' id='word_1_482' title='bbox 597 1913 794 1947; x_wconf 87' lang='lat' dir='ltr'>perpendentes.</span> <span class='ocrx_word' id='word_1_483' title='bbox 865 1913 905 1938; x_wconf 81' lang='lat' dir='ltr'>Sic</span> <span class='ocrx_word' id='word_1_484' title='bbox 919 1911 1038 1937; x_wconf 87' lang='lat' dir='ltr'>Macrob.</span> <span class='ocrx_word' id='word_1_485' title='bbox 1059 1911 1108 1937; x_wconf 85' lang='lat' dir='ltr'>Sat.</span> <span class='ocrx_word' id='word_1_486' title='bbox 1123 1918 1157 1944; x_wconf 84' lang='lat'>7,</span> <span class='ocrx_word' id='word_1_487' title='bbox 1175 1918 1190 1935; x_wconf 89' lang='lat'>2</span> <span class='ocrx_word' id='word_1_488' title='bbox 1203 1909 1264 1935; x_wconf 70' lang='lat' dir='ltr'>med.</span> <span class='ocrx_word' id='word_1_489' title='bbox 1300 1915 1325 1934; x_wconf 75' lang='lat' dir='ltr'>et</span> 
     </span>
    </p>
   </div>
   <div class='ocr_carea' id='block_1_11' title="bbox 276 1941 1364 2054">
    <p class='ocr_par' dir='ltr' id='par_1_11' title="bbox 276 1941 1364 2054">
     <span class='ocr_line' id='line_1_50' title="bbox 279 1941 1325 1987; baseline -0.01 -9"><span class='ocrx_word' id='word_1_490' title='bbox 279 1959 307 1987; x_wconf 90' lang='lat'>7,</span> <span class='ocrx_word' id='word_1_491' title='bbox 321 1954 337 1978; x_wconf 88' lang='lat'><strong>6</strong></span> <span class='ocrx_word' id='word_1_492' title='bbox 347 1958 389 1986; x_wconf 81' lang='lat' dir='ltr'>pr.</span> <span class='ocrx_word' id='word_1_493' title='bbox 462 1949 520 1976; x_wconf 91' lang='lat' dir='ltr'>Sall.</span> <span class='ocrx_word' id='word_1_494' title='bbox 539 1948 617 1975; x_wconf 89' lang='lat' dir='ltr'>Catil.</span> <span class='ocrx_word' id='word_1_495' title='bbox 632 1956 655 1980; x_wconf 88' lang='lat'>2,</span> <span class='ocrx_word' id='word_1_496' title='bbox 672 1953 694 1977; x_wconf 78' lang='lat'>8.</span> <span class='ocrx_word' id='word_1_497' title='bbox 733 1956 771 1978; x_wconf 90' lang='lat'>10,</span> <span class='ocrx_word' id='word_1_498' title='bbox 787 1955 799 1976; x_wconf 88' lang='grc' dir='ltr'><strong><em>ς</em></strong></span> <span class='ocrx_word' id='word_1_499' title='bbox 817 1952 862 1971; x_wconf 81' lang='lat' dir='ltr'>etc.</span> <span class='ocrx_word' id='word_1_500' title='bbox 922 1946 969 1972; x_wconf 84' lang='lat' dir='ltr'>Sed</span> <span class='ocrx_word' id='word_1_501' title='bbox 981 1946 1081 1972; x_wconf 76' lang='lat' dir='ltr'>wdetur</span> <span class='ocrx_word' id='word_1_502' title='bbox 1102 1952 1181 1970; x_wconf 84' lang='lat' dir='ltr'>totum</span> <span class='ocrx_word' id='word_1_503' title='bbox 1195 1944 1239 1969; x_wconf 84' lang='lat' dir='ltr'>hoc</span> <span class='ocrx_word' id='word_1_504' title='bbox 1253 1941 1295 1976; x_wconf 67' lang='lat' dir='ltr'>tſjP</span> <span class='ocrx_word' id='word_1_505' title='bbox 1309 1951 1325 1968; x_wconf 84' lang='lat' dir='ltr'>a</span> 
     </span>
     <span class='ocr_line' id='line_1_51' title="bbox 276 1977 1364 2054; baseline -0.01 -41"><span class='ocrx_word' id='word_1_506' title='bbox 276 1987 440 2054; x_wconf 45' lang='lat' dir='ltr'>{ibit-largxurn</span> <span class='ocrx_word' id='word_1_507' title='bbox 465 1988 631 2019; x_wconf 73' lang='lat' dir='ltr'>corruptione.</span> <span class='ocrx_word' id='word_1_508' title='bbox 692 1982 750 2009; x_wconf 86' lang='lat' dir='ltr'>Vid.</span> <span class='ocrx_word' id='word_1_509' title='bbox 783 1987 928 2008; x_wconf 78' lang='lat' dir='ltr'>AESTIMO</span> <span class='ocrx_word' id='word_1_510' title='bbox 947 1989 973 2006; x_wconf 93' lang='lat' dir='ltr'>n.</span> <span class='ocrx_word' id='word_1_511' title='bbox 1002 1988 1025 2014; x_wconf 90' lang='lat'>5.</span> <span class='ocrx_word' id='word_1_512' title='bbox 1078 1986 1102 2005; x_wconf 82' lang='lat' dir='ltr'>et</span> <span class='ocrx_word' id='word_1_513' title='bbox 1135 1978 1260 2006; x_wconf 78' lang='lat' dir='ltr'>Drakenb.</span> <span class='ocrx_word' id='word_1_514' title='bbox 1292 1977 1326 2004; x_wconf 86' lang='lat' dir='ltr'>ad</span> <span class='ocrx_word' id='word_1_515' title='bbox 1332 1984 1364 2010; x_wconf 92' lang='lat'>50</span> 
     </span>
    </p>
   </div>
   <div class='ocr_carea' id='block_1_12' title="bbox 280 2048 1325 2160">
    <p class='ocr_par' dir='ltr' id='par_1_12' title="bbox 280 2048 1325 2160">
     <span class='ocr_line' id='line_1_52' title="bbox 317 2048 1323 2087; baseline -0.01 -3"><span class='ocrx_word' id='word_1_516' title='bbox 317 2064 333 2084; x_wconf 89' lang='lat' dir='ltr'>E</span> <span class='ocrx_word' id='word_1_517' title='bbox 344 2064 361 2083; x_wconf 86' lang='lat' dir='ltr'>X</span> <span class='ocrx_word' id='word_1_518' title='bbox 373 2064 381 2083; x_wconf 85' lang='lat'>1</span> <span class='ocrx_word' id='word_1_519' title='bbox 392 2064 404 2083; x_wconf 87' lang='lat' dir='ltr'>S</span> <span class='ocrx_word' id='word_1_520' title='bbox 416 2062 437 2082; x_wconf 83' lang='lat' dir='ltr'>T</span> <span class='ocrx_word' id='word_1_521' title='bbox 449 2054 493 2082; x_wconf 74' lang='lat' dir='ltr'>fM</span> <span class='ocrx_word' id='word_1_522' title='bbox 502 2063 524 2082; x_wconf 81' lang='lat' dir='ltr'>A</span> <span class='ocrx_word' id='word_1_523' title='bbox 533 2062 576 2082; x_wconf 81' lang='lat' dir='ltr'>Ns</span> <span class='ocrx_word' id='word_1_524' title='bbox 586 2074 594 2087; x_wconf 91' lang='lat'>,</span> <span class='ocrx_word' id='word_1_525' title='bbox 613 2053 688 2080; x_wconf 82' lang='lat' dir='ltr'>antis.</span> <span class='ocrx_word' id='word_1_526' title='bbox 720 2052 814 2078; x_wconf 83' lang='lat' dir='ltr'>Partic.</span> <span class='ocrx_word' id='word_1_527' title='bbox 850 2050 1039 2085; x_wconf 70' lang='grc' dir='ltr'>[λογιζόμενος]</span> <span class='ocrx_word' id='word_1_528' title='bbox 1076 2049 1132 2076; x_wconf 82' lang='lat' dir='ltr'>Cic.</span> <span class='ocrx_word' id='word_1_529' title='bbox 1152 2049 1180 2075; x_wconf 83' lang='lat' dir='ltr'>in</span> <span class='ocrx_word' id='word_1_530' title='bbox 1199 2049 1273 2075; x_wconf 80' lang='lat' dir='ltr'>Orat.</span> <span class='ocrx_word' id='word_1_531' title='bbox 1289 2048 1323 2082; x_wconf 85' lang='lat'>76</span> 
     </span>
     <span class='ocr_line' id='line_1_53' title="bbox 280 2082 1324 2122; baseline -0.01 -3"><span class='ocrx_word' id='word_1_532' title='bbox 280 2092 420 2120; x_wconf 87' lang='lat' dir='ltr'>Orationis</span> <span class='ocrx_word' id='word_1_533' title='bbox 434 2090 563 2117; x_wconf 72' lang='lat' dir='ltr'>subtilitas</span> <span class='ocrx_word' id='word_1_534' title='bbox 577 2088 716 2116; x_wconf 88' lang='lat' dir='ltr'>imitabilis</span> <span class='ocrx_word' id='word_1_535' title='bbox 728 2088 774 2114; x_wconf 89' lang='lat' dir='ltr'>illa</span> <span class='ocrx_word' id='word_1_536' title='bbox 788 2087 895 2122; x_wconf 89' lang='lat' dir='ltr'>quidem</span> <span class='ocrx_word' id='word_1_537' title='bbox 912 2087 1018 2112; x_wconf 88' lang='lat' dir='ltr'>videtur</span> <span class='ocrx_word' id='word_1_538' title='bbox 1031 2086 1080 2112; x_wconf 81' lang='lat' dir='ltr'>effe</span> <span class='ocrx_word' id='word_1_539' title='bbox 1092 2084 1253 2111; x_wconf 81' lang='lat' dir='ltr'>existimanti</span> <span class='ocrx_word' id='word_1_540' title='bbox 1263 2094 1268 2109; x_wconf 92' lang='lat'>:</span> <span class='ocrx_word' id='word_1_541' title='bbox 1280 2082 1324 2109; x_wconf 88' lang='lat' dir='ltr'>sed</span> 
     </span>
     <span class='ocr_line' id='line_1_54' title="bbox 280 2120 1325 2160; baseline -0.01 -5"><span class='ocrx_word' id='word_1_542' title='bbox 280 2128 352 2155; x_wconf 85' lang='lat' dir='ltr'>nihil</span> <span class='ocrx_word' id='word_1_543' title='bbox 378 2127 413 2154; x_wconf 81' lang='lat' dir='ltr'>est</span> <span class='ocrx_word' id='word_1_544' title='bbox 440 2126 584 2160; x_wconf 86' lang='lat' dir='ltr'>experienti</span> <span class='ocrx_word' id='word_1_545' title='bbox 598 2126 694 2152; x_wconf 88' lang='lat' dir='ltr'>minus.</span> <span class='ocrx_word' id='word_1_546' title='bbox 801 2123 856 2151; x_wconf 87' lang='lat' dir='ltr'>Cic.</span> <span class='ocrx_word' id='word_1_547' title='bbox 870 2124 901 2148; x_wconf 87' lang='lat' dir='ltr'>de</span> <span class='ocrx_word' id='word_1_548' title='bbox 920 2123 995 2149; x_wconf 83' lang='lat' dir='ltr'>Orat.</span> <span class='ocrx_word' id='word_1_549' title='bbox 1008 2130 1038 2155; x_wconf 82' lang='grc'><strong>2,</strong></span> <span class='ocrx_word' id='word_1_550' title='bbox 1053 2129 1100 2153; x_wconf 84' lang='grc'><strong>322</strong></span> <span class='ocrx_word' id='word_1_551' title='bbox 1131 2121 1167 2146; x_wconf 85' lang='lat' dir='ltr'>Ex</span> <span class='ocrx_word' id='word_1_552' title='bbox 1182 2120 1223 2146; x_wconf 71' lang='lat' dir='ltr'>his</span> <span class='ocrx_word' id='word_1_553' title='bbox 1238 2125 1325 2155; x_wconf 84' lang='lat' dir='ltr'>autem</span> 
     </span>
    </p>
   </div>
   <div class='ocr_carea' id='block_1_13' title="bbox 282 2154 1360 2198">
    <p class='ocr_par' dir='ltr' id='par_1_13' title="bbox 282 2154 1360 2198">
     <span class='ocr_line' id='line_1_55' title="bbox 282 2154 1360 2198; baseline -0.009 -8"><span class='ocrx_word' id='word_1_554' title='bbox 282 2162 351 2198; x_wconf 79' lang='lat' dir='ltr'>apud</span> <span class='ocrx_word' id='word_1_555' title='bbox 372 2172 439 2197; x_wconf 83' lang='lat' dir='ltr'>quos</span> <span class='ocrx_word' id='word_1_556' title='bbox 462 2169 565 2196; x_wconf 81' lang='lat' dir='ltr'>agetur,</span> <span class='ocrx_word' id='word_1_557' title='bbox 586 2163 614 2187; x_wconf 74' lang='lat' dir='ltr'>vt</span> <span class='ocrx_word' id='word_1_558' title='bbox 638 2159 798 2189; x_wconf 85' lang='lat' dir='ltr'>beneuolos,</span> <span class='ocrx_word' id='word_1_559' title='bbox 826 2158 945 2192; x_wconf 85' lang='lat' dir='ltr'>beneque</span> <span class='ocrx_word' id='word_1_560' title='bbox 969 2157 1146 2184; x_wconf 84' lang='lat' dir='ltr'>existimantes</span> <span class='ocrx_word' id='word_1_561' title='bbox 1169 2154 1360 2189; x_wconf 80' lang='lat' dir='ltr'>efficiamusz55</span> 
     </span>
    </p>
   </div>
   <div class='ocr_carea' id='block_1_14' title="bbox 282 2192 1332 2866">
    <p class='ocr_par' dir='ltr' id='par_1_14' title="bbox 282 2192 1332 2866">
     <span class='ocr_line' id='line_1_56' title="bbox 282 2192 1324 2234; baseline -0.01 -8"><span class='ocrx_word' id='word_1_562' title='bbox 282 2199 355 2234; x_wconf 85' lang='lat' dir='ltr'>quod</span> <span class='ocrx_word' id='word_1_563' title='bbox 370 2198 472 2233; x_wconf 81' lang='lat' dir='ltr'>agendo</span> <span class='ocrx_word' id='word_1_564' title='bbox 487 2196 598 2224; x_wconf 84' lang='lat' dir='ltr'>efficitur</span> <span class='ocrx_word' id='word_1_565' title='bbox 612 2195 706 2222; x_wconf 80' lang='lat' dir='ltr'>melius</span> <span class='ocrx_word' id='word_1_566' title='bbox 718 2203 796 2228; x_wconf 81' lang='lat' dir='ltr'>quain</span> <span class='ocrx_word' id='word_1_567' title='bbox 813 2193 940 2227; x_wconf 69' lang='lat' dir='ltr'>rogando.</span> <span class='ocrx_word' id='word_1_568' title='bbox 958 2195 977 2219; x_wconf 89' lang='lat' dir='ltr'>i.</span> <span class='ocrx_word' id='word_1_569' title='bbox 992 2194 1030 2219; x_wconf 80' lang='lat' dir='ltr'>De</span> <span class='ocrx_word' id='word_1_570' title='bbox 1044 2201 1084 2218; x_wconf 83' lang='lat' dir='ltr'>reo</span> <span class='ocrx_word' id='word_1_571' title='bbox 1097 2192 1153 2218; x_wconf 80' lang='lat' dir='ltr'>bene</span> <span class='ocrx_word' id='word_1_572' title='bbox 1165 2192 1324 2217; x_wconf 76' lang='lat' dir='ltr'>iudicantem.</span> 
     </span>
     <span class='ocr_line' id='line_1_57' title="bbox 284 2225 1326 2263; baseline -0.01 -1"><span class='ocrx_word' id='word_1_573' title='bbox 284 2235 377 2263; x_wconf 84' lang='lat' dir='ltr'>Homo</span> <span class='ocrx_word' id='word_1_574' title='bbox 390 2235 421 2260; x_wconf 91' lang='lat' dir='ltr'>de</span> <span class='ocrx_word' id='word_1_575' title='bbox 435 2235 458 2260; x_wconf 87' lang='lat' dir='ltr'>se</span> <span class='ocrx_word' id='word_1_576' title='bbox 466 2234 533 2260; x_wconf 90' lang='lat' dir='ltr'>bene</span> <span class='ocrx_word' id='word_1_577' title='bbox 546 2232 695 2259; x_wconf 85' lang='lat' dir='ltr'>existimans</span> <span class='ocrx_word' id='word_1_578' title='bbox 717 2230 773 2256; x_wconf 89' lang='lat' dir='ltr'>Cic.</span> <span class='ocrx_word' id='word_1_579' title='bbox 786 2229 838 2256; x_wconf 87' lang='lat' dir='ltr'>Off.</span> <span class='ocrx_word' id='word_1_580' title='bbox 852 2238 874 2262; x_wconf 84' lang='grc'>3,</span> <span class='ocrx_word' id='word_1_581' title='bbox 886 2237 921 2261; x_wconf 88' lang='grc' dir='ltr'>3ι.</span> <span class='ocrx_word' id='word_1_582' title='bbox 999 2227 1070 2255; x_wconf 87' lang='lat' dir='ltr'>Falsa</span> <span class='ocrx_word' id='word_1_583' title='bbox 1085 2227 1235 2254; x_wconf 84' lang='lat' dir='ltr'>existimans</span> <span class='ocrx_word' id='word_1_584' title='bbox 1273 2225 1326 2251; x_wconf 89' lang='lat' dir='ltr'>Sal-</span> 
     </span>
     <span class='ocr_line' id='line_1_58' title="bbox 283 2262 1325 2302; baseline -0.01 -5"><span class='ocrx_word' id='word_1_585' title='bbox 283 2270 342 2297; x_wconf 86' lang='lat' dir='ltr'>lust.</span> <span class='ocrx_word' id='word_1_586' title='bbox 380 2269 457 2296; x_wconf 88' lang='lat' dir='ltr'>Catil.</span> <span class='ocrx_word' id='word_1_587' title='bbox 496 2278 517 2295; x_wconf 89' lang='lat' dir='ltr'>c.</span> <span class='ocrx_word' id='word_1_588' title='bbox 546 2276 586 2302; x_wconf 84' lang='lat'>52.</span> <span class='ocrx_word' id='word_1_589' title='bbox 683 2265 758 2302; x_wconf 73' lang='lat' dir='ltr'>Cous.</span> <span class='ocrx_word' id='word_1_590' title='bbox 790 2265 830 2292; x_wconf 90' lang='lat' dir='ltr'>lb.</span> <span class='ocrx_word' id='word_1_591' title='bbox 865 2273 887 2291; x_wconf 88' lang='lat' dir='ltr'>e.</span> <span class='ocrx_word' id='word_1_592' title='bbox 921 2273 967 2299; x_wconf 86' lang='lat'>40.</span> <span class='ocrx_word' id='word_1_593' title='bbox 1057 2263 1142 2290; x_wconf 89' lang='lat' dir='ltr'>Satius</span> <span class='ocrx_word' id='word_1_594' title='bbox 1175 2262 1325 2289; x_wconf 77' lang='lat' dir='ltr'>existimans</span> 
     </span>
     <span class='ocr_line' id='line_1_59' title="bbox 284 2306 684 2343; baseline -0.008 -5"><span class='ocrx_word' id='word_1_595' title='bbox 284 2306 353 2340; x_wconf 82' lang='lat' dir='ltr'>Nep.</span> <span class='ocrx_word' id='word_1_596' title='bbox 369 2314 396 2338; x_wconf 74' lang='lat'>5,</span> <span class='ocrx_word' id='word_1_597' title='bbox 413 2313 442 2337; x_wconf 75' lang='lat' dir='ltr'>a,</span> <span class='ocrx_word' id='word_1_598' title='bbox 456 2313 477 2337; x_wconf 83' lang='lat'>3-</span> <span class='ocrx_word' id='word_1_599' title='bbox 642 2339 653 2343; x_wconf 56' lang='grc'>-</span> <span class='ocrx_word' id='word_1_600' title='bbox 679 2337 684 2341; x_wconf 72' lang='grc'>,</span> 
     </span>
     <span class='ocr_line' id='line_1_60' title="bbox 322 2336 755 2369; baseline -0.012 -2"><span class='ocrx_word' id='word_1_601' title='bbox 322 2344 611 2369; x_wconf 73' lang='grc' dir='ltr'>ΕκιετιΜΑτῐο,</span> <span class='ocrx_word' id='word_1_602' title='bbox 640 2345 708 2363; x_wconf 74' lang='lat' dir='ltr'>orus.</span> <span class='ocrx_word' id='word_1_603' title='bbox 734 2336 755 2363; x_wconf 86' lang='lat' dir='ltr'>f.</span> 
     </span>
     <span class='ocr_line' id='line_1_61' title="bbox 282 2369 1326 2410; baseline -0.011 -6"><span class='ocrx_word' id='word_1_604' title='bbox 282 2379 407 2410; x_wconf 66' lang='lat' dir='ltr'>accip-itur</span> <span class='ocrx_word' id='word_1_605' title='bbox 419 2374 500 2401; x_wconf 68' lang='lat' dir='ltr'>afflue</span> <span class='ocrx_word' id='word_1_606' title='bbox 509 2394 516 2407; x_wconf 88' lang='lat'>,</span> <span class='ocrx_word' id='word_1_607' title='bbox 534 2372 566 2407; x_wconf 71' lang='lat' dir='ltr'>esi</span> <span class='ocrx_word' id='word_1_608' title='bbox 575 2375 676 2409; x_wconf 76' lang='lat' dir='ltr'>Opinio,</span> <span class='ocrx_word' id='word_1_609' title='bbox 690 2381 748 2408; x_wconf 82' lang='lat' dir='ltr'>quae</span> <span class='ocrx_word' id='word_1_610' title='bbox 761 2371 851 2404; x_wconf 77' lang='lat' dir='ltr'>differt</span> <span class='ocrx_word' id='word_1_611' title='bbox 863 2380 878 2396; x_wconf 78' lang='lat' dir='ltr'>a</span> <span class='ocrx_word' id='word_1_612' title='bbox 895 2370 989 2396; x_wconf 83' lang='lat' dir='ltr'>Iudicio</span> <span class='ocrx_word' id='word_1_613' title='bbox 997 2372 1100 2405; x_wconf 76' lang='lat' dir='ltr'>proprie</span> <span class='ocrx_word' id='word_1_614' title='bbox 1112 2369 1196 2395; x_wconf 68' lang='lat' dir='ltr'>dafso:</span> <span class='ocrx_word' id='word_1_615' title='bbox 1216 2372 1249 2401; x_wconf 70' lang='lat' dir='ltr'>ej!</span> <span class='ocrx_word' id='word_1_616' title='bbox 1263 2370 1326 2393; x_wconf 83' lang='lat' dir='ltr'>enim</span> 
     </span>
     <span class='ocr_line' id='line_1_62' title="bbox 286 2406 1327 2442; baseline -0.01 -4"><span class='ocrx_word' id='word_1_617' title='bbox 286 2411 453 2439; x_wconf 85' lang='lat' dir='ltr'>Existimatio</span> <span class='ocrx_word' id='word_1_618' title='bbox 466 2410 585 2436; x_wconf 81' lang='lat' dir='ltr'>iudicium</span> <span class='ocrx_word' id='word_1_619' title='bbox 599 2417 709 2435; x_wconf 80' lang='lat' dir='ltr'>tacitum.</span> <span class='ocrx_word' id='word_1_620' title='bbox 781 2408 836 2433; x_wconf 85' lang='lat' dir='ltr'>Cic.</span> <span class='ocrx_word' id='word_1_621' title='bbox 845 2415 893 2441; x_wconf 87' lang='lat' dir='ltr'>pro</span> <span class='ocrx_word' id='word_1_622' title='bbox 908 2406 1011 2432; x_wconf 76' lang='lat' dir='ltr'>Cluent.</span> <span class='ocrx_word' id='word_1_623' title='bbox 1025 2410 1057 2435; x_wconf 81' lang='lat'>80</span> <span class='ocrx_word' id='word_1_624' title='bbox 1070 2415 1091 2431; x_wconf 87' lang='lat' dir='ltr'>c.</span> <span class='ocrx_word' id='word_1_625' title='bbox 1106 2414 1136 2438; x_wconf 85' lang='lat'>29</span> <span class='ocrx_word' id='word_1_626' title='bbox 1155 2406 1246 2442; x_wconf 77' lang='lat' dir='ltr'>Itaque</span> <span class='ocrx_word' id='word_1_627' title='bbox 1258 2410 1327 2428; x_wconf 89' lang='lat' dir='ltr'>nunc</span> 
     </span>
     <span class='ocr_line' id='line_1_63' title="bbox 285 2440 1327 2482; baseline -0.01 -8"><span class='ocrx_word' id='word_1_628' title='bbox 285 2446 509 2482; x_wconf 69' lang='lat' dir='ltr'>quemadmodum</span> <span class='ocrx_word' id='word_1_629' title='bbox 522 2444 622 2476; x_wconf 86' lang='lat' dir='ltr'>audiar,</span> <span class='ocrx_word' id='word_1_630' title='bbox 631 2444 732 2475; x_wconf 85' lang='lat' dir='ltr'>sentio,</span> <span class='ocrx_word' id='word_1_631' title='bbox 750 2451 803 2469; x_wconf 90' lang='lat' dir='ltr'>non</span> <span class='ocrx_word' id='word_1_632' title='bbox 816 2442 899 2468; x_wconf 88' lang='lat' dir='ltr'>modo</span> <span class='ocrx_word' id='word_1_633' title='bbox 913 2441 945 2468; x_wconf 91' lang='lat' dir='ltr'>ab</span> <span class='ocrx_word' id='word_1_634' title='bbox 959 2441 1008 2472; x_wconf 83' lang='lat' dir='ltr'>his,</span> <span class='ocrx_word' id='word_1_635' title='bbox 1018 2449 1132 2475; x_wconf 89' lang='lat' dir='ltr'>quorum</span> <span class='ocrx_word' id='word_1_636' title='bbox 1148 2440 1277 2465; x_wconf 82' lang='lat' dir='ltr'>iudicium</span> <span class='ocrx_word' id='word_1_637' title='bbox 1290 2443 1327 2464; x_wconf 88' lang='lat' dir='ltr'>at-</span> 
     </span>
     <span class='ocr_line' id='line_1_64' title="bbox 286 2474 1327 2517; baseline -0.01 -8"><span class='ocrx_word' id='word_1_638' title='bbox 286 2492 337 2517; x_wconf 89' lang='lat' dir='ltr'>que</span> <span class='ocrx_word' id='word_1_639' title='bbox 352 2483 461 2516; x_wconf 81' lang='lat' dir='ltr'>potestas</span> <span class='ocrx_word' id='word_1_640' title='bbox 475 2481 526 2513; x_wconf 89' lang='lat' dir='ltr'>est,</span> <span class='ocrx_word' id='word_1_641' title='bbox 545 2480 588 2506; x_wconf 90' lang='lat' dir='ltr'>sed</span> <span class='ocrx_word' id='word_1_642' title='bbox 602 2480 680 2506; x_wconf 91' lang='lat' dir='ltr'>etiam</span> <span class='ocrx_word' id='word_1_643' title='bbox 694 2479 727 2505; x_wconf 88' lang='lat' dir='ltr'>ab</span> <span class='ocrx_word' id='word_1_644' title='bbox 740 2479 802 2509; x_wconf 88' lang='lat' dir='ltr'>illis,</span> <span class='ocrx_word' id='word_1_645' title='bbox 817 2486 930 2512; x_wconf 87' lang='lat' dir='ltr'>quorum</span> <span class='ocrx_word' id='word_1_646' title='bbox 940 2483 1040 2503; x_wconf 86' lang='lat' dir='ltr'>tantum</span> <span class='ocrx_word' id='word_1_647' title='bbox 1054 2476 1089 2502; x_wconf 83' lang='lat' dir='ltr'>est</span> <span class='ocrx_word' id='word_1_648' title='bbox 1102 2474 1271 2502; x_wconf 82' lang='lat' dir='ltr'>existimatio,</span> <span class='ocrx_word' id='word_1_649' title='bbox 1308 2477 1327 2498; x_wconf 88' lang='lat' dir='ltr'>i.</span> 
     </span>
     <span class='ocr_line' id='line_1_65' title="bbox 286 2527 411 2544; baseline -0.008 0"><span class='ocrx_word' id='word_1_650' title='bbox 286 2527 302 2544; x_wconf 85' lang='lat' dir='ltr'>a</span> <span class='ocrx_word' id='word_1_651' title='bbox 314 2527 411 2543; x_wconf 78' lang='lat' dir='ltr'>corona.</span> 
     </span>
     <span class='ocr_line' id='line_1_66' title="bbox 287 2544 1327 2584; baseline -0.009 -5"><span class='ocrx_word' id='word_1_652' title='bbox 287 2553 367 2579; x_wconf 81' lang='lat' dir='ltr'>tacita</span> <span class='ocrx_word' id='word_1_653' title='bbox 379 2552 553 2584; x_wconf 85' lang='lat' dir='ltr'>existimatio,</span> <span class='ocrx_word' id='word_1_654' title='bbox 587 2566 632 2570; x_wconf 98' lang='lat'><strong>—</strong></span> <span class='ocrx_word' id='word_1_655' title='bbox 670 2549 712 2576; x_wconf 89' lang='lat' dir='ltr'>sed</span> <span class='ocrx_word' id='word_1_656' title='bbox 727 2549 868 2576; x_wconf 77' lang='lat' dir='ltr'>vehemens</span> <span class='ocrx_word' id='word_1_657' title='bbox 882 2557 909 2574; x_wconf 88' lang='lat' dir='ltr'>ac</span> <span class='ocrx_word' id='word_1_658' title='bbox 923 2548 1037 2574; x_wconf 89' lang='lat' dir='ltr'>liberum</span> <span class='ocrx_word' id='word_1_659' title='bbox 1051 2545 1145 2581; x_wconf 84' lang='lat' dir='ltr'>Populi</span> <span class='ocrx_word' id='word_1_660' title='bbox 1165 2546 1242 2571; x_wconf 87' lang='lat' dir='ltr'>Rom.</span> <span class='ocrx_word' id='word_1_661' title='bbox 1258 2544 1327 2571; x_wconf 88' lang='lat' dir='ltr'>iudi-</span> 
     </span>
     <span class='ocr_line' id='line_1_67' title="bbox 290 2578 1328 2621; baseline -0.009 -7"><span class='ocrx_word' id='word_1_662' title='bbox 290 2587 361 2614; x_wconf 89' lang='lat' dir='ltr'>cium</span> <span class='ocrx_word' id='word_1_663' title='bbox 376 2588 556 2621; x_wconf 85' lang='lat' dir='ltr'>consequetur.</span> <span class='ocrx_word' id='word_1_664' title='bbox 627 2587 658 2612; x_wconf 81' lang='lat' dir='ltr'>Et</span> <span class='ocrx_word' id='word_1_665' title='bbox 673 2585 731 2612; x_wconf 89' lang='lat' dir='ltr'>Liu.</span> <span class='ocrx_word' id='word_1_666' title='bbox 744 2593 787 2618; x_wconf 81' lang='lat'>34,</span> <span class='ocrx_word' id='word_1_667' title='bbox 800 2594 812 2611; x_wconf 93' lang='grc'><strong>2</strong></span> <span class='ocrx_word' id='word_1_668' title='bbox 833 2586 926 2611; x_wconf 90' lang='lat' dir='ltr'>Vtrum</span> <span class='ocrx_word' id='word_1_669' title='bbox 939 2593 952 2610; x_wconf 92' lang='lat' dir='ltr'>e</span> <span class='ocrx_word' id='word_1_670' title='bbox 966 2584 1029 2617; x_wconf 81' lang='lat' dir='ltr'>Rep.</span> <span class='ocrx_word' id='word_1_671' title='bbox 1043 2582 1072 2608; x_wconf 84' lang='lat' dir='ltr'>sit</span> <span class='ocrx_word' id='word_1_672' title='bbox 1082 2602 1090 2614; x_wconf 98' lang='lat'>,</span> <span class='ocrx_word' id='word_1_673' title='bbox 1110 2590 1156 2607; x_wconf 86' lang='lat' dir='ltr'>nec</span> <span class='ocrx_word' id='word_1_674' title='bbox 1169 2589 1211 2613; x_wconf 89' lang='lat' dir='ltr'>ne,</span> <span class='ocrx_word' id='word_1_675' title='bbox 1220 2580 1246 2607; x_wconf 88' lang='lat' dir='ltr'>id</span> <span class='ocrx_word' id='word_1_676' title='bbox 1256 2578 1328 2619; x_wconf 76' lang='lat' dir='ltr'>quod</span> 
     </span>
     <span class='ocr_line' id='line_1_68' title="bbox 289 2615 1328 2654; baseline -0.007 -5"><span class='ocrx_word' id='word_1_677' title='bbox 289 2622 323 2649; x_wconf 83' lang='lat' dir='ltr'>ad</span> <span class='ocrx_word' id='word_1_678' title='bbox 335 2631 383 2648; x_wconf 92' lang='lat' dir='ltr'>vos</span> <span class='ocrx_word' id='word_1_679' title='bbox 398 2622 498 2654; x_wconf 85' lang='lat' dir='ltr'>fertur,</span> <span class='ocrx_word' id='word_1_680' title='bbox 517 2622 602 2648; x_wconf 87' lang='lat' dir='ltr'>vestra</span> <span class='ocrx_word' id='word_1_681' title='bbox 622 2620 782 2647; x_wconf 86' lang='lat' dir='ltr'>existimatio</span> <span class='ocrx_word' id='word_1_682' title='bbox 804 2621 856 2653; x_wconf 85' lang='lat' dir='ltr'>est,</span> <span class='ocrx_word' id='word_1_683' title='bbox 880 2620 928 2654; x_wconf 90' lang='lat' dir='ltr'>qui</span> <span class='ocrx_word' id='word_1_684' title='bbox 952 2619 980 2645; x_wconf 92' lang='lat' dir='ltr'>in</span> <span class='ocrx_word' id='word_1_685' title='bbox 1002 2617 1154 2652; x_wconf 85' lang='lat' dir='ltr'>suffragium</span> <span class='ocrx_word' id='word_1_686' title='bbox 1173 2616 1239 2643; x_wconf 91' lang='lat' dir='ltr'>ituri</span> <span class='ocrx_word' id='word_1_687' title='bbox 1257 2615 1328 2642; x_wconf 76' lang='lat' dir='ltr'>estis.</span> 
     </span>
     <span class='ocr_line' id='line_1_69' title="bbox 291 2650 1329 2692; baseline -0.012 -4"><span class='ocrx_word' id='word_1_688' title='bbox 291 2660 383 2692; x_wconf 65' lang='lat' dir='ltr'>Nempe</span> <span class='ocrx_word' id='word_1_689' title='bbox 395 2660 471 2684; x_wconf 67' lang='lat' dir='ltr'><em>tacite</em></span> <span class='ocrx_word' id='word_1_690' title='bbox 484 2663 570 2686; x_wconf 65' lang='lat' dir='ltr'>amm,</span> <span class='ocrx_word' id='word_1_691' title='bbox 589 2656 649 2690; x_wconf 79' lang='lat' dir='ltr'>quid</span> <span class='ocrx_word' id='word_1_692' title='bbox 661 2655 777 2691; x_wconf 71' lang='lat' dir='ltr'>agendum</span> <span class='ocrx_word' id='word_1_693' title='bbox 789 2655 877 2690; x_wconf 78' lang='lat' dir='ltr'>fibifit</span> <span class='ocrx_word' id='word_1_694' title='bbox 886 2654 1053 2690; x_wconf 75' lang='lat' dir='ltr'>perpendunt,</span> <span class='ocrx_word' id='word_1_695' title='bbox 1072 2662 1143 2688; x_wconf 83' lang='lat' dir='ltr'>quam</span> <span class='ocrx_word' id='word_1_696' title='bbox 1160 2659 1217 2678; x_wconf 82' lang='lat' dir='ltr'>eam</span> <span class='ocrx_word' id='word_1_697' title='bbox 1236 2654 1262 2678; x_wconf 85' lang='lat' dir='ltr'>in</span> <span class='ocrx_word' id='word_1_698' title='bbox 1269 2650 1329 2686; x_wconf 76' lang='lat' dir='ltr'>Jus-</span> 
     </span>
     <span class='ocr_line' id='line_1_70' title="bbox 307 2702 389 2720; baseline -0.024 0"><span class='ocrx_word' id='word_1_699' title='bbox 307 2703 336 2720; x_wconf 88' lang='lat' dir='ltr'>ra</span> <span class='ocrx_word' id='word_1_700' title='bbox 356 2702 389 2718; x_wconf 82' lang='grc' dir='ltr'>ια.</span> 
     </span>
     <span class='ocr_line' id='line_1_71' title="bbox 284 2693 1330 2762; baseline -0.007 -7"><span class='ocrx_word' id='word_1_701' title='bbox 284 2693 318 2755; x_wconf 57' lang='lat' dir='ltr'>{t</span> <span class='ocrx_word' id='word_1_702' title='bbox 331 2703 480 2762; x_wconf 60' lang='lat' dir='ltr'>gppianico</span> <span class='ocrx_word' id='word_1_703' title='bbox 492 2735 521 2753; x_wconf 89' lang='lat' dir='ltr'>re</span> <span class='ocrx_word' id='word_1_704' title='bbox 535 2731 559 2752; x_wconf 90' lang='lat' dir='ltr'>ct</span> <span class='ocrx_word' id='word_1_705' title='bbox 573 2725 764 2752; x_wconf 81' lang='lat' dir='ltr'>existimatione</span> <span class='ocrx_word' id='word_1_706' title='bbox 777 2734 829 2751; x_wconf 89' lang='lat' dir='ltr'>1am</span> <span class='ocrx_word' id='word_1_707' title='bbox 843 2736 850 2755; x_wconf 89' lang='lat'>;</span> <span class='ocrx_word' id='word_1_708' title='bbox 870 2726 926 2760; x_wconf 79' lang='lat' dir='ltr'>lege</span> <span class='ocrx_word' id='word_1_709' title='bbox 939 2732 963 2752; x_wconf 89' lang='lat' dir='ltr'>et</span> <span class='ocrx_word' id='word_1_710' title='bbox 979 2724 1197 2760; x_wconf 84' lang='lat' dir='ltr'>pronunciatione</span> <span class='ocrx_word' id='word_1_711' title='bbox 1210 2721 1330 2749; x_wconf 84' lang='lat' dir='ltr'>nondum</span> 
     </span>
     <span class='ocr_line' id='line_1_72' title="bbox 291 2757 1332 2795; baseline -0.006 -5"><span class='ocrx_word' id='word_1_712' title='bbox 291 2763 476 2790; x_wconf 84' lang='lat' dir='ltr'>condemnato.</span> <span class='ocrx_word' id='word_1_713' title='bbox 544 2762 599 2788; x_wconf 89' lang='lat' dir='ltr'>Cic.</span> <span class='ocrx_word' id='word_1_714' title='bbox 613 2769 661 2795; x_wconf 85' lang='lat' dir='ltr'>pro</span> <span class='ocrx_word' id='word_1_715' title='bbox 673 2760 745 2786; x_wconf 84' lang='lat' dir='ltr'>Caes.</span> <span class='ocrx_word' id='word_1_716' title='bbox 758 2769 778 2786; x_wconf 90' lang='lat' dir='ltr'>c.</span> <span class='ocrx_word' id='word_1_717' title='bbox 793 2769 815 2791; x_wconf 90' lang='lat'>2,</span> <span class='ocrx_word' id='word_1_718' title='bbox 853 2779 859 2785; x_wconf 89' lang='lat'>.</span> <span class='ocrx_word' id='word_1_719' title='bbox 897 2780 902 2786; x_wconf 97' lang='lat'>.</span> <span class='ocrx_word' id='word_1_720' title='bbox 940 2761 1010 2787; x_wconf 72' lang='lat' dir='ltr'>Nam</span> <span class='ocrx_word' id='word_1_721' title='bbox 1024 2759 1095 2795; x_wconf 89' lang='lat' dir='ltr'>quod</span> <span class='ocrx_word' id='word_1_722' title='bbox 1109 2758 1141 2785; x_wconf 89' lang='lat' dir='ltr'>de</span> <span class='ocrx_word' id='word_1_723' title='bbox 1157 2759 1252 2793; x_wconf 89' lang='lat' dir='ltr'>pietate</span> <span class='ocrx_word' id='word_1_724' title='bbox 1265 2757 1332 2784; x_wconf 86' lang='lat' dir='ltr'>dixi-</span> 
     </span>
     <span class='ocr_line' id='line_1_73' title="bbox 293 2793 1330 2833; baseline -0.005 -8"><span class='ocrx_word' id='word_1_725' title='bbox 293 2799 354 2829; x_wconf 80' lang='lat' dir='ltr'>stis,</span> <span class='ocrx_word' id='word_1_726' title='bbox 375 2799 410 2825; x_wconf 86' lang='lat' dir='ltr'>est</span> <span class='ocrx_word' id='word_1_727' title='bbox 429 2797 537 2833; x_wconf 84' lang='lat' dir='ltr'>quidem</span> <span class='ocrx_word' id='word_1_728' title='bbox 556 2796 602 2823; x_wconf 83' lang='lat' dir='ltr'>ista</span> <span class='ocrx_word' id='word_1_729' title='bbox 622 2795 709 2822; x_wconf 83' lang='lat' dir='ltr'>nostra</span> <span class='ocrx_word' id='word_1_730' title='bbox 727 2795 902 2827; x_wconf 79' lang='lat' dir='ltr'>existimatio,</span> <span class='ocrx_word' id='word_1_731' title='bbox 921 2795 963 2821; x_wconf 91' lang='lat' dir='ltr'>sed</span> <span class='ocrx_word' id='word_1_732' title='bbox 984 2795 1111 2821; x_wconf 86' lang='lat' dir='ltr'>iudicium</span> <span class='ocrx_word' id='word_1_733' title='bbox 1125 2801 1194 2821; x_wconf 87' lang='lat' dir='ltr'>certe</span> <span class='ocrx_word' id='word_1_734' title='bbox 1207 2793 1330 2829; x_wconf 84' lang='lat' dir='ltr'>parentis.</span> 
     </span>
     <span class='ocr_line' id='line_1_74' title="bbox 292 2829 1332 2866; baseline -0.006 -5"><span class='ocrx_word' id='word_1_735' title='bbox 292 2835 325 2862; x_wconf 78' lang='lat' dir='ltr'>In</span> <span class='ocrx_word' id='word_1_736' title='bbox 350 2834 390 2860; x_wconf 86' lang='lat' dir='ltr'>his</span> <span class='ocrx_word' id='word_1_737' title='bbox 410 2833 519 2860; x_wconf 82' lang='lat' dir='ltr'>omnibus</span> <span class='ocrx_word' id='word_1_738' title='bbox 540 2834 687 2865; x_wconf 65' lang='lat' dir='ltr'>existimatio</span> <span class='ocrx_word' id='word_1_739' title='bbox 706 2829 738 2864; x_wconf 67' lang='lat' dir='ltr'>qli</span> <span class='ocrx_word' id='word_1_740' title='bbox 757 2834 838 2865; x_wconf 71' lang='lat' dir='ltr'>opinio</span> <span class='ocrx_word' id='word_1_741' title='bbox 856 2838 879 2856; x_wconf 77' lang='lat' dir='ltr'>et</span> <span class='ocrx_word' id='word_1_742' title='bbox 886 2832 1010 2866; x_wconf 72' lang='lat' dir='ltr'>sententia</span> <span class='ocrx_word' id='word_1_743' title='bbox 1019 2833 1138 2864; x_wconf 75' lang='lat' dir='ltr'>priuata,</span> <span class='ocrx_word' id='word_1_744' title='bbox 1155 2839 1214 2865; x_wconf 84' lang='lat' dir='ltr'>quae</span> <span class='ocrx_word' id='word_1_745' title='bbox 1227 2830 1270 2856; x_wconf 79' lang='lat' dir='ltr'>vbi</span> <span class='ocrx_word' id='word_1_746' title='bbox 1282 2830 1332 2865; x_wconf 76' lang='lat' dir='ltr'>Iege</span> 
     </span>
    </p>
   </div>
   <div class='ocr_carea' id='block_1_15' title="bbox 288 2866 1370 2907">
    <p class='ocr_par' dir='ltr' id='par_1_15' title="bbox 288 2866 1370 2907">
     <span class='ocr_line' id='line_1_75' title="bbox 288 2866 1370 2907; baseline -0.006 -11"><span class='ocrx_word' id='word_1_747' title='bbox 288 2868 466 2907; x_wconf 70' lang='lat' dir='ltr'>proferturfit</span> <span class='ocrx_word' id='word_1_748' title='bbox 478 2868 603 2894; x_wconf 77' lang='lat' dir='ltr'>iudicium.</span> <span class='ocrx_word' id='word_1_749' title='bbox 640 2868 785 2902; x_wconf 75' lang='lat' dir='ltr'>Opinionem</span> <span class='ocrx_word' id='word_1_750' title='bbox 798 2869 869 2891; x_wconf 65' lang='lat' dir='ltr'>etiam</span> <span class='ocrx_word' id='word_1_751' title='bbox 884 2872 961 2892; x_wconf 74' lang='lat' dir='ltr'>notat.</span> <span class='ocrx_word' id='word_1_752' title='bbox 999 2866 1058 2892; x_wconf 88' lang='lat' dir='ltr'>Liu.</span> <span class='ocrx_word' id='word_1_753' title='bbox 1068 2876 1094 2899; x_wconf 87' lang='lat'>4,</span> <span class='ocrx_word' id='word_1_754' title='bbox 1104 2874 1136 2891; x_wconf 85' lang='lat'>20</span> <span class='ocrx_word' id='word_1_755' title='bbox 1156 2866 1224 2892; x_wconf 86' lang='lat' dir='ltr'>Huic</span> <span class='ocrx_word' id='word_1_756' title='bbox 1232 2873 1332 2899; x_wconf 81' lang='lat' dir='ltr'>pugnae</span> <span class='ocrx_word' id='word_1_757' title='bbox 1339 2872 1370 2900; x_wconf 91' lang='lat'>75</span> 
     </span>
    </p>
   </div>
   <div class='ocr_carea' id='block_1_16' title="bbox 295 2900 1334 3185">
    <p class='ocr_par' dir='ltr' id='par_1_16' title="bbox 295 2900 1334 3115">
     <span class='ocr_line' id='line_1_76' title="bbox 296 2900 1330 2939; baseline -0.006 -8"><span class='ocrx_word' id='word_1_758' title='bbox 296 2905 410 2939; x_wconf 80' lang='lat' dir='ltr'>equestri</span> <span class='ocrx_word' id='word_1_759' title='bbox 425 2913 480 2930; x_wconf 86' lang='lat' dir='ltr'>rem</span> <span class='ocrx_word' id='word_1_760' title='bbox 489 2923 496 2934; x_wconf 86' lang='lat'>,</span> <span class='ocrx_word' id='word_1_761' title='bbox 512 2912 589 2938; x_wconf 90' lang='lat' dir='ltr'>quam</span> <span class='ocrx_word' id='word_1_762' title='bbox 602 2902 660 2929; x_wconf 89' lang='lat' dir='ltr'>satis</span> <span class='ocrx_word' id='word_1_763' title='bbox 673 2907 769 2928; x_wconf 87' lang='lat' dir='ltr'>certam</span> <span class='ocrx_word' id='word_1_764' title='bbox 782 2902 928 2928; x_wconf 86' lang='lat' dir='ltr'>communis</span> <span class='ocrx_word' id='word_1_765' title='bbox 943 2901 1102 2927; x_wconf 78' lang='lat' dir='ltr'>existimatio</span> <span class='ocrx_word' id='word_1_766' title='bbox 1115 2901 1159 2931; x_wconf 87' lang='lat' dir='ltr'>est,</span> <span class='ocrx_word' id='word_1_767' title='bbox 1178 2900 1330 2927; x_wconf 84' lang='lat' dir='ltr'>mirabilem</span> 
     </span>
     <span class='ocr_line' id='line_1_77' title="bbox 296 2935 1331 2973; baseline -0.007 -6"><span class='ocrx_word' id='word_1_768' title='bbox 296 2948 384 2972; x_wconf 82' lang='lat' dir='ltr'>certe,</span> <span class='ocrx_word' id='word_1_769' title='bbox 401 2939 529 2966; x_wconf 86' lang='lat' dir='ltr'>adiiciunt</span> <span class='ocrx_word' id='word_1_770' title='bbox 542 2937 649 2973; x_wconf 88' lang='lat' dir='ltr'>quidam</span> <span class='ocrx_word' id='word_1_771' title='bbox 662 2937 774 2964; x_wconf 83' lang='lat' dir='ltr'>annales.</span> <span class='ocrx_word' id='word_1_772' title='bbox 887 2938 942 2962; x_wconf 90' lang='lat' dir='ltr'>Cic.</span> <span class='ocrx_word' id='word_1_773' title='bbox 957 2936 988 2962; x_wconf 90' lang='lat' dir='ltr'>de</span> <span class='ocrx_word' id='word_1_774' title='bbox 1002 2938 1121 2963; x_wconf 87' lang='lat' dir='ltr'>Prouinc.</span> <span class='ocrx_word' id='word_1_775' title='bbox 1136 2937 1214 2963; x_wconf 88' lang='lat' dir='ltr'>Cons.</span> <span class='ocrx_word' id='word_1_776' title='bbox 1229 2945 1265 2968; x_wconf 90' lang='lat'>40</span> <span class='ocrx_word' id='word_1_777' title='bbox 1282 2935 1331 2961; x_wconf 87' lang='lat' dir='ltr'>Sed</span> 
     </span>
     <span class='ocr_line' id='line_1_78' title="bbox 295 2970 1333 3007; baseline -0.007 -5"><span class='ocrx_word' id='word_1_778' title='bbox 295 2985 350 3003; x_wconf 84' lang='lat' dir='ltr'>non</span> <span class='ocrx_word' id='word_1_779' title='bbox 364 2975 480 3002; x_wconf 87' lang='lat' dir='ltr'>alienum</span> <span class='ocrx_word' id='word_1_780' title='bbox 495 2975 542 3001; x_wconf 81' lang='lat' dir='ltr'>esse</span> <span class='ocrx_word' id='word_1_781' title='bbox 554 2973 687 3005; x_wconf 87' lang='lat' dir='ltr'>arbitror,</span> <span class='ocrx_word' id='word_1_782' title='bbox 707 2981 759 3007; x_wconf 89' lang='lat' dir='ltr'>quo</span> <span class='ocrx_word' id='word_1_783' title='bbox 773 2971 859 2997; x_wconf 88' lang='lat' dir='ltr'>minus</span> <span class='ocrx_word' id='word_1_784' title='bbox 871 2972 943 3006; x_wconf 86' lang='lat' dir='ltr'>saepe</span> <span class='ocrx_word' id='word_1_785' title='bbox 956 2978 999 2998; x_wconf 87' lang='lat' dir='ltr'>aut</span> <span class='ocrx_word' id='word_1_786' title='bbox 1019 2972 1170 3006; x_wconf 85' lang='lat' dir='ltr'>interpellet·</span> <span class='ocrx_word' id='word_1_787' title='bbox 1189 2981 1203 2998; x_wconf 94' lang='lat' dir='ltr'>a</span> <span class='ocrx_word' id='word_1_788' title='bbox 1221 2970 1333 2997; x_wconf 88' lang='lat' dir='ltr'>nonnul-</span> 
     </span>
     <span class='ocr_line' id='line_1_79' title="bbox 297 3006 1334 3044; baseline -0.007 -6"><span class='ocrx_word' id='word_1_789' title='bbox 297 3011 346 3044; x_wconf 76' lang='lat' dir='ltr'>lis,</span> <span class='ocrx_word' id='word_1_790' title='bbox 364 3018 408 3038; x_wconf 89' lang='lat' dir='ltr'>aut</span> <span class='ocrx_word' id='word_1_791' title='bbox 420 3011 498 3037; x_wconf 88' lang='lat' dir='ltr'>tacita</span> <span class='ocrx_word' id='word_1_792' title='bbox 511 3009 702 3037; x_wconf 82' lang='lat' dir='ltr'>existimatione</span> <span class='ocrx_word' id='word_1_793' title='bbox 718 3006 909 3042; x_wconf 85' lang='lat' dir='ltr'>reprehendar,</span> <span class='ocrx_word' id='word_1_794' title='bbox 929 3007 1058 3041; x_wconf 82' lang='lat' dir='ltr'>explicare</span> <span class='ocrx_word' id='word_1_795' title='bbox 1075 3008 1194 3034; x_wconf 86' lang='lat' dir='ltr'>breuiter</span> <span class='ocrx_word' id='word_1_796' title='bbox 1207 3015 1274 3042; x_wconf 87' lang='lat' dir='ltr'>quac</span> <span class='ocrx_word' id='word_1_797' title='bbox 1285 3006 1334 3035; x_wconf 84' lang='lat' dir='ltr'>mi-</span> 
     </span>
     <span class='ocr_line' id='line_1_80' title="bbox 297 3044 798 3075; baseline -0.01 -1"><span class='ocrx_word' id='word_1_798' title='bbox 297 3046 327 3075; x_wconf 85' lang='lat' dir='ltr'>hi</span> <span class='ocrx_word' id='word_1_799' title='bbox 341 3046 371 3073; x_wconf 88' lang='lat' dir='ltr'>sit</span> <span class='ocrx_word' id='word_1_800' title='bbox 383 3048 453 3073; x_wconf 85' lang='lat' dir='ltr'>ratio</span> <span class='ocrx_word' id='word_1_801' title='bbox 466 3051 510 3072; x_wconf 89' lang='lat' dir='ltr'>aut</span> <span class='ocrx_word' id='word_1_802' title='bbox 522 3045 595 3071; x_wconf 83' lang='lat' dir='ltr'>causa</span> <span class='ocrx_word' id='word_1_803' title='bbox 609 3053 667 3071; x_wconf 87' lang='lat' dir='ltr'>cum</span> <span class='ocrx_word' id='word_1_804' title='bbox 681 3044 798 3070; x_wconf 82' lang='lat' dir='ltr'>Caesare.</span> 
     </span>
     <span class='ocr_line' id='line_1_81' title="bbox 297 3079 768 3115; baseline -0.011 -5"><span class='ocrx_word' id='word_1_805' title='bbox 297 3083 382 3115; x_wconf 74' lang='lat' dir='ltr'>turpis</span> <span class='ocrx_word' id='word_1_806' title='bbox 392 3102 400 3114; x_wconf 89' lang='lat'>,</span> <span class='ocrx_word' id='word_1_807' title='bbox 418 3082 612 3108; x_wconf 48' lang='lat' dir='ltr'>existimatione</span> <span class='ocrx_word' id='word_1_808' title='bbox 626 3079 768 3106; x_wconf 84' lang='lat' dir='ltr'>damnatus.</span> 
     </span>
    </p>

    <p class='ocr_par' dir='ltr' id='par_1_17' title="bbox 299 3111 1223 3185">
     <span class='ocr_line' id='line_1_82' title="bbox 299 3111 928 3150; baseline -0.01 -6"><span class='ocrx_word' id='word_1_809' title='bbox 299 3118 406 3145; x_wconf 78' lang='lat' dir='ltr'>facilior</span> <span class='ocrx_word' id='word_1_810' title='bbox 419 3117 454 3144; x_wconf 87' lang='lat' dir='ltr'>est</span> <span class='ocrx_word' id='word_1_811' title='bbox 467 3116 642 3147; x_wconf 82' lang='lat' dir='ltr'>existimatio,</span> <span class='ocrx_word' id='word_1_812' title='bbox 662 3124 740 3150; x_wconf 81' lang='lat' dir='ltr'>quani</span> <span class='ocrx_word' id='word_1_813' title='bbox 753 3111 928 3148; x_wconf 85' lang='lat' dir='ltr'>reprehensio.</span> 
     </span>
     <span class='ocr_line' id='line_1_83' title="bbox 299 3147 1223 3185; baseline -0.006 -6"><span class='ocrx_word' id='word_1_814' title='bbox 299 3154 403 3179; x_wconf 84' lang='lat' dir='ltr'>minum</span> <span class='ocrx_word' id='word_1_815' title='bbox 416 3152 577 3179; x_wconf 84' lang='lat' dir='ltr'>existimatio</span> <span class='ocrx_word' id='word_1_816' title='bbox 591 3152 678 3185; x_wconf 81' lang='lat' dir='ltr'>grauis</span> <span class='ocrx_word' id='word_1_817' title='bbox 692 3149 850 3180; x_wconf 72' lang='lat' dir='ltr'>habebatur,</span> <span class='ocrx_word' id='word_1_818' title='bbox 869 3154 894 3174; x_wconf 89' lang='lat' dir='ltr'>et</span> <span class='ocrx_word' id='word_1_819' title='bbox 907 3147 1005 3174; x_wconf 81' lang='lat' dir='ltr'>iudicia</span> <span class='ocrx_word' id='word_1_820' title='bbox 1020 3149 1106 3174; x_wconf 83' lang='lat' dir='ltr'>seuera</span> <span class='ocrx_word' id='word_1_821' title='bbox 1118 3148 1223 3174; x_wconf 79' lang='lat' dir='ltr'>fiebant.</span> 
     </span>
    </p>
   </div>
   <div class='ocr_carea' id='block_1_17' title="bbox 300 3077 1337 3395">
    <p class='ocr_par' dir='ltr' id='par_1_18' title="bbox 300 3077 1337 3395">
     <span class='ocr_line' id='line_1_84' title="bbox 851 3077 1333 3112; baseline 0 -9"><span class='ocrx_word' id='word_1_822' title='bbox 851 3077 907 3103; x_wconf 86' lang='lat' dir='ltr'>Cic.</span> <span class='ocrx_word' id='word_1_823' title='bbox 921 3079 996 3104; x_wconf 92' lang='lat' dir='ltr'>Verr.</span> <span class='ocrx_word' id='word_1_824' title='bbox 1011 3086 1033 3109; x_wconf 82' lang='lat'>3,</span> <span class='ocrx_word' id='word_1_825' title='bbox 1049 3087 1095 3110; x_wconf 85' lang='lat'>109</span> <span class='ocrx_word' id='word_1_826' title='bbox 1134 3079 1163 3103; x_wconf 92' lang='lat' dir='ltr'>ln</span> <span class='ocrx_word' id='word_1_827' title='bbox 1177 3078 1225 3104; x_wconf 91' lang='lat' dir='ltr'>hoc</span> <span class='ocrx_word' id='word_1_828' title='bbox 1239 3085 1333 3112; x_wconf 83' lang='lat' dir='ltr'>genere</span> 
     </span>
     <span class='ocr_line' id='line_1_85' title="bbox 1005 3112 1333 3139; baseline 0.003 -1"><span class='ocrx_word' id='word_1_829' title='bbox 1005 3113 1042 3138; x_wconf 93' lang='lat' dir='ltr'>Id.</span> <span class='ocrx_word' id='word_1_830' title='bbox 1060 3113 1124 3139; x_wconf 88' lang='lat' dir='ltr'>ibid.</span> <span class='ocrx_word' id='word_1_831' title='bbox 1140 3122 1185 3139; x_wconf 80' lang='lat'>210</span> <span class='ocrx_word' id='word_1_832' title='bbox 1205 3114 1272 3139; x_wconf 90' lang='lat' dir='ltr'>Cum</span> <span class='ocrx_word' id='word_1_833' title='bbox 1288 3112 1333 3138; x_wconf 92' lang='lat' dir='ltr'>ho-</span> 
     </span>
     <span class='ocr_line' id='line_1_86' title="bbox 1264 3148 1333 3174; baseline -0.014 0"><span class='ocrx_word' id='word_1_834' title='bbox 1264 3148 1333 3174; x_wconf 88' lang='lat' dir='ltr'>Suet.</span> 
     </span>
     <span class='ocr_line' id='line_1_87' title="bbox 300 3183 1335 3222; baseline -0.007 -7"><span class='ocrx_word' id='word_1_835' title='bbox 300 3188 391 3215; x_wconf 89' lang='lat' dir='ltr'>Tiber</span> <span class='ocrx_word' id='word_1_836' title='bbox 404 3198 425 3214; x_wconf 92' lang='lat' dir='ltr'>c.</span> <span class='ocrx_word' id='word_1_837' title='bbox 440 3193 468 3221; x_wconf 82' lang='lat'>58</span> <span class='ocrx_word' id='word_1_838' title='bbox 487 3187 604 3222; x_wconf 88' lang='lat' dir='ltr'>Capitale</span> <span class='ocrx_word' id='word_1_839' title='bbox 616 3192 684 3215; x_wconf 85' lang='lat' dir='ltr'>erat,</span> <span class='ocrx_word' id='word_1_840' title='bbox 711 3184 811 3212; x_wconf 63' lang='lat' dir='ltr'>dicium</span> <span class='ocrx_word' id='word_1_841' title='bbox 825 3184 906 3210; x_wconf 86' lang='lat' dir='ltr'>vllnm</span> <span class='ocrx_word' id='word_1_842' title='bbox 919 3183 1053 3209; x_wconf 63' lang='lat' dir='ltr'>factumue</span> <span class='ocrx_word' id='word_1_843' title='bbox 1067 3183 1122 3209; x_wconf 86' lang='lat' dir='ltr'>eius</span> <span class='ocrx_word' id='word_1_844' title='bbox 1142 3184 1335 3209; x_wconf 83' lang='lat' dir='ltr'>existimatione</span> 
     </span>
     <span class='ocr_line' id='line_1_88' title="bbox 300 3223 502 3258; baseline -0.005 -8"><span class='ocrx_word' id='word_1_845' title='bbox 300 3223 388 3258; x_wconf 82' lang='lat' dir='ltr'>aliqua</span> <span class='ocrx_word' id='word_1_846' title='bbox 402 3223 502 3250; x_wconf 74' lang='lat' dir='ltr'>laefiss&#39;e.</span> 
     </span>
     <span class='ocr_line' id='line_1_89' title="bbox 302 3253 1332 3295; baseline -0.004 -11"><span class='ocrx_word' id='word_1_847' title='bbox 302 3258 331 3284; x_wconf 81' lang='lat' dir='ltr'>de</span> <span class='ocrx_word' id='word_1_848' title='bbox 348 3269 393 3294; x_wconf 85' lang='lat' dir='ltr'>quo</span> <span class='ocrx_word' id='word_1_849' title='bbox 401 3259 489 3295; x_wconf 81' lang='lat' dir='ltr'>supra.</span> <span class='ocrx_word' id='word_1_850' title='bbox 604 3257 755 3283; x_wconf 70' lang='lat' dir='ltr'>Satisfeciss&#39;e</span> <span class='ocrx_word' id='word_1_851' title='bbox 774 3255 893 3282; x_wconf 86' lang='lat' dir='ltr'>omnium</span> <span class='ocrx_word' id='word_1_852' title='bbox 914 3253 1102 3280; x_wconf 86' lang='lat' dir='ltr'>existimationi</span> <span class='ocrx_word' id='word_1_853' title='bbox 1137 3254 1192 3279; x_wconf 83' lang='lat' dir='ltr'>Cic.</span> <span class='ocrx_word' id='word_1_854' title='bbox 1216 3254 1332 3280; x_wconf 88' lang='lat' dir='ltr'>Diuinat.</span> 
     </span>
     <span class='ocr_line' id='line_1_90' title="bbox 302 3289 1337 3326; baseline -0.004 -7"><span class='ocrx_word' id='word_1_855' title='bbox 302 3294 377 3319; x_wconf 90' lang='lat' dir='ltr'>Verr.</span> <span class='ocrx_word' id='word_1_856' title='bbox 393 3303 414 3325; x_wconf 83' lang='grc'>3.</span> <span class='ocrx_word' id='word_1_857' title='bbox 484 3293 550 3319; x_wconf 87' lang='lat' dir='ltr'>Tac.</span> <span class='ocrx_word' id='word_1_858' title='bbox 564 3291 632 3318; x_wconf 82' lang='lat' dir='ltr'>Hist.</span> <span class='ocrx_word' id='word_1_859' title='bbox 649 3301 676 3324; x_wconf 86' lang='lat'>4,</span> <span class='ocrx_word' id='word_1_860' title='bbox 691 3300 707 3326; x_wconf 88' lang='lat'>7</span> <span class='ocrx_word' id='word_1_861' title='bbox 728 3291 854 3325; x_wconf 81' lang='lat' dir='ltr'>Suffragia</span> <span class='ocrx_word' id='word_1_862' title='bbox 875 3295 898 3316; x_wconf 88' lang='lat' dir='ltr'>et</span> <span class='ocrx_word' id='word_1_863' title='bbox 919 3289 1076 3316; x_wconf 81' lang='lat' dir='ltr'>existimatio</span> <span class='ocrx_word' id='word_1_864' title='bbox 1100 3289 1205 3314; x_wconf 80' lang='lat' dir='ltr'>Senatus</span> <span class='ocrx_word' id='word_1_865' title='bbox 1224 3295 1337 3322; x_wconf 86' lang='lat' dir='ltr'>reperta,</span> 
     </span>
     <span class='ocr_line' id='line_1_91' title="bbox 303 3324 1334 3363; baseline -0.006 -9"><span class='ocrx_word' id='word_1_866' title='bbox 303 3335 332 3354; x_wconf 86' lang='lat' dir='ltr'>vt</span> <span class='ocrx_word' id='word_1_867' title='bbox 345 3330 371 3354; x_wconf 88' lang='lat' dir='ltr'>in</span> <span class='ocrx_word' id='word_1_868' title='bbox 385 3329 510 3363; x_wconf 83' lang='lat' dir='ltr'>cuiusque</span> <span class='ocrx_word' id='word_1_869' title='bbox 523 3328 604 3354; x_wconf 89' lang='lat' dir='ltr'>vitam</span> <span class='ocrx_word' id='word_1_870' title='bbox 618 3327 767 3361; x_wconf 82' lang='lat' dir='ltr'>famamque</span> <span class='ocrx_word' id='word_1_871' title='bbox 780 3331 952 3360; x_wconf 81' lang='lat' dir='ltr'>penetrarent.</span> <span class='ocrx_word' id='word_1_872' title='bbox 1020 3325 1088 3351; x_wconf 86' lang='lat' dir='ltr'>Ter.</span> <span class='ocrx_word' id='word_1_873' title='bbox 1103 3325 1198 3350; x_wconf 87' lang='lat' dir='ltr'>Heaut.</span> <span class='ocrx_word' id='word_1_874' title='bbox 1216 3324 1284 3349; x_wconf 85' lang='lat' dir='ltr'>Prol.</span> <span class='ocrx_word' id='word_1_875' title='bbox 1304 3331 1334 3356; x_wconf 85' lang='lat'>25</span> 
     </span>
     <span class='ocr_line' id='line_1_92' title="bbox 304 3356 1333 3395; baseline -0.007 -5"><span class='ocrx_word' id='word_1_876' title='bbox 304 3364 452 3390; x_wconf 76' lang='lat' dir='ltr'>Arbitrium</span> <span class='ocrx_word' id='word_1_877' title='bbox 465 3364 596 3395; x_wconf 85' lang='lat' dir='ltr'>vestrum,</span> <span class='ocrx_word' id='word_1_878' title='bbox 618 3363 700 3389; x_wconf 83' lang='lat' dir='ltr'>vestra</span> <span class='ocrx_word' id='word_1_879' title='bbox 714 3362 873 3388; x_wconf 85' lang='lat' dir='ltr'>existimatio</span> <span class='ocrx_word' id='word_1_880' title='bbox 889 3359 994 3387; x_wconf 82' lang='lat' dir='ltr'>valebit.</span> <span class='ocrx_word' id='word_1_881' title='bbox 1185 3356 1206 3394; x_wconf 56' lang='lat' dir='ltr'><strong>ff</strong></span> <span class='ocrx_word' id='word_1_882' title='bbox 1226 3367 1238 3383; x_wconf 88' lang='lat'><em>2</em></span> <span class='ocrx_word' id='word_1_883' title='bbox 1275 3360 1333 3384; x_wconf 91' lang='lat' dir='ltr'>Exi-</span> 
     </span>
    </p>
   </div>
   <div class='ocr_carea' id='block_1_18' title="bbox 303 3393 1753 3433">
    <p class='ocr_par' dir='ltr' id='par_1_19' title="bbox 303 3393 1753 3433">
     <span class='ocr_line' id='line_1_93' title="bbox 303 3393 1753 3433; baseline -0.002 -9"><span class='ocrx_word' id='word_1_884' title='bbox 303 3398 434 3431; x_wconf 81' lang='lat' dir='ltr'>stimatio,</span> <span class='ocrx_word' id='word_1_885' title='bbox 452 3399 548 3433; x_wconf 62' lang='lat' dir='ltr'>pqaine.</span> <span class='ocrx_word' id='word_1_886' title='bbox 585 3395 679 3433; x_wconf 71' lang='grc' dir='ltr'>[δόξα]</span> <span class='ocrx_word' id='word_1_887' title='bbox 715 3398 771 3423; x_wconf 86' lang='lat' dir='ltr'>Cic.</span> <span class='ocrx_word' id='word_1_888' title='bbox 787 3397 818 3422; x_wconf 91' lang='lat' dir='ltr'>de</span> <span class='ocrx_word' id='word_1_889' title='bbox 833 3398 906 3423; x_wconf 91' lang='lat' dir='ltr'>Orat.</span> <span class='ocrx_word' id='word_1_890' title='bbox 927 3405 949 3429; x_wconf 87' lang='lat'>2,</span> <span class='ocrx_word' id='word_1_891' title='bbox 963 3404 1004 3429; x_wconf 88' lang='lat'>192</span> <span class='ocrx_word' id='word_1_892' title='bbox 1019 3404 1040 3421; x_wconf 90' lang='lat' dir='ltr'>c.</span> <span class='ocrx_word' id='word_1_893' title='bbox 1053 3395 1088 3428; x_wconf 83' lang='lat'>46</span> <span class='ocrx_word' id='word_1_894' title='bbox 1117 3394 1184 3420; x_wconf 92' lang='lat' dir='ltr'>Cum</span> <span class='ocrx_word' id='word_1_895' title='bbox 1199 3393 1284 3427; x_wconf 80' lang='lat' dir='ltr'>agitur</span> <span class='ocrx_word' id='word_1_896' title='bbox 1297 3394 1335 3419; x_wconf 91' lang='lat' dir='ltr'>in-</span> <span class='ocrx_word' id='word_1_897' title='bbox 1349 3403 1386 3427; x_wconf 88' lang='lat'>90</span> <span class='ocrx_word' id='word_1_898' title='bbox 1394 3395 1472 3421; x_wconf 86' lang='lat' dir='ltr'>multi</span> <span class='ocrx_word' id='word_1_899' title='bbox 1492 3394 1579 3421; x_wconf 87' lang='lat' dir='ltr'>subito</span> <span class='ocrx_word' id='word_1_900' title='bbox 1593 3393 1753 3421; x_wconf 76' lang='lat' dir='ltr'>exstiterunt.</span> 
     </span>
    </p>
   </div>
   <div class='ocr_carea' id='block_1_19' title="bbox 305 3429 1338 3538">
    <p class='ocr_par' dir='ltr' id='par_1_20' title="bbox 305 3429 1338 3538">
     <span class='ocr_line' id='line_1_94' title="bbox 305 3429 1336 3467; baseline -0.004 -9"><span class='ocrx_word' id='word_1_901' title='bbox 305 3434 375 3466; x_wconf 81' lang='lat' dir='ltr'>genii</span> <span class='ocrx_word' id='word_1_902' title='bbox 389 3433 469 3459; x_wconf 87' lang='lat' dir='ltr'>nostri</span> <span class='ocrx_word' id='word_1_903' title='bbox 482 3433 650 3460; x_wconf 80' lang='lat' dir='ltr'>existimatio.</span> <span class='ocrx_word' id='word_1_904' title='bbox 686 3432 732 3459; x_wconf 70' lang='lat' dir='ltr'>Sed</span> <span class='ocrx_word' id='word_1_905' title='bbox 739 3433 812 3467; x_wconf 69' lang='lat' dir='ltr'>Jitepe</span> <span class='ocrx_word' id='word_1_906' title='bbox 824 3431 966 3466; x_wconf 65' lang='lat' dir='ltr'>simpliciter</span> <span class='ocrx_word' id='word_1_907' title='bbox 981 3429 1143 3457; x_wconf 76' lang='lat' dir='ltr'>Existimatio</span> <span class='ocrx_word' id='word_1_908' title='bbox 1161 3429 1196 3456; x_wconf 85' lang='lat' dir='ltr'>est</span> <span class='ocrx_word' id='word_1_909' title='bbox 1218 3430 1336 3463; x_wconf 77' lang='lat' dir='ltr'>Dignita-</span> 
     </span>
     <span class='ocr_line' id='line_1_95' title="bbox 306 3464 1335 3503; baseline -0.003 -10"><span class='ocrx_word' id='word_1_910' title='bbox 306 3468 340 3493; x_wconf 76' lang='lat' dir='ltr'>tis</span> <span class='ocrx_word' id='word_1_911' title='bbox 354 3468 455 3494; x_wconf 76' lang='lat' dir='ltr'>illaesae</span> <span class='ocrx_word' id='word_1_912' title='bbox 468 3468 543 3495; x_wconf 81' lang='lat' dir='ltr'>status</span> <span class='ocrx_word' id='word_1_913' title='bbox 557 3469 658 3503; x_wconf 80' lang='lat' dir='ltr'>legibus</span> <span class='ocrx_word' id='word_1_914' title='bbox 675 3477 703 3495; x_wconf 87' lang='lat' dir='ltr'>ac</span> <span class='ocrx_word' id='word_1_915' title='bbox 717 3468 836 3494; x_wconf 84' lang='lat' dir='ltr'>moribus</span> <span class='ocrx_word' id='word_1_916' title='bbox 849 3467 1046 3501; x_wconf 82' lang='lat' dir='ltr'>comprobatus,</span> <span class='ocrx_word' id='word_1_917' title='bbox 1066 3466 1113 3501; x_wconf 89' lang='lat' dir='ltr'>qui</span> <span class='ocrx_word' id='word_1_918' title='bbox 1125 3474 1155 3491; x_wconf 86' lang='lat' dir='ltr'>ex</span> <span class='ocrx_word' id='word_1_919' title='bbox 1170 3464 1269 3491; x_wconf 58' lang='lat' dir='ltr'>delicio</span> <span class='ocrx_word' id='word_1_920' title='bbox 1289 3473 1335 3491; x_wconf 90' lang='lat' dir='ltr'>no-</span> 
     </span>
     <span class='ocr_line' id='line_1_96' title="bbox 309 3499 1338 3538; baseline -0.001 -11"><span class='ocrx_word' id='word_1_921' title='bbox 309 3502 377 3530; x_wconf 77' lang='lat' dir='ltr'>stro.</span> <span class='ocrx_word' id='word_1_922' title='bbox 398 3502 550 3529; x_wconf 64' lang='lat' dir='ltr'>aufloritate</span> <span class='ocrx_word' id='word_1_923' title='bbox 564 3504 668 3538; x_wconf 84' lang='lat' dir='ltr'>legum,</span> <span class='ocrx_word' id='word_1_924' title='bbox 687 3510 730 3530; x_wconf 90' lang='lat' dir='ltr'>aut</span> <span class='ocrx_word' id='word_1_925' title='bbox 752 3503 898 3534; x_wconf 89' lang='lat' dir='ltr'>minuitur,</span> <span class='ocrx_word' id='word_1_926' title='bbox 918 3509 961 3529; x_wconf 85' lang='lat' dir='ltr'>aut</span> <span class='ocrx_word' id='word_1_927' title='bbox 981 3502 1144 3528; x_wconf 87' lang='lat' dir='ltr'>consumitur</span> <span class='ocrx_word' id='word_1_928' title='bbox 1177 3499 1338 3527; x_wconf 83' lang='lat' dir='ltr'>Callistratus</span> 
     </span>
    </p>
   </div>
   <div class='ocr_carea' id='block_1_20' title="bbox 310 3535 1337 3572">
    <p class='ocr_par' dir='ltr' id='par_1_21' title="bbox 310 3535 1337 3572">
     <span class='ocr_line' id='line_1_97' title="bbox 310 3535 1337 3572; baseline 0.002 -10"><span class='ocrx_word' id='word_1_929' title='bbox 310 3535 328 3562; x_wconf 90' lang='lat' dir='ltr'>l.</span> <span class='ocrx_word' id='word_1_930' title='bbox 342 3544 354 3567; x_wconf 85' lang='lat'>5</span> <span class='ocrx_word' id='word_1_931' title='bbox 368 3538 399 3562; x_wconf 97' lang='lat' dir='ltr'>D.</span> <span class='ocrx_word' id='word_1_932' title='bbox 411 3537 442 3562; x_wconf 89' lang='lat' dir='ltr'>de</span> <span class='ocrx_word' id='word_1_933' title='bbox 456 3540 644 3566; x_wconf 85' lang='lat' dir='ltr'>extraordinar.</span> <span class='ocrx_word' id='word_1_934' title='bbox 658 3538 793 3566; x_wconf 87' lang='lat' dir='ltr'>criminib.</span> <span class='ocrx_word' id='word_1_935' title='bbox 864 3539 918 3564; x_wconf 90' lang='lat' dir='ltr'>Cic.</span> <span class='ocrx_word' id='word_1_936' title='bbox 935 3539 1011 3564; x_wconf 90' lang='lat' dir='ltr'>Verr.</span> <span class='ocrx_word' id='word_1_937' title='bbox 1025 3546 1049 3568; x_wconf 88' lang='lat'>2,</span> <span class='ocrx_word' id='word_1_938' title='bbox 1064 3545 1094 3572; x_wconf 85' lang='lat'>57</span> <span class='ocrx_word' id='word_1_939' title='bbox 1124 3536 1196 3570; x_wconf 74' lang='lat' dir='ltr'>Qlid</span> <span class='ocrx_word' id='word_1_940' title='bbox 1210 3536 1280 3562; x_wconf 79' lang='lat' dir='ltr'>enim</span> <span class='ocrx_word' id='word_1_941' title='bbox 1295 3535 1337 3562; x_wconf 86' lang='lat' dir='ltr'>de-</span> 
     </span>
    </p>
   </div>
   <div class='ocr_carea' id='block_1_21' title="bbox 311 3569 2442 3610">
    <p class='ocr_par' dir='ltr' id='par_1_22' title="bbox 311 3567 2458 3610">
     <span class='ocr_line' id='line_1_98' title="bbox 311 3569 2442 3610; baseline -0.001 -13"><span class='ocrx_word' id='word_1_942' title='bbox 311 3570 370 3597; x_wconf 89' lang='lat' dir='ltr'>buit</span> <span class='ocrx_word' id='word_1_943' title='bbox 384 3572 488 3597; x_wconf 86' lang='lat' dir='ltr'>Praetor</span> <span class='ocrx_word' id='word_1_944' title='bbox 502 3573 511 3597; x_wconf 76' lang='lat'>3</span> <span class='ocrx_word' id='word_1_945' title='bbox 544 3583 623 3606; x_wconf 85' lang='lat' dir='ltr'>quum</span> <span class='ocrx_word' id='word_1_946' title='bbox 637 3575 745 3601; x_wconf 87' lang='lat' dir='ltr'>consilio</span> <span class='ocrx_word' id='word_1_947' title='bbox 758 3583 787 3601; x_wconf 89' lang='lat' dir='ltr'>re</span> <span class='ocrx_word' id='word_1_948' title='bbox 800 3573 920 3607; x_wconf 82' lang='lat' dir='ltr'>cognita,</span> <span class='ocrx_word' id='word_1_949' title='bbox 940 3582 1022 3607; x_wconf 87' lang='lat' dir='ltr'>quum</span> <span class='ocrx_word' id='word_1_950' title='bbox 1035 3572 1196 3607; x_wconf 76' lang='lat' dir='ltr'>comperisset</span> <span class='ocrx_word' id='word_1_951' title='bbox 1213 3571 1285 3597; x_wconf 90' lang='lat' dir='ltr'>suum</span> <span class='ocrx_word' id='word_1_952' title='bbox 1297 3580 1339 3598; x_wconf 84' lang='lat' dir='ltr'>co·</span> <span class='ocrx_word' id='word_1_953' title='bbox 1357 3576 1389 3602; x_wconf 82' lang='lat'>95</span> <span class='ocrx_word' id='word_1_954' title='bbox 1399 3569 1490 3596; x_wconf 84' lang='lat' dir='ltr'>nesicia</span> <span class='ocrx_word' id='word_1_955' title='bbox 1514 3575 1557 3595; x_wconf 88' lang='lat' dir='ltr'>tua</span> <span class='ocrx_word' id='word_1_956' title='bbox 1574 3569 1600 3595; x_wconf 88' lang='lat' dir='ltr'>in</span> <span class='ocrx_word' id='word_1_957' title='bbox 1621 3579 1662 3596; x_wconf 89' lang='lat' dir='ltr'>me</span> <span class='ocrx_word' id='word_1_958' title='bbox 1682 3571 1722 3596; x_wconf 89' lang='lat' dir='ltr'>vel</span> <span class='ocrx_word' id='word_1_959' title='bbox 1735 3578 1796 3597; x_wconf 90' lang='lat' dir='ltr'>nota</span> <span class='ocrx_word' id='word_1_960' title='bbox 1810 3571 1947 3605; x_wconf 86' lang='lat' dir='ltr'>omnibus,</span> <span class='ocrx_word' id='word_1_961' title='bbox 1967 3573 2007 3600; x_wconf 85' lang='lat' dir='ltr'>vcl</span> <span class='ocrx_word' id='word_1_962' title='bbox 2019 3574 2073 3608; x_wconf 86' lang='lat' dir='ltr'>ipsa</span> <span class='ocrx_word' id='word_1_963' title='bbox 2086 3573 2204 3610; x_wconf 77' lang='lat' dir='ltr'>nouitate</span> <span class='ocrx_word' id='word_1_964' title='bbox 2216 3576 2363 3604; x_wconf 87' lang='lat' dir='ltr'>temporum</span> <span class='ocrx_word' id='word_1_965' title='bbox 2376 3569 2442 3596; x_wconf 67' lang='lat' dir='ltr'>cla-⁴</span> 
     </span>
    </p>
   </div>
   <div class='ocr_carea' id='block_1_22' title="bbox 311 3605 1339 3679">
    <p class='ocr_par' dir='ltr' id='par_1_23' title="bbox 311 3605 1339 3679">
     <span class='ocr_line' id='line_1_99' title="bbox 311 3605 1338 3645; baseline -0.001 -12"><span class='ocrx_word' id='word_1_966' title='bbox 311 3605 403 3633; x_wconf 85' lang='lat' dir='ltr'>mitem</span> <span class='ocrx_word' id='word_1_967' title='bbox 412 3625 425 3645; x_wconf 52' lang='lat'>⁹.</span> <span class='ocrx_word' id='word_1_968' title='bbox 441 3606 519 3636; x_wconf 81' lang='lat' dir='ltr'>iuris,</span> <span class='ocrx_word' id='word_1_969' title='bbox 540 3607 652 3641; x_wconf 86' lang='lat' dir='ltr'>decreti,</span> <span class='ocrx_word' id='word_1_970' title='bbox 671 3610 764 3636; x_wconf 77' lang='lat' dir='ltr'>iudicii</span> <span class='ocrx_word' id='word_1_971' title='bbox 788 3608 974 3643; x_wconf 85' lang='lat' dir='ltr'>corrumpendi</span> <span class='ocrx_word' id='word_1_972' title='bbox 997 3610 1084 3639; x_wconf 86' lang='lat' dir='ltr'>causa,</span> <span class='ocrx_word' id='word_1_973' title='bbox 1099 3616 1149 3642; x_wconf 89' lang='lat' dir='ltr'>qua</span> <span class='ocrx_word' id='word_1_974' title='bbox 1172 3608 1199 3633; x_wconf 91' lang='lat' dir='ltr'>in</span> <span class='ocrx_word' id='word_1_975' title='bbox 1217 3615 1244 3633; x_wconf 89' lang='lat' dir='ltr'>re</span> <span class='ocrx_word' id='word_1_976' title='bbox 1261 3606 1338 3641; x_wconf 88' lang='lat' dir='ltr'>ipsius</span> 
     </span>
     <span class='ocr_line' id='line_1_100' title="bbox 311 3641 1339 3679; baseline 0.001 -11"><span class='ocrx_word' id='word_1_977' title='bbox 311 3641 441 3668; x_wconf 80' lang='lat' dir='ltr'>Praetoris</span> <span class='ocrx_word' id='word_1_978' title='bbox 468 3641 566 3674; x_wconf 88' lang='lat' dir='ltr'>Caput,</span> <span class='ocrx_word' id='word_1_979' title='bbox 590 3644 799 3679; x_wconf 87' lang='lat' dir='ltr'>existimatioque</span> <span class='ocrx_word' id='word_1_980' title='bbox 820 3650 954 3679; x_wconf 87' lang='lat' dir='ltr'>ageretur,</span> <span class='ocrx_word' id='word_1_981' title='bbox 976 3645 1112 3677; x_wconf 84' lang='lat' dir='ltr'>pecuniam</span> <span class='ocrx_word' id='word_1_982' title='bbox 1133 3643 1268 3677; x_wconf 83' lang='lat' dir='ltr'>accepisse,</span> <span class='ocrx_word' id='word_1_983' title='bbox 1293 3649 1339 3669; x_wconf 83' lang='lat' dir='ltr'>etc.</span> 
     </span>
    </p>
   </div>
   <div class='ocr_carea' id='block_1_23' title="bbox 311 3676 1480 3782">
    <p class='ocr_par' dir='ltr' id='par_1_24' title="bbox 311 3676 1480 3782">
     <span class='ocr_line' id='line_1_101' title="bbox 311 3676 1340 3720; baseline -0.002 -14"><span class='ocrx_word' id='word_1_984' title='bbox 311 3677 367 3703; x_wconf 76' lang='lat' dir='ltr'>Cic·</span> <span class='ocrx_word' id='word_1_985' title='bbox 389 3676 416 3701; x_wconf 71' lang='lat' dir='ltr'>in</span> <span class='ocrx_word' id='word_1_986' title='bbox 433 3676 517 3701; x_wconf 73' lang='lat' dir='ltr'>Pison-</span> <span class='ocrx_word' id='word_1_987' title='bbox 535 3678 565 3707; x_wconf 81' lang='lat'>63</span> <span class='ocrx_word' id='word_1_988' title='bbox 584 3685 603 3701; x_wconf 84' lang='lat' dir='ltr'>t.</span> <span class='ocrx_word' id='word_1_989' title='bbox 624 3686 655 3712; x_wconf 87' lang='lat'>27</span> <span class='ocrx_word' id='word_1_990' title='bbox 676 3689 703 3705; x_wconf 81' lang='lat' dir='ltr'>ex</span> <span class='ocrx_word' id='word_1_991' title='bbox 721 3682 852 3716; x_wconf 65' lang='lat' dir='ltr'>disciplina</span> <span class='ocrx_word' id='word_1_992' title='bbox 872 3681 1002 3720; x_wconf 63' lang='lat' dir='ltr'>Epicurea,</span> <span class='ocrx_word' id='word_1_993' title='bbox 1020 3679 1200 3711; x_wconf 84' lang='lat' dir='ltr'>Existimatio,</span> <span class='ocrx_word' id='word_1_994' title='bbox 1219 3677 1340 3718; x_wconf 83' lang='lat' dir='ltr'>dedecus,</span> 
     </span>
     <span class='ocr_line' id='line_1_102' title="bbox 978 3714 1480 3782; baseline -0.004 -6"><span class='ocrx_word' id='word_1_995' title='bbox 978 3749 1032 3776; x_wconf 90' lang='lat' dir='ltr'>Cic.</span> <span class='ocrx_word' id='word_1_996' title='bbox 1047 3714 1166 3781; x_wconf 48' lang='lat' dir='ltr'>Vleqrpzo</span> <span class='ocrx_word' id='word_1_997' title='bbox 1181 3714 1340 3781; x_wconf 51' lang='lat' dir='ltr'>gemitxlccmg</span> <span class='ocrx_word' id='word_1_998' title='bbox 1346 3756 1393 3775; x_wconf 90' lang='lat'>100</span> <span class='ocrx_word' id='word_1_999' title='bbox 1392 3746 1480 3782; x_wconf 81' lang='lat' dir='ltr'>strem.</span> 
     </span>
    </p>
   </div>
   <div class='ocr_carea' id='block_1_24' title="bbox 308 3710 1338 3925">
    <p class='ocr_par' dir='ltr' id='par_1_25' title="bbox 308 3710 1338 3925">
     <span class='ocr_line' id='line_1_103' title="bbox 310 3710 997 3750; baseline 0.001 -12"><span class='ocrx_word' id='word_1_1000' title='bbox 310 3711 437 3743; x_wconf 85' lang='lat' dir='ltr'>infamia,</span> <span class='ocrx_word' id='word_1_1001' title='bbox 455 3710 605 3744; x_wconf 75' lang='lat' dir='ltr'>turpitudo,</span> <span class='ocrx_word' id='word_1_1002' title='bbox 623 3713 701 3739; x_wconf 84' lang='lat' dir='ltr'>verba</span> <span class='ocrx_word' id='word_1_1003' title='bbox 715 3715 771 3741; x_wconf 90' lang='lat' dir='ltr'>sunt</span> <span class='ocrx_word' id='word_1_1004' title='bbox 784 3723 860 3750; x_wconf 90' lang='lat' dir='ltr'>atque</span> <span class='ocrx_word' id='word_1_1005' title='bbox 873 3721 997 3749; x_wconf 81' lang='lat' dir='ltr'>ineptiae.</span> 
     </span>
     <span class='ocr_line' id='line_1_104' title="bbox 311 3745 908 3777; baseline -0.003 -4"><span class='ocrx_word' id='word_1_1006' title='bbox 311 3747 403 3775; x_wconf 84' lang='lat' dir='ltr'>Homo</span> <span class='ocrx_word' id='word_1_1007' title='bbox 429 3755 457 3772; x_wconf 89' lang='lat' dir='ltr'>ea</span> <span class='ocrx_word' id='word_1_1008' title='bbox 480 3745 670 3772; x_wconf 75' lang='lat' dir='ltr'>existimatione</span> <span class='ocrx_word' id='word_1_1009' title='bbox 704 3762 749 3768; x_wconf 34' lang='grc' dir='ltr'>ᾖ</span> <span class='ocrx_word' id='word_1_1010' title='bbox 784 3751 886 3777; x_wconf 57' lang='lat' dir='ltr'>sanauit</span> <span class='ocrx_word' id='word_1_1011' title='bbox 900 3752 908 3777; x_wconf 70' lang='grc' dir='ltr'><strong><em>ζ</em></strong></span> 
     </span>
     <span class='ocr_line' id='line_1_105' title="bbox 311 3780 1338 3820; baseline 0.003 -12"><span class='ocrx_word' id='word_1_1012' title='bbox 311 3784 383 3808; x_wconf 85' lang='lat' dir='ltr'>enim</span> <span class='ocrx_word' id='word_1_1013' title='bbox 398 3782 516 3816; x_wconf 84' lang='lat' dir='ltr'>ignorat,</span> <span class='ocrx_word' id='word_1_1014' title='bbox 534 3789 587 3815; x_wconf 91' lang='lat' dir='ltr'>quo</span> <span class='ocrx_word' id='word_1_1015' title='bbox 602 3780 643 3806; x_wconf 92' lang='lat' dir='ltr'>hic</span> <span class='ocrx_word' id='word_1_1016' title='bbox 658 3782 684 3807; x_wconf 91' lang='lat' dir='ltr'>in</span> <span class='ocrx_word' id='word_1_1017' title='bbox 698 3783 804 3810; x_wconf 88' lang='lat' dir='ltr'>ciuitate</span> <span class='ocrx_word' id='word_1_1018' title='bbox 818 3786 859 3811; x_wconf 90' lang='lat' dir='ltr'>sua</span> <span class='ocrx_word' id='word_1_1019' title='bbox 872 3785 1025 3820; x_wconf 86' lang='lat' dir='ltr'>splendore,</span> <span class='ocrx_word' id='word_1_1020' title='bbox 1046 3794 1097 3819; x_wconf 88' lang='lat' dir='ltr'>qua</span> <span class='ocrx_word' id='word_1_1021' title='bbox 1115 3783 1182 3818; x_wconf 89' lang='lat' dir='ltr'>apud</span> <span class='ocrx_word' id='word_1_1022' title='bbox 1196 3793 1287 3810; x_wconf 89' lang='lat' dir='ltr'>omnes</span> <span class='ocrx_word' id='word_1_1023' title='bbox 1300 3785 1338 3811; x_wconf 86' lang='lat' dir='ltr'>Si-</span> 
     </span>
     <span class='ocr_line' id='line_1_106' title="bbox 310 3817 1338 3851; baseline 0.001 -8"><span class='ocrx_word' id='word_1_1024' title='bbox 310 3818 383 3843; x_wconf 83' lang='lat' dir='ltr'>culos</span> <span class='ocrx_word' id='word_1_1025' title='bbox 395 3817 521 3851; x_wconf 82' lang='lat' dir='ltr'>dignitate</span> <span class='ocrx_word' id='word_1_1026' title='bbox 531 3836 539 3847; x_wconf 87' lang='lat'>‚</span> <span class='ocrx_word' id='word_1_1027' title='bbox 561 3822 638 3849; x_wconf 85' lang='lat' dir='ltr'>atque</span> <span class='ocrx_word' id='word_1_1028' title='bbox 652 3817 841 3845; x_wconf 85' lang='lat' dir='ltr'>existimatione</span> <span class='ocrx_word' id='word_1_1029' title='bbox 854 3821 892 3846; x_wconf 89' lang='lat' dir='ltr'>sit.</span> <span class='ocrx_word' id='word_1_1030' title='bbox 928 3823 965 3847; x_wconf 88' lang='lat' dir='ltr'>De</span> <span class='ocrx_word' id='word_1_1031' title='bbox 979 3821 1068 3847; x_wconf 69' lang='lat' dir='ltr'>simio.</span> <span class='ocrx_word' id='word_1_1032' title='bbox 1139 3819 1203 3845; x_wconf 87' lang='lat' dir='ltr'>Tua</span> <span class='ocrx_word' id='word_1_1033' title='bbox 1216 3819 1284 3846; x_wconf 84' lang='lat' dir='ltr'>milii</span> <span class='ocrx_word' id='word_1_1034' title='bbox 1295 3829 1338 3846; x_wconf 87' lang='lat' dir='ltr'>ex-</span> 
     </span>
     <span class='ocr_line' id='line_1_107' title="bbox 308 3851 1337 3890; baseline 0.002 -11"><span class='ocrx_word' id='word_1_1035' title='bbox 308 3853 435 3879; x_wconf 71' lang='lat' dir='ltr'>istumatio</span> <span class='ocrx_word' id='word_1_1036' title='bbox 461 3858 486 3878; x_wconf 88' lang='lat' dir='ltr'>et</span> <span class='ocrx_word' id='word_1_1037' title='bbox 506 3851 617 3885; x_wconf 82' lang='lat' dir='ltr'>dignitas</span> <span class='ocrx_word' id='word_1_1038' title='bbox 636 3851 758 3878; x_wconf 84' lang='lat' dir='ltr'>cariffima</span> <span class='ocrx_word' id='word_1_1039' title='bbox 772 3852 807 3878; x_wconf 85' lang='lat' dir='ltr'>est</span> <span class='ocrx_word' id='word_1_1040' title='bbox 836 3854 873 3879; x_wconf 88' lang='lat' dir='ltr'>Id.</span> <span class='ocrx_word' id='word_1_1041' title='bbox 889 3856 958 3882; x_wconf 87' lang='lat' dir='ltr'>Fam.</span> <span class='ocrx_word' id='word_1_1042' title='bbox 972 3865 994 3890; x_wconf 85' lang='grc'>3,</span> <span class='ocrx_word' id='word_1_1043' title='bbox 1007 3865 1033 3889; x_wconf 88' lang='lat'>4.</span> <span class='ocrx_word' id='word_1_1044' title='bbox 1103 3854 1159 3880; x_wconf 89' lang='lat' dir='ltr'>Cic.</span> <span class='ocrx_word' id='word_1_1045' title='bbox 1174 3864 1221 3888; x_wconf 82' lang='lat' dir='ltr'>pro</span> <span class='ocrx_word' id='word_1_1046' title='bbox 1236 3855 1304 3881; x_wconf 88' lang='lat' dir='ltr'>Cael.</span> <span class='ocrx_word' id='word_1_1047' title='bbox 1319 3857 1337 3881; x_wconf 88' lang='lat'>6</span> 
     </span>
     <span class='ocr_line' id='line_1_108' title="bbox 308 3887 1333 3925; baseline 0.003 -11"><span class='ocrx_word' id='word_1_1048' title='bbox 308 3888 437 3922; x_wconf 87' lang='lat' dir='ltr'>Equidem</span> <span class='ocrx_word' id='word_1_1049' title='bbox 460 3893 488 3914; x_wconf 86' lang='lat' dir='ltr'>vt</span> <span class='ocrx_word' id='word_1_1050' title='bbox 510 3887 540 3913; x_wconf 91' lang='lat' dir='ltr'>ad</span> <span class='ocrx_word' id='word_1_1051' title='bbox 564 3895 606 3912; x_wconf 88' lang='lat' dir='ltr'>me</span> <span class='ocrx_word' id='word_1_1052' title='bbox 627 3892 759 3918; x_wconf 82' lang='lat' dir='ltr'>reuertar,</span> <span class='ocrx_word' id='word_1_1053' title='bbox 777 3887 809 3913; x_wconf 87' lang='lat' dir='ltr'>ab</span> <span class='ocrx_word' id='word_1_1054' title='bbox 831 3888 871 3914; x_wconf 91' lang='lat' dir='ltr'>his</span> <span class='ocrx_word' id='word_1_1055' title='bbox 887 3890 1005 3917; x_wconf 89' lang='lat' dir='ltr'>fontibus</span> <span class='ocrx_word' id='word_1_1056' title='bbox 1019 3890 1131 3925; x_wconf 85' lang='lat' dir='ltr'>profluxi</span> <span class='ocrx_word' id='word_1_1057' title='bbox 1149 3890 1179 3915; x_wconf 89' lang='lat' dir='ltr'>ad</span> <span class='ocrx_word' id='word_1_1058' title='bbox 1195 3890 1333 3917; x_wconf 89' lang='lat' dir='ltr'>hominum</span> 
     </span>
    </p>
   </div>
   <div class='ocr_carea' id='block_1_25' title="bbox 307 3921 1605 3960">
    <p class='ocr_par' dir='ltr' id='par_1_26' title="bbox 307 3921 1605 3960">
     <span class='ocr_line' id='line_1_109' title="bbox 307 3921 1605 3960; baseline 0 -9"><span class='ocrx_word' id='word_1_1059' title='bbox 307 3924 413 3951; x_wconf 84' lang='lat' dir='ltr'>Famam</span> <span class='ocrx_word' id='word_1_1060' title='bbox 429 3934 435 3950; x_wconf 73' lang='grc' dir='ltr'>ι</span> <span class='ocrx_word' id='word_1_1061' title='bbox 468 3929 494 3950; x_wconf 84' lang='lat' dir='ltr'>et</span> <span class='ocrx_word' id='word_1_1062' title='bbox 508 3930 579 3949; x_wconf 73' lang='lat' dir='ltr'>meus</span> <span class='ocrx_word' id='word_1_1063' title='bbox 591 3921 635 3949; x_wconf 86' lang='lat' dir='ltr'>hic</span> <span class='ocrx_word' id='word_1_1064' title='bbox 649 3921 725 3949; x_wconf 83' lang='lat' dir='ltr'>labor</span> <span class='ocrx_word' id='word_1_1065' title='bbox 737 3921 847 3949; x_wconf 72' lang='lat' dir='ltr'>sorensis</span> <span class='ocrx_word' id='word_1_1066' title='bbox 859 3924 980 3958; x_wconf 87' lang='lat' dir='ltr'>vitaeque</span> <span class='ocrx_word' id='word_1_1067' title='bbox 992 3927 1062 3953; x_wconf 86' lang='lat' dir='ltr'>ratio</span> <span class='ocrx_word' id='word_1_1068' title='bbox 1076 3925 1222 3952; x_wconf 87' lang='lat' dir='ltr'>dimanauit</span> <span class='ocrx_word' id='word_1_1069' title='bbox 1234 3925 1266 3952; x_wconf 84' lang='lat' dir='ltr'>ad</span> <span class='ocrx_word' id='word_1_1070' title='bbox 1281 3926 1335 3953; x_wconf 83' lang='lat' dir='ltr'>exi·</span> <span class='ocrx_word' id='word_1_1071' title='bbox 1344 3933 1388 3960; x_wconf 81' lang='lat'>105</span> <span class='ocrx_word' id='word_1_1072' title='bbox 1396 3925 1462 3953; x_wconf 86' lang='lat' dir='ltr'>stitit</span> <span class='ocrx_word' id='word_1_1073' title='bbox 1479 3925 1605 3952; x_wconf 83' lang='lat' dir='ltr'>Exitium.</span> 
     </span>
    </p>
   </div>
   <div class='ocr_carea' id='block_1_26' title="bbox 1345 568 1981 604">
    <p class='ocr_par' dir='ltr' id='par_1_27' title="bbox 1345 568 1981 604">
     <span class='ocr_line' id='line_1_110' title="bbox 1345 568 1981 604; baseline 0.003 -10"><span class='ocrx_word' id='word_1_1074' title='bbox 1345 568 1442 603; x_wconf 88' lang='lat' dir='ltr'>10le.</span> <span class='ocrx_word' id='word_1_1075' title='bbox 1467 569 1494 594; x_wconf 91' lang='lat' dir='ltr'>in</span> <span class='ocrx_word' id='word_1_1076' title='bbox 1519 569 1532 595; x_wconf 94' lang='lat' dir='ltr'>l.</span> <span class='ocrx_word' id='word_1_1077' title='bbox 1557 577 1624 603; x_wconf 88' lang='lat' dir='ltr'>quae</span> <span class='ocrx_word' id='word_1_1078' title='bbox 1648 571 1738 597; x_wconf 87' lang='lat' dir='ltr'>omnia</span> <span class='ocrx_word' id='word_1_1079' title='bbox 1758 572 1789 597; x_wconf 92' lang='lat' dir='ltr'>D.</span> <span class='ocrx_word' id='word_1_1080' title='bbox 1803 571 1834 596; x_wconf 88' lang='lat' dir='ltr'>de</span> <span class='ocrx_word' id='word_1_1081' title='bbox 1850 576 1981 604; x_wconf 85' lang='lat' dir='ltr'>procurat.</span> 
     </span>
    </p>
   </div>
   <div class='ocr_carea' id='block_1_27' title="bbox 653 744 1416 785">
    <p class='ocr_par' dir='ltr' id='par_1_28' title="bbox 653 744 1416 785">
     <span class='ocr_line' id='line_1_111' title="bbox 653 744 1416 785; baseline -0.01 -10"><span class='ocrx_word' id='word_1_1082' title='bbox 653 748 726 775; x_wconf 87' lang='lat' dir='ltr'>Idem</span> <span class='ocrx_word' id='word_1_1083' title='bbox 740 749 811 775; x_wconf 90' lang='lat' dir='ltr'>Fam.</span> <span class='ocrx_word' id='word_1_1084' title='bbox 827 757 847 780; x_wconf 87' lang='lat'>1,</span> <span class='ocrx_word' id='word_1_1085' title='bbox 862 755 878 782; x_wconf 88' lang='lat'><strong>7</strong></span> <span class='ocrx_word' id='word_1_1086' title='bbox 907 747 955 774; x_wconf 81' lang='lat' dir='ltr'>Sed</span> <span class='ocrx_word' id='word_1_1087' title='bbox 977 755 1007 773; x_wconf 88' lang='lat' dir='ltr'>ea</span> <span class='ocrx_word' id='word_1_1088' title='bbox 1017 747 1142 774; x_wconf 86' lang='lat' dir='ltr'>sententia</span> <span class='ocrx_word' id='word_1_1089' title='bbox 1157 744 1189 770; x_wconf 89' lang='lat' dir='ltr'>sic</span> <span class='ocrx_word' id='word_1_1090' title='bbox 1203 750 1228 769; x_wconf 89' lang='lat' dir='ltr'>et</span> <span class='ocrx_word' id='word_1_1091' title='bbox 1243 744 1283 769; x_wconf 88' lang='lat' dir='ltr'>illi</span> <span class='ocrx_word' id='word_1_1092' title='bbox 1297 747 1322 768; x_wconf 87' lang='lat' dir='ltr'>et</span> <span class='ocrx_word' id='word_1_1093' title='bbox 1342 759 1367 785; x_wconf 56' lang='grc' dir='ltr'>ις</span> <span class='ocrx_word' id='word_1_1094' title='bbox 1384 754 1416 778; x_wconf 76' lang='lat'>¹5-</span> 
     </span>
    </p>
   </div>
   <div class='ocr_carea' id='block_1_28' title="bbox 471 1096 1361 1138">
    <p class='ocr_par' dir='ltr' id='par_1_29' title="bbox 471 1096 1361 1138">
     <span class='ocr_line' id='line_1_112' title="bbox 471 1096 1361 1138; baseline -0.008 -8"><span class='ocrx_word' id='word_1_1095' title='bbox 471 1104 541 1131; x_wconf 79' lang='lat' dir='ltr'>Male</span> <span class='ocrx_word' id='word_1_1096' title='bbox 554 1103 585 1129; x_wconf 90' lang='lat' dir='ltr'>dc</span> <span class='ocrx_word' id='word_1_1097' title='bbox 598 1103 689 1138; x_wconf 89' lang='lat' dir='ltr'>aliquo</span> <span class='ocrx_word' id='word_1_1098' title='bbox 703 1103 869 1134; x_wconf 82' lang='lat' dir='ltr'>existimare,</span> <span class='ocrx_word' id='word_1_1099' title='bbox 890 1110 939 1128; x_wconf 87' lang='lat' dir='ltr'>non</span> <span class='ocrx_word' id='word_1_1100' title='bbox 956 1110 1015 1128; x_wconf 86' lang='lat' dir='ltr'>raro</span> <span class='ocrx_word' id='word_1_1101' title='bbox 1035 1100 1178 1128; x_wconf 53' lang='lat' dir='ltr'>mitioribus</span> <span class='ocrx_word' id='word_1_1102' title='bbox 1192 1096 1223 1132; x_wconf 70' lang='lat' dir='ltr'>eli</span> <span class='ocrx_word' id='word_1_1103' title='bbox 1232 1118 1240 1131; x_wconf 94' lang='lat'>,</span> <span class='ocrx_word' id='word_1_1104' title='bbox 1254 1098 1323 1124; x_wconf 74' lang='lat' dir='ltr'>Mate</span> <span class='ocrx_word' id='word_1_1105' title='bbox 1330 1113 1361 1138; x_wconf 73' lang='lat'>25</span> 
     </span>
    </p>
   </div>
   <div class='ocr_carea' id='block_1_29' title="bbox 486 1449 1359 1491">
    <p class='ocr_par' dir='ltr' id='par_1_30' title="bbox 486 1449 1359 1491">
     <span class='ocr_line' id='line_1_113' title="bbox 486 1449 1359 1491; baseline -0.009 -8"><span class='ocrx_word' id='word_1_1106' title='bbox 486 1457 566 1482; x_wconf 86' lang='lat' dir='ltr'>Domi</span> <span class='ocrx_word' id='word_1_1107' title='bbox 581 1456 638 1482; x_wconf 88' lang='lat' dir='ltr'>suae</span> <span class='ocrx_word' id='word_1_1108' title='bbox 659 1465 717 1482; x_wconf 87' lang='lat' dir='ltr'>cum</span> <span class='ocrx_word' id='word_1_1109' title='bbox 736 1456 829 1490; x_wconf 87' lang='lat' dir='ltr'>primis</span> <span class='ocrx_word' id='word_1_1110' title='bbox 848 1454 970 1481; x_wconf 81' lang='lat' dir='ltr'>honestus</span> <span class='ocrx_word' id='word_1_1111' title='bbox 984 1452 1147 1479; x_wconf 86' lang='lat' dir='ltr'>existimatus</span> <span class='ocrx_word' id='word_1_1112' title='bbox 1159 1451 1195 1477; x_wconf 84' lang='lat' dir='ltr'>cst</span> <span class='ocrx_word' id='word_1_1113' title='bbox 1209 1451 1247 1476; x_wconf 94' lang='lat' dir='ltr'>M.</span> <span class='ocrx_word' id='word_1_1114' title='bbox 1263 1449 1359 1491; x_wconf 74' lang='lat' dir='ltr'>Ful-33</span> 
     </span>
    </p>
   </div>
   <div class='ocr_carea' id='block_1_30' title="bbox 703 1627 1367 1668">
    <p class='ocr_par' dir='ltr' id='par_1_31' title="bbox 703 1627 1367 1668">
     <span class='ocr_line' id='line_1_114' title="bbox 703 1627 1367 1668; baseline -0.009 -10"><span class='ocrx_word' id='word_1_1115' title='bbox 703 1631 796 1666; x_wconf 83' lang='lat' dir='ltr'>Regali</span> <span class='ocrx_word' id='word_1_1116' title='bbox 808 1629 915 1657; x_wconf 89' lang='lat' dir='ltr'>nomine</span> <span class='ocrx_word' id='word_1_1117' title='bbox 928 1629 1021 1664; x_wconf 81' lang='lat' dir='ltr'>dignus</span> <span class='ocrx_word' id='word_1_1118' title='bbox 1047 1628 1210 1655; x_wconf 85' lang='lat' dir='ltr'>existimatus</span> <span class='ocrx_word' id='word_1_1119' title='bbox 1223 1627 1259 1653; x_wconf 88' lang='lat' dir='ltr'>est</span> <span class='ocrx_word' id='word_1_1120' title='bbox 1272 1628 1367 1668; x_wconf 84' lang='lat' dir='ltr'>De-40</span> 
     </span>
    </p>
   </div>
   <div class='ocr_carea' id='block_1_31' title="bbox 805 1805 1363 1843">
    <p class='ocr_par' dir='ltr' id='par_1_32' title="bbox 805 1805 1363 1843">
     <span class='ocr_line' id='line_1_115' title="bbox 805 1805 1363 1843; baseline -0.007 -11"><span class='ocrx_word' id='word_1_1121' title='bbox 805 1805 825 1843; x_wconf 59' lang='lat' dir='ltr'>“ij</span> <span class='ocrx_word' id='word_1_1122' title='bbox 844 1814 860 1832; x_wconf 87' lang='lat'>2</span> <span class='ocrx_word' id='word_1_1123' title='bbox 897 1806 1000 1832; x_wconf 85' lang='lat' dir='ltr'>Extinio</span> <span class='ocrx_word' id='word_1_1124' title='bbox 1010 1815 1058 1841; x_wconf 78' lang='lat' dir='ltr'>pro</span> <span class='ocrx_word' id='word_1_1125' title='bbox 1077 1805 1206 1831; x_wconf 84' lang='lat' dir='ltr'>Existimo</span> <span class='ocrx_word' id='word_1_1126' title='bbox 1229 1805 1363 1843; x_wconf 63' lang='lat' dir='ltr'>legit10r43</span> 
     </span>
    </p>
   </div>
   <div class='ocr_carea' id='block_1_32' title="bbox 791 2330 1367 2369">
    <p class='ocr_par' dir='ltr' id='par_1_33' title="bbox 791 2330 1367 2369">
     <span class='ocr_line' id='line_1_116' title="bbox 791 2330 1367 2369; baseline -0.009 -7"><span class='ocrx_word' id='word_1_1127' title='bbox 791 2333 911 2369; x_wconf 49' lang='lat' dir='ltr'>[do‘nno’iss</span> <span class='ocrx_word' id='word_1_1128' title='bbox 932 2333 1049 2364; x_wconf 63' lang='grc' dir='ltr'>ὑπόληψις</span> <span class='ocrx_word' id='word_1_1129' title='bbox 1056 2354 1065 2366; x_wconf 84' lang='grc'>,</span> <span class='ocrx_word' id='word_1_1130' title='bbox 1084 2334 1175 2368; x_wconf 69' lang='grc' dir='ltr'>οἴησις]</span> <span class='ocrx_word' id='word_1_1131' title='bbox 1211 2330 1325 2368; x_wconf 66' lang='lat' dir='ltr'>Quando,</span> <span class='ocrx_word' id='word_1_1132' title='bbox 1332 2336 1367 2361; x_wconf 91' lang='lat'>60</span> 
     </span>
    </p>
   </div>
   <div class='ocr_carea' id='block_1_33' title="bbox 486 2508 2330 2549">
    <p class='ocr_par' dir='ltr' id='par_1_34' title="bbox 486 2508 2330 2549">
     <span class='ocr_line' id='line_1_117' title="bbox 486 2508 2330 2549; baseline -0.004 -7"><span class='ocrx_word' id='word_1_1133' title='bbox 486 2518 515 2543; x_wconf 84' lang='lat' dir='ltr'>Et</span> <span class='ocrx_word' id='word_1_1134' title='bbox 529 2517 606 2542; x_wconf 90' lang='lat' dir='ltr'>Verr.</span> <span class='ocrx_word' id='word_1_1135' title='bbox 622 2525 644 2548; x_wconf 78' lang='lat'>5,</span> <span class='ocrx_word' id='word_1_1136' title='bbox 660 2517 703 2549; x_wconf 85' lang='lat'>176</span> <span class='ocrx_word' id='word_1_1137' title='bbox 719 2523 741 2541; x_wconf 89' lang='lat' dir='ltr'>c.</span> <span class='ocrx_word' id='word_1_1138' title='bbox 755 2517 787 2544; x_wconf 88' lang='lat'>68</span> <span class='ocrx_word' id='word_1_1139' title='bbox 824 2514 863 2540; x_wconf 91' lang='lat' dir='ltr'>De</span> <span class='ocrx_word' id='word_1_1140' title='bbox 882 2512 1007 2539; x_wconf 87' lang='lat' dir='ltr'>omnibus</span> <span class='ocrx_word' id='word_1_1141' title='bbox 1020 2511 1098 2538; x_wconf 91' lang='lat' dir='ltr'>nobis</span> <span class='ocrx_word' id='word_1_1142' title='bbox 1132 2525 1178 2530; x_wconf 92' lang='lat'>—</span> <span class='ocrx_word' id='word_1_1143' title='bbox 1214 2518 1268 2536; x_wconf 88' lang='lat' dir='ltr'>non</span> <span class='ocrx_word' id='word_1_1144' title='bbox 1281 2508 1327 2535; x_wconf 88' lang='lat' dir='ltr'>illa</span> <span class='ocrx_word' id='word_1_1145' title='bbox 1347 2509 1378 2542; x_wconf 84' lang='lat'>63</span> <span class='ocrx_word' id='word_1_1146' title='bbox 1387 2509 1480 2542; x_wconf 74' lang='grc' dir='ltr'>κόπτω,</span> <span class='ocrx_word' id='word_1_1147' title='bbox 1501 2510 1702 2543; x_wconf 73' lang='grc' dir='ltr'>ἓξανακολυμβῶ,</span> <span class='ocrx_word' id='word_1_1148' title='bbox 1719 2512 1777 2537; x_wconf 86' lang='lat' dir='ltr'>Vet.</span> <span class='ocrx_word' id='word_1_1149' title='bbox 1795 2511 1839 2537; x_wconf 83' lang='lat' dir='ltr'>Gl-</span> <span class='ocrx_word' id='word_1_1150' title='bbox 1855 2511 1947 2538; x_wconf 81' lang='lat' dir='ltr'>Existit</span> <span class='ocrx_word' id='word_1_1151' title='bbox 1969 2510 2095 2547; x_wconf 70' lang='grc' dir='ltr'>ὑπερέχει]</span> <span class='ocrx_word' id='word_1_1152' title='bbox 2136 2510 2209 2537; x_wconf 83' lang='lat' dir='ltr'>Valla</span> <span class='ocrx_word' id='word_1_1153' title='bbox 2219 2518 2243 2543; x_wconf 87' lang='lat'>5,</span> <span class='ocrx_word' id='word_1_1154' title='bbox 2279 2527 2288 2535; x_wconf 87' lang='lat'>.</span> <span class='ocrx_word' id='word_1_1155' title='bbox 2323 2526 2330 2534; x_wconf 88' lang='lat'>.</span> 
     </span>
    </p>
   </div>
   <div class='ocr_carea' id='block_1_34' title="bbox 462 2684 2427 2730">
    <p class='ocr_par' dir='ltr' id='par_1_35' title="bbox 462 2684 2427 2730">
     <span class='ocr_line' id='line_1_118' title="bbox 462 2684 2427 2730; baseline -0.004 -12"><span class='ocrx_word' id='word_1_1156' title='bbox 462 2692 503 2718; x_wconf 79' lang='lat' dir='ltr'>sic</span> <span class='ocrx_word' id='word_1_1157' title='bbox 515 2692 571 2717; x_wconf 87' lang='lat' dir='ltr'>Cic.</span> <span class='ocrx_word' id='word_1_1158' title='bbox 585 2699 633 2724; x_wconf 87' lang='lat' dir='ltr'>pro</span> <span class='ocrx_word' id='word_1_1159' title='bbox 646 2690 749 2716; x_wconf 89' lang='lat' dir='ltr'>Cluent.</span> <span class='ocrx_word' id='word_1_1160' title='bbox 763 2693 793 2730; x_wconf 78' lang='lat'>56</span> <span class='ocrx_word' id='word_1_1161' title='bbox 805 2700 826 2716; x_wconf 92' lang='lat' dir='ltr'>c.</span> <span class='ocrx_word' id='word_1_1162' title='bbox 840 2700 870 2717; x_wconf 90' lang='lat'>20</span> <span class='ocrx_word' id='word_1_1163' title='bbox 891 2692 976 2725; x_wconf 87' lang='lat' dir='ltr'>Atque</span> <span class='ocrx_word' id='word_1_1164' title='bbox 992 2690 1041 2716; x_wconf 91' lang='lat' dir='ltr'>hoc</span> <span class='ocrx_word' id='word_1_1165' title='bbox 1054 2695 1110 2715; x_wconf 86' lang='lat' dir='ltr'>tum</span> <span class='ocrx_word' id='word_1_1166' title='bbox 1129 2687 1232 2714; x_wconf 78' lang='lat' dir='ltr'>iudicio</span> <span class='ocrx_word' id='word_1_1167' title='bbox 1247 2686 1329 2719; x_wconf 65' lang='lat' dir='ltr'>faeie,</span> <span class='ocrx_word' id='word_1_1168' title='bbox 1341 2694 1377 2722; x_wconf 83' lang='lat'>70</span> <span class='ocrx_word' id='word_1_1169' title='bbox 1387 2687 1476 2727; x_wconf 77' lang='lat' dir='ltr'>nescio</span> <span class='ocrx_word' id='word_1_1170' title='bbox 1489 2686 1625 2721; x_wconf 89' lang='lat' dir='ltr'>quomodo</span> <span class='ocrx_word' id='word_1_1171' title='bbox 1639 2686 1757 2713; x_wconf 86' lang='lat' dir='ltr'>inhaeret</span> <span class='ocrx_word' id='word_1_1172' title='bbox 1764 2686 1791 2712; x_wconf 92' lang='lat' dir='ltr'>in</span> <span class='ocrx_word' id='word_1_1173' title='bbox 1799 2686 1931 2712; x_wconf 88' lang='lat' dir='ltr'>mentibus</span> <span class='ocrx_word' id='word_1_1174' title='bbox 1944 2687 2014 2721; x_wconf 85' lang='lat' dir='ltr'>quasi</span> <span class='ocrx_word' id='word_1_1175' title='bbox 2023 2686 2186 2713; x_wconf 85' lang='lat' dir='ltr'>saeculorum</span> <span class='ocrx_word' id='word_1_1176' title='bbox 2201 2684 2334 2720; x_wconf 83' lang='lat' dir='ltr'>quoddam</span> <span class='ocrx_word' id='word_1_1177' title='bbox 2345 2691 2427 2724; x_wconf 65' lang='lat' dir='ltr'>augu-</span> 
     </span>
    </p>
   </div>
   <div class='ocr_carea' id='block_1_35' title="bbox 899 3040 1714 3081">
    <p class='ocr_par' dir='ltr' id='par_1_36' title="bbox 899 3040 1714 3081">
     <span class='ocr_line' id='line_1_119' title="bbox 899 3040 1714 3081; baseline -0.001 -13"><span class='ocrx_word' id='word_1_1178' title='bbox 899 3042 954 3068; x_wconf 80' lang='lat' dir='ltr'>Cic.</span> <span class='ocrx_word' id='word_1_1179' title='bbox 970 3052 1017 3076; x_wconf 88' lang='lat' dir='ltr'>pro</span> <span class='ocrx_word' id='word_1_1180' title='bbox 1032 3043 1122 3068; x_wconf 87' lang='lat' dir='ltr'>Flacco</span> <span class='ocrx_word' id='word_1_1181' title='bbox 1136 3051 1162 3075; x_wconf 85' lang='grc'>35</span> <span class='ocrx_word' id='word_1_1182' title='bbox 1177 3052 1198 3068; x_wconf 87' lang='lat' dir='ltr'>c.</span> <span class='ocrx_word' id='word_1_1183' title='bbox 1214 3050 1235 3075; x_wconf 85' lang='lat'>15</span> <span class='ocrx_word' id='word_1_1184' title='bbox 1272 3042 1333 3068; x_wconf 86' lang='lat' dir='ltr'>Vita</span> <span class='ocrx_word' id='word_1_1185' title='bbox 1349 3047 1381 3073; x_wconf 81' lang='lat'>80</span> <span class='ocrx_word' id='word_1_1186' title='bbox 1393 3040 1502 3081; x_wconf 52' lang='lat' dir='ltr'>‘gaudeat</span> <span class='ocrx_word' id='word_1_1187' title='bbox 1515 3040 1599 3066; x_wconf 83' lang='lat' dir='ltr'>ruinis</span> <span class='ocrx_word' id='word_1_1188' title='bbox 1613 3049 1714 3067; x_wconf 88' lang='lat' dir='ltr'>eorum.</span> 
     </span>
    </p>
   </div>
   <div class='ocr_carea' id='block_1_36' title="bbox 564 3216 2109 3251">
    <p class='ocr_par' dir='ltr' id='par_1_37' title="bbox 564 3216 2109 3251">
     <span class='ocr_line' id='line_1_120' title="bbox 564 3216 2109 3251; baseline -0.003 -3"><span class='ocrx_word' id='word_1_1189' title='bbox 564 3223 609 3249; x_wconf 71' lang='lat' dir='ltr'>Vbi</span> <span class='ocrx_word' id='word_1_1190' title='bbox 624 3222 820 3247; x_wconf 55' lang='lat' dir='ltr'>Fxlslintasione</span> <span class='ocrx_word' id='word_1_1191' title='bbox 835 3219 950 3251; x_wconf 88' lang='lat' dir='ltr'>laedere,</span> <span class='ocrx_word' id='word_1_1192' title='bbox 968 3218 1031 3244; x_wconf 68' lang='lat' dir='ltr'>idem</span> <span class='ocrx_word' id='word_1_1193' title='bbox 1047 3228 1090 3250; x_wconf 80' lang='lat' dir='ltr'>ac,</span> <span class='ocrx_word' id='word_1_1194' title='bbox 1108 3219 1175 3244; x_wconf 65' lang='lat' dir='ltr'>Male</span> <span class='ocrx_word' id='word_1_1195' title='bbox 1189 3217 1335 3250; x_wconf 76' lang='lat' dir='ltr'>existimare,</span> <span class='ocrx_word' id='word_1_1196' title='bbox 1351 3221 1379 3250; x_wconf 83' lang='grc'>85</span> <span class='ocrx_word' id='word_1_1197' title='bbox 1395 3219 1451 3245; x_wconf 91' lang='lat' dir='ltr'>mul</span> <span class='ocrx_word' id='word_1_1198' title='bbox 1469 3227 1560 3244; x_wconf 87' lang='lat' dir='ltr'>omnes</span> <span class='ocrx_word' id='word_1_1199' title='bbox 1579 3226 1593 3243; x_wconf 91' lang='lat' dir='ltr'>e</span> <span class='ocrx_word' id='word_1_1200' title='bbox 1613 3216 1719 3243; x_wconf 85' lang='lat' dir='ltr'>latebris</span> <span class='ocrx_word' id='word_1_1201' title='bbox 1739 3218 1887 3244; x_wconf 85' lang='lat' dir='ltr'>existerent.</span> <span class='ocrx_word' id='word_1_1202' title='bbox 1902 3220 1932 3243; x_wconf 63' lang='grc' dir='ltr'>»ιζ</span> <span class='ocrx_word' id='word_1_1203' title='bbox 1954 3216 2109 3251; x_wconf 76' lang='lat' dir='ltr'>Exsilierunt.</span> 
     </span>
    </p>
   </div>
   <div class='ocr_carea' id='block_1_37' title="bbox 1774 155 2419 213">
    <p class='ocr_par' dir='ltr' id='par_1_38' title="bbox 1774 155 2419 213">
     <span class='ocr_line' id='line_1_121' title="bbox 1774 155 2419 213; baseline -0.002 -12"><span class='ocrx_word' id='word_1_1204' title='bbox 1774 161 1809 201; x_wconf 82' lang='lat' dir='ltr'>E</span> <span class='ocrx_word' id='word_1_1205' title='bbox 1888 162 1926 202; x_wconf 89' lang='lat' dir='ltr'>X</span> <span class='ocrx_word' id='word_1_1206' title='bbox 2015 163 2073 203; x_wconf 72' lang='lat'>1,</span> <span class='ocrx_word' id='word_1_1207' title='bbox 2340 155 2419 213; x_wconf 51' lang='lat'>504¹</span> 
     </span>
    </p>
   </div>
   <div class='ocr_carea' id='block_1_38' title="bbox 1376 249 2448 745">
    <p class='ocr_par' dir='ltr' id='par_1_39' title="bbox 1376 249 2448 745">
     <span class='ocr_line' id='line_1_122' title="bbox 1376 249 2413 284; baseline -0.001 -7"><span class='ocrx_word' id='word_1_1208' title='bbox 1376 249 1554 278; x_wconf 77' lang='lat' dir='ltr'>stimationem</span> <span class='ocrx_word' id='word_1_1209' title='bbox 1576 250 1716 278; x_wconf 89' lang='lat' dir='ltr'>hominum</span> <span class='ocrx_word' id='word_1_1210' title='bbox 1738 250 1826 284; x_wconf 81' lang='lat' dir='ltr'>paullo</span> <span class='ocrx_word' id='word_1_1211' title='bbox 1849 251 1927 277; x_wconf 82' lang='lat' dir='ltr'>latius</span> <span class='ocrx_word' id='word_1_1212' title='bbox 1945 251 2172 279; x_wconf 86' lang='lat' dir='ltr'>commendatione</span> <span class='ocrx_word' id='word_1_1213' title='bbox 2184 259 2212 277; x_wconf 87' lang='lat' dir='ltr'>ac</span> <span class='ocrx_word' id='word_1_1214' title='bbox 2227 249 2329 277; x_wconf 86' lang='lat' dir='ltr'>iudicio</span> <span class='ocrx_word' id='word_1_1215' title='bbox 2342 259 2413 277; x_wconf 86' lang='lat' dir='ltr'>meo-</span> 
     </span>
     <span class='ocr_line' id='line_1_123' title="bbox 1377 286 2413 320; baseline 0 -8"><span class='ocrx_word' id='word_1_1216' title='bbox 1377 295 1446 314; x_wconf 88' lang='lat' dir='ltr'>rum.</span> <span class='ocrx_word' id='word_1_1217' title='bbox 1517 288 1577 313; x_wconf 85' lang='lat' dir='ltr'>Sine</span> <span class='ocrx_word' id='word_1_1218' title='bbox 1599 287 1717 318; x_wconf 84' lang='lat' dir='ltr'>honore,</span> <span class='ocrx_word' id='word_1_1219' title='bbox 1737 286 1789 311; x_wconf 85' lang='lat' dir='ltr'>sine</span> <span class='ocrx_word' id='word_1_1220' title='bbox 1803 286 2012 319; x_wconf 83' lang='lat' dir='ltr'>existimatione,</span> <span class='ocrx_word' id='word_1_1221' title='bbox 2033 288 2084 314; x_wconf 87' lang='lat' dir='ltr'>sine</span> <span class='ocrx_word' id='word_1_1222' title='bbox 2100 288 2176 314; x_wconf 85' lang='lat' dir='ltr'>censu</span> <span class='ocrx_word' id='word_1_1223' title='bbox 2190 286 2270 312; x_wconf 84' lang='lat' dir='ltr'>horno</span> <span class='ocrx_word' id='word_1_1224' title='bbox 2296 287 2351 312; x_wconf 85' lang='lat' dir='ltr'>Cic.</span> <span class='ocrx_word' id='word_1_1225' title='bbox 2365 295 2413 320; x_wconf 88' lang='lat' dir='ltr'>pro</span> 
     </span>
     <span class='ocr_line' id='line_1_124' title="bbox 1379 321 2415 356; baseline 0.001 -9"><span class='ocrx_word' id='word_1_1226' title='bbox 1379 321 1460 348; x_wconf 87' lang='lat' dir='ltr'>Flacc.</span> <span class='ocrx_word' id='word_1_1227' title='bbox 1474 330 1513 355; x_wconf 87' lang='lat'>52.</span> <span class='ocrx_word' id='word_1_1228' title='bbox 1618 323 1712 356; x_wconf 84' lang='lat' dir='ltr'>Inopes</span> <span class='ocrx_word' id='word_1_1229' title='bbox 1727 321 1920 349; x_wconf 79' lang='lat' dir='ltr'>existimatione</span> <span class='ocrx_word' id='word_1_1230' title='bbox 1938 323 1993 349; x_wconf 87' lang='lat' dir='ltr'>Cic.</span> <span class='ocrx_word' id='word_1_1231' title='bbox 2007 324 2061 349; x_wconf 86' lang='lat' dir='ltr'>Att.</span> <span class='ocrx_word' id='word_1_1232' title='bbox 2077 332 2096 356; x_wconf 92' lang='lat'>1,</span> <span class='ocrx_word' id='word_1_1233' title='bbox 2112 332 2130 349; x_wconf 93' lang='lat'>1.</span> <span class='ocrx_word' id='word_1_1234' title='bbox 2160 322 2216 348; x_wconf 65' lang='lat' dir='ltr'>isid.</span> <span class='ocrx_word' id='word_1_1235' title='bbox 2233 323 2321 348; x_wconf 81' lang='lat' dir='ltr'>Graeu.</span> <span class='ocrx_word' id='word_1_1236' title='bbox 2332 328 2359 356; x_wconf 84' lang='lat' dir='ltr'>p.</span> <span class='ocrx_word' id='word_1_1237' title='bbox 2374 331 2415 348; x_wconf 70' lang='lat'>22.</span> 
     </span>
     <span class='ocr_line' id='line_1_125' title="bbox 1379 356 2414 393; baseline -0.001 -10"><span class='ocrx_word' id='word_1_1238' title='bbox 1379 357 1557 384; x_wconf 87' lang='lat' dir='ltr'>Pseudo-Cic.</span> <span class='ocrx_word' id='word_1_1239' title='bbox 1582 364 1668 393; x_wconf 85' lang='lat' dir='ltr'>anteq.</span> <span class='ocrx_word' id='word_1_1240' title='bbox 1684 358 1734 383; x_wconf 89' lang='lat' dir='ltr'>iret</span> <span class='ocrx_word' id='word_1_1241' title='bbox 1749 358 1777 383; x_wconf 93' lang='lat' dir='ltr'>in</span> <span class='ocrx_word' id='word_1_1242' title='bbox 1791 357 1853 383; x_wconf 88' lang='lat' dir='ltr'>exil.</span> <span class='ocrx_word' id='word_1_1243' title='bbox 1874 366 1899 389; x_wconf 84' lang='lat'>23</span> <span class='ocrx_word' id='word_1_1244' title='bbox 1924 359 2020 392; x_wconf 87' lang='lat' dir='ltr'>Vtique</span> <span class='ocrx_word' id='word_1_1245' title='bbox 2034 358 2086 385; x_wconf 82' lang='lat' dir='ltr'>siue</span> <span class='ocrx_word' id='word_1_1246' title='bbox 2100 358 2160 384; x_wconf 85' lang='lat' dir='ltr'>hinc</span> <span class='ocrx_word' id='word_1_1247' title='bbox 2173 357 2281 389; x_wconf 85' lang='lat' dir='ltr'>abiero,</span> <span class='ocrx_word' id='word_1_1248' title='bbox 2301 356 2354 382; x_wconf 86' lang='lat' dir='ltr'>siue</span> <span class='ocrx_word' id='word_1_1249' title='bbox 2367 364 2414 382; x_wconf 88' lang='lat' dir='ltr'>ero</span> 
     </span>
     <span class='ocr_line' id='line_1_126' title="bbox 1379 391 2415 427; baseline 0 -10"><span class='ocrx_word' id='word_1_1250' title='bbox 1379 391 1422 418; x_wconf 89' lang='lat' dir='ltr'>hic</span> <span class='ocrx_word' id='word_1_1251' title='bbox 1436 394 1567 426; x_wconf 74' lang='lat' dir='ltr'>oppressus</span> <span class='ocrx_word' id='word_1_1252' title='bbox 1581 404 1587 419; x_wconf 71' lang='grc' dir='ltr'><strong><em>ε</em></strong></span> <span class='ocrx_word' id='word_1_1253' title='bbox 1622 403 1651 420; x_wconf 91' lang='lat' dir='ltr'>ea</span> <span class='ocrx_word' id='word_1_1254' title='bbox 1670 398 1772 419; x_wconf 89' lang='lat' dir='ltr'>maneat</span> <span class='ocrx_word' id='word_1_1255' title='bbox 1791 392 1885 426; x_wconf 84' lang='lat' dir='ltr'>opinio</span> <span class='ocrx_word' id='word_1_1256' title='bbox 1904 399 1930 419; x_wconf 91' lang='lat' dir='ltr'>et</span> <span class='ocrx_word' id='word_1_1257' title='bbox 1944 394 2103 420; x_wconf 85' lang='lat' dir='ltr'>existimatio</span> <span class='ocrx_word' id='word_1_1258' title='bbox 2113 413 2121 425; x_wconf 90' lang='lat'>‚</span> <span class='ocrx_word' id='word_1_1259' title='bbox 2140 401 2207 427; x_wconf 87' lang='lat' dir='ltr'>quae</span> <span class='ocrx_word' id='word_1_1260' title='bbox 2220 393 2319 419; x_wconf 86' lang='lat' dir='ltr'>virtute</span> <span class='ocrx_word' id='word_1_1261' title='bbox 2333 397 2415 426; x_wconf 86' lang='lat' dir='ltr'>parta,</span> 
     </span>
     <span class='ocr_line' id='line_1_127' title="bbox 1379 428 2416 462; baseline 0.003 -10"><span class='ocrx_word' id='word_1_1262' title='bbox 1379 435 1434 452; x_wconf 90' lang='lat' dir='ltr'>non</span> <span class='ocrx_word' id='word_1_1263' title='bbox 1448 436 1514 461; x_wconf 90' lang='lat' dir='ltr'>quae</span> <span class='ocrx_word' id='word_1_1264' title='bbox 1526 428 1681 456; x_wconf 86' lang='lat' dir='ltr'>infelicitate</span> <span class='ocrx_word' id='word_1_1265' title='bbox 1696 428 1767 454; x_wconf 88' lang='lat' dir='ltr'>illata</span> <span class='ocrx_word' id='word_1_1266' title='bbox 1781 428 1825 454; x_wconf 85' lang='lat' dir='ltr'>est.</span> <span class='ocrx_word' id='word_1_1267' title='bbox 1897 428 2060 456; x_wconf 84' lang='lat' dir='ltr'>Existimatio</span> <span class='ocrx_word' id='word_1_1268' title='bbox 2073 429 2141 455; x_wconf 89' lang='lat' dir='ltr'>bona</span> <span class='ocrx_word' id='word_1_1269' title='bbox 2162 429 2218 454; x_wconf 86' lang='lat' dir='ltr'>Cic.</span> <span class='ocrx_word' id='word_1_1270' title='bbox 2232 436 2280 462; x_wconf 91' lang='lat' dir='ltr'>pro</span> <span class='ocrx_word' id='word_1_1271' title='bbox 2297 428 2416 459; x_wconf 78' lang='lat' dir='ltr'>Font.31.</span> 
     </span>
     <span class='ocr_line' id='line_1_128' title="bbox 1381 462 2432 499; baseline 0 -12"><span class='ocrx_word' id='word_1_1272' title='bbox 1381 462 1455 488; x_wconf 85' lang='lat' dir='ltr'>Bona</span> <span class='ocrx_word' id='word_1_1273' title='bbox 1468 463 1627 491; x_wconf 83' lang='lat' dir='ltr'>existimatio</span> <span class='ocrx_word' id='word_1_1274' title='bbox 1641 464 1759 499; x_wconf 82' lang='lat' dir='ltr'>pecuniis</span> <span class='ocrx_word' id='word_1_1275' title='bbox 1773 463 1881 498; x_wconf 80' lang='lat' dir='ltr'>praestat</span> <span class='ocrx_word' id='word_1_1276' title='bbox 1916 463 1954 489; x_wconf 93' lang='lat' dir='ltr'>Id.</span> <span class='ocrx_word' id='word_1_1277' title='bbox 1968 464 1999 490; x_wconf 87' lang='lat' dir='ltr'>de</span> <span class='ocrx_word' id='word_1_1278' title='bbox 2011 462 2084 491; x_wconf 83' lang='lat' dir='ltr'>Orat.</span> <span class='ocrx_word' id='word_1_1279' title='bbox 2099 473 2115 491; x_wconf 86' lang='lat'>2</span> <span class='ocrx_word' id='word_1_1280' title='bbox 2126 473 2147 489; x_wconf 89' lang='lat' dir='ltr'>c.</span> <span class='ocrx_word' id='word_1_1281' title='bbox 2162 472 2207 495; x_wconf 90' lang='lat'>40.</span> <span class='ocrx_word' id='word_1_1282' title='bbox 2296 463 2352 488; x_wconf 85' lang='lat' dir='ltr'>Cic.</span> <span class='ocrx_word' id='word_1_1283' title='bbox 2368 467 2432 496; x_wconf 55' lang='lat' dir='ltr'>pro&#39;*</span> 
     </span>
     <span class='ocr_line' id='line_1_129' title="bbox 1381 497 2445 533; baseline 0.002 -10"><span class='ocrx_word' id='word_1_1284' title='bbox 1381 497 1487 524; x_wconf 87' lang='lat' dir='ltr'>Cluent.</span> <span class='ocrx_word' id='word_1_1285' title='bbox 1524 518 1531 524; x_wconf 90' lang='lat'>.</span> <span class='ocrx_word' id='word_1_1286' title='bbox 1567 519 1574 526; x_wconf 84' lang='lat'>.</span> <span class='ocrx_word' id='word_1_1287' title='bbox 1612 520 1618 526; x_wconf 93' lang='lat'>.</span> <span class='ocrx_word' id='word_1_1288' title='bbox 1654 501 1718 527; x_wconf 88' lang='lat' dir='ltr'>Non</span> <span class='ocrx_word' id='word_1_1289' title='bbox 1739 499 1784 525; x_wconf 91' lang='lat' dir='ltr'>ille</span> <span class='ocrx_word' id='word_1_1290' title='bbox 1802 500 1940 525; x_wconf 85' lang='lat' dir='ltr'>Honorem</span> <span class='ocrx_word' id='word_1_1291' title='bbox 1960 507 1974 525; x_wconf 91' lang='lat' dir='ltr'>a</span> <span class='ocrx_word' id='word_1_1292' title='bbox 1989 501 2117 533; x_wconf 86' lang='lat' dir='ltr'>pueritia,</span> <span class='ocrx_word' id='word_1_1293' title='bbox 2135 508 2188 525; x_wconf 89' lang='lat' dir='ltr'>non</span> <span class='ocrx_word' id='word_1_1294' title='bbox 2201 497 2285 530; x_wconf 83' lang='lat' dir='ltr'>studia</span> <span class='ocrx_word' id='word_1_1295' title='bbox 2299 497 2417 529; x_wconf 87' lang='lat' dir='ltr'>virtutis,</span> <span class='ocrx_word' id='word_1_1296' title='bbox 2440 522 2445 525; x_wconf 81' lang='lat'>.</span> 
     </span>
     <span class='ocr_line' id='line_1_130' title="bbox 1379 532 2417 569; baseline 0 -11"><span class='ocrx_word' id='word_1_1297' title='bbox 1379 541 1433 559; x_wconf 89' lang='lat' dir='ltr'>non</span> <span class='ocrx_word' id='word_1_1298' title='bbox 1447 533 1531 560; x_wconf 90' lang='lat' dir='ltr'>vllum</span> <span class='ocrx_word' id='word_1_1299' title='bbox 1544 533 1744 562; x_wconf 75' lang='lat' dir='ltr'>existimationis</span> <span class='ocrx_word' id='word_1_1300' title='bbox 1758 535 1842 561; x_wconf 88' lang='lat' dir='ltr'>bonae</span> <span class='ocrx_word' id='word_1_1301' title='bbox 1855 533 1972 560; x_wconf 58' lang='lat' dir='ltr'>fructum</span> <span class='ocrx_word' id='word_1_1302' title='bbox 1987 543 2100 569; x_wconf 88' lang='lat' dir='ltr'>vnquam</span> <span class='ocrx_word' id='word_1_1303' title='bbox 2113 535 2248 569; x_wconf 83' lang='lat' dir='ltr'>cogitarat.</span> <span class='ocrx_word' id='word_1_1304' title='bbox 2326 532 2417 559; x_wconf 84' lang='lat' dir='ltr'>Illaesa</span> 
     </span>
     <span class='ocr_line' id='line_1_131' title="bbox 2050 569 2448 605; baseline -0.008 -9"><span class='ocrx_word' id='word_1_1305' title='bbox 2050 572 2168 605; x_wconf 84' lang='lat' dir='ltr'>Integra,</span> <span class='ocrx_word' id='word_1_1306' title='bbox 2182 569 2235 595; x_wconf 75' lang='lat' dir='ltr'>uid.</span> <span class='ocrx_word' id='word_1_1307' title='bbox 2259 573 2417 595; x_wconf 79' lang='lat' dir='ltr'>1NTEGER.</span> <span class='ocrx_word' id='word_1_1308' title='bbox 2446 590 2448 593; x_wconf 77' lang='grc'>,</span> 
     </span>
     <span class='ocr_line' id='line_1_132' title="bbox 1382 603 2447 640; baseline -0.001 -10"><span class='ocrx_word' id='word_1_1309' title='bbox 1382 604 1450 630; x_wconf 90' lang='lat' dir='ltr'>Dum</span> <span class='ocrx_word' id='word_1_1310' title='bbox 1463 604 1623 631; x_wconf 84' lang='lat' dir='ltr'>existimatio</span> <span class='ocrx_word' id='word_1_1311' title='bbox 1644 605 1680 631; x_wconf 83' lang='lat' dir='ltr'>est</span> <span class='ocrx_word' id='word_1_1312' title='bbox 1693 607 1803 640; x_wconf 86' lang='lat' dir='ltr'>integra,</span> <span class='ocrx_word' id='word_1_1313' title='bbox 1818 605 1894 632; x_wconf 88' lang='lat' dir='ltr'>facile</span> <span class='ocrx_word' id='word_1_1314' title='bbox 1910 605 2060 631; x_wconf 81' lang='lat' dir='ltr'>consolatur</span> <span class='ocrx_word' id='word_1_1315' title='bbox 2072 605 2189 632; x_wconf 77' lang='lat' dir='ltr'>honestas</span> <span class='ocrx_word' id='word_1_1316' title='bbox 2202 604 2339 638; x_wconf 83' lang='lat' dir='ltr'>egestatem</span> <span class='ocrx_word' id='word_1_1317' title='bbox 2359 603 2417 629; x_wconf 90' lang='lat' dir='ltr'>Cic.</span> <span class='ocrx_word' id='word_1_1318' title='bbox 2439 610 2447 613; x_wconf 61' lang='lat'><em>⁴</em></span> 
     </span>
     <span class='ocr_line' id='line_1_133' title="bbox 1380 639 1631 673; baseline 0 -8"><span class='ocrx_word' id='word_1_1319' title='bbox 1380 647 1428 673; x_wconf 88' lang='lat' dir='ltr'>pro</span> <span class='ocrx_word' id='word_1_1320' title='bbox 1442 639 1551 673; x_wconf 64' lang='lat' dir='ltr'>Quinc’t.</span> <span class='ocrx_word' id='word_1_1321' title='bbox 1564 649 1585 666; x_wconf 92' lang='lat' dir='ltr'>c.</span> <span class='ocrx_word' id='word_1_1322' title='bbox 1600 648 1631 672; x_wconf 90' lang='lat'>15.</span> 
     </span>
     <span class='ocr_line' id='line_1_134' title="bbox 1382 675 1760 711; baseline 0.003 -10"><span class='ocrx_word' id='word_1_1323' title='bbox 1382 675 1505 702; x_wconf 87' lang='lat' dir='ltr'>Lacerata</span> <span class='ocrx_word' id='word_1_1324' title='bbox 1524 675 1593 702; x_wconf 87' lang='lat' dir='ltr'>Suet.</span> <span class='ocrx_word' id='word_1_1325' title='bbox 1602 676 1675 702; x_wconf 87' lang='lat' dir='ltr'>Caes.</span> <span class='ocrx_word' id='word_1_1326' title='bbox 1690 685 1711 702; x_wconf 92' lang='lat' dir='ltr'>c.</span> <span class='ocrx_word' id='word_1_1327' title='bbox 1720 684 1760 711; x_wconf 87' lang='lat'>75.</span> 
     </span>
     <span class='ocr_line' id='line_1_135' title="bbox 1381 711 1561 745; baseline 0.006 -9"><span class='ocrx_word' id='word_1_1328' title='bbox 1381 711 1457 737; x_wconf 86' lang='lat' dir='ltr'>Verr.</span> <span class='ocrx_word' id='word_1_1329' title='bbox 1471 719 1495 742; x_wconf 83' lang='lat'>2,</span> <span class='ocrx_word' id='word_1_1330' title='bbox 1511 718 1561 745; x_wconf 90' lang='lat'>117.</span> 
     </span>
    </p>
   </div>
   <div class='ocr_carea' id='block_1_39' title="bbox 1381 674 2455 2120">
    <p class='ocr_par' dir='ltr' id='par_1_40' title="bbox 1381 674 2455 2120">
     <span class='ocr_line' id='line_1_136' title="bbox 1812 674 2443 703; baseline -0.005 -1"><span class='ocrx_word' id='word_1_1331' title='bbox 1812 676 1958 703; x_wconf 87' lang='lat' dir='ltr'>Praeclarae</span> <span class='ocrx_word' id='word_1_1332' title='bbox 1977 675 2177 702; x_wconf 87' lang='lat' dir='ltr'>existimationis</span> <span class='ocrx_word' id='word_1_1333' title='bbox 2196 675 2324 702; x_wconf 79' lang='lat' dir='ltr'>studiosus</span> <span class='ocrx_word' id='word_1_1334' title='bbox 2360 674 2418 700; x_wconf 86' lang='lat' dir='ltr'>Cic.</span> <span class='ocrx_word' id='word_1_1335' title='bbox 2436 693 2443 697; x_wconf 77' lang='lat'>.</span> 
     </span>
     <span class='ocr_line' id='line_1_137' title="bbox 1652 710 2418 746; baseline -0.001 -10"><span class='ocrx_word' id='word_1_1336' title='bbox 1652 711 1808 738; x_wconf 74' lang='lat' dir='ltr'>Sanc‘tiffima</span> <span class='ocrx_word' id='word_1_1337' title='bbox 1820 712 1931 738; x_wconf 84' lang='lat' dir='ltr'>alicuius</span> <span class='ocrx_word' id='word_1_1338' title='bbox 1944 711 2104 737; x_wconf 81' lang='lat' dir='ltr'>existimatio</span> <span class='ocrx_word' id='word_1_1339' title='bbox 2121 711 2176 738; x_wconf 91' lang='lat' dir='ltr'>Cic.</span> <span class='ocrx_word' id='word_1_1340' title='bbox 2190 720 2237 746; x_wconf 86' lang='lat' dir='ltr'>pro</span> <span class='ocrx_word' id='word_1_1341' title='bbox 2252 711 2326 736; x_wconf 77' lang='lat' dir='ltr'>Rosc.</span> <span class='ocrx_word' id='word_1_1342' title='bbox 2340 710 2418 736; x_wconf 86' lang='lat' dir='ltr'>Corn.</span> 
     </span>
     <span class='ocr_line' id='line_1_138' title="bbox 1486 745 2418 782; baseline -0.002 -10"><span class='ocrx_word' id='word_1_1343' title='bbox 1486 747 1591 773; x_wconf 90' lang='lat' dir='ltr'>Sueton.</span> <span class='ocrx_word' id='word_1_1344' title='bbox 1604 746 1632 772; x_wconf 89' lang='lat' dir='ltr'>in</span> <span class='ocrx_word' id='word_1_1345' title='bbox 1646 746 1737 773; x_wconf 85' lang='lat' dir='ltr'>Claud.</span> <span class='ocrx_word' id='word_1_1346' title='bbox 1751 757 1771 773; x_wconf 87' lang='lat' dir='ltr'>c.</span> <span class='ocrx_word' id='word_1_1347' title='bbox 1786 756 1804 782; x_wconf 91' lang='lat'><em>7</em></span> <span class='ocrx_word' id='word_1_1348' title='bbox 1828 748 1880 774; x_wconf 85' lang='lat' dir='ltr'>Sub</span> <span class='ocrx_word' id='word_1_1349' title='bbox 1895 747 1961 774; x_wconf 89' lang='lat' dir='ltr'>Caio</span> <span class='ocrx_word' id='word_1_1350' title='bbox 1975 746 2081 773; x_wconf 82' lang='lat' dir='ltr'>denium</span> <span class='ocrx_word' id='word_1_1351' title='bbox 2094 747 2183 773; x_wconf 88' lang='lat' dir='ltr'>fratris</span> <span class='ocrx_word' id='word_1_1352' title='bbox 2196 747 2253 773; x_wconf 83' lang='lat' dir='ltr'>filio</span> <span class='ocrx_word' id='word_1_1353' title='bbox 2274 745 2418 772; x_wconf 83' lang='lat' dir='ltr'>Secundam</span> 
     </span>
     <span class='ocr_line' id='line_1_139' title="bbox 1382 780 2419 817; baseline -0.002 -10"><span class='ocrx_word' id='word_1_1354' title='bbox 1382 780 1603 808; x_wconf 85' lang='lat' dir='ltr'>existimationem</span> <span class='ocrx_word' id='word_1_1355' title='bbox 1616 781 1685 807; x_wconf 85' lang='lat' dir='ltr'>circa</span> <span class='ocrx_word' id='word_1_1356' title='bbox 1697 782 1775 808; x_wconf 88' lang='lat' dir='ltr'>initia</span> <span class='ocrx_word' id='word_1_1357' title='bbox 1788 783 1895 817; x_wconf 88' lang='lat' dir='ltr'>imperii</span> <span class='ocrx_word' id='word_1_1358' title='bbox 1908 781 2032 809; x_wconf 88' lang='lat' dir='ltr'>omnibus</span> <span class='ocrx_word' id='word_1_1359' title='bbox 2047 782 2187 808; x_wconf 87' lang='lat' dir='ltr'>lenociniis</span> <span class='ocrx_word' id='word_1_1360' title='bbox 2199 783 2354 816; x_wconf 80' lang='lat' dir='ltr'>colligente,</span> <span class='ocrx_word' id='word_1_1361' title='bbox 2371 786 2419 806; x_wconf 78' lang='lat' dir='ltr'>etc.</span> 
     </span>
     <span class='ocr_line' id='line_1_140' title="bbox 1382 816 2422 852; baseline -0.003 -9"><span class='ocrx_word' id='word_1_1362' title='bbox 1382 817 1406 843; x_wconf 84' lang='lat' dir='ltr'>h.</span> <span class='ocrx_word' id='word_1_1363' title='bbox 1423 826 1442 842; x_wconf 83' lang='lat' dir='ltr'>e.</span> <span class='ocrx_word' id='word_1_1364' title='bbox 1461 818 1558 843; x_wconf 80' lang='lat' dir='ltr'>Famam</span> <span class='ocrx_word' id='word_1_1365' title='bbox 1568 817 1720 852; x_wconf 78' lang='lat' dir='ltr'>prosperam.</span> <span class='ocrx_word' id='word_1_1366' title='bbox 1796 819 1852 845; x_wconf 86' lang='lat' dir='ltr'>Cic.</span> <span class='ocrx_word' id='word_1_1367' title='bbox 1866 827 1914 852; x_wconf 88' lang='lat' dir='ltr'>pro</span> <span class='ocrx_word' id='word_1_1368' title='bbox 1930 819 2003 844; x_wconf 83' lang='lat' dir='ltr'>Rosc.</span> <span class='ocrx_word' id='word_1_1369' title='bbox 2019 818 2096 844; x_wconf 86' lang='lat' dir='ltr'>Corn.</span> <span class='ocrx_word' id='word_1_1370' title='bbox 2109 820 2136 844; x_wconf 88' lang='lat'>16</span> <span class='ocrx_word' id='word_1_1371' title='bbox 2171 817 2197 843; x_wconf 85' lang='lat' dir='ltr'>Si</span> <span class='ocrx_word' id='word_1_1372' title='bbox 2210 826 2261 852; x_wconf 88' lang='lat' dir='ltr'>qua</span> <span class='ocrx_word' id='word_1_1373' title='bbox 2276 816 2348 843; x_wconf 90' lang='lat' dir='ltr'>enim</span> <span class='ocrx_word' id='word_1_1374' title='bbox 2361 816 2422 841; x_wconf 78' lang='lat' dir='ltr'>sunt</span> 
     </span>
     <span class='ocr_line' id='line_1_141' title="bbox 1381 850 2420 888; baseline -0.001 -10"><span class='ocrx_word' id='word_1_1375' title='bbox 1381 852 1484 886; x_wconf 85' lang='lat' dir='ltr'>priuata</span> <span class='ocrx_word' id='word_1_1376' title='bbox 1497 852 1595 878; x_wconf 86' lang='lat' dir='ltr'>iudicia</span> <span class='ocrx_word' id='word_1_1377' title='bbox 1607 855 1723 878; x_wconf 86' lang='lat' dir='ltr'>summae</span> <span class='ocrx_word' id='word_1_1378' title='bbox 1740 852 1941 880; x_wconf 82' lang='lat' dir='ltr'>existimationis</span> <span class='ocrx_word' id='word_1_1379' title='bbox 1953 862 2034 888; x_wconf 86' lang='lat' dir='ltr'>paene</span> <span class='ocrx_word' id='word_1_1380' title='bbox 2046 853 2132 879; x_wconf 88' lang='lat' dir='ltr'>dicam</span> <span class='ocrx_word' id='word_1_1381' title='bbox 2147 852 2238 887; x_wconf 83' lang='lat' dir='ltr'>capitis</span> <span class='ocrx_word' id='word_1_1382' title='bbox 2250 863 2256 878; x_wconf 89' lang='lat'>:</span> <span class='ocrx_word' id='word_1_1383' title='bbox 2290 852 2342 878; x_wconf 83' lang='lat' dir='ltr'>tria</span> <span class='ocrx_word' id='word_1_1384' title='bbox 2355 850 2420 877; x_wconf 86' lang='lat' dir='ltr'>haee</span> 
     </span>
     <span class='ocr_line' id='line_1_142' title="bbox 1382 887 2428 922; baseline -0.003 -8"><span class='ocrx_word' id='word_1_1385' title='bbox 1382 888 1456 920; x_wconf 89' lang='lat' dir='ltr'>sunt,</span> <span class='ocrx_word' id='word_1_1386' title='bbox 1474 887 1585 914; x_wconf 82' lang='lat' dir='ltr'>fiduciae</span> <span class='ocrx_word' id='word_1_1387' title='bbox 1596 907 1604 920; x_wconf 89' lang='lat'>,</span> <span class='ocrx_word' id='word_1_1388' title='bbox 1624 887 1734 917; x_wconf 87' lang='lat' dir='ltr'>tutelae,</span> <span class='ocrx_word' id='word_1_1389' title='bbox 1751 888 1887 916; x_wconf 84' lang='lat' dir='ltr'>societatis.</span> <span class='ocrx_word' id='word_1_1390' title='bbox 1994 889 2098 922; x_wconf 81' lang='lat' dir='ltr'>Turpis</span> <span class='ocrx_word' id='word_1_1391' title='bbox 2135 889 2191 914; x_wconf 76' lang='lat' dir='ltr'>Cir.</span> <span class='ocrx_word' id='word_1_1392' title='bbox 2211 896 2259 922; x_wconf 91' lang='lat' dir='ltr'>pro</span> <span class='ocrx_word' id='word_1_1393' title='bbox 2273 887 2379 914; x_wconf 90' lang='lat' dir='ltr'>Caecin.</span> <span class='ocrx_word' id='word_1_1394' title='bbox 2392 894 2428 918; x_wconf 56' lang='grc'>9.,</span> 
     </span>
     <span class='ocr_line' id='line_1_143' title="bbox 1383 923 2420 959; baseline -0.002 -10"><span class='ocrx_word' id='word_1_1395' title='bbox 1383 923 1479 957; x_wconf 82' lang='lat' dir='ltr'>Agitur</span> <span class='ocrx_word' id='word_1_1396' title='bbox 1511 923 1671 949; x_wconf 82' lang='lat' dir='ltr'>existimatio</span> <span class='ocrx_word' id='word_1_1397' title='bbox 1707 923 1763 949; x_wconf 82' lang='lat' dir='ltr'>Cic.</span> <span class='ocrx_word' id='word_1_1398' title='bbox 1777 924 1852 950; x_wconf 89' lang='lat' dir='ltr'>Verr.</span> <span class='ocrx_word' id='word_1_1399' title='bbox 1866 933 1892 955; x_wconf 85' lang='lat'>2,</span> <span class='ocrx_word' id='word_1_1400' title='bbox 1906 932 1946 959; x_wconf 84' lang='lat'>57.</span> <span class='ocrx_word' id='word_1_1401' title='bbox 2034 924 2179 955; x_wconf 87' lang='lat' dir='ltr'>Amittere,</span> <span class='ocrx_word' id='word_1_1402' title='bbox 2199 923 2252 949; x_wconf 77' lang='lat' dir='ltr'>uid.</span> <span class='ocrx_word' id='word_1_1403' title='bbox 2271 927 2420 949; x_wconf 80' lang='lat' dir='ltr'>AMi&#39;rTO.</span> 
     </span>
     <span class='ocr_line' id='line_1_144' title="bbox 1382 957 2454 994; baseline -0.001 -10"><span class='ocrx_word' id='word_1_1404' title='bbox 1382 958 1517 992; x_wconf 82' lang='lat' dir='ltr'>Colligere</span> <span class='ocrx_word' id='word_1_1405' title='bbox 1548 959 1633 985; x_wconf 87' lang='lat' dir='ltr'>multo</span> <span class='ocrx_word' id='word_1_1406' title='bbox 1662 958 1773 991; x_wconf 88' lang='lat' dir='ltr'>sudore,</span> <span class='ocrx_word' id='word_1_1407' title='bbox 1792 958 1900 991; x_wconf 90' lang='lat' dir='ltr'>labore,</span> <span class='ocrx_word' id='word_1_1408' title='bbox 1919 959 2020 994; x_wconf 83' lang='lat' dir='ltr'>vigiliis</span> <span class='ocrx_word' id='word_1_1409' title='bbox 2058 960 2115 986; x_wconf 85' lang='lat' dir='ltr'>Cic.</span> <span class='ocrx_word' id='word_1_1410' title='bbox 2133 960 2208 985; x_wconf 84' lang='lat' dir='ltr'>Verr.</span> <span class='ocrx_word' id='word_1_1411' title='bbox 2221 958 2284 984; x_wconf 90' lang='lat' dir='ltr'>Diu.</span> <span class='ocrx_word' id='word_1_1412' title='bbox 2296 965 2328 992; x_wconf 88' lang='lat'>72</span> <span class='ocrx_word' id='word_1_1413' title='bbox 2340 966 2362 984; x_wconf 92' lang='lat' dir='ltr'>c.</span> <span class='ocrx_word' id='word_1_1414' title='bbox 2378 964 2422 983; x_wconf 83' lang='lat'>22..</span> <span class='ocrx_word' id='word_1_1415' title='bbox 2447 957 2454 971; x_wconf 82' lang='lat'><strong><em>‘</em></strong></span> 
     </span>
     <span class='ocr_line' id='line_1_145' title="bbox 1383 989 2447 1029; baseline -0.003 -9"><span class='ocrx_word' id='word_1_1416' title='bbox 1383 994 1438 1020; x_wconf 85' lang='lat' dir='ltr'>Cic.</span> <span class='ocrx_word' id='word_1_1417' title='bbox 1450 995 1486 1028; x_wconf 78' lang='lat' dir='ltr'>Q</span> <span class='ocrx_word' id='word_1_1418' title='bbox 1500 995 1583 1021; x_wconf 86' lang='lat' dir='ltr'>Fratr.</span> <span class='ocrx_word' id='word_1_1419' title='bbox 1599 1004 1616 1027; x_wconf 82' lang='grc' dir='ltr'>ι,</span> <span class='ocrx_word' id='word_1_1420' title='bbox 1633 1003 1643 1020; x_wconf 87' lang='lat'><em>1</em></span> <span class='ocrx_word' id='word_1_1421' title='bbox 1663 995 1689 1020; x_wconf 88' lang='lat' dir='ltr'>Si</span> <span class='ocrx_word' id='word_1_1422' title='bbox 1703 995 1762 1029; x_wconf 87' lang='lat' dir='ltr'>quis</span> <span class='ocrx_word' id='word_1_1423' title='bbox 1774 994 1810 1020; x_wconf 84' lang='lat' dir='ltr'>est</span> <span class='ocrx_word' id='word_1_1424' title='bbox 1824 995 1853 1020; x_wconf 90' lang='lat' dir='ltr'>in</span> <span class='ocrx_word' id='word_1_1425' title='bbox 1873 1004 1927 1029; x_wconf 91' lang='lat' dir='ltr'>quo</span> <span class='ocrx_word' id='word_1_1426' title='bbox 1947 1002 1999 1021; x_wconf 88' lang='lat' dir='ltr'>tam</span> <span class='ocrx_word' id='word_1_1427' title='bbox 2018 994 2178 1026; x_wconf 84' lang='lat' dir='ltr'>offenderis,</span> <span class='ocrx_word' id='word_1_1428' title='bbox 2196 993 2228 1020; x_wconf 89' lang='lat' dir='ltr'>de</span> <span class='ocrx_word' id='word_1_1429' title='bbox 2246 1001 2301 1027; x_wconf 91' lang='lat' dir='ltr'>quo</span> <span class='ocrx_word' id='word_1_1430' title='bbox 2318 989 2423 1027; x_wconf 81' lang='lat' dir='ltr'>aliquid</span> <span class='ocrx_word' id='word_1_1431' title='bbox 2446 1007 2447 1010; x_wconf 67' lang='lat'><em>=</em></span> 
     </span>
     <span class='ocr_line' id='line_1_146' title="bbox 1383 1028 2449 1065; baseline -0.001 -11"><span class='ocrx_word' id='word_1_1432' title='bbox 1383 1029 1507 1062; x_wconf 87' lang='lat' dir='ltr'>senseris,</span> <span class='ocrx_word' id='word_1_1433' title='bbox 1524 1030 1586 1056; x_wconf 90' lang='lat' dir='ltr'>huic</span> <span class='ocrx_word' id='word_1_1434' title='bbox 1616 1029 1685 1056; x_wconf 86' lang='lat' dir='ltr'>nihil</span> <span class='ocrx_word' id='word_1_1435' title='bbox 1718 1028 1876 1062; x_wconf 82' lang='lat' dir='ltr'>credideris,</span> <span class='ocrx_word' id='word_1_1436' title='bbox 1895 1030 1994 1056; x_wconf 89' lang='lat' dir='ltr'>nullam</span> <span class='ocrx_word' id='word_1_1437' title='bbox 2018 1038 2117 1065; x_wconf 87' lang='lat' dir='ltr'>partem</span> <span class='ocrx_word' id='word_1_1438' title='bbox 2137 1028 2340 1056; x_wconf 84' lang='lat' dir='ltr'>existimationis</span> <span class='ocrx_word' id='word_1_1439' title='bbox 2361 1034 2422 1054; x_wconf 87' lang='lat' dir='ltr'>tuae</span> <span class='ocrx_word' id='word_1_1440' title='bbox 2446 1054 2449 1056; x_wconf 80' lang='grc'>,</span> 
     </span>
     <span class='ocr_line' id='line_1_147' title="bbox 1384 1063 2422 1100; baseline -0.001 -10"><span class='ocrx_word' id='word_1_1441' title='bbox 1384 1065 1565 1092; x_wconf 81' lang='lat' dir='ltr'>Commiseris.</span> <span class='ocrx_word' id='word_1_1442' title='bbox 1634 1066 1798 1092; x_wconf 86' lang='lat' dir='ltr'>Conseruare</span> <span class='ocrx_word' id='word_1_1443' title='bbox 1824 1066 1878 1092; x_wconf 90' lang='lat' dir='ltr'>Cic.</span> <span class='ocrx_word' id='word_1_1444' title='bbox 1893 1066 1965 1092; x_wconf 86' lang='lat' dir='ltr'>Fam.</span> <span class='ocrx_word' id='word_1_1445' title='bbox 1980 1071 2004 1098; x_wconf 82' lang='lat'>8,</span> <span class='ocrx_word' id='word_1_1446' title='bbox 2040 1086 2046 1092; x_wconf 95' lang='lat'>.</span> <span class='ocrx_word' id='word_1_1447' title='bbox 2084 1086 2091 1092; x_wconf 93' lang='lat'>.</span> <span class='ocrx_word' id='word_1_1448' title='bbox 2127 1065 2187 1100; x_wconf 86' lang='lat' dir='ltr'>le.</span> <span class='ocrx_word' id='word_1_1449' title='bbox 2202 1065 2230 1091; x_wconf 92' lang='lat' dir='ltr'>in</span> <span class='ocrx_word' id='word_1_1450' title='bbox 2245 1064 2263 1090; x_wconf 92' lang='lat' dir='ltr'>l.</span> <span class='ocrx_word' id='word_1_1451' title='bbox 2279 1063 2343 1098; x_wconf 88' lang='lat' dir='ltr'>quid</span> <span class='ocrx_word' id='word_1_1452' title='bbox 2356 1070 2422 1097; x_wconf 84' lang='lat' dir='ltr'>ergo</span> 
     </span>
     <span class='ocr_line' id='line_1_148' title="bbox 1383 1097 2449 1161; baseline 0 -37"><span class='ocrx_word' id='word_1_1453' title='bbox 1383 1098 1406 1161; x_wconf 55' lang='grc' dir='ltr'>ἓ.</span> <span class='ocrx_word' id='word_1_1454' title='bbox 1419 1108 1450 1125; x_wconf 88' lang='lat' dir='ltr'>ex</span> <span class='ocrx_word' id='word_1_1455' title='bbox 1463 1100 1647 1135; x_wconf 74' lang='lat' dir='ltr'>compromisso</span> <span class='ocrx_word' id='word_1_1456' title='bbox 1658 1101 1731 1128; x_wconf 64' lang='lat' dir='ltr'>nde</span> <span class='ocrx_word' id='word_1_1457' title='bbox 1747 1101 1790 1132; x_wconf 82' lang='lat' dir='ltr'>iis,</span> <span class='ocrx_word' id='word_1_1458' title='bbox 1804 1101 1850 1135; x_wconf 87' lang='lat' dir='ltr'>qui</span> <span class='ocrx_word' id='word_1_1459' title='bbox 1864 1107 1918 1127; x_wconf 90' lang='lat' dir='ltr'>not.</span> <span class='ocrx_word' id='word_1_1460' title='bbox 1931 1100 2024 1127; x_wconf 85' lang='lat' dir='ltr'>infam.</span> <span class='ocrx_word' id='word_1_1461' title='bbox 2090 1101 2146 1128; x_wconf 89' lang='lat' dir='ltr'>Cic.</span> <span class='ocrx_word' id='word_1_1462' title='bbox 2159 1102 2198 1134; x_wconf 78' lang='lat' dir='ltr'>Q</span> <span class='ocrx_word' id='word_1_1463' title='bbox 2210 1101 2293 1126; x_wconf 83' lang='lat' dir='ltr'>Fratr.</span> <span class='ocrx_word' id='word_1_1464' title='bbox 2306 1108 2327 1132; x_wconf 86' lang='lat'>1,</span> <span class='ocrx_word' id='word_1_1465' title='bbox 2342 1106 2352 1125; x_wconf 86' lang='lat'>1</span> <span class='ocrx_word' id='word_1_1466' title='bbox 2371 1097 2425 1124; x_wconf 72' lang='lat' dir='ltr'>Sed</span> <span class='ocrx_word' id='word_1_1467' title='bbox 2446 1098 2449 1103; x_wconf 88' lang='lat'>&#39;</span> 
     </span>
     <span class='ocr_line' id='line_1_149' title="bbox 1403 1133 2424 1171; baseline -0.001 -11"><span class='ocrx_word' id='word_1_1468' title='bbox 1403 1134 1463 1161; x_wconf 78' lang='lat' dir='ltr'>abes</span> <span class='ocrx_word' id='word_1_1469' title='bbox 1481 1144 1525 1162; x_wconf 89' lang='lat' dir='ltr'>eos</span> <span class='ocrx_word' id='word_1_1470' title='bbox 1543 1142 1630 1162; x_wconf 89' lang='lat' dir='ltr'>tecum</span> <span class='ocrx_word' id='word_1_1471' title='bbox 1640 1156 1648 1168; x_wconf 93' lang='lat'>,</span> <span class='ocrx_word' id='word_1_1472' title='bbox 1664 1145 1731 1171; x_wconf 88' lang='lat' dir='ltr'>quos</span> <span class='ocrx_word' id='word_1_1473' title='bbox 1745 1135 1818 1170; x_wconf 85' lang='lat' dir='ltr'>possis</span> <span class='ocrx_word' id='word_1_1474' title='bbox 1831 1136 1902 1163; x_wconf 68' lang='lat' dir='ltr'>rec‘ke</span> <span class='ocrx_word' id='word_1_1475' title='bbox 1916 1136 2057 1169; x_wconf 84' lang='lat' dir='ltr'>facientes,</span> <span class='ocrx_word' id='word_1_1476' title='bbox 2073 1136 2151 1163; x_wconf 87' lang='lat' dir='ltr'>facile</span> <span class='ocrx_word' id='word_1_1477' title='bbox 2166 1136 2278 1169; x_wconf 81' lang='lat' dir='ltr'>diligere</span> <span class='ocrx_word' id='word_1_1478' title='bbox 2294 1145 2300 1160; x_wconf 71' lang='grc' dir='ltr'>ι</span> <span class='ocrx_word' id='word_1_1479' title='bbox 2334 1133 2424 1160; x_wconf 68' lang='lat' dir='ltr'>mimis</span> 
     </span>
     <span class='ocr_line' id='line_1_150' title="bbox 1385 1168 2426 1204; baseline -0.002 -7"><span class='ocrx_word' id='word_1_1480' title='bbox 1385 1170 1555 1197; x_wconf 79' lang='lat' dir='ltr'>consulentes</span> <span class='ocrx_word' id='word_1_1481' title='bbox 1567 1171 1758 1198; x_wconf 82' lang='lat' dir='ltr'>existimationi</span> <span class='ocrx_word' id='word_1_1482' title='bbox 1771 1177 1829 1198; x_wconf 85' lang='lat' dir='ltr'>tuae</span> <span class='ocrx_word' id='word_1_1483' title='bbox 1838 1191 1846 1204; x_wconf 90' lang='lat'>‚</span> <span class='ocrx_word' id='word_1_1484' title='bbox 1863 1171 1991 1198; x_wconf 84' lang='lat' dir='ltr'>facillime</span> <span class='ocrx_word' id='word_1_1485' title='bbox 2005 1173 2136 1198; x_wconf 82' lang='lat' dir='ltr'>co&#39;e&#39;rcere.</span> <span class='ocrx_word' id='word_1_1486' title='bbox 2208 1168 2357 1197; x_wconf 76' lang='lat' dir='ltr'>Defendere</span> <span class='ocrx_word' id='word_1_1487' title='bbox 2370 1168 2426 1195; x_wconf 85' lang='lat' dir='ltr'>exi-</span> 
     </span>
     <span class='ocr_line' id='line_1_151' title="bbox 1385 1205 2425 1242; baseline 0 -11"><span class='ocrx_word' id='word_1_1488' title='bbox 1385 1206 1563 1232; x_wconf 87' lang='lat' dir='ltr'>stimationem</span> <span class='ocrx_word' id='word_1_1489' title='bbox 1577 1207 1786 1242; x_wconf 84' lang='lat' dir='ltr'>dignitatemque</span> <span class='ocrx_word' id='word_1_1490' title='bbox 1797 1206 1829 1233; x_wconf 90' lang='lat' dir='ltr'>ab</span> <span class='ocrx_word' id='word_1_1491' title='bbox 1842 1207 1959 1234; x_wconf 88' lang='lat' dir='ltr'>inimicis</span> <span class='ocrx_word' id='word_1_1492' title='bbox 1977 1207 2049 1233; x_wconf 88' lang='lat' dir='ltr'>Caes.</span> <span class='ocrx_word' id='word_1_1493' title='bbox 2064 1208 2091 1234; x_wconf 90' lang='lat' dir='ltr'>B.</span> <span class='ocrx_word' id='word_1_1494' title='bbox 2105 1208 2136 1233; x_wconf 92' lang='lat' dir='ltr'>C.</span> <span class='ocrx_word' id='word_1_1495' title='bbox 2151 1215 2170 1239; x_wconf 86' lang='lat'>1,</span> <span class='ocrx_word' id='word_1_1496' title='bbox 2183 1214 2208 1240; x_wconf 89' lang='lat'>7.</span> <span class='ocrx_word' id='word_1_1497' title='bbox 2282 1205 2425 1232; x_wconf 86' lang='lat' dir='ltr'>Dimanare</span> 
     </span>
     <span class='ocr_line' id='line_1_152' title="bbox 1383 1241 1896 1275; baseline 0.004 -8"><span class='ocrx_word' id='word_1_1498' title='bbox 1383 1241 1416 1268; x_wconf 90' lang='lat' dir='ltr'>ad</span> <span class='ocrx_word' id='word_1_1499' title='bbox 1428 1241 1666 1275; x_wconf 78' lang='lat' dir='ltr'>existimationem,</span> <span class='ocrx_word' id='word_1_1500' title='bbox 1685 1242 1737 1268; x_wconf 84' lang='lat' dir='ltr'>vid.</span> <span class='ocrx_word' id='word_1_1501' title='bbox 1756 1249 1896 1270; x_wconf 82' lang='lat' dir='ltr'>DIMANO.</span> 
     </span>
     <span class='ocr_line' id='line_1_153' title="bbox 1385 1273 2455 1311; baseline -0.001 -9"><span class='ocrx_word' id='word_1_1502' title='bbox 1385 1277 1468 1303; x_wconf 87' lang='lat' dir='ltr'>Fratr.</span> <span class='ocrx_word' id='word_1_1503' title='bbox 1506 1296 1513 1303; x_wconf 88' lang='lat'>.</span> <span class='ocrx_word' id='word_1_1504' title='bbox 1550 1297 1557 1303; x_wconf 91' lang='lat'>.</span> <span class='ocrx_word' id='word_1_1505' title='bbox 1592 1277 1666 1304; x_wconf 86' lang='lat' dir='ltr'>Idem</span> <span class='ocrx_word' id='word_1_1506' title='bbox 1679 1278 1749 1305; x_wconf 86' lang='lat' dir='ltr'>Fam.</span> <span class='ocrx_word' id='word_1_1507' title='bbox 1766 1286 1788 1311; x_wconf 86' lang='lat'>5,</span> <span class='ocrx_word' id='word_1_1508' title='bbox 1803 1287 1834 1304; x_wconf 89' lang='lat'>20</span> <span class='ocrx_word' id='word_1_1509' title='bbox 1850 1277 1927 1304; x_wconf 87' lang='lat' dir='ltr'>Nihil</span> <span class='ocrx_word' id='word_1_1510' title='bbox 1940 1286 2000 1304; x_wconf 89' lang='lat' dir='ltr'>eum</span> <span class='ocrx_word' id='word_1_1511' title='bbox 2013 1278 2099 1305; x_wconf 80' lang='lat' dir='ltr'>feciffe</span> <span class='ocrx_word' id='word_1_1512' title='bbox 2114 1278 2255 1309; x_wconf 81' lang='lat' dir='ltr'>scientem,</span> <span class='ocrx_word' id='word_1_1513' title='bbox 2274 1275 2346 1311; x_wconf 90' lang='lat' dir='ltr'>quod</span> <span class='ocrx_word' id='word_1_1514' title='bbox 2360 1273 2455 1302; x_wconf 49' lang='lat' dir='ltr'>Esset?-</span> 
     </span>
     <span class='ocr_line' id='line_1_154' title="bbox 1385 1311 2426 1340; baseline 0 -2"><span class='ocrx_word' id='word_1_1515' title='bbox 1385 1318 1476 1339; x_wconf 88' lang='lat' dir='ltr'>contra</span> <span class='ocrx_word' id='word_1_1516' title='bbox 1487 1318 1532 1339; x_wconf 88' lang='lat' dir='ltr'>aut</span> <span class='ocrx_word' id='word_1_1517' title='bbox 1544 1321 1602 1339; x_wconf 89' lang='lat' dir='ltr'>rem</span> <span class='ocrx_word' id='word_1_1518' title='bbox 1615 1319 1661 1340; x_wconf 89' lang='lat' dir='ltr'>aut</span> <span class='ocrx_word' id='word_1_1519' title='bbox 1674 1313 1895 1340; x_wconf 87' lang='lat' dir='ltr'>existimationem</span> <span class='ocrx_word' id='word_1_1520' title='bbox 1909 1320 1990 1340; x_wconf 91' lang='lat' dir='ltr'>tuam.</span> <span class='ocrx_word' id='word_1_1521' title='bbox 2059 1313 2217 1340; x_wconf 87' lang='lat' dir='ltr'>Floruerunt</span> <span class='ocrx_word' id='word_1_1522' title='bbox 2230 1311 2426 1339; x_wconf 80' lang='lat' dir='ltr'>existimatione</span> 
     </span>
     <span class='ocr_line' id='line_1_155' title="bbox 1384 1347 2424 1383; baseline 0 -10"><span class='ocrx_word' id='word_1_1523' title='bbox 1384 1347 1551 1374; x_wconf 87' lang='lat' dir='ltr'>innocentiae</span> <span class='ocrx_word' id='word_1_1524' title='bbox 1563 1349 1701 1375; x_wconf 87' lang='lat' dir='ltr'>Praeturae</span> <span class='ocrx_word' id='word_1_1525' title='bbox 1714 1349 1775 1376; x_wconf 85' lang='lat' dir='ltr'>illae</span> <span class='ocrx_word' id='word_1_1526' title='bbox 1804 1349 1859 1376; x_wconf 84' lang='lat' dir='ltr'>Cic.</span> <span class='ocrx_word' id='word_1_1527' title='bbox 1875 1358 1923 1383; x_wconf 91' lang='lat' dir='ltr'>pro</span> <span class='ocrx_word' id='word_1_1528' title='bbox 1937 1349 2013 1376; x_wconf 79' lang='lat' dir='ltr'>Font.</span> <span class='ocrx_word' id='word_1_1529' title='bbox 2027 1357 2052 1381; x_wconf 82' lang='lat'>31</span> <span class='ocrx_word' id='word_1_1530' title='bbox 2068 1358 2090 1374; x_wconf 85' lang='lat' dir='ltr'>c.</span> <span class='ocrx_word' id='word_1_1531' title='bbox 2107 1358 2145 1382; x_wconf 93' lang='lat'>14.</span> <span class='ocrx_word' id='word_1_1532' title='bbox 2216 1347 2288 1374; x_wconf 89' lang='lat' dir='ltr'>Idem</span> <span class='ocrx_word' id='word_1_1533' title='bbox 2326 1366 2333 1373; x_wconf 96' lang='lat'>.</span> <span class='ocrx_word' id='word_1_1534' title='bbox 2372 1366 2379 1373; x_wconf 89' lang='lat'>.</span> <span class='ocrx_word' id='word_1_1535' title='bbox 2416 1364 2424 1373; x_wconf 90' lang='lat'>.</span> 
     </span>
     <span class='ocr_line' id='line_1_156' title="bbox 1382 1382 2426 1419; baseline 0 -11"><span class='ocrx_word' id='word_1_1536' title='bbox 1382 1383 1414 1408; x_wconf 93' lang='lat' dir='ltr'>In</span> <span class='ocrx_word' id='word_1_1537' title='bbox 1426 1391 1481 1417; x_wconf 91' lang='lat' dir='ltr'>quo</span> <span class='ocrx_word' id='word_1_1538' title='bbox 1494 1383 1534 1409; x_wconf 88' lang='lat' dir='ltr'>dii</span> <span class='ocrx_word' id='word_1_1539' title='bbox 1549 1383 1711 1410; x_wconf 81' lang='lat' dir='ltr'>immortales</span> <span class='ocrx_word' id='word_1_1540' title='bbox 1724 1385 1833 1417; x_wconf 89' lang='lat' dir='ltr'>violati,</span> <span class='ocrx_word' id='word_1_1541' title='bbox 1849 1384 2010 1411; x_wconf 85' lang='lat' dir='ltr'>existimatio</span> <span class='ocrx_word' id='word_1_1542' title='bbox 2023 1390 2102 1419; x_wconf 88' lang='lat' dir='ltr'>atque</span> <span class='ocrx_word' id='word_1_1543' title='bbox 2115 1384 2258 1410; x_wconf 69' lang='lat' dir='ltr'>a11&amp;oritas</span> <span class='ocrx_word' id='word_1_1544' title='bbox 2272 1382 2426 1418; x_wconf 82' lang='lat' dir='ltr'>PopuliRo·</span> 
     </span>
     <span class='ocr_line' id='line_1_157' title="bbox 1385 1415 2426 1453; baseline 0 -9"><span class='ocrx_word' id='word_1_1545' title='bbox 1385 1418 1458 1444; x_wconf 90' lang='lat' dir='ltr'>mani</span> <span class='ocrx_word' id='word_1_1546' title='bbox 1470 1419 1612 1445; x_wconf 89' lang='lat' dir='ltr'>Imminuta</span> <span class='ocrx_word' id='word_1_1547' title='bbox 1624 1419 1668 1445; x_wconf 86' lang='lat' dir='ltr'>est.</span> <span class='ocrx_word' id='word_1_1548' title='bbox 1775 1420 1892 1447; x_wconf 84' lang='lat' dir='ltr'>Laedere</span> <span class='ocrx_word' id='word_1_1549' title='bbox 1904 1419 2125 1447; x_wconf 83' lang='lat' dir='ltr'>existimationem</span> <span class='ocrx_word' id='word_1_1550' title='bbox 2145 1419 2249 1453; x_wconf 72' lang='lat' dir='ltr'>leiam</span> <span class='ocrx_word' id='word_1_1551' title='bbox 2261 1418 2279 1444; x_wconf 88' lang='lat'>1.</span> <span class='ocrx_word' id='word_1_1552' title='bbox 2289 1427 2302 1444; x_wconf 86' lang='lat'>2</span> <span class='ocrx_word' id='word_1_1553' title='bbox 2315 1416 2360 1444; x_wconf 88' lang='lat' dir='ltr'>sed</span> <span class='ocrx_word' id='word_1_1554' title='bbox 2373 1415 2426 1444; x_wconf 73' lang='lat' dir='ltr'>etii</span> 
     </span>
     <span class='ocr_line' id='line_1_158' title="bbox 1384 1453 1760 1488; baseline 0.003 -9"><span class='ocrx_word' id='word_1_1555' title='bbox 1384 1453 1416 1479; x_wconf 92' lang='lat' dir='ltr'>D.</span> <span class='ocrx_word' id='word_1_1556' title='bbox 1431 1453 1463 1479; x_wconf 91' lang='lat' dir='ltr'>de</span> <span class='ocrx_word' id='word_1_1557' title='bbox 1483 1454 1524 1485; x_wconf 86' lang='lat' dir='ltr'>iis,</span> <span class='ocrx_word' id='word_1_1558' title='bbox 1536 1455 1583 1488; x_wconf 88' lang='lat' dir='ltr'>qui</span> <span class='ocrx_word' id='word_1_1559' title='bbox 1595 1460 1650 1481; x_wconf 91' lang='lat' dir='ltr'>not.</span> <span class='ocrx_word' id='word_1_1560' title='bbox 1667 1455 1760 1480; x_wconf 88' lang='lat' dir='ltr'>infam.</span> 
     </span>
     <span class='ocr_line' id='line_1_159' title="bbox 1383 1489 2425 1523; baseline -0.001 -8"><span class='ocrx_word' id='word_1_1561' title='bbox 1383 1497 1432 1523; x_wconf 91' lang='lat' dir='ltr'>pro</span> <span class='ocrx_word' id='word_1_1562' title='bbox 1447 1489 1531 1515; x_wconf 85' lang='lat' dir='ltr'>Plane.</span> <span class='ocrx_word' id='word_1_1563' title='bbox 1546 1492 1563 1515; x_wconf 88' lang='lat'>6</span> <span class='ocrx_word' id='word_1_1564' title='bbox 1577 1498 1599 1515; x_wconf 89' lang='lat' dir='ltr'>c.</span> <span class='ocrx_word' id='word_1_1565' title='bbox 1614 1497 1636 1515; x_wconf 92' lang='grc'><strong>2.</strong></span> <span class='ocrx_word' id='word_1_1566' title='bbox 1655 1490 1707 1515; x_wconf 84' lang='lat' dir='ltr'>vid.</span> <span class='ocrx_word' id='word_1_1567' title='bbox 1730 1495 1891 1517; x_wconf 78' lang='lat' dir='ltr'>oFFENno.</span> <span class='ocrx_word' id='word_1_1568' title='bbox 1973 1490 2133 1523; x_wconf 83' lang='lat' dir='ltr'>oppugnare</span> <span class='ocrx_word' id='word_1_1569' title='bbox 2153 1490 2209 1514; x_wconf 85' lang='lat' dir='ltr'>Cic.</span> <span class='ocrx_word' id='word_1_1570' title='bbox 2225 1490 2297 1515; x_wconf 82' lang='lat' dir='ltr'>Fam.</span> <span class='ocrx_word' id='word_1_1571' title='bbox 2312 1497 2335 1520; x_wconf 82' lang='lat'>3,</span> <span class='ocrx_word' id='word_1_1572' title='bbox 2372 1506 2379 1514; x_wconf 87' lang='lat'>.</span> <span class='ocrx_word' id='word_1_1573' title='bbox 2417 1506 2425 1514; x_wconf 90' lang='lat'>.</span> 
     </span>
     <span class='ocr_line' id='line_1_160' title="bbox 1382 1522 2449 1558; baseline 0 -8"><span class='ocrx_word' id='word_1_1574' title='bbox 1382 1531 1406 1550; x_wconf 80' lang='lat' dir='ltr'>et</span> <span class='ocrx_word' id='word_1_1575' title='bbox 1419 1525 1495 1549; x_wconf 87' lang='lat' dir='ltr'>Verr.</span> <span class='ocrx_word' id='word_1_1576' title='bbox 1509 1532 1521 1555; x_wconf 92' lang='grc'>3</span> <span class='ocrx_word' id='word_1_1577' title='bbox 1535 1533 1557 1549; x_wconf 92' lang='lat' dir='ltr'>c.</span> <span class='ocrx_word' id='word_1_1578' title='bbox 1573 1532 1610 1549; x_wconf 91' lang='lat'>10.</span> <span class='ocrx_word' id='word_1_1579' title='bbox 1681 1524 1735 1549; x_wconf 87' lang='lat' dir='ltr'>Cic.</span> <span class='ocrx_word' id='word_1_1580' title='bbox 1750 1531 1798 1557; x_wconf 86' lang='lat' dir='ltr'>pro</span> <span class='ocrx_word' id='word_1_1581' title='bbox 1813 1522 1875 1549; x_wconf 88' lang='lat' dir='ltr'>Sull.</span> <span class='ocrx_word' id='word_1_1582' title='bbox 1888 1530 1924 1558; x_wconf 90' lang='lat'>77</span> <span class='ocrx_word' id='word_1_1583' title='bbox 1959 1523 2039 1557; x_wconf 78' lang='lat' dir='ltr'>Qiod</span> <span class='ocrx_word' id='word_1_1584' title='bbox 2058 1523 2090 1549; x_wconf 90' lang='lat' dir='ltr'>ad</span> <span class='ocrx_word' id='word_1_1585' title='bbox 2109 1530 2210 1558; x_wconf 83' lang='lat' dir='ltr'>tempus</span> <span class='ocrx_word' id='word_1_1586' title='bbox 2224 1522 2427 1550; x_wconf 74' lang='lat' dir='ltr'>existimationi·</span> <span class='ocrx_word' id='word_1_1587' title='bbox 2440 1525 2449 1534; x_wconf 91' lang='lat'><strong><em>‘</em></strong></span> 
     </span>
     <span class='ocr_line' id='line_1_161' title="bbox 1381 1557 2426 1591; baseline 0 -7"><span class='ocrx_word' id='word_1_1588' title='bbox 1381 1560 1472 1585; x_wconf 84' lang='lat' dir='ltr'>Partae</span> <span class='ocrx_word' id='word_1_1589' title='bbox 1485 1558 1587 1585; x_wconf 68' lang='lat' dir='ltr'>fruetus</span> <span class='ocrx_word' id='word_1_1590' title='bbox 1600 1558 1795 1591; x_wconf 87' lang='lat' dir='ltr'>reseruabitur,</span> <span class='ocrx_word' id='word_1_1591' title='bbox 1813 1557 1832 1584; x_wconf 86' lang='lat' dir='ltr'>si</span> <span class='ocrx_word' id='word_1_1592' title='bbox 1848 1559 1876 1585; x_wconf 92' lang='lat' dir='ltr'>in</span> <span class='ocrx_word' id='word_1_1593' title='bbox 1895 1564 2013 1585; x_wconf 88' lang='lat' dir='ltr'>extremo</span> <span class='ocrx_word' id='word_1_1594' title='bbox 2033 1558 2185 1585; x_wconf 86' lang='lat' dir='ltr'>discrimine</span> <span class='ocrx_word' id='word_1_1595' title='bbox 2203 1567 2232 1585; x_wconf 91' lang='lat' dir='ltr'>ac</span> <span class='ocrx_word' id='word_1_1596' title='bbox 2254 1558 2426 1585; x_wconf 82' lang='lat' dir='ltr'>dimicatione</span> 
     </span>
     <span class='ocr_line' id='line_1_162' title="bbox 1383 1592 2424 1627; baseline 0.001 -8"><span class='ocrx_word' id='word_1_1597' title='bbox 1383 1594 1506 1620; x_wconf 87' lang='lat' dir='ltr'>fortunae</span> <span class='ocrx_word' id='word_1_1598' title='bbox 1540 1592 1702 1624; x_wconf 86' lang='lat' dir='ltr'>deserueris,</span> <span class='ocrx_word' id='word_1_1599' title='bbox 1721 1593 1738 1619; x_wconf 91' lang='lat' dir='ltr'>si</span> <span class='ocrx_word' id='word_1_1600' title='bbox 1765 1602 1820 1620; x_wconf 90' lang='lat' dir='ltr'>non</span> <span class='ocrx_word' id='word_1_1601' title='bbox 1841 1594 1941 1627; x_wconf 90' lang='lat' dir='ltr'>aderit,</span> <span class='ocrx_word' id='word_1_1602' title='bbox 1958 1593 1976 1620; x_wconf 87' lang='lat' dir='ltr'>si</span> <span class='ocrx_word' id='word_1_1603' title='bbox 1996 1593 2064 1621; x_wconf 90' lang='lat' dir='ltr'>nihil</span> <span class='ocrx_word' id='word_1_1604' title='bbox 2084 1594 2245 1621; x_wconf 78' lang='lat' dir='ltr'>adiuuabit3</span> <span class='ocrx_word' id='word_1_1605' title='bbox 2294 1617 2300 1626; x_wconf 51' lang='lat' dir='ltr'><strong><em>J</em></strong></span> <span class='ocrx_word' id='word_1_1606' title='bbox 2312 1593 2424 1620; x_wconf 84' lang='lat' dir='ltr'>Perdere</span> 
     </span>
     <span class='ocr_line' id='line_1_163' title="bbox 1383 1627 2422 1664; baseline 0 -10"><span class='ocrx_word' id='word_1_1607' title='bbox 1383 1628 1486 1663; x_wconf 84' lang='lat' dir='ltr'>aliquid</span> <span class='ocrx_word' id='word_1_1608' title='bbox 1500 1627 1532 1655; x_wconf 88' lang='lat' dir='ltr'>de</span> <span class='ocrx_word' id='word_1_1609' title='bbox 1545 1629 1740 1655; x_wconf 86' lang='lat' dir='ltr'>existimatione</span> <span class='ocrx_word' id='word_1_1610' title='bbox 1758 1629 1834 1655; x_wconf 63' lang='lat' dir='ltr'>Auel.</span> <span class='ocrx_word' id='word_1_1611' title='bbox 1848 1629 1880 1656; x_wconf 88' lang='lat' dir='ltr'>ad</span> <span class='ocrx_word' id='word_1_1612' title='bbox 1894 1631 1990 1656; x_wconf 66' lang='lat' dir='ltr'>Heren.</span> <span class='ocrx_word' id='word_1_1613' title='bbox 2003 1639 2030 1664; x_wconf 89' lang='lat'>4,</span> <span class='ocrx_word' id='word_1_1614' title='bbox 2044 1635 2081 1663; x_wconf 90' lang='lat'>58.</span> <span class='ocrx_word' id='word_1_1615' title='bbox 2152 1630 2220 1664; x_wconf 75' lang='lat' dir='ltr'>Nep.</span> <span class='ocrx_word' id='word_1_1616' title='bbox 2235 1637 2272 1664; x_wconf 87' lang='lat'>17,</span> <span class='ocrx_word' id='word_1_1617' title='bbox 2284 1637 2310 1662; x_wconf 84' lang='lat'>4,</span> <span class='ocrx_word' id='word_1_1618' title='bbox 2321 1637 2334 1661; x_wconf 83' lang='lat'>3</span> <span class='ocrx_word' id='word_1_1619' title='bbox 2351 1628 2422 1663; x_wconf 83' lang='lat' dir='ltr'>Opu-</span> 
     </span>
     <span class='ocr_line' id='line_1_164' title="bbox 1382 1663 2425 1699; baseline -0.001 -9"><span class='ocrx_word' id='word_1_1620' title='bbox 1382 1664 1522 1692; x_wconf 87' lang='lat' dir='ltr'>lentissimo</span> <span class='ocrx_word' id='word_1_1621' title='bbox 1530 1673 1612 1699; x_wconf 88' lang='lat' dir='ltr'>regno</span> <span class='ocrx_word' id='word_1_1622' title='bbox 1619 1664 1770 1699; x_wconf 80' lang='lat' dir='ltr'>Praeposuit</span> <span class='ocrx_word' id='word_1_1623' title='bbox 1779 1665 1876 1692; x_wconf 89' lang='lat' dir='ltr'>bonam</span> <span class='ocrx_word' id='word_1_1624' title='bbox 1884 1665 2116 1692; x_wconf 85' lang='lat' dir='ltr'>existimationem.</span> <span class='ocrx_word' id='word_1_1625' title='bbox 2146 1665 2326 1692; x_wconf 85' lang='lat' dir='ltr'>Reconciliare</span> <span class='ocrx_word' id='word_1_1626' title='bbox 2333 1663 2425 1690; x_wconf 77' lang='lat' dir='ltr'>existi-</span> 
     </span>
     <span class='ocr_line' id='line_1_165' title="bbox 1383 1700 2426 1732; baseline -0.001 -6"><span class='ocrx_word' id='word_1_1627' title='bbox 1383 1700 1530 1726; x_wconf 89' lang='lat' dir='ltr'>mationem</span> <span class='ocrx_word' id='word_1_1628' title='bbox 1551 1701 1607 1726; x_wconf 92' lang='lat' dir='ltr'>Cic.</span> <span class='ocrx_word' id='word_1_1629' title='bbox 1622 1701 1697 1727; x_wconf 91' lang='lat' dir='ltr'>Verr.</span> <span class='ocrx_word' id='word_1_1630' title='bbox 1712 1700 1770 1727; x_wconf 68' lang='lat' dir='ltr'>Aer.</span> <span class='ocrx_word' id='word_1_1631' title='bbox 1787 1709 1805 1732; x_wconf 91' lang='lat'>1,</span> <span class='ocrx_word' id='word_1_1632' title='bbox 1818 1709 1840 1727; x_wconf 86' lang='lat'>2.</span> <span class='ocrx_word' id='word_1_1633' title='bbox 1910 1701 2014 1728; x_wconf 85' lang='lat' dir='ltr'>Seruire</span> <span class='ocrx_word' id='word_1_1634' title='bbox 2032 1701 2222 1728; x_wconf 85' lang='lat' dir='ltr'>existimationi</span> <span class='ocrx_word' id='word_1_1635' title='bbox 2245 1700 2318 1726; x_wconf 90' lang='lat' dir='ltr'>Idem</span> <span class='ocrx_word' id='word_1_1636' title='bbox 2331 1701 2386 1726; x_wconf 83' lang='lat' dir='ltr'>Att.</span> <span class='ocrx_word' id='word_1_1637' title='bbox 2399 1705 2426 1730; x_wconf 84' lang='grc'>5,</span> 
     </span>
     <span class='ocr_line' id='line_1_166' title="bbox 1509 1734 2426 1767; baseline -0.002 -6"><span class='ocrx_word' id='word_1_1638' title='bbox 1509 1736 1582 1761; x_wconf 87' lang='lat' dir='ltr'>Caes.</span> <span class='ocrx_word' id='word_1_1639' title='bbox 1597 1736 1626 1762; x_wconf 88' lang='lat' dir='ltr'>B.</span> <span class='ocrx_word' id='word_1_1640' title='bbox 1640 1736 1671 1761; x_wconf 93' lang='lat' dir='ltr'>C.</span> <span class='ocrx_word' id='word_1_1641' title='bbox 1686 1744 1708 1767; x_wconf 77' lang='lat'>3,</span> <span class='ocrx_word' id='word_1_1642' title='bbox 1722 1744 1731 1761; x_wconf 92' lang='lat'>1</span> <span class='ocrx_word' id='word_1_1643' title='bbox 1750 1736 1809 1762; x_wconf 83' lang='lat' dir='ltr'>Hoc</span> <span class='ocrx_word' id='word_1_1644' title='bbox 1822 1736 1855 1763; x_wconf 89' lang='lat' dir='ltr'>ad</span> <span class='ocrx_word' id='word_1_1645' title='bbox 1870 1736 2023 1763; x_wconf 86' lang='lat' dir='ltr'>debitorum</span> <span class='ocrx_word' id='word_1_1646' title='bbox 2037 1737 2180 1763; x_wconf 88' lang='lat' dir='ltr'>Tuendarn</span> <span class='ocrx_word' id='word_1_1647' title='bbox 2201 1734 2426 1763; x_wconf 74' lang='lat' dir='ltr'>existimationem</span> 
     </span>
     <span class='ocr_line' id='line_1_167' title="bbox 1383 1768 2428 1803; baseline -0.001 -8"><span class='ocrx_word' id='word_1_1648' title='bbox 1383 1770 1431 1795; x_wconf 83' lang='lat' dir='ltr'>esse</span> <span class='ocrx_word' id='word_1_1649' title='bbox 1445 1769 1602 1803; x_wconf 84' lang='lat' dir='ltr'>aptiffimum</span> <span class='ocrx_word' id='word_1_1650' title='bbox 1617 1770 1788 1797; x_wconf 86' lang='lat' dir='ltr'>existimauit.</span> <span class='ocrx_word' id='word_1_1651' title='bbox 1894 1773 1994 1799; x_wconf 85' lang='lat' dir='ltr'>Venire</span> <span class='ocrx_word' id='word_1_1652' title='bbox 2007 1779 2098 1799; x_wconf 87' lang='lat' dir='ltr'>contra</span> <span class='ocrx_word' id='word_1_1653' title='bbox 2111 1771 2333 1799; x_wconf 84' lang='lat' dir='ltr'>existimationem</span> <span class='ocrx_word' id='word_1_1654' title='bbox 2345 1768 2428 1796; x_wconf 87' lang='lat' dir='ltr'>alicu-</span> 
     </span>
     <span class='ocr_line' id='line_1_168' title="bbox 1385 1804 2455 1858; baseline 0 -28"><span class='ocrx_word' id='word_1_1655' title='bbox 1385 1804 1427 1830; x_wconf 87' lang='lat' dir='ltr'>ius</span> <span class='ocrx_word' id='word_1_1656' title='bbox 1445 1805 1502 1830; x_wconf 88' lang='lat' dir='ltr'>Cic.</span> <span class='ocrx_word' id='word_1_1657' title='bbox 1516 1806 1568 1831; x_wconf 83' lang='lat' dir='ltr'>Att.</span> <span class='ocrx_word' id='word_1_1658' title='bbox 1584 1814 1602 1836; x_wconf 89' lang='lat'>1,</span> <span class='ocrx_word' id='word_1_1659' title='bbox 1616 1813 1634 1830; x_wconf 93' lang='lat'>1.</span> <span class='ocrx_word' id='word_1_1660' title='bbox 1706 1806 1807 1831; x_wconf 88' lang='lat' dir='ltr'>Venire</span> <span class='ocrx_word' id='word_1_1661' title='bbox 1832 1806 1861 1831; x_wconf 85' lang='lat' dir='ltr'>in</span> <span class='ocrx_word' id='word_1_1662' title='bbox 1885 1806 2024 1833; x_wconf 81' lang='lat' dir='ltr'>discrimen</span> <span class='ocrx_word' id='word_1_1663' title='bbox 2044 1807 2247 1834; x_wconf 77' lang='lat' dir='ltr'>existimationis</span> <span class='ocrx_word' id='word_1_1664' title='bbox 2288 1805 2343 1832; x_wconf 87' lang='lat' dir='ltr'>Cic.</span> <span class='ocrx_word' id='word_1_1665' title='bbox 2362 1804 2427 1831; x_wconf 82' lang='lat' dir='ltr'>Diu.</span> <span class='ocrx_word' id='word_1_1666' title='bbox 2444 1810 2455 1858; x_wconf 46' lang='lat' dir='ltr'>q</span> 
     </span>
     <span class='ocr_line' id='line_1_169' title="bbox 1384 1839 2427 1875; baseline 0 -10"><span class='ocrx_word' id='word_1_1667' title='bbox 1384 1840 1462 1865; x_wconf 83' lang='lat' dir='ltr'>Verr.</span> <span class='ocrx_word' id='word_1_1668' title='bbox 1476 1847 1513 1874; x_wconf 92' lang='lat'>71.</span> <span class='ocrx_word' id='word_1_1669' title='bbox 1584 1840 1683 1866; x_wconf 87' lang='lat' dir='ltr'>Venire</span> <span class='ocrx_word' id='word_1_1670' title='bbox 1700 1840 1728 1866; x_wconf 92' lang='lat' dir='ltr'>in</span> <span class='ocrx_word' id='word_1_1671' title='bbox 1742 1840 1964 1868; x_wconf 85' lang='lat' dir='ltr'>existimationem</span> <span class='ocrx_word' id='word_1_1672' title='bbox 1984 1843 2040 1868; x_wconf 89' lang='lat' dir='ltr'>Cic.</span> <span class='ocrx_word' id='word_1_1673' title='bbox 2056 1843 2088 1868; x_wconf 85' lang='lat' dir='ltr'>de</span> <span class='ocrx_word' id='word_1_1674' title='bbox 2099 1844 2203 1868; x_wconf 86' lang='lat' dir='ltr'>Inuent.</span> <span class='ocrx_word' id='word_1_1675' title='bbox 2211 1849 2234 1873; x_wconf 87' lang='lat'>2,</span> <span class='ocrx_word' id='word_1_1676' title='bbox 2241 1849 2282 1875; x_wconf 81' lang='lat'>37.</span> <span class='ocrx_word' id='word_1_1677' title='bbox 2352 1839 2427 1865; x_wconf 85' lang='lat' dir='ltr'>Idem</span> 
     </span>
     <span class='ocr_line' id='line_1_170' title="bbox 1385 1874 2429 1914; baseline -0.006 -8"><span class='ocrx_word' id='word_1_1678' title='bbox 1385 1875 1463 1914; x_wconf 62' lang='lat' dir='ltr'>Vers·</span> <span class='ocrx_word' id='word_1_1679' title='bbox 1477 1883 1499 1907; x_wconf 78' lang='lat'>3,</span> <span class='ocrx_word' id='word_1_1680' title='bbox 1515 1883 1556 1906; x_wconf 76' lang='lat'>¹32</span> <span class='ocrx_word' id='word_1_1681' title='bbox 1577 1875 1640 1901; x_wconf 79' lang='lat' dir='ltr'>Non</span> <span class='ocrx_word' id='word_1_1682' title='bbox 1654 1875 1743 1909; x_wconf 80' lang='lat' dir='ltr'>aliqua</span> <span class='ocrx_word' id='word_1_1683' title='bbox 1755 1885 1799 1908; x_wconf 90' lang='lat' dir='ltr'>re,</span> <span class='ocrx_word' id='word_1_1684' title='bbox 1818 1882 1863 1902; x_wconf 89' lang='lat' dir='ltr'>aut</span> <span class='ocrx_word' id='word_1_1685' title='bbox 1877 1876 2042 1903; x_wconf 74' lang='lat' dir='ltr'>simulatione</span> <span class='ocrx_word' id='word_1_1686' title='bbox 2056 1877 2145 1911; x_wconf 87' lang='lat' dir='ltr'>Popul.</span> <span class='ocrx_word' id='word_1_1687' title='bbox 2168 1878 2278 1903; x_wconf 88' lang='lat' dir='ltr'>Roman.</span> <span class='ocrx_word' id='word_1_1688' title='bbox 2297 1874 2429 1901; x_wconf 78' lang='lat' dir='ltr'>existima-</span> 
     </span>
     <span class='ocr_line' id='line_1_171' title="bbox 1384 1909 2428 1939; baseline 0.001 -5"><span class='ocrx_word' id='word_1_1689' title='bbox 1384 1910 1454 1935; x_wconf 80' lang='lat' dir='ltr'>tioni</span> <span class='ocrx_word' id='word_1_1690' title='bbox 1487 1910 1512 1934; x_wconf 89' lang='lat' dir='ltr'>se</span> <span class='ocrx_word' id='word_1_1691' title='bbox 1535 1909 1674 1936; x_wconf 89' lang='lat' dir='ltr'>hominum</span> <span class='ocrx_word' id='word_1_1692' title='bbox 1697 1910 1862 1937; x_wconf 81' lang='lat' dir='ltr'>Venditasset.</span> <span class='ocrx_word' id='word_1_1693' title='bbox 1941 1913 2037 1939; x_wconf 88' lang='lat' dir='ltr'>Vereri</span> <span class='ocrx_word' id='word_1_1694' title='bbox 2061 1913 2282 1939; x_wconf 85' lang='lat' dir='ltr'>existimationem</span> <span class='ocrx_word' id='word_1_1695' title='bbox 2303 1909 2428 1936; x_wconf 83' lang='lat' dir='ltr'>omnium</span> 
     </span>
     <span class='ocr_line' id='line_1_172' title="bbox 1384 1943 2428 1982; baseline 0.003 -14"><span class='ocrx_word' id='word_1_1696' title='bbox 1384 1944 1457 1969; x_wconf 90' lang='lat' dir='ltr'>Caes.</span> <span class='ocrx_word' id='word_1_1697' title='bbox 1471 1943 1498 1969; x_wconf 82' lang='grc' dir='ltr'>Β,</span> <span class='ocrx_word' id='word_1_1698' title='bbox 1511 1944 1543 1969; x_wconf 89' lang='lat' dir='ltr'>G.</span> <span class='ocrx_word' id='word_1_1699' title='bbox 1559 1952 1581 1982; x_wconf 77' lang='lat'>5,</span> <span class='ocrx_word' id='word_1_1700' title='bbox 1595 1953 1636 1977; x_wconf 78' lang='lat'>43.</span> <span class='ocrx_word' id='word_1_1701' title='bbox 1745 1946 1801 1972; x_wconf 89' lang='lat' dir='ltr'>Cic.</span> <span class='ocrx_word' id='word_1_1702' title='bbox 1815 1947 1887 1972; x_wconf 85' lang='lat' dir='ltr'>Fam.</span> <span class='ocrx_word' id='word_1_1703' title='bbox 1902 1954 1937 1980; x_wconf 79' lang='lat'>13,</span> <span class='ocrx_word' id='word_1_1704' title='bbox 1950 1954 1981 1981; x_wconf 79' lang='lat'>73</span> <span class='ocrx_word' id='word_1_1705' title='bbox 2007 1947 2064 1974; x_wconf 87' lang='lat' dir='ltr'>Nisi</span> <span class='ocrx_word' id='word_1_1706' title='bbox 2084 1947 2155 1981; x_wconf 91' lang='lat' dir='ltr'>quod</span> <span class='ocrx_word' id='word_1_1707' title='bbox 2169 1946 2300 1972; x_wconf 81' lang='lat' dir='ltr'>existimas</span> <span class='ocrx_word' id='word_1_1708' title='bbox 2313 1945 2340 1971; x_wconf 89' lang='lat' dir='ltr'>in</span> <span class='ocrx_word' id='word_1_1709' title='bbox 2355 1953 2385 1971; x_wconf 88' lang='lat' dir='ltr'>ea</span> <span class='ocrx_word' id='word_1_1710' title='bbox 2397 1952 2428 1971; x_wconf 84' lang='lat' dir='ltr'>re</span> 
     </span>
     <span class='ocr_line' id='line_1_173' title="bbox 1384 1978 2426 2018; baseline 0.005 -15"><span class='ocrx_word' id='word_1_1711' title='bbox 1384 1978 1484 2004; x_wconf 89' lang='lat' dir='ltr'>violari</span> <span class='ocrx_word' id='word_1_1712' title='bbox 1503 1978 1726 2006; x_wconf 84' lang='lat' dir='ltr'>existimationem</span> <span class='ocrx_word' id='word_1_1713' title='bbox 1745 1987 1826 2006; x_wconf 87' lang='lat' dir='ltr'>tuam.</span> <span class='ocrx_word' id='word_1_1714' title='bbox 2022 1979 2043 2018; x_wconf 59' lang='lat' dir='ltr'>fl</span> <span class='ocrx_word' id='word_1_1715' title='bbox 2063 1991 2074 2013; x_wconf 84' lang='lat'><em>3</em></span> <span class='ocrx_word' id='word_1_1716' title='bbox 2110 1982 2254 2008; x_wconf 86' lang='lat' dir='ltr'>Extimatio</span> <span class='ocrx_word' id='word_1_1717' title='bbox 2266 1989 2316 2017; x_wconf 74' lang='lat' dir='ltr'>pro</span> <span class='ocrx_word' id='word_1_1718' title='bbox 2334 1979 2426 2007; x_wconf 83' lang='lat' dir='ltr'>Existi-</span> 
     </span>
     <span class='ocr_line' id='line_1_174' title="bbox 1384 2013 2395 2050; baseline 0.005 -11"><span class='ocrx_word' id='word_1_1719' title='bbox 1384 2013 1469 2040; x_wconf 80' lang='lat' dir='ltr'>matio</span> <span class='ocrx_word' id='word_1_1720' title='bbox 1487 2013 1605 2040; x_wconf 87' lang='lat' dir='ltr'>Macrob.</span> <span class='ocrx_word' id='word_1_1721' title='bbox 1621 2015 1671 2041; x_wconf 85' lang='lat' dir='ltr'>Sat.</span> <span class='ocrx_word' id='word_1_1722' title='bbox 1686 2022 1713 2049; x_wconf 88' lang='lat'>7,</span> <span class='ocrx_word' id='word_1_1723' title='bbox 1726 2017 1743 2041; x_wconf 91' lang='lat'>6</span> <span class='ocrx_word' id='word_1_1724' title='bbox 1756 2022 1800 2050; x_wconf 80' lang='lat' dir='ltr'>pr.</span> <span class='ocrx_word' id='word_1_1725' title='bbox 1820 2013 1874 2041; x_wconf 81' lang='lat' dir='ltr'>vid.</span> <span class='ocrx_word' id='word_1_1726' title='bbox 1894 2020 2050 2044; x_wconf 66' lang='lat' dir='ltr'>rx1s‘r1M0</span> <span class='ocrx_word' id='word_1_1727' title='bbox 2070 2025 2096 2043; x_wconf 88' lang='lat' dir='ltr'>n.</span> <span class='ocrx_word' id='word_1_1728' title='bbox 2111 2025 2136 2043; x_wconf 85' lang='lat'>2.</span> <span class='ocrx_word' id='word_1_1729' title='bbox 2392 2022 2395 2024; x_wconf 68' lang='grc'>’</span> 
     </span>
     <span class='ocr_line' id='line_1_175' title="bbox 1421 2050 2424 2085; baseline 0.002 -10"><span class='ocrx_word' id='word_1_1730' title='bbox 1421 2055 1438 2076; x_wconf 79' lang='grc' dir='ltr'>Ε</span> <span class='ocrx_word' id='word_1_1731' title='bbox 1448 2056 1466 2076; x_wconf 87' lang='lat' dir='ltr'>x</span> <span class='ocrx_word' id='word_1_1732' title='bbox 1478 2056 1485 2075; x_wconf 92' lang='lat'>1</span> <span class='ocrx_word' id='word_1_1733' title='bbox 1495 2056 1508 2076; x_wconf 90' lang='lat' dir='ltr'>s</span> <span class='ocrx_word' id='word_1_1734' title='bbox 1517 2056 1538 2076; x_wconf 80' lang='grc' dir='ltr'>Τ</span> <span class='ocrx_word' id='word_1_1735' title='bbox 1548 2057 1556 2075; x_wconf 92' lang='lat'>1</span> <span class='ocrx_word' id='word_1_1736' title='bbox 1566 2056 1589 2076; x_wconf 86' lang='lat' dir='ltr'>M</span> <span class='ocrx_word' id='word_1_1737' title='bbox 1599 2057 1620 2077; x_wconf 87' lang='lat' dir='ltr'>A</span> <span class='ocrx_word' id='word_1_1738' title='bbox 1633 2056 1653 2076; x_wconf 88' lang='lat' dir='ltr'>T</span> <span class='ocrx_word' id='word_1_1739' title='bbox 1668 2055 1687 2076; x_wconf 96' lang='grc' dir='ltr'>ο</span> <span class='ocrx_word' id='word_1_1740' title='bbox 1698 2057 1734 2083; x_wconf 81' lang='lat' dir='ltr'>R,</span> <span class='ocrx_word' id='word_1_1741' title='bbox 1755 2051 1819 2078; x_wconf 75' lang='lat' dir='ltr'>oris.</span> <span class='ocrx_word' id='word_1_1742' title='bbox 1839 2059 1875 2077; x_wconf 89' lang='lat' dir='ltr'>m.</span> <span class='ocrx_word' id='word_1_1743' title='bbox 1911 2051 1962 2085; x_wconf 64' lang='lat' dir='ltr'>Qui</span> <span class='ocrx_word' id='word_1_1744' title='bbox 1975 2050 2107 2085; x_wconf 77' lang='lat' dir='ltr'>existimat,</span> <span class='ocrx_word' id='word_1_1745' title='bbox 2143 2052 2198 2079; x_wconf 87' lang='lat' dir='ltr'>Cic.</span> <span class='ocrx_word' id='word_1_1746' title='bbox 2218 2050 2250 2078; x_wconf 84' lang='lat' dir='ltr'>de</span> <span class='ocrx_word' id='word_1_1747' title='bbox 2263 2051 2336 2078; x_wconf 87' lang='lat' dir='ltr'>Orat.</span> <span class='ocrx_word' id='word_1_1748' title='bbox 2347 2059 2378 2084; x_wconf 82' lang='lat'>3,</span> <span class='ocrx_word' id='word_1_1749' title='bbox 2390 2055 2424 2081; x_wconf 78' lang='lat'>80</span> 
     </span>
     <span class='ocr_line' id='line_1_176' title="bbox 1386 2084 2422 2120; baseline 0.004 -10"><span class='ocrx_word' id='word_1_1750' title='bbox 1386 2093 1409 2110; x_wconf 92' lang='lat' dir='ltr'>c.</span> <span class='ocrx_word' id='word_1_1751' title='bbox 1421 2092 1454 2111; x_wconf 85' lang='lat'>22</span> <span class='ocrx_word' id='word_1_1752' title='bbox 1475 2084 1571 2119; x_wconf 87' lang='lat' dir='ltr'>Neque</span> <span class='ocrx_word' id='word_1_1753' title='bbox 1588 2094 1618 2112; x_wconf 87' lang='lat' dir='ltr'>ea</span> <span class='ocrx_word' id='word_1_1754' title='bbox 1639 2094 1722 2120; x_wconf 91' lang='lat' dir='ltr'>quum</span> <span class='ocrx_word' id='word_1_1755' title='bbox 1736 2085 1868 2118; x_wconf 85' lang='lat' dir='ltr'>dicerem,</span> <span class='ocrx_word' id='word_1_1756' title='bbox 1890 2094 1932 2112; x_wconf 88' lang='lat' dir='ltr'>me</span> <span class='ocrx_word' id='word_1_1757' title='bbox 1951 2087 1999 2113; x_wconf 75' lang='lat' dir='ltr'>ess‘e</span> <span class='ocrx_word' id='word_1_1758' title='bbox 2012 2087 2167 2115; x_wconf 85' lang='lat' dir='ltr'>histrionem</span> <span class='ocrx_word' id='word_1_1759' title='bbox 2181 2087 2278 2114; x_wconf 80' lang='lat' dir='ltr'>necesse</span> <span class='ocrx_word' id='word_1_1760' title='bbox 2290 2087 2363 2118; x_wconf 80' lang='lat' dir='ltr'>esset,</span> <span class='ocrx_word' id='word_1_1761' title='bbox 2379 2085 2422 2114; x_wconf 80' lang='lat' dir='ltr'>sed</span> 
     </span>
    </p>
   </div>
   <div class='ocr_carea' id='block_1_40' title="bbox 1357 2120 2479 2253">
    <p class='ocr_par' dir='ltr' id='par_1_41' title="bbox 1357 2120 2479 2253">
     <span class='ocr_line' id='line_1_177' title="bbox 1386 2120 2466 2156; baseline 0.002 -10"><span class='ocrx_word' id='word_1_1762' title='bbox 1386 2120 1491 2146; x_wconf 80' lang='lat' dir='ltr'>fortasse</span> <span class='ocrx_word' id='word_1_1763' title='bbox 1503 2129 1556 2146; x_wconf 89' lang='lat' dir='ltr'>non</span> <span class='ocrx_word' id='word_1_1764' title='bbox 1571 2120 1678 2147; x_wconf 87' lang='lat' dir='ltr'>stultum</span> <span class='ocrx_word' id='word_1_1765' title='bbox 1693 2121 1774 2148; x_wconf 89' lang='lat' dir='ltr'>alieni</span> <span class='ocrx_word' id='word_1_1766' title='bbox 1788 2121 1896 2148; x_wconf 88' lang='lat' dir='ltr'>artificii</span> <span class='ocrx_word' id='word_1_1767' title='bbox 1907 2121 2112 2154; x_wconf 85' lang='lat' dir='ltr'>existimatorem</span> <span class='ocrx_word' id='word_1_1768' title='bbox 2121 2143 2130 2156; x_wconf 93' lang='lat'>,</span> <span class='ocrx_word' id='word_1_1769' title='bbox 2149 2126 2167 2149; x_wconf 80' lang='grc' dir='ltr'>ι’.</span> <span class='ocrx_word' id='word_1_1770' title='bbox 2174 2123 2288 2155; x_wconf 81' lang='lat' dir='ltr'>iudicem,</span> <span class='ocrx_word' id='word_1_1771' title='bbox 2294 2121 2423 2149; x_wconf 76' lang='lat' dir='ltr'>arbitrum.</span> <span class='ocrx_word' id='word_1_1772' title='bbox 2464 2142 2466 2152; x_wconf 82' lang='grc'><strong>,</strong></span> 
     </span>
     <span class='ocr_line' id='line_1_178' title="bbox 1385 2154 2479 2193; baseline 0.002 -12"><span class='ocrx_word' id='word_1_1773' title='bbox 1385 2154 1555 2182; x_wconf 83' lang='lat' dir='ltr'>Existimator</span> <span class='ocrx_word' id='word_1_1774' title='bbox 1566 2163 1590 2182; x_wconf 83' lang='lat' dir='ltr'>et</span> <span class='ocrx_word' id='word_1_1775' title='bbox 1605 2157 1737 2191; x_wconf 85' lang='lat' dir='ltr'>Magister,</span> <span class='ocrx_word' id='word_1_1776' title='bbox 1747 2157 1808 2193; x_wconf 86' lang='lat' dir='ltr'>quid</span> <span class='ocrx_word' id='word_1_1777' title='bbox 1819 2157 1958 2191; x_wconf 73' lang='lat' dir='ltr'>differant,</span> <span class='ocrx_word' id='word_1_1778' title='bbox 1976 2157 2071 2192; x_wconf 79' lang='lat' dir='ltr'>constat</span> <span class='ocrx_word' id='word_1_1779' title='bbox 2088 2168 2117 2185; x_wconf 80' lang='lat' dir='ltr'>ex</span> <span class='ocrx_word' id='word_1_1780' title='bbox 2130 2159 2186 2185; x_wconf 89' lang='lat' dir='ltr'>Cic.</span> <span class='ocrx_word' id='word_1_1781' title='bbox 2202 2158 2229 2185; x_wconf 88' lang='lat' dir='ltr'>in</span> <span class='ocrx_word' id='word_1_1782' title='bbox 2237 2159 2357 2185; x_wconf 84' lang='lat' dir='ltr'>Orat.112</span> <span class='ocrx_word' id='word_1_1783' title='bbox 2368 2165 2392 2184; x_wconf 85' lang='lat' dir='ltr'>c.</span> <span class='ocrx_word' id='word_1_1784' title='bbox 2399 2164 2424 2188; x_wconf 82' lang='lat'>3¹</span> <span class='ocrx_word' id='word_1_1785' title='bbox 2462 2159 2464 2163; x_wconf 83' lang='lat'><em>&#39;</em></span> <span class='ocrx_word' id='word_1_1786' title='bbox 2476 2170 2479 2177; x_wconf 71' lang='grc' dir='ltr'>ι</span> 
     </span>
     <span class='ocr_line' id='line_1_179' title="bbox 1357 2191 2425 2253; baseline 0.002 -37"><span class='ocrx_word' id='word_1_1787' title='bbox 1357 2192 1365 2198; x_wconf 72' lang='grc'><em>”</em></span> <span class='ocrx_word' id='word_1_1788' title='bbox 1384 2191 1600 2224; x_wconf 85' lang='lat' dir='ltr'>Meminerimus,</span> <span class='ocrx_word' id='word_1_1789' title='bbox 1617 2196 1715 2253; x_wconf 53' lang='lat' dir='ltr'>uiguit,</span> <span class='ocrx_word' id='word_1_1790' title='bbox 1735 2192 1804 2219; x_wconf 88' lang='lat' dir='ltr'>nihil</span> <span class='ocrx_word' id='word_1_1791' title='bbox 1818 2202 1865 2220; x_wconf 87' lang='lat' dir='ltr'>nos</span> <span class='ocrx_word' id='word_1_1792' title='bbox 1879 2193 2057 2229; x_wconf 83' lang='lat' dir='ltr'>praecipiendi</span> <span class='ocrx_word' id='word_1_1793' title='bbox 2070 2195 2144 2221; x_wconf 88' lang='lat' dir='ltr'>causa</span> <span class='ocrx_word' id='word_1_1794' title='bbox 2155 2195 2202 2221; x_wconf 87' lang='lat' dir='ltr'>esse</span> <span class='ocrx_word' id='word_1_1795' title='bbox 2215 2193 2334 2220; x_wconf 61' lang='lat' dir='ltr'>dicturos</span> <span class='ocrx_word' id='word_1_1796' title='bbox 2348 2202 2353 2219; x_wconf 92' lang='lat'>:</span> <span class='ocrx_word' id='word_1_1797' title='bbox 2387 2197 2425 2219; x_wconf 81' lang='lat' dir='ltr'>at-</span> 
     </span>
    </p>
   </div>
   <div class='ocr_carea' id='block_1_41' title="bbox 1385 2232 2462 2509">
    <p class='ocr_par' dir='ltr' id='par_1_42' title="bbox 1385 2232 2443 2404">
     <span class='ocr_line' id='line_1_180' title="bbox 1385 2232 1630 2260; baseline 0.008 -8"><span class='ocrx_word' id='word_1_1798' title='bbox 1385 2234 1437 2260; x_wconf 90' lang='lat' dir='ltr'>que</span> <span class='ocrx_word' id='word_1_1799' title='bbox 1457 2232 1493 2253; x_wconf 81' lang='lat' dir='ltr'>ita</span> <span class='ocrx_word' id='word_1_1800' title='bbox 1514 2233 1601 2260; x_wconf 82' lang='lat' dir='ltr'>potius</span> <span class='ocrx_word' id='word_1_1801' title='bbox 1618 2236 1630 2254; x_wconf 88' lang='lat' dir='ltr'>a</span> 
     </span>
     <span class='ocr_line' id='line_1_181' title="bbox 1385 2261 2443 2299; baseline 0.003 -12"><span class='ocrx_word' id='word_1_1802' title='bbox 1385 2261 1440 2288; x_wconf 90' lang='lat' dir='ltr'>stri.</span> <span class='ocrx_word' id='word_1_1803' title='bbox 1510 2262 1609 2289; x_wconf 65' lang='lat' dir='ltr'>Doctus</span> <span class='ocrx_word' id='word_1_1804' title='bbox 1624 2270 1650 2290; x_wconf 92' lang='lat' dir='ltr'>et</span> <span class='ocrx_word' id='word_1_1805' title='bbox 1663 2264 1812 2299; x_wconf 85' lang='lat' dir='ltr'>intelligens</span> <span class='ocrx_word' id='word_1_1806' title='bbox 1826 2264 1989 2291; x_wconf 86' lang='lat' dir='ltr'>existimator</span> <span class='ocrx_word' id='word_1_1807' title='bbox 2008 2266 2063 2291; x_wconf 89' lang='lat' dir='ltr'>Cic.</span> <span class='ocrx_word' id='word_1_1808' title='bbox 2078 2265 2110 2291; x_wconf 88' lang='lat' dir='ltr'>de</span> <span class='ocrx_word' id='word_1_1809' title='bbox 2122 2265 2191 2291; x_wconf 89' lang='lat' dir='ltr'>Clar.</span> <span class='ocrx_word' id='word_1_1810' title='bbox 2203 2265 2277 2290; x_wconf 85' lang='lat' dir='ltr'>Orat.</span> <span class='ocrx_word' id='word_1_1811' title='bbox 2292 2271 2340 2294; x_wconf 81' lang='lat'>320</span> <span class='ocrx_word' id='word_1_1812' title='bbox 2354 2272 2376 2289; x_wconf 85' lang='lat' dir='ltr'>c.</span> <span class='ocrx_word' id='word_1_1813' title='bbox 2384 2270 2422 2295; x_wconf 82' lang='lat'>93·</span> <span class='ocrx_word' id='word_1_1814' title='bbox 2433 2282 2443 2293; x_wconf 70' lang='grc'>,,</span> 
     </span>
     <span class='ocr_line' id='line_1_182' title="bbox 1392 2297 2414 2333; baseline 0.001 -9.998"><span class='ocrx_word' id='word_1_1815' title='bbox 1392 2297 1661 2326; x_wconf 81' lang='lat' dir='ltr'>Vid.1N&#39;rE1.L160.</span> <span class='ocrx_word' id='word_1_1816' title='bbox 1768 2300 1824 2325; x_wconf 89' lang='lat' dir='ltr'>Cic.</span> <span class='ocrx_word' id='word_1_1817' title='bbox 1845 2299 1877 2325; x_wconf 86' lang='lat' dir='ltr'>de</span> <span class='ocrx_word' id='word_1_1818' title='bbox 1898 2299 1968 2325; x_wconf 86' lang='lat' dir='ltr'>Clar.</span> <span class='ocrx_word' id='word_1_1819' title='bbox 1988 2300 2061 2326; x_wconf 88' lang='lat' dir='ltr'>Orat.</span> <span class='ocrx_word' id='word_1_1820' title='bbox 2081 2301 2130 2332; x_wconf 86' lang='lat'>146</span> <span class='ocrx_word' id='word_1_1821' title='bbox 2141 2308 2162 2325; x_wconf 90' lang='lat' dir='ltr'>c.</span> <span class='ocrx_word' id='word_1_1822' title='bbox 2180 2307 2211 2331; x_wconf 82' lang='lat'>39</span> <span class='ocrx_word' id='word_1_1823' title='bbox 2251 2299 2281 2324; x_wconf 92' lang='lat' dir='ltr'>In</span> <span class='ocrx_word' id='word_1_1824' title='bbox 2294 2298 2414 2333; x_wconf 84' lang='lat' dir='ltr'>augendo</span> 
     </span>
     <span class='ocr_line' id='line_1_183' title="bbox 1387 2332 2424 2368; baseline 0.002 -10"><span class='ocrx_word' id='word_1_1825' title='bbox 1387 2341 1416 2358; x_wconf 90' lang='lat' dir='ltr'>m</span> <span class='ocrx_word' id='word_1_1826' title='bbox 1429 2332 1565 2365; x_wconf 84' lang='lat' dir='ltr'>ornando,</span> <span class='ocrx_word' id='word_1_1827' title='bbox 1584 2334 1611 2359; x_wconf 89' lang='lat' dir='ltr'>in</span> <span class='ocrx_word' id='word_1_1828' title='bbox 1624 2333 1771 2360; x_wconf 87' lang='lat' dir='ltr'>refellendo</span> <span class='ocrx_word' id='word_1_1829' title='bbox 1783 2334 1866 2368; x_wconf 83' lang='lat' dir='ltr'>magis</span> <span class='ocrx_word' id='word_1_1830' title='bbox 1877 2333 2039 2361; x_wconf 86' lang='lat' dir='ltr'>existimator</span> <span class='ocrx_word' id='word_1_1831' title='bbox 2057 2334 2227 2364; x_wconf 88' lang='lat' dir='ltr'>metuendus,</span> <span class='ocrx_word' id='word_1_1832' title='bbox 2244 2341 2323 2367; x_wconf 84' lang='lat' dir='ltr'>quam</span> <span class='ocrx_word' id='word_1_1833' title='bbox 2341 2333 2424 2360; x_wconf 86' lang='lat' dir='ltr'>admi·</span> 
     </span>
     <span class='ocr_line' id='line_1_184' title="bbox 1387 2367 2228 2404; baseline -0.002 -9"><span class='ocrx_word' id='word_1_1834' title='bbox 1387 2367 1483 2395; x_wconf 84' lang='lat' dir='ltr'>randus</span> <span class='ocrx_word' id='word_1_1835' title='bbox 1496 2375 1594 2395; x_wconf 87' lang='lat' dir='ltr'>orator.</span> <span class='ocrx_word' id='word_1_1836' title='bbox 1611 2369 1639 2396; x_wconf 86' lang='lat' dir='ltr'>de</span> <span class='ocrx_word' id='word_1_1837' title='bbox 1653 2370 1765 2396; x_wconf 78' lang='lat' dir='ltr'>Scaeuola</span> <span class='ocrx_word' id='word_1_1838' title='bbox 1779 2369 1994 2404; x_wconf 87' lang='lat' dir='ltr'>iurisperitorum</span> <span class='ocrx_word' id='word_1_1839' title='bbox 2008 2371 2051 2397; x_wconf 90' lang='lat' dir='ltr'>elo</span> <span class='ocrx_word' id='word_1_1840' title='bbox 2072 2369 2228 2396; x_wconf 86' lang='lat' dir='ltr'>uentissimo.</span> 
     </span>
    </p>

    <p class='ocr_par' dir='ltr' id='par_1_43' title="bbox 1385 2401 2462 2475">
     <span class='ocr_line' id='line_1_185' title="bbox 1421 2401 2462 2437; baseline -0.002 -7"><span class='ocrx_word' id='word_1_1841' title='bbox 1421 2410 1660 2432; x_wconf 69' lang='lat' dir='ltr'>fix1sT1MA131</span> <span class='ocrx_word' id='word_1_1842' title='bbox 1673 2411 1688 2430; x_wconf 90' lang='lat'>1.</span> <span class='ocrx_word' id='word_1_1843' title='bbox 1700 2411 1748 2437; x_wconf 80' lang='lat'>18,</span> <span class='ocrx_word' id='word_1_1844' title='bbox 1768 2414 1790 2432; x_wconf 89' lang='lat' dir='ltr'>e.</span> <span class='ocrx_word' id='word_1_1845' title='bbox 1811 2405 1871 2432; x_wconf 90' lang='lat' dir='ltr'>Adi.</span> <span class='ocrx_word' id='word_1_1846' title='bbox 1907 2405 1978 2431; x_wconf 80' lang='lat' dir='ltr'>Cael.</span> <span class='ocrx_word' id='word_1_1847' title='bbox 1992 2408 2063 2432; x_wconf 83' lang='lat' dir='ltr'>Aure</span> <span class='ocrx_word' id='word_1_1848' title='bbox 2076 2407 2213 2435; x_wconf 83' lang='lat' dir='ltr'>,Acut.2,5</span> <span class='ocrx_word' id='word_1_1849' title='bbox 2233 2401 2417 2434; x_wconf 79' lang='lat' dir='ltr'>Existimabsse.</span> <span class='ocrx_word' id='word_1_1850' title='bbox 2460 2414 2462 2433; x_wconf 64' lang='grc'>·,</span> 
     </span>
     <span class='ocr_line' id='line_1_186' title="bbox 1385 2440 2052 2475; baseline 0.004 -11"><span class='ocrx_word' id='word_1_1851' title='bbox 1385 2447 1439 2465; x_wconf 85' lang='lat' dir='ltr'>non</span> <span class='ocrx_word' id='word_1_1852' title='bbox 1454 2446 1554 2466; x_wconf 91' lang='lat' dir='ltr'>certum</span> <span class='ocrx_word' id='word_1_1853' title='bbox 1568 2446 1612 2466; x_wconf 90' lang='lat' dir='ltr'>aut</span> <span class='ocrx_word' id='word_1_1854' title='bbox 1624 2440 1763 2475; x_wconf 90' lang='lat' dir='ltr'>probatum</span> <span class='ocrx_word' id='word_1_1855' title='bbox 1777 2440 1821 2467; x_wconf 81' lang='lat' dir='ltr'>est.</span> <span class='ocrx_word' id='word_1_1856' title='bbox 1891 2440 1963 2467; x_wconf 90' lang='lat' dir='ltr'>Idem</span> <span class='ocrx_word' id='word_1_1857' title='bbox 1977 2448 2000 2473; x_wconf 86' lang='grc'>3,</span> <span class='ocrx_word' id='word_1_1858' title='bbox 2015 2448 2052 2475; x_wconf 87' lang='lat'>17.</span> 
     </span>
    </p>

    <p class='ocr_par' dir='ltr' id='par_1_44' title="bbox 1425 2475 2162 2509">
     <span class='ocr_line' id='line_1_187' title="bbox 1425 2475 2162 2509; baseline 0.001 -9"><span class='ocrx_word' id='word_1_1859' title='bbox 1425 2480 1442 2500; x_wconf 82' lang='lat' dir='ltr'>E</span> <span class='ocrx_word' id='word_1_1860' title='bbox 1453 2481 1512 2501; x_wconf 78' lang='lat' dir='ltr'>xrs</span> <span class='ocrx_word' id='word_1_1861' title='bbox 1523 2481 1544 2501; x_wconf 77' lang='lat' dir='ltr'>&#39;r</span> <span class='ocrx_word' id='word_1_1862' title='bbox 1556 2475 1652 2509; x_wconf 77' lang='lat' dir='ltr'>0‚fiue</span> <span class='ocrx_word' id='word_1_1863' title='bbox 1671 2483 1738 2503; x_wconf 55' lang='lat' dir='ltr'>laxs</span> <span class='ocrx_word' id='word_1_1864' title='bbox 1751 2482 1758 2501; x_wconf 88' lang='lat'>1</span> <span class='ocrx_word' id='word_1_1865' title='bbox 1771 2482 1856 2508; x_wconf 68' lang='lat' dir='ltr'>sro,</span> <span class='ocrx_word' id='word_1_1866' title='bbox 1873 2476 1933 2508; x_wconf 79' lang='lat' dir='ltr'>titi,</span> <span class='ocrx_word' id='word_1_1867' title='bbox 1952 2478 2049 2509; x_wconf 76' lang='lat' dir='ltr'>titum,</span> <span class='ocrx_word' id='word_1_1868' title='bbox 2066 2475 2162 2502; x_wconf 84' lang='lat' dir='ltr'>sistere.</span> 
     </span>
    </p>
   </div>
   <div class='ocr_carea' id='block_1_42' title="bbox 1661 2227 2430 2263">
    <p class='ocr_par' dir='ltr' id='par_1_45' title="bbox 1661 2227 2430 2263">
     <span class='ocr_line' id='line_1_188' title="bbox 1661 2227 2430 2263; baseline 0 -9"><span class='ocrx_word' id='word_1_1869' title='bbox 1661 2237 1722 2254; x_wconf 90' lang='lat' dir='ltr'>uros</span> <span class='ocrx_word' id='word_1_1870' title='bbox 1731 2249 1739 2261; x_wconf 83' lang='lat'>‚</span> <span class='ocrx_word' id='word_1_1871' title='bbox 1758 2234 1787 2255; x_wconf 88' lang='lat' dir='ltr'>vt</span> <span class='ocrx_word' id='word_1_1872' title='bbox 1807 2228 2001 2256; x_wconf 85' lang='lat' dir='ltr'>existimatores</span> <span class='ocrx_word' id='word_1_1873' title='bbox 2014 2230 2152 2256; x_wconf 87' lang='lat' dir='ltr'>videamur</span> <span class='ocrx_word' id='word_1_1874' title='bbox 2165 2229 2257 2263; x_wconf 85' lang='lat' dir='ltr'>loqui,</span> <span class='ocrx_word' id='word_1_1875' title='bbox 2275 2237 2330 2254; x_wconf 90' lang='lat' dir='ltr'>non</span> <span class='ocrx_word' id='word_1_1876' title='bbox 2342 2227 2430 2262; x_wconf 23' lang='lat' dir='ltr'>magii,</span> 
     </span>
    </p>
   </div>
   <div class='ocr_carea' id='block_1_43' title="bbox 1384 2458 2426 2687">
    <p class='ocr_par' dir='ltr' id='par_1_46' title="bbox 1384 2458 2426 2687">
     <span class='ocr_line' id='line_1_189' title="bbox 2203 2458 2419 2533; baseline -0.009 -34"><span class='ocrx_word' id='word_1_1877' title='bbox 2203 2474 2217 2508; x_wconf 85' lang='lat'>[</span> <span class='ocrx_word' id='word_1_1878' title='bbox 2225 2458 2419 2533; x_wconf 45' lang='grc' dir='ltr'>ὖπερέχω,,ἒ’νιῇ</span> 
     </span>
     <span class='ocr_line' id='line_1_190' title="bbox 1387 2513 2424 2581; baseline 0 -10"><span class='ocrx_word' id='word_1_1879' title='bbox 1387 2544 1430 2571; x_wconf 84' lang='lat' dir='ltr'>stit</span> <span class='ocrx_word' id='word_1_1880' title='bbox 1443 2552 1516 2581; x_wconf 84' lang='lat' dir='ltr'>atque</span> <span class='ocrx_word' id='word_1_1881' title='bbox 1528 2546 1628 2578; x_wconf 85' lang='lat' dir='ltr'>Exstat,</span> <span class='ocrx_word' id='word_1_1882' title='bbox 1648 2555 1749 2580; x_wconf 83' lang='lat' dir='ltr'>quorum</span> <span class='ocrx_word' id='word_1_1883' title='bbox 1764 2546 1891 2572; x_wconf 86' lang='lat' dir='ltr'>verborum</span> <span class='ocrx_word' id='word_1_1884' title='bbox 1906 2555 1980 2572; x_wconf 84' lang='lat' dir='ltr'>vnum</span> <span class='ocrx_word' id='word_1_1885' title='bbox 1993 2554 2066 2581; x_wconf 82' lang='lat' dir='ltr'>atque</span> <span class='ocrx_word' id='word_1_1886' title='bbox 2079 2545 2141 2572; x_wconf 83' lang='lat' dir='ltr'>idem</span> <span class='ocrx_word' id='word_1_1887' title='bbox 2153 2547 2318 2572; x_wconf 77' lang='lat' dir='ltr'>Praeteritum</span> <span class='ocrx_word' id='word_1_1888' title='bbox 2330 2540 2364 2575; x_wconf 79' lang='lat' dir='ltr'>est</span> <span class='ocrx_word' id='word_1_1889' title='bbox 2371 2513 2424 2575; x_wconf 62' lang='lat' dir='ltr'>,sz</span> 
     </span>
     <span class='ocr_line' id='line_1_191' title="bbox 1384 2578 2426 2642; baseline -0.005 -35"><span class='ocrx_word' id='word_1_1890' title='bbox 1384 2582 1440 2607; x_wconf 83' lang='lat' dir='ltr'>mile</span> <span class='ocrx_word' id='word_1_1891' title='bbox 1451 2581 1565 2617; x_wconf 78' lang='lat' dir='ltr'>quiddam</span> <span class='ocrx_word' id='word_1_1892' title='bbox 1572 2581 1735 2619; x_wconf 63' lang='lat' dir='ltr'>significant,</span> <span class='ocrx_word' id='word_1_1893' title='bbox 1752 2581 1816 2617; x_wconf 85' lang='lat' dir='ltr'>quod</span> <span class='ocrx_word' id='word_1_1894' title='bbox 1827 2579 1970 2623; x_wconf 39' lang='lat' dir='ltr'>est&#39;Eminet</span> <span class='ocrx_word' id='word_1_1895' title='bbox 1983 2588 2006 2607; x_wconf 82' lang='lat' dir='ltr'>et</span> <span class='ocrx_word' id='word_1_1896' title='bbox 2013 2579 2133 2642; x_wconf 57' lang='grc' dir='ltr'>[Ξρενςβ.</span> <span class='ocrx_word' id='word_1_1897' title='bbox 2190 2578 2353 2621; x_wconf 72' lang='lat' dir='ltr'>sedprimum</span> <span class='ocrx_word' id='word_1_1898' title='bbox 2370 2585 2426 2604; x_wconf 82' lang='lat' dir='ltr'>cum</span> 
     </span>
     <span class='ocr_line' id='line_1_192' title="bbox 1387 2613 2426 2652; baseline -0.004 -10"><span class='ocrx_word' id='word_1_1899' title='bbox 1387 2622 1467 2647; x_wconf 78' lang='lat' dir='ltr'>motu,</span> <span class='ocrx_word' id='word_1_1900' title='bbox 1490 2618 1593 2642; x_wconf 83' lang='lat' dir='ltr'>alterum</span> <span class='ocrx_word' id='word_1_1901' title='bbox 1609 2618 1665 2649; x_wconf 75' lang='lat' dir='ltr'>stne</span> <span class='ocrx_word' id='word_1_1902' title='bbox 1688 2623 1776 2643; x_wconf 79' lang='lat' dir='ltr'>motu:</span> <span class='ocrx_word' id='word_1_1903' title='bbox 1812 2623 1841 2643; x_wconf 82' lang='lat' dir='ltr'>vt</span> <span class='ocrx_word' id='word_1_1904' title='bbox 1858 2616 1920 2642; x_wconf 70' lang='lat' dir='ltr'>illud</span> <span class='ocrx_word' id='word_1_1905' title='bbox 1927 2618 1967 2650; x_wconf 79' lang='lat' dir='ltr'>th</span> <span class='ocrx_word' id='word_1_1906' title='bbox 1980 2618 2029 2643; x_wconf 88' lang='lat' dir='ltr'>Pro</span> <span class='ocrx_word' id='word_1_1907' title='bbox 2048 2623 2070 2643; x_wconf 77' lang='lat' dir='ltr'>tt</span> <span class='ocrx_word' id='word_1_1908' title='bbox 2083 2617 2123 2643; x_wconf 87' lang='lat' dir='ltr'>vel</span> <span class='ocrx_word' id='word_1_1909' title='bbox 2134 2615 2205 2652; x_wconf 78' lang='lat' dir='ltr'>exsur</span> <span class='ocrx_word' id='word_1_1910' title='bbox 2224 2621 2246 2640; x_wconf 76' lang='lat' dir='ltr'>tt</span> <span class='ocrx_word' id='word_1_1911' title='bbox 2259 2624 2267 2639; x_wconf 95' lang='lat'><em>:</em></span> <span class='ocrx_word' id='word_1_1912' title='bbox 2300 2613 2346 2640; x_wconf 85' lang='lat' dir='ltr'>hoc</span> <span class='ocrx_word' id='word_1_1913' title='bbox 2357 2621 2426 2649; x_wconf 73' lang='lat' dir='ltr'>vero,</span> 
     </span>
     <span class='ocr_line' id='line_1_193' title="bbox 1388 2624 2426 2687; baseline -0.003 -10"><span class='ocrx_word' id='word_1_1914' title='bbox 1388 2649 1495 2683; x_wconf 79' lang='lat' dir='ltr'>Prostat.</span> <span class='ocrx_word' id='word_1_1915' title='bbox 1532 2651 1605 2687; x_wconf 84' lang='lat' dir='ltr'>Conf.</span> <span class='ocrx_word' id='word_1_1916' title='bbox 1618 2652 1702 2678; x_wconf 79' lang='lat' dir='ltr'>Burni.</span> <span class='ocrx_word' id='word_1_1917' title='bbox 1717 2652 1750 2677; x_wconf 79' lang='lat' dir='ltr'>od</span> <span class='ocrx_word' id='word_1_1918' title='bbox 1768 2651 1850 2678; x_wconf 89' lang='lat' dir='ltr'>Ouid.</span> <span class='ocrx_word' id='word_1_1919' title='bbox 1865 2652 1929 2678; x_wconf 88' lang='lat' dir='ltr'>Met.</span> <span class='ocrx_word' id='word_1_1920' title='bbox 1944 2660 1970 2684; x_wconf 84' lang='lat'>2,</span> <span class='ocrx_word' id='word_1_1921' title='bbox 1983 2654 2042 2686; x_wconf 86' lang='lat'>264.</span> <span class='ocrx_word' id='word_1_1922' title='bbox 2113 2651 2168 2677; x_wconf 82' lang='lat' dir='ltr'>Cic.</span> <span class='ocrx_word' id='word_1_1923' title='bbox 2182 2624 2265 2677; x_wconf 53' lang='grc' dir='ltr'>Ίὲιίὲ.</span> <span class='ocrx_word' id='word_1_1924' title='bbox 2280 2656 2300 2680; x_wconf 89' lang='lat'>1,</span> <span class='ocrx_word' id='word_1_1925' title='bbox 2312 2656 2339 2681; x_wconf 82' lang='lat'>33</span> <span class='ocrx_word' id='word_1_1926' title='bbox 2376 2646 2426 2674; x_wconf 81' lang='lat' dir='ltr'>Sed</span> 
     </span>
    </p>
   </div>
   <div class='ocr_carea' id='block_1_44' title="bbox 1388 2719 2457 3572">
    <p class='ocr_par' dir='ltr' id='par_1_47' title="bbox 1388 2719 2457 3572">
     <span class='ocr_line' id='line_1_194' title="bbox 1388 2719 2381 2758; baseline -0.003 -10"><span class='ocrx_word' id='word_1_1927' title='bbox 1388 2731 1459 2749; x_wconf 86' lang='lat' dir='ltr'>runn</span> <span class='ocrx_word' id='word_1_1928' title='bbox 1473 2722 1625 2749; x_wconf 82' lang='lat' dir='ltr'>futurorum</span> <span class='ocrx_word' id='word_1_1929' title='bbox 1640 2733 1645 2748; x_wconf 88' lang='lat'>:</span> <span class='ocrx_word' id='word_1_1930' title='bbox 1671 2721 1752 2756; x_wconf 90' lang='lat' dir='ltr'>idque</span> <span class='ocrx_word' id='word_1_1931' title='bbox 1767 2722 1794 2748; x_wconf 91' lang='lat' dir='ltr'>in</span> <span class='ocrx_word' id='word_1_1932' title='bbox 1808 2722 1929 2748; x_wconf 82' lang='lat' dir='ltr'>maximis</span> <span class='ocrx_word' id='word_1_1933' title='bbox 1941 2722 2069 2758; x_wconf 84' lang='lat' dir='ltr'>ingeniis,</span> <span class='ocrx_word' id='word_1_1934' title='bbox 2088 2721 2266 2756; x_wconf 82' lang='lat' dir='ltr'>altissimisque</span> <span class='ocrx_word' id='word_1_1935' title='bbox 2285 2719 2381 2746; x_wconf 79' lang='lat' dir='ltr'>animis</span> 
     </span>
     <span class='ocr_line' id='line_1_195' title="bbox 1388 2754 2427 2792; baseline -0.003 -9"><span class='ocrx_word' id='word_1_1936' title='bbox 1388 2757 1485 2784; x_wconf 82' lang='lat' dir='ltr'>exsistit</span> <span class='ocrx_word' id='word_1_1937' title='bbox 1498 2758 1628 2790; x_wconf 83' lang='lat' dir='ltr'>maxime,</span> <span class='ocrx_word' id='word_1_1938' title='bbox 1645 2763 1671 2784; x_wconf 87' lang='lat' dir='ltr'>et</span> <span class='ocrx_word' id='word_1_1939' title='bbox 1684 2763 1790 2792; x_wconf 90' lang='lat' dir='ltr'>apparet</span> <span class='ocrx_word' id='word_1_1940' title='bbox 1803 2757 1938 2784; x_wconf 86' lang='lat' dir='ltr'>facillime.</span> <span class='ocrx_word' id='word_1_1941' title='bbox 2040 2758 2097 2785; x_wconf 88' lang='lat' dir='ltr'>Cic.</span> <span class='ocrx_word' id='word_1_1942' title='bbox 2111 2757 2143 2784; x_wconf 88' lang='lat' dir='ltr'>de</span> <span class='ocrx_word' id='word_1_1943' title='bbox 2156 2757 2247 2785; x_wconf 81' lang='lat' dir='ltr'>Diuin.</span> <span class='ocrx_word' id='word_1_1944' title='bbox 2257 2764 2281 2787; x_wconf 90' lang='lat'>2,</span> <span class='ocrx_word' id='word_1_1945' title='bbox 2289 2757 2324 2782; x_wconf 86' lang='lat'>60</span> <span class='ocrx_word' id='word_1_1946' title='bbox 2342 2754 2427 2789; x_wconf 75' lang='lat' dir='ltr'>Quid-</span> 
     </span>
     <span class='ocr_line' id='line_1_196' title="bbox 1390 2790 2449 2828; baseline -0.003 -10"><span class='ocrx_word' id='word_1_1947' title='bbox 1390 2792 1454 2827; x_wconf 90' lang='lat' dir='ltr'>quid</span> <span class='ocrx_word' id='word_1_1948' title='bbox 1473 2793 1543 2820; x_wconf 90' lang='lat' dir='ltr'>enim</span> <span class='ocrx_word' id='word_1_1949' title='bbox 1561 2794 1662 2828; x_wconf 86' lang='lat' dir='ltr'>oritur,</span> <span class='ocrx_word' id='word_1_1950' title='bbox 1683 2793 1863 2828; x_wconf 89' lang='lat' dir='ltr'>qualecunque</span> <span class='ocrx_word' id='word_1_1951' title='bbox 1883 2793 1935 2825; x_wconf 90' lang='lat' dir='ltr'>est,</span> <span class='ocrx_word' id='word_1_1952' title='bbox 1953 2793 2054 2820; x_wconf 86' lang='lat' dir='ltr'>causam</span> <span class='ocrx_word' id='word_1_1953' title='bbox 2073 2792 2168 2819; x_wconf 86' lang='lat' dir='ltr'>habeat</span> <span class='ocrx_word' id='word_1_1954' title='bbox 2183 2800 2198 2819; x_wconf 86' lang='lat' dir='ltr'>a</span> <span class='ocrx_word' id='word_1_1955' title='bbox 2217 2798 2311 2818; x_wconf 89' lang='lat' dir='ltr'>natura</span> <span class='ocrx_word' id='word_1_1956' title='bbox 2328 2790 2449 2826; x_wconf 42' lang='lat' dir='ltr'>necesse,</span> 
     </span>
     <span class='ocr_line' id='line_1_197' title="bbox 1389 2826 2446 2862; baseline -0.004 -8"><span class='ocrx_word' id='word_1_1957' title='bbox 1389 2828 1446 2854; x_wconf 86' lang='lat' dir='ltr'>est:</span> <span class='ocrx_word' id='word_1_1958' title='bbox 1481 2834 1509 2855; x_wconf 88' lang='lat' dir='ltr'>vt</span> <span class='ocrx_word' id='word_1_1959' title='bbox 1529 2829 1608 2854; x_wconf 88' lang='lat' dir='ltr'>etiam</span> <span class='ocrx_word' id='word_1_1960' title='bbox 1629 2828 1646 2854; x_wconf 86' lang='lat' dir='ltr'>si</span> <span class='ocrx_word' id='word_1_1961' title='bbox 1670 2834 1772 2862; x_wconf 85' lang='lat' dir='ltr'>praeter</span> <span class='ocrx_word' id='word_1_1962' title='bbox 1791 2829 2008 2855; x_wconf 89' lang='lat' dir='ltr'>consuetudinem</span> <span class='ocrx_word' id='word_1_1963' title='bbox 2028 2828 2172 2861; x_wconf 85' lang='lat' dir='ltr'>exstiterit,</span> <span class='ocrx_word' id='word_1_1964' title='bbox 2189 2833 2293 2862; x_wconf 87' lang='lat' dir='ltr'>praeter</span> <span class='ocrx_word' id='word_1_1965' title='bbox 2305 2831 2426 2851; x_wconf 84' lang='lat' dir='ltr'>naturam</span> <span class='ocrx_word' id='word_1_1966' title='bbox 2438 2826 2446 2850; x_wconf 68' lang='grc'>.“</span> 
     </span>
     <span class='ocr_line' id='line_1_198' title="bbox 1389 2860 2441 2897; baseline -0.004 -7"><span class='ocrx_word' id='word_1_1967' title='bbox 1389 2869 1476 2890; x_wconf 87' lang='lat' dir='ltr'>tamen</span> <span class='ocrx_word' id='word_1_1968' title='bbox 1487 2872 1540 2890; x_wconf 91' lang='lat' dir='ltr'>non</span> <span class='ocrx_word' id='word_1_1969' title='bbox 1555 2863 1626 2897; x_wconf 79' lang='lat' dir='ltr'>poffit</span> <span class='ocrx_word' id='word_1_1970' title='bbox 1639 2863 1765 2890; x_wconf 85' lang='lat' dir='ltr'>exsistere.</span> <span class='ocrx_word' id='word_1_1971' title='bbox 1847 2865 1902 2891; x_wconf 92' lang='lat' dir='ltr'>Cic.</span> <span class='ocrx_word' id='word_1_1972' title='bbox 1915 2865 1985 2891; x_wconf 89' lang='lat' dir='ltr'>Fam.</span> <span class='ocrx_word' id='word_1_1973' title='bbox 1999 2873 2022 2897; x_wconf 83' lang='grc'>3,</span> <span class='ocrx_word' id='word_1_1974' title='bbox 2037 2873 2058 2891; x_wconf 83' lang='grc' dir='ltr'>ιι</span> <span class='ocrx_word' id='word_1_1975' title='bbox 2080 2864 2137 2891; x_wconf 88' lang='lat' dir='ltr'>Nec</span> <span class='ocrx_word' id='word_1_1976' title='bbox 2147 2870 2199 2890; x_wconf 88' lang='lat' dir='ltr'>tam</span> <span class='ocrx_word' id='word_1_1977' title='bbox 2212 2861 2358 2896; x_wconf 83' lang='lat' dir='ltr'>gloriosum</span> <span class='ocrx_word' id='word_1_1978' title='bbox 2370 2860 2427 2887; x_wconf 84' lang='lat' dir='ltr'>exi·</span> <span class='ocrx_word' id='word_1_1979' title='bbox 2440 2867 2441 2870; x_wconf 76' lang='grc'>’</span> 
     </span>
     <span class='ocr_line' id='line_1_199' title="bbox 1390 2899 2428 2934; baseline -0.001 -9"><span class='ocrx_word' id='word_1_1980' title='bbox 1390 2905 1445 2926; x_wconf 86' lang='lat' dir='ltr'>tum</span> <span class='ocrx_word' id='word_1_1981' title='bbox 1461 2900 1501 2925; x_wconf 87' lang='lat' dir='ltr'>tui</span> <span class='ocrx_word' id='word_1_1982' title='bbox 1514 2899 1609 2925; x_wconf 88' lang='lat' dir='ltr'>iudicii</span> <span class='ocrx_word' id='word_1_1983' title='bbox 1620 2899 1746 2931; x_wconf 79' lang='lat' dir='ltr'>extitisse,</span> <span class='ocrx_word' id='word_1_1984' title='bbox 1762 2899 1804 2925; x_wconf 88' lang='lat' dir='ltr'>sed</span> <span class='ocrx_word' id='word_1_1985' title='bbox 1818 2905 1870 2926; x_wconf 90' lang='lat' dir='ltr'>tam</span> <span class='ocrx_word' id='word_1_1986' title='bbox 1885 2908 1991 2934; x_wconf 86' lang='lat' dir='ltr'>prauam</span> <span class='ocrx_word' id='word_1_1987' title='bbox 2005 2900 2175 2926; x_wconf 84' lang='lat' dir='ltr'>inimicorum</span> <span class='ocrx_word' id='word_1_1988' title='bbox 2187 2903 2294 2923; x_wconf 81' lang='lat' dir='ltr'>tuonim</span> <span class='ocrx_word' id='word_1_1989' title='bbox 2309 2901 2428 2924; x_wconf 87' lang='lat' dir='ltr'>mentem</span> 
     </span>
     <span class='ocr_line' id='line_1_200' title="bbox 1390 2931 2426 2969; baseline -0.004 -8"><span class='ocrx_word' id='word_1_1990' title='bbox 1390 2935 1465 2961; x_wconf 80' lang='lat' dir='ltr'>fuisse</span> <span class='ocrx_word' id='word_1_1991' title='bbox 1477 2934 1602 2960; x_wconf 89' lang='lat' dir='ltr'>mirabar.</span> <span class='ocrx_word' id='word_1_1992' title='bbox 1707 2935 1761 2961; x_wconf 90' lang='lat' dir='ltr'>Cic.</span> <span class='ocrx_word' id='word_1_1993' title='bbox 1778 2944 1826 2969; x_wconf 90' lang='lat' dir='ltr'>pro</span> <span class='ocrx_word' id='word_1_1994' title='bbox 1841 2936 1915 2962; x_wconf 88' lang='lat' dir='ltr'>Rosc.</span> <span class='ocrx_word' id='word_1_1995' title='bbox 1930 2936 2018 2961; x_wconf 86' lang='lat' dir='ltr'>Amer.</span> <span class='ocrx_word' id='word_1_1996' title='bbox 2036 2941 2068 2968; x_wconf 89' lang='lat'>75</span> <span class='ocrx_word' id='word_1_1997' title='bbox 2087 2942 2108 2959; x_wconf 89' lang='lat' dir='ltr'>c.</span> <span class='ocrx_word' id='word_1_1998' title='bbox 2120 2937 2151 2962; x_wconf 88' lang='lat'>28</span> <span class='ocrx_word' id='word_1_1999' title='bbox 2186 2933 2216 2958; x_wconf 93' lang='lat' dir='ltr'>In</span> <span class='ocrx_word' id='word_1_2000' title='bbox 2229 2932 2294 2958; x_wconf 90' lang='lat' dir='ltr'>vrbe</span> <span class='ocrx_word' id='word_1_2001' title='bbox 2308 2931 2426 2958; x_wconf 69' lang='lat' dir='ltr'>luxuries</span> 
     </span>
     <span class='ocr_line' id='line_1_201' title="bbox 1391 2967 2448 3002; baseline -0.003 -6"><span class='ocrx_word' id='word_1_2002' title='bbox 1391 2975 1507 3002; x_wconf 85' lang='lat' dir='ltr'>creatur,</span> <span class='ocrx_word' id='word_1_2003' title='bbox 1535 2979 1566 2996; x_wconf 86' lang='lat' dir='ltr'>cx</span> <span class='ocrx_word' id='word_1_2004' title='bbox 1579 2969 1682 2996; x_wconf 83' lang='lat' dir='ltr'>luxuria</span> <span class='ocrx_word' id='word_1_2005' title='bbox 1694 2970 1795 2997; x_wconf 83' lang='lat' dir='ltr'>exfistat</span> <span class='ocrx_word' id='word_1_2006' title='bbox 1808 2971 1920 2997; x_wconf 86' lang='lat' dir='ltr'>auaritia</span> <span class='ocrx_word' id='word_1_2007' title='bbox 1937 2970 2033 2996; x_wconf 81' lang='lat' dir='ltr'>necesse</span> <span class='ocrx_word' id='word_1_2008' title='bbox 2054 2969 2105 3001; x_wconf 88' lang='lat' dir='ltr'>est,</span> <span class='ocrx_word' id='word_1_2009' title='bbox 2125 2976 2156 2994; x_wconf 87' lang='lat' dir='ltr'>ex</span> <span class='ocrx_word' id='word_1_2010' title='bbox 2175 2967 2287 2994; x_wconf 83' lang='lat' dir='ltr'>auaritia</span> <span class='ocrx_word' id='word_1_2011' title='bbox 2306 2971 2426 3002; x_wconf 83' lang='lat' dir='ltr'>erumpat</span> <span class='ocrx_word' id='word_1_2012' title='bbox 2444 2992 2448 2996; x_wconf 66' lang='lat'>.</span> 
     </span>
     <span class='ocr_line' id='line_1_202' title="bbox 1391 3003 2427 3042; baseline -0.003 -11"><span class='ocrx_word' id='word_1_2013' title='bbox 1391 3005 1507 3032; x_wconf 88' lang='lat' dir='ltr'>audacia.</span> <span class='ocrx_word' id='word_1_2014' title='bbox 1613 3005 1671 3031; x_wconf 89' lang='lat' dir='ltr'>Liu.</span> <span class='ocrx_word' id='word_1_2015' title='bbox 1685 3014 1724 3038; x_wconf 79' lang='lat'>39,</span> <span class='ocrx_word' id='word_1_2016' title='bbox 1738 3014 1770 3041; x_wconf 85' lang='lat'>37</span> <span class='ocrx_word' id='word_1_2017' title='bbox 1779 3013 1824 3042; x_wconf 79' lang='lat' dir='ltr'>pr.</span> <span class='ocrx_word' id='word_1_2018' title='bbox 1858 3005 1908 3032; x_wconf 84' lang='lat' dir='ltr'>Etsi</span> <span class='ocrx_word' id='word_1_2019' title='bbox 1922 3004 2013 3031; x_wconf 84' lang='lat' dir='ltr'>existat</span> <span class='ocrx_word' id='word_1_2020' title='bbox 2031 3003 2110 3030; x_wconf 86' lang='lat' dir='ltr'>hodie</span> <span class='ocrx_word' id='word_1_2021' title='bbox 2128 3003 2162 3030; x_wconf 88' lang='lat' dir='ltr'>ab</span> <span class='ocrx_word' id='word_1_2022' title='bbox 2175 3003 2266 3030; x_wconf 87' lang='lat' dir='ltr'>inferis</span> <span class='ocrx_word' id='word_1_2023' title='bbox 2280 3003 2427 3037; x_wconf 75' lang='lat' dir='ltr'>Lycurgus,</span> 
     </span>
     <span class='ocr_line' id='line_1_203' title="bbox 1798 3037 2457 3076; baseline -0.006 -8"><span class='ocrx_word' id='word_1_2024' title='bbox 1798 3041 1854 3068; x_wconf 90' lang='lat' dir='ltr'>Cic.</span> <span class='ocrx_word' id='word_1_2025' title='bbox 1869 3049 1917 3076; x_wconf 88' lang='lat' dir='ltr'>pro</span> <span class='ocrx_word' id='word_1_2026' title='bbox 1931 3041 2010 3067; x_wconf 90' lang='lat' dir='ltr'>Corn.</span> <span class='ocrx_word' id='word_1_2027' title='bbox 2024 3039 2107 3066; x_wconf 87' lang='lat' dir='ltr'>Balbo</span> <span class='ocrx_word' id='word_1_2028' title='bbox 2120 3046 2156 3074; x_wconf 93' lang='lat'>47</span> <span class='ocrx_word' id='word_1_2029' title='bbox 2168 3047 2189 3065; x_wconf 89' lang='lat' dir='ltr'>c.</span> <span class='ocrx_word' id='word_1_2030' title='bbox 2205 3047 2235 3065; x_wconf 86' lang='lat'>20</span> <span class='ocrx_word' id='word_1_2031' title='bbox 2270 3038 2367 3065; x_wconf 84' lang='lat' dir='ltr'>Existat</span> <span class='ocrx_word' id='word_1_2032' title='bbox 2379 3037 2433 3064; x_wconf 75' lang='lat' dir='ltr'>ille·</span> <span class='ocrx_word' id='word_1_2033' title='bbox 2456 3071 2457 3074; x_wconf 13' lang='grc' dir='ltr'><strong>Ἴ</strong></span> 
     </span>
     <span class='ocr_line' id='line_1_204' title="bbox 1392 3073 2424 3112; baseline -0.004 -9"><span class='ocrx_word' id='word_1_2034' title='bbox 1392 3086 1434 3103; x_wconf 84' lang='lat' dir='ltr'>vir</span> <span class='ocrx_word' id='word_1_2035' title='bbox 1448 3084 1586 3111; x_wconf 86' lang='lat' dir='ltr'>parumper</span> <span class='ocrx_word' id='word_1_2036' title='bbox 1599 3076 1760 3109; x_wconf 85' lang='lat' dir='ltr'>cogitatione</span> <span class='ocrx_word' id='word_1_2037' title='bbox 1773 3077 1871 3109; x_wconf 84' lang='lat' dir='ltr'>vestra,</span> <span class='ocrx_word' id='word_1_2038' title='bbox 1892 3076 2016 3112; x_wconf 83' lang='lat' dir='ltr'>quoniam</span> <span class='ocrx_word' id='word_1_2039' title='bbox 2029 3084 2058 3101; x_wconf 88' lang='lat' dir='ltr'>re</span> <span class='ocrx_word' id='word_1_2040' title='bbox 2067 3083 2121 3101; x_wconf 91' lang='lat' dir='ltr'>non</span> <span class='ocrx_word' id='word_1_2041' title='bbox 2134 3074 2224 3109; x_wconf 83' lang='lat' dir='ltr'>potest.</span> <span class='ocrx_word' id='word_1_2042' title='bbox 2295 3073 2424 3108; x_wconf 84' lang='lat' dir='ltr'>ldempro</span> 
     </span>
     <span class='ocr_line' id='line_1_205' title="bbox 1393 3109 2426 3145; baseline -0.003 -6"><span class='ocrx_word' id='word_1_2043' title='bbox 1393 3112 1465 3139; x_wconf 82' lang='lat' dir='ltr'>Cael.</span> <span class='ocrx_word' id='word_1_2044' title='bbox 1480 3120 1505 3144; x_wconf 89' lang='grc'>33</span> <span class='ocrx_word' id='word_1_2045' title='bbox 1519 3120 1539 3138; x_wconf 91' lang='lat' dir='ltr'>c.</span> <span class='ocrx_word' id='word_1_2046' title='bbox 1554 3120 1583 3144; x_wconf 87' lang='lat'>14</span> <span class='ocrx_word' id='word_1_2047' title='bbox 1622 3111 1725 3145; x_wconf 83' lang='lat' dir='ltr'>Aliquis</span> <span class='ocrx_word' id='word_1_2048' title='bbox 1746 3112 1813 3138; x_wconf 90' lang='lat' dir='ltr'>mihi</span> <span class='ocrx_word' id='word_1_2049' title='bbox 1836 3112 1868 3139; x_wconf 89' lang='lat' dir='ltr'>ab</span> <span class='ocrx_word' id='word_1_2050' title='bbox 1891 3111 1985 3138; x_wconf 87' lang='lat' dir='ltr'>inferis</span> <span class='ocrx_word' id='word_1_2051' title='bbox 2001 3110 2152 3137; x_wconf 86' lang='lat' dir='ltr'>excitandus</span> <span class='ocrx_word' id='word_1_2052' title='bbox 2166 3109 2210 3136; x_wconf 82' lang='lat' dir='ltr'>est.</span> <span class='ocrx_word' id='word_1_2053' title='bbox 2247 3124 2293 3130; x_wconf 94' lang='lat'>—-</span> <span class='ocrx_word' id='word_1_2054' title='bbox 2326 3109 2426 3136; x_wconf 80' lang='lat' dir='ltr'>Existat</span> 
     </span>
     <span class='ocr_line' id='line_1_206' title="bbox 1394 3144 2425 3181; baseline -0.003 -7"><span class='ocrx_word' id='word_1_2055' title='bbox 1394 3148 1476 3181; x_wconf 82' lang='lat' dir='ltr'>igitur</span> <span class='ocrx_word' id='word_1_2056' title='bbox 1489 3156 1520 3173; x_wconf 87' lang='lat' dir='ltr'>ex</span> <span class='ocrx_word' id='word_1_2057' title='bbox 1534 3146 1580 3173; x_wconf 88' lang='lat' dir='ltr'>hac</span> <span class='ocrx_word' id='word_1_2058' title='bbox 1594 3146 1647 3181; x_wconf 88' lang='lat' dir='ltr'>ipsa</span> <span class='ocrx_word' id='word_1_2059' title='bbox 1660 3146 1762 3172; x_wconf 89' lang='lat' dir='ltr'>familia</span> <span class='ocrx_word' id='word_1_2060' title='bbox 1775 3147 1879 3181; x_wconf 88' lang='lat' dir='ltr'>aliquis.</span> <span class='ocrx_word' id='word_1_2061' title='bbox 1946 3146 1985 3173; x_wconf 88' lang='lat' dir='ltr'>Id.</span> <span class='ocrx_word' id='word_1_2062' title='bbox 2000 3147 2074 3172; x_wconf 85' lang='lat' dir='ltr'>Verr.</span> <span class='ocrx_word' id='word_1_2063' title='bbox 2090 3154 2110 3178; x_wconf 87' lang='lat'>1,</span> <span class='ocrx_word' id='word_1_2064' title='bbox 2122 3154 2158 3179; x_wconf 86' lang='lat'>94</span> <span class='ocrx_word' id='word_1_2065' title='bbox 2169 3155 2191 3172; x_wconf 86' lang='lat' dir='ltr'>c.</span> <span class='ocrx_word' id='word_1_2066' title='bbox 2200 3152 2230 3180; x_wconf 81' lang='grc'>37</span> <span class='ocrx_word' id='word_1_2067' title='bbox 2250 3144 2324 3179; x_wconf 69' lang='lat' dir='ltr'>Qud</span> <span class='ocrx_word' id='word_1_2068' title='bbox 2336 3145 2425 3179; x_wconf 84' lang='lat' dir='ltr'>exspe-</span> 
     </span>
     <span class='ocr_line' id='line_1_207' title="bbox 1395 3179 2426 3216; baseline -0.003 -7"><span class='ocrx_word' id='word_1_2069' title='bbox 1395 3183 1469 3209; x_wconf 61' lang='lat' dir='ltr'>&amp;asss</span> <span class='ocrx_word' id='word_1_2070' title='bbox 1504 3192 1536 3209; x_wconf 82' lang='lat' dir='ltr'>an</span> <span class='ocrx_word' id='word_1_2071' title='bbox 1551 3182 1612 3208; x_wconf 90' lang='lat' dir='ltr'>dum</span> <span class='ocrx_word' id='word_1_2072' title='bbox 1626 3181 1658 3208; x_wconf 90' lang='lat' dir='ltr'>ab</span> <span class='ocrx_word' id='word_1_2073' title='bbox 1672 3181 1764 3208; x_wconf 84' lang='lat' dir='ltr'>inferis</span> <span class='ocrx_word' id='word_1_2074' title='bbox 1778 3183 1824 3208; x_wconf 91' lang='lat' dir='ltr'>ille</span> <span class='ocrx_word' id='word_1_2075' title='bbox 1837 3181 1974 3209; x_wconf 90' lang='lat' dir='ltr'>Malleolus</span> <span class='ocrx_word' id='word_1_2076' title='bbox 1989 3181 2105 3208; x_wconf 78' lang='lat' dir='ltr'>exsistat?</span> <span class='ocrx_word' id='word_1_2077' title='bbox 2175 3181 2234 3208; x_wconf 91' lang='lat' dir='ltr'>Liu.</span> <span class='ocrx_word' id='word_1_2078' title='bbox 2247 3188 2285 3213; x_wconf 83' lang='lat'>25,</span> <span class='ocrx_word' id='word_1_2079' title='bbox 2300 3189 2323 3206; x_wconf 66' lang='grc' dir='ltr'>ει</span> <span class='ocrx_word' id='word_1_2080' title='bbox 2335 3187 2374 3216; x_wconf 83' lang='lat' dir='ltr'>pr.</span> <span class='ocrx_word' id='word_1_2081' title='bbox 2387 3179 2426 3207; x_wconf 86' lang='lat' dir='ltr'>Si-</span> 
     </span>
     <span class='ocr_line' id='line_1_208' title="bbox 2181 3215 2425 3252; baseline -0.004 -9"><span class='ocrx_word' id='word_1_2082' title='bbox 2181 3215 2254 3252; x_wconf 78' lang='lat' dir='ltr'>Conf.</span> <span class='ocrx_word' id='word_1_2083' title='bbox 2268 3216 2304 3242; x_wconf 81' lang='lat' dir='ltr'>ihi</span> <span class='ocrx_word' id='word_1_2084' title='bbox 2318 3217 2425 3242; x_wconf 80' lang='lat' dir='ltr'>Gronau.</span> 
     </span>
     <span class='ocr_line' id='line_1_209' title="bbox 1394 3251 2426 3288; baseline -0.002 -9"><span class='ocrx_word' id='word_1_2085' title='bbox 1394 3260 1446 3281; x_wconf 81' lang='lat' dir='ltr'>not.</span> <span class='ocrx_word' id='word_1_2086' title='bbox 1518 3254 1552 3280; x_wconf 85' lang='lat' dir='ltr'>Ex</span> <span class='ocrx_word' id='word_1_2087' title='bbox 1566 3252 1654 3287; x_wconf 90' lang='lat' dir='ltr'>aliqua</span> <span class='ocrx_word' id='word_1_2088' title='bbox 1667 3252 1768 3279; x_wconf 86' lang='lat' dir='ltr'>familia</span> <span class='ocrx_word' id='word_1_2089' title='bbox 1789 3254 1845 3279; x_wconf 83' lang='lat' dir='ltr'>Cic.</span> <span class='ocrx_word' id='word_1_2090' title='bbox 1859 3261 1907 3288; x_wconf 89' lang='lat' dir='ltr'>pro</span> <span class='ocrx_word' id='word_1_2091' title='bbox 1921 3252 1992 3279; x_wconf 86' lang='lat' dir='ltr'>Cael.</span> <span class='ocrx_word' id='word_1_2092' title='bbox 2006 3261 2040 3285; x_wconf 81' lang='grc'>33.</span> <span class='ocrx_word' id='word_1_2093' title='bbox 2128 3253 2159 3279; x_wconf 91' lang='lat' dir='ltr'>In</span> <span class='ocrx_word' id='word_1_2094' title='bbox 2172 3260 2248 3278; x_wconf 85' lang='lat' dir='ltr'>auras</span> <span class='ocrx_word' id='word_1_2095' title='bbox 2284 3251 2388 3278; x_wconf 89' lang='lat' dir='ltr'>Lucret.</span> <span class='ocrx_word' id='word_1_2096' title='bbox 2402 3257 2426 3284; x_wconf 83' lang='grc' dir='ltr'>ς.</span> 
     </span>
     <span class='ocr_line' id='line_1_210' title="bbox 1395 3287 2426 3323; baseline -0.003 -8"><span class='ocrx_word' id='word_1_2097' title='bbox 1395 3297 1445 3321; x_wconf 81' lang='grc' dir='ltr'><strong>2ι3.</strong></span> <span class='ocrx_word' id='word_1_2098' title='bbox 1517 3289 1588 3315; x_wconf 89' lang='lat' dir='ltr'>Idem</span> <span class='ocrx_word' id='word_1_2099' title='bbox 1602 3297 1627 3320; x_wconf 81' lang='lat'>2,</span> <span class='ocrx_word' id='word_1_2100' title='bbox 1641 3295 1689 3322; x_wconf 81' lang='lat'>795</span> <span class='ocrx_word' id='word_1_2101' title='bbox 1709 3289 1843 3322; x_wconf 82' lang='lat' dir='ltr'>Qoniam</span> <span class='ocrx_word' id='word_1_2102' title='bbox 1863 3294 1994 3323; x_wconf 85' lang='lat' dir='ltr'>nequeunt</span> <span class='ocrx_word' id='word_1_2103' title='bbox 2012 3288 2064 3315; x_wconf 89' lang='lat' dir='ltr'>sme</span> <span class='ocrx_word' id='word_1_2104' title='bbox 2079 3288 2137 3314; x_wconf 86' lang='lat' dir='ltr'>luce</span> <span class='ocrx_word' id='word_1_2105' title='bbox 2155 3287 2259 3314; x_wconf 88' lang='lat' dir='ltr'>colores</span> <span class='ocrx_word' id='word_1_2106' title='bbox 2294 3287 2361 3318; x_wconf 78' lang='lat' dir='ltr'>Esse,</span> <span class='ocrx_word' id='word_1_2107' title='bbox 2380 3295 2426 3313; x_wconf 88' lang='lat' dir='ltr'>ne-</span> 
     </span>
     <span class='ocr_line' id='line_1_211' title="bbox 1393 3321 2455 3358; baseline -0.002 -8"><span class='ocrx_word' id='word_1_2108' title='bbox 1393 3333 1444 3357; x_wconf 90' lang='lat' dir='ltr'>que</span> <span class='ocrx_word' id='word_1_2109' title='bbox 1458 3325 1485 3351; x_wconf 91' lang='lat' dir='ltr'>in</span> <span class='ocrx_word' id='word_1_2110' title='bbox 1498 3324 1582 3350; x_wconf 92' lang='lat' dir='ltr'>lucem</span> <span class='ocrx_word' id='word_1_2111' title='bbox 1597 3323 1710 3350; x_wconf 83' lang='lat' dir='ltr'>existunt</span> <span class='ocrx_word' id='word_1_2112' title='bbox 1723 3324 1866 3358; x_wconf 90' lang='lat' dir='ltr'>primordia</span> <span class='ocrx_word' id='word_1_2113' title='bbox 1884 3332 1981 3350; x_wconf 85' lang='lat' dir='ltr'>rerum.</span> <span class='ocrx_word' id='word_1_2114' title='bbox 2086 3324 2201 3358; x_wconf 87' lang='lat' dir='ltr'>Repente</span> <span class='ocrx_word' id='word_1_2115' title='bbox 2215 3321 2334 3349; x_wconf 85' lang='lat' dir='ltr'>exsistere</span> <span class='ocrx_word' id='word_1_2116' title='bbox 2368 3322 2425 3349; x_wconf 88' lang='lat' dir='ltr'>Cic.</span> <span class='ocrx_word' id='word_1_2117' title='bbox 2454 3343 2455 3351; x_wconf 65' lang='grc'>,</span> 
     </span>
     <span class='ocr_line' id='line_1_212' title="bbox 1396 3356 2425 3394; baseline -0.002 -9"><span class='ocrx_word' id='word_1_2118' title='bbox 1396 3360 1457 3385; x_wconf 87' lang='lat' dir='ltr'>Diu.</span> <span class='ocrx_word' id='word_1_2119' title='bbox 1473 3369 1482 3386; x_wconf 91' lang='lat'>1</span> <span class='ocrx_word' id='word_1_2120' title='bbox 1497 3369 1518 3385; x_wconf 90' lang='lat' dir='ltr'>c.</span> <span class='ocrx_word' id='word_1_2121' title='bbox 1527 3364 1554 3389; x_wconf 85' lang='lat'>28</span> <span class='ocrx_word' id='word_1_2122' title='bbox 1564 3366 1606 3394; x_wconf 85' lang='lat' dir='ltr'>pr.</span> <span class='ocrx_word' id='word_1_2123' title='bbox 1697 3359 1736 3385; x_wconf 92' lang='lat' dir='ltr'>Id.</span> <span class='ocrx_word' id='word_1_2124' title='bbox 1748 3358 1780 3385; x_wconf 89' lang='lat' dir='ltr'>de</span> <span class='ocrx_word' id='word_1_2125' title='bbox 1794 3360 1863 3386; x_wconf 91' lang='lat' dir='ltr'>Clar.</span> <span class='ocrx_word' id='word_1_2126' title='bbox 1876 3360 1950 3386; x_wconf 88' lang='lat' dir='ltr'>Orat.</span> <span class='ocrx_word' id='word_1_2127' title='bbox 1964 3368 1987 3391; x_wconf 85' lang='lat'>31</span> <span class='ocrx_word' id='word_1_2128' title='bbox 2008 3359 2084 3386; x_wconf 88' lang='lat' dir='ltr'>Tum</span> <span class='ocrx_word' id='word_1_2129' title='bbox 2097 3360 2176 3386; x_wconf 84' lang='lat' dir='ltr'>etiam</span> <span class='ocrx_word' id='word_1_2130' title='bbox 2190 3357 2307 3392; x_wconf 86' lang='lat' dir='ltr'>magistri</span> <span class='ocrx_word' id='word_1_2131' title='bbox 2320 3356 2425 3384; x_wconf 87' lang='lat' dir='ltr'>dicendi</span> 
     </span>
     <span class='ocr_line' id='line_1_213' title="bbox 1946 3392 2426 3431; baseline -0.004 -10"><span class='ocrx_word' id='word_1_2132' title='bbox 1946 3392 1967 3431; x_wconf 57' lang='lat' dir='ltr'><strong>ff</strong></span> <span class='ocrx_word' id='word_1_2133' title='bbox 1988 3394 2007 3421; x_wconf 45' lang='lat'>2*</span> <span class='ocrx_word' id='word_1_2134' title='bbox 2041 3397 2148 3421; x_wconf 79' lang='lat' dir='ltr'>Nomina</span> <span class='ocrx_word' id='word_1_2135' title='bbox 2162 3405 2169 3420; x_wconf 93' lang='lat'><em>:</em></span> <span class='ocrx_word' id='word_1_2136' title='bbox 2196 3394 2284 3420; x_wconf 87' lang='lat' dir='ltr'>Plures</span> <span class='ocrx_word' id='word_1_2137' title='bbox 2297 3393 2326 3419; x_wconf 91' lang='lat' dir='ltr'>in</span> <span class='ocrx_word' id='word_1_2138' title='bbox 2339 3392 2426 3420; x_wconf 85' lang='lat' dir='ltr'>omni-</span> 
     </span>
     <span class='ocr_line' id='line_1_214' title="bbox 1396 3428 2427 3463; baseline -0.001 -7"><span class='ocrx_word' id='word_1_2139' title='bbox 1396 3429 1445 3456; x_wconf 88' lang='lat' dir='ltr'>bus</span> <span class='ocrx_word' id='word_1_2140' title='bbox 1459 3430 1559 3457; x_wconf 90' lang='lat' dir='ltr'>artibus</span> <span class='ocrx_word' id='word_1_2141' title='bbox 1572 3438 1649 3463; x_wconf 84' lang='lat' dir='ltr'>quam</span> <span class='ocrx_word' id='word_1_2142' title='bbox 1663 3429 1689 3455; x_wconf 86' lang='lat' dir='ltr'>in</span> <span class='ocrx_word' id='word_1_2143' title='bbox 1705 3428 1815 3456; x_wconf 87' lang='lat' dir='ltr'>dicendo</span> <span class='ocrx_word' id='word_1_2144' title='bbox 1830 3428 2004 3457; x_wconf 82' lang='lat' dir='ltr'>Admirabilcs</span> <span class='ocrx_word' id='word_1_2145' title='bbox 2017 3431 2160 3458; x_wconf 80' lang='lat' dir='ltr'>extiterunt</span> <span class='ocrx_word' id='word_1_2146' title='bbox 2179 3430 2232 3456; x_wconf 89' lang='lat' dir='ltr'>Cic.</span> <span class='ocrx_word' id='word_1_2147' title='bbox 2246 3428 2277 3455; x_wconf 85' lang='lat' dir='ltr'>de</span> <span class='ocrx_word' id='word_1_2148' title='bbox 2289 3429 2362 3455; x_wconf 85' lang='lat' dir='ltr'>Orat.</span> <span class='ocrx_word' id='word_1_2149' title='bbox 2377 3437 2396 3462; x_wconf 93' lang='lat'>1,</span> <span class='ocrx_word' id='word_1_2150' title='bbox 2409 3428 2427 3455; x_wconf 88' lang='lat'><em>6</em></span> 
     </span>
     <span class='ocr_line' id='line_1_215' title="bbox 1396 3464 2453 3500; baseline -0.001 -10"><span class='ocrx_word' id='word_1_2151' title='bbox 1396 3473 1418 3491; x_wconf 88' lang='lat' dir='ltr'>c.</span> <span class='ocrx_word' id='word_1_2152' title='bbox 1432 3473 1456 3490; x_wconf 85' lang='lat'>2.</span> <span class='ocrx_word' id='word_1_2153' title='bbox 1528 3465 1652 3491; x_wconf 82' lang='lat' dir='ltr'>Aemulus</span> <span class='ocrx_word' id='word_1_2154' title='bbox 1665 3464 1778 3491; x_wconf 74' lang='lat' dir='ltr'>Platonis</span> <span class='ocrx_word' id='word_1_2155' title='bbox 1791 3465 1817 3490; x_wconf 91' lang='lat' dir='ltr'>in</span> <span class='ocrx_word' id='word_1_2156' title='bbox 1831 3464 1995 3500; x_wconf 86' lang='lat' dir='ltr'>Philosophia</span> <span class='ocrx_word' id='word_1_2157' title='bbox 2011 3467 2108 3493; x_wconf 84' lang='lat' dir='ltr'>exstitit</span> <span class='ocrx_word' id='word_1_2158' title='bbox 2123 3466 2218 3493; x_wconf 87' lang='lat' dir='ltr'>Cicero</span> <span class='ocrx_word' id='word_1_2159' title='bbox 2237 3464 2345 3498; x_wconf 57' lang='lat' dir='ltr'>Quin&amp;</span> <span class='ocrx_word' id='word_1_2160' title='bbox 2360 3471 2426 3496; x_wconf 89' lang='lat'>10,1,</span> <span class='ocrx_word' id='word_1_2161' title='bbox 2452 3473 2453 3477; x_wconf 56' lang='lat'>¹</span> 
     </span>
     <span class='ocr_line' id='line_1_216' title="bbox 1398 3497 2425 3535; baseline 0 -10"><span class='ocrx_word' id='word_1_2162' title='bbox 1398 3508 1447 3532; x_wconf 82' lang='lat'>123.</span> <span class='ocrx_word' id='word_1_2163' title='bbox 1517 3500 1593 3526; x_wconf 88' lang='lat' dir='ltr'>Vnde</span> <span class='ocrx_word' id='word_1_2164' title='bbox 1606 3506 1631 3526; x_wconf 90' lang='lat' dir='ltr'>et</span> <span class='ocrx_word' id='word_1_2165' title='bbox 1645 3501 1766 3527; x_wconf 83' lang='lat' dir='ltr'>Amicitia</span> <span class='ocrx_word' id='word_1_2166' title='bbox 1781 3499 1920 3530; x_wconf 83' lang='lat' dir='ltr'>existebat,</span> <span class='ocrx_word' id='word_1_2167' title='bbox 1938 3508 1962 3528; x_wconf 88' lang='lat' dir='ltr'>et</span> <span class='ocrx_word' id='word_1_2168' title='bbox 1976 3502 2072 3529; x_wconf 81' lang='lat' dir='ltr'>iustitia</span> <span class='ocrx_word' id='word_1_2169' title='bbox 2083 3522 2091 3534; x_wconf 85' lang='lat'>,</span> <span class='ocrx_word' id='word_1_2170' title='bbox 2110 3508 2135 3528; x_wconf 88' lang='lat' dir='ltr'>et</span> <span class='ocrx_word' id='word_1_2171' title='bbox 2149 3500 2264 3535; x_wconf 88' lang='lat' dir='ltr'>aequitas</span> <span class='ocrx_word' id='word_1_2172' title='bbox 2284 3497 2425 3526; x_wconf 85' lang='lat' dir='ltr'>Cie.Acad.</span> 
     </span>
     <span class='ocr_line' id='line_1_217' title="bbox 1397 3535 2425 3572; baseline 0.002 -13"><span class='ocrx_word' id='word_1_2173' title='bbox 1397 3544 1417 3567; x_wconf 84' lang='lat'>1,</span> <span class='ocrx_word' id='word_1_2174' title='bbox 1433 3543 1461 3567; x_wconf 84' lang='lat'>23</span> <span class='ocrx_word' id='word_1_2175' title='bbox 1473 3543 1494 3560; x_wconf 92' lang='lat' dir='ltr'>c.</span> <span class='ocrx_word' id='word_1_2176' title='bbox 1509 3536 1533 3560; x_wconf 88' lang='lat'>6.</span> <span class='ocrx_word' id='word_1_2177' title='bbox 1603 3535 1701 3561; x_wconf 86' lang='lat' dir='ltr'>Animo</span> <span class='ocrx_word' id='word_1_2178' title='bbox 1714 3536 1851 3562; x_wconf 85' lang='lat' dir='ltr'>Consulari</span> <span class='ocrx_word' id='word_1_2179' title='bbox 1865 3536 1890 3562; x_wconf 91' lang='lat' dir='ltr'>in</span> <span class='ocrx_word' id='word_1_2180' title='bbox 1906 3536 2042 3572; x_wconf 82' lang='lat' dir='ltr'>Rempubl.</span> <span class='ocrx_word' id='word_1_2181' title='bbox 2062 3537 2117 3564; x_wconf 87' lang='lat' dir='ltr'>Cic.</span> <span class='ocrx_word' id='word_1_2182' title='bbox 2132 3538 2202 3563; x_wconf 86' lang='lat' dir='ltr'>Fam.</span> <span class='ocrx_word' id='word_1_2183' title='bbox 2216 3543 2254 3566; x_wconf 87' lang='lat'>10,</span> <span class='ocrx_word' id='word_1_2184' title='bbox 2266 3537 2291 3561; x_wconf 90' lang='lat'>6.</span> <span class='ocrx_word' id='word_1_2185' title='bbox 2379 3535 2425 3561; x_wconf 81' lang='lat' dir='ltr'>Be-</span> 
     </span>
    </p>
   </div>
   <div class='ocr_carea' id='block_1_45' title="bbox 1398 3605 2465 3986">
    <p class='ocr_par' dir='ltr' id='par_1_48' title="bbox 1398 3605 2465 3986">
     <span class='ocr_line' id='line_1_218' title="bbox 1399 3605 2457 3643; baseline 0 -10"><span class='ocrx_word' id='word_1_2186' title='bbox 1399 3605 1493 3633; x_wconf 79' lang='lat' dir='ltr'>rissima</span> <span class='ocrx_word' id='word_1_2187' title='bbox 1505 3611 1529 3631; x_wconf 87' lang='lat' dir='ltr'>et</span> <span class='ocrx_word' id='word_1_2188' title='bbox 1543 3605 1655 3631; x_wconf 81' lang='lat' dir='ltr'>maxima</span> <span class='ocrx_word' id='word_1_2189' title='bbox 1667 3606 1819 3633; x_wconf 79' lang='lat' dir='ltr'>exstiterunt</span> <span class='ocrx_word' id='word_1_2190' title='bbox 1838 3607 1892 3634; x_wconf 85' lang='lat' dir='ltr'>Cic.</span> <span class='ocrx_word' id='word_1_2191' title='bbox 1906 3608 1974 3634; x_wconf 81' lang='lat' dir='ltr'>Fani.</span> <span class='ocrx_word' id='word_1_2192' title='bbox 1990 3617 2015 3643; x_wconf 87' lang='lat'>2,</span> <span class='ocrx_word' id='word_1_2193' title='bbox 2026 3611 2051 3635; x_wconf 89' lang='lat'>6.</span> <span class='ocrx_word' id='word_1_2194' title='bbox 2136 3608 2244 3641; x_wconf 76' lang='lat' dir='ltr'>Copian)</span> <span class='ocrx_word' id='word_1_2195' title='bbox 2259 3606 2442 3640; x_wconf 47' lang='lat' dir='ltr'>egregiorum*</span> <span class='ocrx_word' id='word_1_2196' title='bbox 2455 3627 2457 3629; x_wconf 48' lang='lat'>&gt;</span> 
     </span>
     <span class='ocr_line' id='line_1_219' title="bbox 1399 3641 2427 3676; baseline -0.002 -8"><span class='ocrx_word' id='word_1_2197' title='bbox 1399 3642 1535 3668; x_wconf 72' lang='lat' dir='ltr'>Poetarum</span> <span class='ocrx_word' id='word_1_2198' title='bbox 1552 3641 1688 3667; x_wconf 87' lang='lat' dir='ltr'>minimam</span> <span class='ocrx_word' id='word_1_2199' title='bbox 1702 3642 1811 3669; x_wconf 72' lang='lat' dir='ltr'>extitisse</span> <span class='ocrx_word' id='word_1_2200' title='bbox 1825 3643 1880 3669; x_wconf 92' lang='lat' dir='ltr'>Cic.</span> <span class='ocrx_word' id='word_1_2201' title='bbox 1894 3643 1925 3669; x_wconf 90' lang='lat' dir='ltr'>de</span> <span class='ocrx_word' id='word_1_2202' title='bbox 1938 3645 2010 3671; x_wconf 87' lang='lat' dir='ltr'>Orat.</span> <span class='ocrx_word' id='word_1_2203' title='bbox 2025 3653 2044 3676; x_wconf 91' lang='lat'>1,</span> <span class='ocrx_word' id='word_1_2204' title='bbox 2059 3649 2081 3674; x_wconf 75' lang='grc' dir='ltr'>ε.</span> <span class='ocrx_word' id='word_1_2205' title='bbox 2183 3642 2289 3668; x_wconf 87' lang='lat' dir='ltr'>Corona</span> <span class='ocrx_word' id='word_1_2206' title='bbox 2301 3642 2330 3667; x_wconf 91' lang='lat' dir='ltr'>in</span> <span class='ocrx_word' id='word_1_2207' title='bbox 2343 3641 2427 3675; x_wconf 86' lang='lat' dir='ltr'>capite</span> 
     </span>
     <span class='ocr_line' id='line_1_220' title="bbox 1400 3675 2283 3709; baseline 0.002 -5"><span class='ocrx_word' id='word_1_2208' title='bbox 1400 3677 1496 3704; x_wconf 86' lang='lat' dir='ltr'>statuae</span> <span class='ocrx_word' id='word_1_2209' title='bbox 1508 3675 1633 3709; x_wconf 87' lang='lat' dir='ltr'>Lysandri</span> <span class='ocrx_word' id='word_1_2210' title='bbox 1646 3677 1741 3704; x_wconf 81' lang='lat' dir='ltr'>exstitit</span> <span class='ocrx_word' id='word_1_2211' title='bbox 1756 3687 1787 3704; x_wconf 84' lang='lat' dir='ltr'>cx</span> <span class='ocrx_word' id='word_1_2212' title='bbox 1803 3677 1891 3704; x_wconf 84' lang='lat' dir='ltr'>herbis</span> <span class='ocrx_word' id='word_1_2213' title='bbox 1911 3680 1966 3706; x_wconf 89' lang='lat' dir='ltr'>Cic.</span> <span class='ocrx_word' id='word_1_2214' title='bbox 1980 3679 2011 3705; x_wconf 85' lang='lat' dir='ltr'>de</span> <span class='ocrx_word' id='word_1_2215' title='bbox 2025 3679 2116 3707; x_wconf 90' lang='lat' dir='ltr'>Diuin.</span> <span class='ocrx_word' id='word_1_2216' title='bbox 2130 3685 2151 3709; x_wconf 88' lang='grc'><strong>2,</strong></span> <span class='ocrx_word' id='word_1_2217' title='bbox 2165 3679 2195 3706; x_wconf 86' lang='grc'>68</span> <span class='ocrx_word' id='word_1_2218' title='bbox 2209 3686 2229 3702; x_wconf 79' lang='lat' dir='ltr'>c·</span> <span class='ocrx_word' id='word_1_2219' title='bbox 2245 3685 2283 3709; x_wconf 74' lang='lat'>32-</span> 
     </span>
     <span class='ocr_line' id='line_1_221' title="bbox 1401 3710 2424 3748; baseline -0.003 -9"><span class='ocrx_word' id='word_1_2220' title='bbox 1401 3712 1488 3739; x_wconf 87' lang='lat' dir='ltr'>delior</span> <span class='ocrx_word' id='word_1_2221' title='bbox 1498 3721 1532 3739; x_wconf 89' lang='lat' dir='ltr'>ne</span> <span class='ocrx_word' id='word_1_2222' title='bbox 1546 3712 1572 3738; x_wconf 90' lang='lat' dir='ltr'>in</span> <span class='ocrx_word' id='word_1_2223' title='bbox 1584 3720 1643 3738; x_wconf 85' lang='lat' dir='ltr'>eum</span> <span class='ocrx_word' id='word_1_2224' title='bbox 1658 3713 1766 3740; x_wconf 82' lang='lat' dir='ltr'>existam</span> <span class='ocrx_word' id='word_1_2225' title='bbox 1779 3713 1861 3740; x_wconf 86' lang='lat' dir='ltr'>timeo</span> <span class='ocrx_word' id='word_1_2226' title='bbox 1896 3715 1952 3741; x_wconf 88' lang='lat' dir='ltr'>Cic.</span> <span class='ocrx_word' id='word_1_2227' title='bbox 1966 3716 2018 3741; x_wconf 86' lang='lat' dir='ltr'>Att.</span> <span class='ocrx_word' id='word_1_2228' title='bbox 2033 3724 2071 3748; x_wconf 89' lang='lat'>10,</span> <span class='ocrx_word' id='word_1_2229' title='bbox 2086 3722 2117 3740; x_wconf 91' lang='lat'>11.</span> <span class='ocrx_word' id='word_1_2230' title='bbox 2154 3715 2172 3738; x_wconf 82' lang='lat' dir='ltr'>i.</span> <span class='ocrx_word' id='word_1_2231' title='bbox 2186 3711 2264 3747; x_wconf 82' lang='lat' dir='ltr'>fiam,</span> <span class='ocrx_word' id='word_1_2232' title='bbox 2283 3720 2319 3737; x_wconf 83' lang='lat' dir='ltr'>me</span> <span class='ocrx_word' id='word_1_2233' title='bbox 2331 3710 2424 3737; x_wconf 71' lang='lat' dir='ltr'>demon.-</span> 
     </span>
     <span class='ocr_line' id='line_1_222' title="bbox 1552 3746 2459 3785; baseline -0.002 -11"><span class='ocrx_word' id='word_1_2234' title='bbox 1552 3747 1697 3774; x_wconf 68' lang='lat' dir='ltr'>Delcc‘tatio</span> <span class='ocrx_word' id='word_1_2235' title='bbox 1712 3750 1809 3775; x_wconf 85' lang='lat' dir='ltr'>exstitit</span> <span class='ocrx_word' id='word_1_2236' title='bbox 1828 3750 1883 3776; x_wconf 88' lang='lat' dir='ltr'>Cic.</span> <span class='ocrx_word' id='word_1_2237' title='bbox 1898 3750 1968 3776; x_wconf 88' lang='lat' dir='ltr'>Fam.</span> <span class='ocrx_word' id='word_1_2238' title='bbox 1983 3758 2009 3785; x_wconf 84' lang='lat'>7,</span> <span class='ocrx_word' id='word_1_2239' title='bbox 2022 3759 2041 3776; x_wconf 85' lang='lat'>1.</span> <span class='ocrx_word' id='word_1_2240' title='bbox 2111 3747 2292 3782; x_wconf 83' lang='lat' dir='ltr'>Eloquentiam</span> <span class='ocrx_word' id='word_1_2241' title='bbox 2315 3746 2425 3773; x_wconf 86' lang='lat' dir='ltr'>existere</span> <span class='ocrx_word' id='word_1_2242' title='bbox 2455 3767 2459 3779; x_wconf 48' lang='lat'>¹.</span> 
     </span>
     <span class='ocr_line' id='line_1_223' title="bbox 1403 3779 2425 3817; baseline -0.003 -7"><span class='ocrx_word' id='word_1_2243' title='bbox 1403 3784 1488 3813; x_wconf 79' lang='lat' dir='ltr'>talem,</span> <span class='ocrx_word' id='word_1_2244' title='bbox 1503 3783 1586 3817; x_wconf 75' lang='lat' dir='ltr'>qualis</span> <span class='ocrx_word' id='word_1_2245' title='bbox 1601 3783 1684 3809; x_wconf 86' lang='lat' dir='ltr'>fuerit</span> <span class='ocrx_word' id='word_1_2246' title='bbox 1699 3784 1724 3809; x_wconf 91' lang='lat' dir='ltr'>in</span> <span class='ocrx_word' id='word_1_2247' title='bbox 1739 3786 1827 3812; x_wconf 76' lang='lat' dir='ltr'>Crasso</span> <span class='ocrx_word' id='word_1_2248' title='bbox 1863 3785 2037 3812; x_wconf 87' lang='lat' dir='ltr'>Cic.deOrat.</span> <span class='ocrx_word' id='word_1_2249' title='bbox 2051 3793 2076 3816; x_wconf 90' lang='lat'>2,</span> <span class='ocrx_word' id='word_1_2250' title='bbox 2089 3785 2113 3809; x_wconf 92' lang='lat'>6.</span> <span class='ocrx_word' id='word_1_2251' title='bbox 2202 3783 2316 3809; x_wconf 84' lang='lat' dir='ltr'>Plurima</span> <span class='ocrx_word' id='word_1_2252' title='bbox 2328 3779 2425 3817; x_wconf 85' lang='lat' dir='ltr'>peinrni</span> 
     </span>
     <span class='ocr_line' id='line_1_224' title="bbox 1398 3817 2465 3853; baseline -0.004 -7"><span class='ocrx_word' id='word_1_2253' title='bbox 1398 3818 1515 3853; x_wconf 86' lang='lat' dir='ltr'>Exempli</span> <span class='ocrx_word' id='word_1_2254' title='bbox 1529 3819 1660 3848; x_wconf 88' lang='lat' dir='ltr'>correxit,</span> <span class='ocrx_word' id='word_1_2255' title='bbox 1680 3829 1746 3853; x_wconf 85' lang='lat' dir='ltr'>quae</span> <span class='ocrx_word' id='word_1_2256' title='bbox 1780 3835 1825 3841; x_wconf 88' lang='lat'><em>·-—-</em></span> <span class='ocrx_word' id='word_1_2257' title='bbox 1861 3820 2010 3847; x_wconf 82' lang='lat' dir='ltr'>exstiterant</span> <span class='ocrx_word' id='word_1_2258' title='bbox 2048 3819 2117 3844; x_wconf 85' lang='lat' dir='ltr'>Suet.</span> <span class='ocrx_word' id='word_1_2259' title='bbox 2132 3819 2196 3852; x_wconf 81' lang='lat' dir='ltr'>Aug.</span> <span class='ocrx_word' id='word_1_2260' title='bbox 2209 3827 2230 3844; x_wconf 86' lang='lat' dir='ltr'>c.</span> <span class='ocrx_word' id='word_1_2261' title='bbox 2244 3827 2283 3851; x_wconf 85' lang='grc'>32.</span> <span class='ocrx_word' id='word_1_2262' title='bbox 2353 3817 2425 3843; x_wconf 85' lang='lat' dir='ltr'>Sum·</span> <span class='ocrx_word' id='word_1_2263' title='bbox 2463 3827 2465 3837; x_wconf 62' lang='grc' dir='ltr'><strong><em>τ</em></strong></span> 
     </span>
     <span class='ocr_line' id='line_1_225' title="bbox 1398 3851 2425 3888; baseline -0.004 -7"><span class='ocrx_word' id='word_1_2264' title='bbox 1398 3856 1496 3881; x_wconf 84' lang='lat' dir='ltr'>mersus</span> <span class='ocrx_word' id='word_1_2265' title='bbox 1509 3855 1595 3888; x_wconf 85' lang='lat' dir='ltr'>Equus</span> <span class='ocrx_word' id='word_1_2266' title='bbox 1608 3855 1778 3888; x_wconf 74' lang='lat' dir='ltr'>voraginibus</span> <span class='ocrx_word' id='word_1_2267' title='bbox 1791 3865 1843 3882; x_wconf 88' lang='lat' dir='ltr'>non</span> <span class='ocrx_word' id='word_1_2268' title='bbox 1857 3856 1954 3882; x_wconf 83' lang='lat' dir='ltr'>exstitit</span> <span class='ocrx_word' id='word_1_2269' title='bbox 1973 3855 2027 3882; x_wconf 86' lang='lat' dir='ltr'>Cic.</span> <span class='ocrx_word' id='word_1_2270' title='bbox 2040 3853 2072 3880; x_wconf 91' lang='lat' dir='ltr'>de</span> <span class='ocrx_word' id='word_1_2271' title='bbox 2085 3853 2175 3879; x_wconf 89' lang='lat' dir='ltr'>Diuin.</span> <span class='ocrx_word' id='word_1_2272' title='bbox 2191 3862 2209 3886; x_wconf 91' lang='lat'>1,</span> <span class='ocrx_word' id='word_1_2273' title='bbox 2221 3862 2261 3887; x_wconf 80' lang='lat'>73.</span> <span class='ocrx_word' id='word_1_2274' title='bbox 2317 3851 2425 3878; x_wconf 80' lang='lat' dir='ltr'>Pseudo-</span> 
     </span>
     <span class='ocr_line' id='line_1_226' title="bbox 1398 3887 2424 3926; baseline -0.005 -9"><span class='ocrx_word' id='word_1_2275' title='bbox 1398 3890 1453 3918; x_wconf 84' lang='lat' dir='ltr'>Cic.</span> <span class='ocrx_word' id='word_1_2276' title='bbox 1466 3895 1551 3924; x_wconf 88' lang='lat' dir='ltr'>anteq.</span> <span class='ocrx_word' id='word_1_2277' title='bbox 1569 3889 1621 3916; x_wconf 88' lang='lat' dir='ltr'>iret</span> <span class='ocrx_word' id='word_1_2278' title='bbox 1634 3890 1660 3915; x_wconf 88' lang='lat' dir='ltr'>in</span> <span class='ocrx_word' id='word_1_2279' title='bbox 1674 3891 1734 3917; x_wconf 90' lang='lat' dir='ltr'>exil.</span> <span class='ocrx_word' id='word_1_2280' title='bbox 1753 3900 1780 3917; x_wconf 90' lang='lat'>10</span> <span class='ocrx_word' id='word_1_2281' title='bbox 1807 3892 1898 3926; x_wconf 88' lang='lat' dir='ltr'>Itaque</span> <span class='ocrx_word' id='word_1_2282' title='bbox 1912 3890 1981 3925; x_wconf 87' lang='lat' dir='ltr'>quod</span> <span class='ocrx_word' id='word_1_2283' title='bbox 1995 3889 2083 3924; x_wconf 87' lang='lat' dir='ltr'>putaui</span> <span class='ocrx_word' id='word_1_2284' title='bbox 2096 3889 2154 3914; x_wconf 81' lang='lat' dir='ltr'>fore</span> <span class='ocrx_word' id='word_1_2285' title='bbox 2173 3888 2313 3923; x_wconf 86' lang='lat' dir='ltr'>gaudium,</span> <span class='ocrx_word' id='word_1_2286' title='bbox 2333 3887 2360 3914; x_wconf 91' lang='lat' dir='ltr'>id</span> <span class='ocrx_word' id='word_1_2287' title='bbox 2382 3893 2424 3912; x_wconf 82' lang='lat' dir='ltr'>ex-</span> 
     </span>
     <span class='ocr_line' id='line_1_227' title="bbox 1675 3920 2423 3986; baseline -0.007 -35"><span class='ocrx_word' id='word_1_2288' title='bbox 1675 3926 1814 3954; x_wconf 86' lang='lat' dir='ltr'>Fautorem</span> <span class='ocrx_word' id='word_1_2289' title='bbox 1842 3933 1868 3953; x_wconf 87' lang='lat' dir='ltr'>et</span> <span class='ocrx_word' id='word_1_2290' title='bbox 1885 3926 2032 3953; x_wconf 84' lang='lat' dir='ltr'>adiutorem</span> <span class='ocrx_word' id='word_1_2291' title='bbox 2056 3924 2182 3959; x_wconf 79' lang='lat' dir='ltr'>cuiusque</span> <span class='ocrx_word' id='word_1_2292' title='bbox 2201 3924 2334 3959; x_wconf 75' lang='lat' dir='ltr'>dignitatis</span> <span class='ocrx_word' id='word_1_2293' title='bbox 2353 3920 2423 3986; x_wconf 79' lang='lat' dir='ltr'>FCic.</span> 
     </span>
     <span class='ocr_line' id='line_1_228' title="bbox 2371 3963 2422 3984; baseline -0.059 0"><span class='ocrx_word' id='word_1_2294' title='bbox 2371 3963 2422 3984; x_wconf 67' lang='lat' dir='ltr'>lm-</span> 
     </span>
    </p>
   </div>
   <div class='ocr_carea' id='block_1_46' title="bbox 1702 640 2454 674">
    <p class='ocr_par' dir='ltr' id='par_1_49' title="bbox 1702 640 2454 674">
     <span class='ocr_line' id='line_1_229' title="bbox 1702 640 2454 674; baseline -0.005 -6"><span class='ocrx_word' id='word_1_2295' title='bbox 1702 642 1769 668; x_wconf 82' lang='lat' dir='ltr'>Add.</span> <span class='ocrx_word' id='word_1_2296' title='bbox 1784 641 1864 668; x_wconf 86' lang='lat' dir='ltr'>Plaut.</span> <span class='ocrx_word' id='word_1_2297' title='bbox 1878 640 1955 667; x_wconf 86' lang='lat' dir='ltr'>Most.</span> <span class='ocrx_word' id='word_1_2298' title='bbox 1971 649 1991 673; x_wconf 91' lang='lat'>1,</span> <span class='ocrx_word' id='word_1_2299' title='bbox 2003 649 2026 672; x_wconf 83' lang='lat'>3,</span> <span class='ocrx_word' id='word_1_2300' title='bbox 2039 648 2082 674; x_wconf 92' lang='lat'>70.</span> <span class='ocrx_word' id='word_1_2301' title='bbox 2117 649 2140 667; x_wconf 84' lang='lat' dir='ltr'>et</span> <span class='ocrx_word' id='word_1_2302' title='bbox 2150 641 2390 674; x_wconf 76' lang='lat' dir='ltr'>Vulgat.l²rou.22,</span> <span class='ocrx_word' id='word_1_2303' title='bbox 2398 646 2416 664; x_wconf 85' lang='lat'>1.</span> <span class='ocrx_word' id='word_1_2304' title='bbox 2451 640 2454 642; x_wconf 84' lang='lat'>&#39;</span> 
     </span>
    </p>
   </div>
   <div class='ocr_carea' id='block_1_47' title="bbox 1991 1240 2459 1274">
    <p class='ocr_par' dir='ltr' id='par_1_50' title="bbox 1991 1240 2459 1274">
     <span class='ocr_line' id='line_1_230' title="bbox 1991 1240 2459 1274; baseline -0.011 -6"><span class='ocrx_word' id='word_1_2305' title='bbox 1991 1243 2043 1268; x_wconf 87' lang='lat' dir='ltr'>Esse</span> <span class='ocrx_word' id='word_1_2306' title='bbox 2056 1242 2251 1269; x_wconf 82' lang='lat' dir='ltr'>existimatione</span> <span class='ocrx_word' id='word_1_2307' title='bbox 2276 1241 2332 1267; x_wconf 89' lang='lat' dir='ltr'>Cic.</span> <span class='ocrx_word' id='word_1_2308' title='bbox 2344 1240 2375 1267; x_wconf 85' lang='lat' dir='ltr'>ad</span> <span class='ocrx_word' id='word_1_2309' title='bbox 2390 1240 2430 1274; x_wconf 78' lang='lat' dir='ltr'>Q</span> <span class='ocrx_word' id='word_1_2310' title='bbox 2456 1259 2459 1263; x_wconf 93' lang='lat'>.</span> 
     </span>
    </p>
   </div>
   <div class='ocr_carea' id='block_1_48' title="bbox 1840 1451 2470 1499">
    <p class='ocr_par' dir='ltr' id='par_1_51' title="bbox 1840 1451 2470 1499">
     <span class='ocr_line' id='line_1_231' title="bbox 1840 1451 2470 1499; baseline -0.003 -18"><span class='ocrx_word' id='word_1_2311' title='bbox 1840 1455 1982 1481; x_wconf 84' lang='lat' dir='ltr'>offendere</span> <span class='ocrx_word' id='word_1_2312' title='bbox 1993 1455 2216 1481; x_wconf 85' lang='lat' dir='ltr'>existimationem</span> <span class='ocrx_word' id='word_1_2313' title='bbox 2229 1454 2341 1481; x_wconf 87' lang='lat' dir='ltr'>alicuius</span> <span class='ocrx_word' id='word_1_2314' title='bbox 2366 1452 2424 1479; x_wconf 86' lang='lat' dir='ltr'>Cic.</span> <span class='ocrx_word' id='word_1_2315' title='bbox 2443 1451 2470 1499; x_wconf 43' lang='grc' dir='ltr'>μί’</span> 
     </span>
    </p>
   </div>
   <div class='ocr_carea' id='block_1_49' title="bbox 2358 3676 2469 3707">
    <p class='ocr_par' dir='ltr' id='par_1_52' title="bbox 2358 3676 2469 3707">
     <span class='ocr_line' id='line_1_232' title="bbox 2358 3676 2469 3707; baseline 0 -6"><span class='ocrx_word' id='word_1_2316' title='bbox 2358 3676 2425 3702; x_wconf 86' lang='lat' dir='ltr'>Cru-</span> <span class='ocrx_word' id='word_1_2317' title='bbox 2460 3683 2469 3707; x_wconf 14' lang='grc' dir='ltr'>’Ἴ</span> 
     </span>
    </p>
   </div>
   <div class='ocr_carea' id='block_1_50' title="bbox 2444 2335 2479 3769">
    <p class='ocr_par' dir='ltr' id='par_1_53' title="bbox 2444 2335 2479 3769">
     <span class='ocr_line' id='line_1_233' title="bbox 2444 2335 2479 3769; baseline 0 0"><span class='ocrx_word' id='word_1_2318' title='bbox 2444 2335 2479 3769; x_wconf 95' lang='lat' dir='ltr'> </span> 
     </span>
    </p>
   </div>
  </div>
 </body>
</html>
