2479 4225
271 187 333 224 103
622 161 789 203 DE
895 158 926 196 R

309 265 328 286 D
338 257 403 285 ERi
410 261 480 285 510,
499 252 566 278 onis.
584 250 604 278 s.
646 249 744 276 Arnob.
757 255 773 282 7
787 256 810 280 p.
819 253 865 277 239
876 250 916 278 pr.
936 238 1078 279 Derilionis
1090 236 1207 276 materian
1241 234 1291 260 La-

274 295 350 321 ἂ31-11.
363 301 390 324 4,
404 296 427 319 18
443 289 469 314 Si
484 297 537 313 non
550 286 710 312 credideritis
724 283 764 314 ei,
787 288 870 320 neque
884 275 1051 316 exaudieritis
1065 278 1291 320 annuntiationem

273 330 342 360 eius,
361 325 433 352 eritis
445 322 539 349 derisio
552 323 580 348 in
592 320 717 355 gentibus.
772 318 896 355 Scioppius
911 310 1045 337 Ammadu.
1057 317 1085 344 p.
1100 319 1123 335 11
1137 307 1293 366 jiipeistitcio-

262 363 320 398 sum
330 367 403 396 putat
422 358 540 392 Voffium,
557 359 600 393 qui
611 354 676 382 recle
690 353 741 378 dici
754 352 915 378 Deriiioneui
926 352 1009 382 neget,
1026 355 1079 371 cum
1093 345 1242 370 Irritionem
1273 348 1293 366 1-

271 405 329 423 0010
354 395 454 420 dixerit.
831 416 837 425 ⁸
934 415 939 421 ¹
1173 411 1178 416 ι
1195 410 1200 415 .
1273 409 1280 414 .

306 437 324 457 D
335 437 377 456 ER
388 430 421 455 is
431 434 493 458 0R,
511 426 574 453 oris.
592 433 627 449 m.
663 417 867 453 [καταγρλοιςης]
902 416 968 442 Ρ1111.
982 424 1013 447 11,
1027 423 1057 448 52
1075 411 1293 448 Supercilia‚qui-

271 466 319 493 bus
342 465 412 491 iuuxta
434 469 550 496 tempora
569 460 677 488 inflexa,
697 455 822 494 derisores
844 451 1014 493 significant..
1067 451 1115 476 Pro
1139 445 1296 487 Parasttisqet·

265 501 378 538 scurris,
399 501 441 534 qui
461 497 590 523 dicacitate
612 499 635 518 et
654 488 810 523 derijmm'bus
830 488 936 513 aliorum
949 486 1058 512 dominos
1072 481 1235 511 oblefftabant,
1244 479 1295 513 Jibt

270 541 412 597 {merentes
432 533 527 559 viHum.
595 527 674 553 Plaut.
696 524 828 551 Derisores
846 522 930 559 posuit
952 522 1026 556 Capt.
1048 528 1068 552 1,
1092 528 1112 551 1,
1133 526 1155 549 3.
1191 523 1214 542 et
1226 517 1294 541 Hor.

293 570 350 605 pist.
364 579 382 599 i,
397 574 430 600 18,
445 576 468 593 ii
488 565 559 591 Alter
570 563 599 589 in
611 560 764 595 obsequium
776 558 831 592 plus
843 566 928 592 aequo
940 565 1054 592 pronus,
1072 560 1097 580 et
1110 553 1159 580 imi
1183 551 1294 578 Derisor
1312 567 1342 585 10

273 605 343 632 10611.
379 607 397 629 i.
417 600 552 634 Parafitus‚
569 601 611 634 qui
623 600 650 623 in
662 599 710 621 ima
716 599 791 629 parte
802 591 862 620 leiti
875 592 909 619 ad
914 592 990 628 pedes
1002 589 1103 623 adstans
1116 589 1209 615 domini
1221 586 1297 625 seur:

269 647 350 669 ratur.
389 640 452 665 Nam
464 632 652 661 accumbentibus
665 629 771 655 dominis
777 628 848 664 serui
850 626 954 661 stabant
966 627 1000 653 ad
1006 625 1089 661 pedes.
1123 626 1209 664 Atque.
1217 623 1296 657 hiipsi

283 683 368 702 carrae
379 680 401 699 ct
411 671 548 697 adulatores
560 678 612 695 cum
625 667 700 696 altos,
717 670 768 690 tum
788 663 898 690 dominos
916 663 981 699 ipsos
996 663 1136 697 plerumque
1155 658 1298 700 deridebant

269 709 387 738 habebant
404 716 429 732 uc
441 705 552 732 ludibrio.
588 700 660 735 Coris.
673 700 738 725 Hor.
750 699 800 725 Sat.
813 707 838 731 2,
851 701 877 731 6,
891 706 932 732 34.
969 699 1000 724 Et
1013 697 1040 722 in
1053 696 1116 722 Arte
1129 696 1295 725 Poe't.v.433.

270 747 326 772 Sen.
340 743 395 777 Epil
410 761 415 767 .
431 749 460 775 27
481 739 560 766 Suasit
573 737 613 764 illi
625 734 743 762 Satellius
763 734 913 768 Quadratus
932 733 1072 759 stultorum
1092 730 1207 756 diuitum
1225 736 1297 755 arro·
1315 744 1341 772 ¹⁵

269 782 325 811 sor,
345 783 371 804 et
394 775 465 811 quod
489 774 618 807 sequitur,
634 770 748 802 arrisor,
766 776 793 796 et
814 769 885 804 quod
907 768 1009 795 duobus
1030 767 1071 793 his
1085 765 1238 793 adiunctum
1250 763 1296 803 011,

268 813 383 841 Derisor.
421 812 460 838 Sic
479 806 596 841 Caligula
615 805 751 832 Derisores
764 804 892 837 vocabat,
912 804 959 839 qui
970 812 1030 830 cum
1048 801 1172 841 heredem
1191 801 1215 826 se
1235 800 1296 825 scri-

268 849 381 884 pfiffent‚
398 845 590 880 perseuerarent
614 847 700 868 tamen
719 841 826 872 viuere,
845 839 916 874 quafi
935 848 983 874 pro
1008 837 1129 864 ludibrio
1147 835 1296 864 haberetur,

268 884 315 919 qui
326 892 378 909 non
390 880 475 906 statim
488 879 561 905 adire
575 878 655 913 posset
674 876 847 908 hereditates,
865 882 894 902 vt
912 874 1051 901 Suetonius
1069 876 1121 899 eius
1139 872 1199 898 Vita
1216 870 1297 906 refert

266 929 287 946 c.
300 923 335 950 38.
371 917 402 942 Er
419 914 481 950 quia
499 917 625 940 mimorum
633 915 762 948 proprium
775 911 884 938 deridere
895 916 919 937 et
925 910 1077 946 subsannare
1085 928 1094 940 ‚
1113 907 1207 947 idcirco
1220 913 1242 932 et
1250 906 1299 932 De-

263 954 357 980 risores
369 950 494 986 appellati.
529 948 644 976 Martial.
659 956 679 981 1,
694 956 707 981 ς
723 949 782 981 Qua
796 946 959 979 Thymelem
971 943 1068 979 [1106135
1074 963 1083 976 ,
1102 943 1299 976 derisoremque

264 988 404 1019 Latinum,
439 985 486 1012 Illa
498 985 587 1011 fronte
599 992 691 1019 precor
705 982 820 1010 carmina
832 982 920 1008 nostra
932 981 998 1015 lege.
1076 980 1201 1006 Latinum
1220 984 1298 1004 autem

263 1022 335 1057 istum
352 1022 478 1058 scenicum
489 1019 544 1055 stuc
563 1023 660 1047 mimum
673 1018 752 1056 [111-’θο
759 1038 767 1050 ,
783 1027 812 1045 ex
831 1017 935 1044 eiusdem
962 1018 1049 1043 Poetae
1069 1023 1090 1047 2,
1108 1024 1148 1049 72.
1185 1020 1208 1039 et
1226 1022 1253 1048 9,
1266 1021 1298 1047 29

260 1059 326 1086 clare
343 1055 445 1090 constat.

299 1096 562 1123 DERisORivs,
582 1098 612 1122 a,
636 1098 690 1116 um.
710 1089 770 1115 Adi.

263 1130 328 1157 tian.
346 1128 375 1154 in
394 1127 411 1154 1.
433 1125 597 1153 conditiones
614 1125 646 1151 D.
669 1124 701 1151 de
721 1123 820 1152 condit.
845 1123 956 1150 institut.

263 1165 326 1193 σανὶς
337 1161 497 1202 κκταγελαςζὶ
510 1163 568 1188 Vet.
584 1160 663 1201 quffi

298 1203 642 1228 DERID!CVLVM,1.
663 1204 689 1221 11.

1026 1121 1135 1149 Tabula
1160 1118 1299 1150 derisoria,

724 1191 942 1228 [καταμσδίασις]
979 1190 1075 1226 Irrifio.
1110 1191 1194 1217 Plaut.
1207 1186 1299 1215 Pseud.

263 1245 293 1269 49
306 1241 329 1267 5,
342 1240 359 1267 'I
380 1234 466 1266 Qam
479 1231 546 1258 mihi
561 1231 636 1258 illum
648 1229 730 1257 verba
743 1238 788 1264 per
801 1229 975 1256 deridiculum
990 1227 1059 1254 dare.
1108 1227 1211 1253 Lucret.
1220 1228 1299 1258 3,778

262 1268 445 1297 Deridiculuin
457 1268 505 1294 esse
519 1266 634 1293 videtur.

263 1304 380 1333 ridiculo
393 1303 510 1337 corporis
525 1302 598 1328 iuxta
612 1300 809 1335 despiciendus(
872 1300 927 1333 Qui
941 1299 989 1326 sibi
1002 1308 1045 1324 me
1058 1306 1106 1332 pro
1118 1296 1267 1323 deridiculo
1274 1299 1300 1320 et

262 1339 452 1366 delec‘tamento
467 1343 538 1372 putat
559 1338 626 1364 Ter.
641 1337 735 1363 Heaut.
751 1344 773 1368 ς,
791 1345 801 1362 1
816 1341 882 1362 extr.
952 1335 1020 1362 Tac.
1034 1335 1101 1360 Aun.
1117 1341 1139 1365 3,
1154 1339 1199 1367 57,
1212 1340 1224 1363 3
1249 1331 1300 1356 00-

262 1374 379 1402 ridiculo
393 1374 444 1400 fuit
458 1374 533 1400 senex
549 1372 708 1399 foedissiinae
720 1371 888 1398 adulationis.
975 1370 1066 1397 Tacit.
1080 1369 1146 1394 Ann.
1162 1371 1186 1399 6,
1206 1375 1219 1392 2
1239 1366 1300 1392 To-

261 1411 357 1444 gonius
369 1409 474 1441 Gallus,
492 1408 555 1434 dum
567 1407 763 1442 ignobilitatem
776 1407 848 1432 suam
862 1406 963 1440 magnis
975 1403 1128 1431 nominibus
1140 1402 1240 1432 inserit,
1255 1409 1301 1435 per

260 1443 437 1471 deridiculum
449 1443 562 1469 auditur.
633 1442 719 1468 Varro
732 1441 764 1467 de
778 1441 807 1470 R,
821 1442 851 1467 R.
861 1450 880 1471 i,
915 1461 921 1467 .

261 1480 328 1507 11005
342 1484 367 1505 01
380 1477 442 1504 duas
455 1477 556 1504 villicas
570 1475 667 1502 habere
681 1475 774 1501 debeat
788 1486 794 1501 t
829 1475 901 1508 quod
915 1476 950 1501 est
965 1475 1151 1501 deridiculum.

296 1520 385 1541 nizizi
394 1520 429 1539 D1
441 1519 458 1539 c
468 1519 490 1539 v
501 1518 517 1538 1.
527 1519 547 1538 v
557 1518 588 1544 s,
607 1519 636 1543 a,
658 1518 711 1536 um.
738 1509 798 1536 Adi.
833 1509 1044 1543 [καταγελαςὸς]
1081 1507 1237 1535 Deridicula
1255 1515 1300 1533 va·

261 1550 327 1577 nitas
356 1549 422 1575 Gell.
438 1556 476 1580 10,
492 1555 528 1574 12.
597 1545 664 1572 Add.
679 1553 712 1576 12,
727 1553 751 1571 2.
1296 1555 1299 1557 >

298 1591 317 1611 D
326 1582 414 1611 ERfP
424 1589 459 1609 10
472 1602 481 1615 ,
519 1581 565 1611 ui,
598 1586 686 1614 eptum
695 1600 702 1611 ‚
736 1581 789 1606 ere.
825 1576 1015 1613 [καθαιμάξω]
1029 1612 1034 1616 .
1053 1575 1171 1611 Deorsum
1202 1580 1297 1609 rapere.

263 1620 384 1653 Deripit,
401 1616 532 1653 ἓφαρποῖζει
544 1617 602 1642 Vet.
616 1615 693 1641 Glotr.
707 1615 726 1640 f.
761 1612 908 1649 ἐφαρποέζσ.
944 1613 1111 1646 Deripiamus
1130 1618 1225 1636 aurum
1245 1617 1350 1651 111349Ι

262 1655 348 1682 tronis
372 1653 456 1688 palam
483 1652 566 1678 Plaut.
589 1651 648 1677 Aul.
671 1659 700 1683 4,
716 1658 753 1681 10,
767 1654 801 1678 18.
870 1647 943 1675 Idem
957 1649 1027 1674 Men.
1040 1655 1061 1680 ς,
1075 1656 1100 1679 2,
1116 1654 1158 1680 117
1178 1644 1227 1671 Sed
1240 1653 1299 1679 quis

263 1690 307 1718 hic
319 1689 361 1720 est,
371 1690 418 1724 qui
431 1687 528 1722 capillo
540 1695 582 1713 me
594 1685 645 1712 huc
661 1685 692 1711 de
706 1693 784 1711 curru
797 1683 895 1717 deripit
909 1684 918 1709 3
988 1682 1061 1719 Conf.
1076 1682 1114 1708 Id.
1129 1680 1196 1707 Rud.
1208 1688 1232 1711 3,
1244 1686 1298 1712 5,5.

263 1726 388 1759 Sertaque
405 1723 436 1750 de
451 1722 544 1750 [3116115
556 1719 695 1755 derip'uiise
707 1720 774 1747 foris
795 1718 904 1745 Tibull.
919 1727 937 1749 1,
953 1725 974 1751 ς,
987 1727 1025 1751 39.
1115 1716 1243 1756 Dreripelre
1256 1722 1299 1754 ye-

263 1761 361 1787 lamina
379 1758 458 1785 Ouid.
473 1759 538 1784 Met.
553 1760 579 1789 6,
593 1758 651 1789 566.
722 1755 796 1789 Virg.
811 1755 907 1788 Georg.
922 1762 944 1785 2,
960 1762 1011 1786 242
1042 1752 1092 1780 Tu
1106 1751 1180 1785 spulso
1195 1757 1298 1776 Vimine

263 1795 370 1830 qualos,
406 1793 524 1825 Colaque
554 1791 687 1818 raelorum
697 1790 806 1817 fumofis
819 1789 909 1824 deripe
920 1789 1005 1815 106115.
1275 1820 1279 1824 .

262 1838 291 1856 ce
313 1828 403 1855 Heins.
421 1826 454 1853 ad
472 1801 553 1852 Onici.
573 1827 664 1852 Amor.
679 1834 698 1856 1,
710 1834 732 1858 ς,
747 1834 781 1857 13.
818 1831 841 1851 et
858 1834 878 1857 1,
894 1832 934 1857 14,
947 1833 974 1850 12
990 1822 1046 1858 Qii
1056 1831 1114 1848 eam
1127 1820 1244 1848 restituit
1256 1819 1303 1846 Sil.

263 1874 301 1895 10,
315 1866 375 1890 600.
445 1860 515 1896 Conf.
530 1859 729 1886 Drakenborch.
742 1859 774 1885 ad
788 1860 833 1885 Sil.
849 1869 888 1892 10,
900 1865 949 1891 318.
1021 1860 1112 1892 Nempe
1124 1857 1165 1883 hic
1177 1859 1250 1882 ctiam
1262 1856 1302 1881 De

263 1908 292 1927 ac
306 1899 339 1925 Di
362 1895 549 1931 praepositiones
562 1894 683 1930 confundi
689 1894 780 1929 solent.
817 1895 920 1928 Proprie
933 1893 1061 1928 Deripere
1074 1891 1121 1925 est,
1139 1897 1169 1916 vt
1181 1891 1301 1921 diximus,

263 1934 394 1962 Deorsum
405 1938 490 1966 rapere
498 1950 507 1963 ‚
527 1932 565 1956 vel
575 1930 672 1965 auferre
680 1936 727 1963 per
740 1931 792 1954 vim
807 1937 814 1951 :
851 1937 879 1952 in
891 1926 1015 1961 Diripere
1026 1927 1120 1953 accedit
1133 1921 1264 1957 distraffio
1274 1926 1302 1948 in

258 1976 348 2007 partes
359 1974 404 1994 aut
416 1968 468 1993 loca
482 1965 593 2000 diuersa,
613 1970 641 1990 ot
662 1973 716 1989 cum
730 1963 818 1998 plures
838 1964 865 1987 in
878 1962 938 1988 vrbe
961 1968 1040 1998 agunt
1057 1968 1081 1986 et
1100 1960 1195 1996 ferunt
1213 1960 1345 1998 omnia.50

264 2007 351 2040 Itaque
363 2000 511 2038 conferenda
523 2003 618 2026 omnino
632 1999 679 2024 huc
693 1998 755 2034 sunt
772 1998 895 2030 exemplu,
911 1998 1001 2023 ultima
1017 1995 1185 2032 praefinivi,
1203 2002 1263 2030 quae
1276 2001 1306 2019 m

265 2039 374 2074 Diripio
386 2038 465 2064 adbuc
478 2036 555 2062 relata
561 2035 633 2071 sum.
745 2066 751 2071 .
866 2063 873 2065 Π
1122 2065 1128 2070 1

300 2082 320 2102 D
329 2076 346 2102 1}
356 2080 375 2100 R
384 2080 401 2100 Ε
411 2079 427 2099 1>
437 2079 459 2099 T
467 2079 488 2097 v
498 2078 510 2098 s
519 2091 527 2103 ‚
545 2078 559 2096 a
568 2089 576 2102 ,
597 2077 650 2095 um.
683 2068 775 2093 Partic.
811 2065 939 2099 Dereptus
951 2070 1041 2092 cortex
1074 2064 1157 2091 Ouid.
1179 2064 1270 2096 Amor.
1283 2072 1306 2094 i,

267 2119 308 2145 14,
327 2119 362 2137 12.
433 2108 544 2141 Derepta
566 2113 624 2131 acus
646 2102 714 2142 jbicl.
736 2105 817 2142 v.18.¹
863 2101 977 2142 Derepta
989 2100 1062 2142 leoni
1074 2099 1151 2141 pellis
1169 2097 1233 2139 Idem
1241 2098 1307 2124 Met.

264 2155 289 2180 9,
303 2153 342 2179 52.
363 2153 408 2180 quo
420 2145 470 2169 Ioco
481 2144 555 2177 pluro
568 2140 690 2173 Heinsius.
725 2137 792 2167 Male
806 2144 834 2161 in
847 2136 972 2174 nonnullis
984 2136 1058 2162 Itbr15
1071 2137 1164 2171 legitur
1172 2135 1290 2175 Direpta.

302 2186 430 2211 DERIS,
447 2176 542 2204 Graeci
554 2175 685 2210 appellant
697 2172 776 2200 Pelles
789 2176 921 2203 nauticas,
943 2180 1008 2206 quas
1021 2179 1070 2197 nos
1087 2178 1213 2199 vocamus
1233 2170 1307 2203 bege-

265 2214 477 2281 striiai-:Rlieegz
503 2251 555 2273 “a're-
590 2243 723 2280 [παρίγω,
741 2240 916 2276 παροχετεύω]
951 2240 1026 2272 Alio,
1047 2241 1086 2267 De
1104 2240 1166 2266 riuo
1186 2239 1307 2264 deducere.

268 2287 310 2314 Ab
325 2286 416 2320 3110110
428 2292 522 2318 30113111
535 2281 655 2308 deriuare
674 2279 756 2305 Plaut.
769 2276 882 2304 Trucul.
896 2285 922 2308 2,
936 2283 962 2310 7,
975 2285 1009 2302 12.
1080 2274 1212 2302 Columel.
1226 2282 1250 2305 2,
1258 2279 1280 2306 8,
1294 2281 1308 2305 3

268 2322 300 2351 Et
313 2329 418 2348 omnem
431 2320 569 2346 humorem
584 2316 612 2342 in
624 2314 763 2348 colliquias
771 2333 779 2346 ,
798 2319 875 2347 atque
890 2311 917 2338 in
932 2312 1023 2338 dextra
1035 2311 1132 2345 segetes
1147 2309 1307 2336 detinemus.
1315 2319 1351 2344 50
1371 2307 1522 2337 runcinauit
1535 2308 1657 2334 militem.

268 2359 301 2386 Et
313 2366 336 2389 2,
351 2364 388 2391 17,
403 2364 415 2388 ς
435 2355 461 2381 Si
476 2353 548 2389 palus
581 2367 626 2372 —
660 2350 803 2384 restagnat,
823 2348 899 2374 suulcis
914 2346 1056 2374 deriuanda
1070 2346 1115 2373 est.
1178 2345 1309 2384 Deriuare

268 2401 378 2428 aquarii,
399 2390 475 2417 Sulco
490 2388 617 2414 deducere
634 2385 728 2413 Festus.
816 2384 852 2409 Ex
865 2382 985 2409 fontibus
1001 2382 1122 2408 deriuata
1138 2380 1269 2414 Quinctil.
1285 2388 1309 2412 2,

271 2436 310 2463 17.
379 2425 520 2461 Metaphor.
556 2424 614 2449 Hoc
639 2422 712 2448 fonte
735 2419 853 2446 deriuata
877 2418 961 2445 clades
989 2419 1056 2444 Hor.
1079 2417 1129 2444 Od.
1144 2426 1166 2448 3,
1181 2419 1206 2448 6,
1222 2424 1258 2447 19.
1279 2415 1308 2441 de

269 2463 408 2490 adulteriis.
475 2460 543 2486 Ter.
557 2458 662 2484 Phorm.
677 2465 698 2487 2,
712 2465 729 2487 1,
740 2464 756 2489 9
782 2456 868 2489 Atque
881 2453 910 2480 in
922 2463 965 2479 me
978 2462 1085 2479 oinnem
1098 2453 1166 2479 iram
1186 2452 1307 2478 deriuem

283 2499 338 2525 enis
351 2498 361 2524 3

270 2500 343 2560 {nim
355 2540 410 2558 non
426 2528 564 2557 deriuandi
580 2528 698 2555 criminis
709 2527 799 2558 causa,
819 2525 862 2552 sed
881 2530 910 2551 vt
930 2523 1029 2551 saelum
1049 2523 1102 2555 est)
1121 2532 1206 2558 neque
1226 2522 1307 2556 inipe-

272 2574 361 2600 rante,
381 2575 465 2601 neque
479 2565 581 2594 sciente,
600 2572 684 2597 neque
698 2563 829 2596 praesente
841 2560 964 2592 domino,
981 2560 1053 2594 quod
1066 2560 1125 2586 suos
1138 2558 1250 2594 quisque
1257 2559 1307 2584 ser-

273 2613 321 2631 vos
333 2604 363 2630 in
375 2602 423 2629 tali
435 2610 463 2628 re
476 2601 562 2627 facere
576 2599 706 2625 voluisset.
779 2598 850 2623 Facit
877 2596 924 2623 huc
955 2596 1072 2622 Donatus
1103 2595 1138 2621 ad
1155 2594 1218 2620 illud
1236 2594 1305 2620 Ter.

274 2640 380 2667 Phorm.
395 2646 418 2670 a,
431 2645 455 2669 2,
468 2644 484 2669 9
505 2636 535 2662 Ῑ11
549 2643 591 2661 me
604 2642 707 2660 omnem
720 2632 788 2659 iram
802 2631 923 2659 deriuem
936 2631 1001 2657 senis
1011 2650 1019 2663 ,
1055 2629 1196 2657 Deriuatio
1209 2629 1308 2656 dicitur

273 2674 385 2703 inflexio
416 2671 536 2698 criminis
569 2668 601 2696 ab
633 2677 681 2701 eo,
724 2667 756 2694 ad
790 2676 868 2702 quem
896 2665 1059 2702 pertinebat,
1096 2666 1129 2692 ad
1161 2674 1244 2697 euin,
1274 2664 1349 2704 ad70

294 2718 352 2736 uem
381 2717 435 2735 non
465 2706 586 2741 pertinet.
674 2703 730 2731 Cic.
757 2706 810 2729 Att.
845 2714 878 2736 4,
911 2711 924 2735 3
961 2700 1083 2728 Habebat
1117 2701 1165 2727 ille
1196 2700 1306 2734 quidem

296 2743 408 2771 'fficilem
437 2741 652 2774 manifestamque
678 2740 795 2771 causam,
814 2738 858 2764 sed
889 2743 975 2765 tamen
998 2736 1114 2763 causam:
1150 2735 1178 2762 id
1204 2741 1308 2769 poterat

275 2779 386 2809 infitiari
395 2799 402 2811 ‚
420 2783 521 2813 poterat
535 2777 562 2802 in
574 2775 639 2802 alios
653 2774 787 2806 deriuare,
804 2779 906 2808 poterat
919 2774 998 2800 etiam
1012 2770 1111 2806 aliquid
1130 2770 1187 2797 iure
1206 2770 1307 2796 [30111111

276 2814 424 2843 defendere.
493 2812 566 2839 Idem
580 2812 654 2837 Verr.
667 2819 692 2842 2,
706 2818 741 2843 49
757 2819 778 2836 c.
792 2818 826 2836 20
851 2808 925 2842 Quid
943 2808 988 2841 est,
1002 2805 1174 2843 quamobrem
1186 2811 1269 2840 putes,
1282 2812 1308 2832 te

276 2857 348 2878 tuam
361 2850 461 2884 culpam
472 2857 525 2875 non
538 2846 618 2873 modo
632 2846 752 2873 deriuare
773 2846 802 2871 in
817 2845 932 2880 aliquem
941 2865 949 2877 ,
970 2843 1012 2870 sed
1034 2841 1228 2869 communicare
1248 2849 1308 2867 011111
1319 2848 1351 2878 75
1370 2841 1474 2864 ciarum.

276 2886 368 2921 aliquo
381 2885 447 2919 posse
463 2885 471 2909 3
540 2883 596 2910 Cic.
611 2882 664 2908 Ati.
678 2890 700 2914 2,
713 2889 737 2913 31
757 2881 851 2907 01111115
864 2880 1012 2915 expectatio
1026 2877 1174 2913 largitionis
1192 2876 1309 2916 agrariae

277 2923 307 2948 in
320 2930 410 2956 agrum
425 2921 586 2953 Campanum
597 2917 701 2944 videtur
715 2917 762 2942 esse
777 2915 895 2943 deriuata
910 2927 914 2942 :
951 2915 998 2950 qui
1010 2923 1071 2948 ager
1083 2918 1113 2940 vt
1131 2913 1197 2939 dena
1217 2920 1308 2946 iugera

278 2956 342 2987 (int,
368 2965 421 2982 non
442 2954 554 2988 amplius
571 2952 710 2980 hominum
725 2952 842 2986 quinque
853 2950 939 2977 millia
951 2950 1033 2985 potest
1047 2949 1179 2976 sustinere.
1250 2947 1308 2974 Cic.

279 2993 354 3019 Verr.
370 3000 390 3023 1,
405 2998 451 3023 149
465 2999 486 3016 c.
503 2998 529 3022 53
554 2989 582 3015 L.
605 2988 738 3014 Domitius
757 2986 790 3012 de
809 2985 958 3013 Chelidone
976 2985 1084 3012 reticuit
1102 2983 1188 3019 quoad
1207 2983 1308 3017 potuit;

811 1089 846 1115 Vt
871 1087 1022 1114 Derisoriae
1045 1084 1209 1112 conditiones
1230 1083 1299 1109 Mar·
1316 1091 1347 1117 25
1364 1079 1405 1106 vii
1418 1078 1558 1113 derogetur
1571 1079 1700 1105 laborant.

704 1265 795 1292 Tacit.
809 1267 876 1292 Asin.
889 1273 924 1297 12,
936 1273 971 1297 49
991 1261 1098 1298 Ignauia
1113 1261 1204 1292 animi,
1216 1266 1241 1286 et
1256 1259 1299 1285 de·
1312 1271 1345 1295 30

959 1461 965 1467 .
1001 1441 1172 1474 Sequani-‚vt
1179 1438 1244 1464 duos
1251 1436 1300 1463 vil·
1316 1444 1345 1470 33

1080 1786 1139 1813 Vid.
1148 1786 1179 1813 de
1193 1786 1241 1811 hac
1254 1792 1301 1811 vo·
1308 1797 1343 1824 45

431 2496 486 2522 Cic.
500 2503 548 2530 pro
560 2493 656 2520 Milon.
671 2500 701 2524 29
717 2500 738 2517 c.
752 2500 780 2517 10
801 2491 928 2517 Fecerunt
941 2489 968 2517 id
988 2489 1057 2514 serui
1076 2488 1186 2515 Milonis
1205 2486 1307 2519 (dicam
1319 2491 1351 2524 65

1755 143 1902 183 DE
1986 144 2011 183 S
2315 159 2387 196 104

1357 231 1499 267 abrogare,
1515 232 1657 266 derogare,
1674 230 1822 265 obrogare,
1840 231 1891 258 fine
1903 232 1994 260 fraude
2008 233 2052 259 suia
2070 242 2125 260 non
2142 233 2236 267 liceat,
2254 234 2387 262 1101111011-

1359 269 1424 298 erit,
1443 275 1488 293 etc.
1559 268 1598 293 De
1618 267 1673 301 lege
1693 265 1792 301 aliquid
1811 265 1947 301 derogari,
1970 275 2014 295 aut
2034 269 2117 303 legem
2132 269 2270 304 abrogari,
2286 279 2330 296 aut
2340 270 2388 297 ali-

1361 302 1426 336 quid
1439 311 1469 328 ex
1483 308 1554 336 parte
1568 303 1724 329 commutari
1737 301 1868 336 indignius
1879 304 1940 335 0110,
1960 314 2042 339 quum
2050 305 2149 338 Populo
2161 306 2341 339 cognoscendi,
2362 311 2388 331 et

1363 337 1511 370 probandi,
1528 344 1571 364 aut
1586 337 1755 372 improbandi
1768 336 1877 372 potestas
1889 338 1960 365 nulla
1974 340 2018 366 fiat
2044 340 2098 366 Cic.
2112 340 2143 366 de
2154 341 2257 368 quent.
2270 349 2295 372 2,
2312 349 2355 372 134
2366 349 2390 366 0.

1361 380 1403 406 43.
1471 372 1543 398 Idem
1552 373 1617 399 ibid.
1625 382 1648 405 2,
1658 376 1697 405 136
1706 382 1726 398 0.
1737 375 1772 406 46
1793 373 1862 399 Nam
1871 372 1967 400 summa
1974 375 2135 410 impudentia
2143 376 2188 407 est,
2196 385 2266 408 eum,
2273 376 2321 410 qui
2328 384 2390 401 con-

1360 413 1400 433 tra
1413 407 1483 443 quod
1497 409 1620 442 scriptum
1634 408 1678 439 fit,
1695 408 1796 443 aliquid
1809 407 1920 443 probare
1938 410 2016 443 velit,
2032 420 2086 437 non
2103 412 2243 445 aequitatis
2260 410 2388 446 praesidio

1360 442 1388 469 id
1401 443 1487 469 facere
1501 443 1599 470 conari.
1635 444 1662 470 Si
1674 444 1740 478 quid
1754 444 1837 479 igitur
1850 451 1880 469 ex
1895 442 1941 469 hac
1954 443 2007 477 ipsa
2018 447 2153 481 quippiam
2173 447 2304 473 aecusator
2315 446 2390 473 dero-

1361 483 1420 512 get,
1439 477 1561 509 omnibus
1576 479 1692 513 partibus
1706 479 1798 506 iustius
1814 485 1839 505 et
1852 478 2016 513 probabilius
2028 484 2142 508 accusare
2156 482 2284 508 videatur.
2351 482 2390 507 De

1361 512 1555 547 magnificentia
1568 514 1695 546 alicuius,
1712 515 1740 541 id
1751 513 1799 548 est,
1819 513 1977 546 Detrahere,
1995 515 2091 544 austere
2114 517 2197 544 Festo.
2235 518 2291 544 Cic.
2305 515 2337 542 de
2349 518 2392 542 In.

1361 554 1432 574 vent.
1447 557 1472 580 2,
1488 555 1530 582 175
1545 556 1566 573 c.
1581 554 1609 581 58
1625 551 1713 584 Quare
1726 557 1769 576 aut
1784 550 1815 576 de
1828 549 2019 584 magnificentia
2029 569 2038 581 ,
2058 559 2102 579 aut
2115 552 2146 579 de
2163 552 2296 579 honestate
2316 550 2393 586 quid-

1361 583 1421 610 dam
1433 583 1585 617 derogetur.
1654 585 1765 620 Aliquid
1780 594 1811 611 ex
1826 585 1881 619 lege
1895 585 2011 611 fatorum
2025 586 2083 612 Sen.
2095 588 2156 615 Nat.
2166 588 2270 621 Quaest.
2285 596 2294 613 1
2309 586 2392 621 praef.

1361 619 1417 645 Cic.
1435 628 1483 653 pro
1497 619 1571 645 Rosc.
1587 618 1674 645 Amer.
1689 626 1719 652 89
1739 621 1803 647 Non
1816 622 1885 646 enim
1900 620 1968 647 mihi
1981 626 2081 647 tantum
2097 622 2194 658 derogo
2214 622 2332 655 (tametsi
2351 622 2393 648 ni-

1361 654 1400 681 hil
1413 657 1525 688 arrogo)
1545 660 1573 680 vt
1587 655 1770 693 tehcopiofius,
1788 665 1866 690 quain
1880 663 2023 691 nie'putem
2035 657 2103 690 poise
2120 657 2213 686 dicere.
2285 659 2324 684 De
2341 656 2393 683 fide

1361 690 1466 716 testium
1480 688 1623 715 aduersarii
1643 690 1698 716 Cic.
1712 700 1760 725 pro
1774 692 1877 718 Caecin.
1891 701 1911 723 3.
2017 692 2055 718 Id.
2069 701 2117 726 pro
2131 692 2210 720 Flacc.
2225 702 2241 727 9
2261 694 2326 720 Non
2338 701 2393 727 quo

1362 725 1465 751 nationi
1478 724 1540 751 huic
1552 733 1601 759 ego
1614 733 1681 750 Vinus
1693 727 1805 752 maxime
1819 727 1898 753 fidem
1912 727 2044 761 derogem.
2139 727 2230 756 Fidem
2242 728 2397 756 auctoritati

1362 760 1473 801 alicuius
1494 760 1562 786 Cels.
1579 760 1659 794 praef.
1675 769 1699 794 p.
1713 766 1735 790 8.
1841 762 1907 788 Plin.
1920 770 1947 796 7,
1959 767 1987 792 28
2011 763 2049 789 M.
2063 761 2169 796 Sergio,
2187 769 2216 790 vt
2234 763 2342 799 quidem
2354 772 2395 790 ar-

1361 795 1465 828 bitror,
1483 804 1561 822 nemo
1575 804 1733 830 quemquam
1745 795 1884 823 hominum
1902 798 1961 824 iure
1979 798 2152 832 praetulerit:
2185 797 2248 826 licet
2266 807 2396 834 pronepos

1361 831 1478 858 Catilina
1492 831 1602 865 gratiam
1615 831 1719 857 nomini
1733 830 1874 865 derogarit.
1926 834 1958 859 In
1969 842 2109 859 commune
2122 833 2190 859 nihil
2204 833 2328 869 derogent
2341 835 2399 861 Ta-

1363 867 1406 893 cit.
1421 868 1488 893 Ann.
1503 874 1537 899 13,
1552 873 1594 901 27.
1666 867 1722 893 Cic.
1735 873 1775 901 ap.
1789 867 1906 894 Laclant.
1919 870 1946 900 6,
1958 873 1972 900 8
1997 869 2069 895 Huic
2082 869 2135 903 legi
2148 878 2195 895 nec
2215 869 2340 903 obrogari
2358 870 2397 895 fas

1316 915 1351 933 20
1364 901 1416 934 est,
1437 910 1522 936 neque
1534 901 1657 935 derogari
1671 911 1701 928 ex
1714 901 1761 928 1130
1773 901 1875 936 aliquid
1888 903 1950 931 licet
1958 923 1967 935 ,
1985 913 2070 939 neque
2090 910 2146 930 tota
2164 903 2287 939 abrogari
2308 905 2399 939 potest.

1366 939 1457 972 Nempe
1469 938 1615 976 Dcrogatur
1628 937 1695 971 legi,
1715 946 1797 972 quum
1813 947 1871 971 pars
1885 937 2047 972 detrahitur,
2066 942 2104 966 ait
2118 940 2295 966 Modestinus:
2314 939 2399 966 Abro-

1365 978 1440 1007 gatur
1460 972 1502 999 lex
1521 973 1577 1007 (Jrc
1590 973 1642 998 uid.
1656 975 1701 1008 leg.
1710 980 1758 1007 pro
1772 973 1826 1007 legi
1839 983 1848 1004 3
1882 972 1929 1006 ⁷11st
1940 975 2056 1001 malumus
2068 975 2214 1010 obrogatur
2226 976 2297 1010 legi)
2318 984 2401 1011 quum

1364 1009 1469 1043 prorsus
1483 1007 1603 1039 tollitur,
1622 1007 1639 1034 l.
1654 1016 1699 1034 102
1714 1009 1745 1034 D.
1759 1008 1791 1034 de
1807 1007 1882 1034 verb.
1914 1008 2001 1042 signif.
2094 1012 2191 1037 Dubius
2209 1010 2242 1044 est
2261 1013 2328 1038 locus
2345 1011 2402 1037 Cic.

1364 1052 1413 1079 pro
1428 1044 1521 1076 Quint.
1529 1051 1560 1078 73
1573 1051 1632 1075 c.23
1653 1043 1728 1070 Fides
1743 1043 1920 1070 huiusmultis
1936 1045 2002 1070 locis
2017 1045 2120 1079 cognita
2132 1055 2165 1072 ne
2178 1046 2288 1081 pei-fidia
2297 1047 2320 1072 S.
2330 1046 2401 1073 Nae-

1754 1081 1798 1105 An
1810 1088 1867 1115 ergo
1882 1078 1975 1106 dicitur
1988 1079 2065 1106 Fides
2079 1081 2232 1116 derogatur,
2246 1090 2295 1118 pro
2308 1083 2327 1108 F
2329 1081 2404 1108 idei!

1365 1118 1409 1141 An
1422 1118 1459 1140 ita
1472 1114 1707 1150 interpungendum,
1728 1114 1804 1140 Fides
1816 1114 1842 1140 h.
1856 1123 1891 1140 m.
1906 1114 1923 1140 l.
1937 1115 2043 1148 cognita
2057 1126 2062 1141 :
2098 1126 2131 1143 ne
2142 1117 2252 1152 perfidia
2266 1117 2364 1144 Naeuii
2376 1117 2403 1143 ei

1366 1149 1507 1184 derogetur
1519 1149 1650 1176 laborant.
1723 1149 1788 1176 Illud
1799 1150 1824 1175 ei
1837 1149 1916 1183 hauJit
1923 1150 1996 1185 forte
2010 1151 2117 1178 Naeuii.
2187 1155 2261 1180 Alter
2280 1156 2354 1179 etiam
2365 1155 2404 1178 in-

1365 1188 1458 1213 certior
1474 1192 1523 1220 pro
1546 1185 1576 1211 0.
1594 1185 1737 1216 Cornelio,
1757 1185 1886 1211 Tertium
1899 1186 1935 1211 est
1947 1185 1979 1211 de
1992 1185 2080 1220 legum
2095 1186 2328 1222 abrogationibus,
2348 1195 2404 1223 quo

1367 1221 1398 1248 de
1410 1229 1505 1256 genere
1525 1221 1599 1254 saepe
1620 1220 1844 1247 Senatusconsulta
1864 1220 1930 1247 fiunt
1939 1240 1948 1253 ,
1968 1226 1998 1247 vt
2016 1230 2099 1255 nuper
2113 1221 2144 1248 de
2157 1224 2211 1257 ipsa
2223 1224 2281 1258 lege
2293 1224 2404 1258 Calpur-

1366 1257 1426 1288 nia,
1448 1265 1515 1291 quae
1529 1255 1708 1291 derogaretur.
1779 1255 1848 1291 Quid
1858 1255 1884 1290 fi
1900 1258 1946 1292 leg.
1967 1265 2022 1291 quo
2041 1257 2147 1290 (SCto)
2166 1258 2337 1294 derogaretur
2353 1258 2404 1292 (de

1366 1293 1423 1326 lege
1436 1291 1577 1325 Calpurnia
1591 1295 1602 1323 )
1616 1302 1621 1317 :
1655 1290 1847 1327 velfimpliciser
1865 1300 1931 1325 01101
1944 1291 2123 1326 derogaretur.

1402 1334 1420 1353 D
1429 1334 1446 1354 Ε
1455 1334 1473 1354 R
1483 1326 1502 1354 ὀ
1511 1333 1532 1353 G
1541 1327 1589 1353 ᾹΤ
1601 1334 1656 1359 10,
1677 1327 1744 1353 onis.
1768 1327 1787 1353 f.
1824 1327 1925 1353 Audict
1938 1327 1970 1353 ad
1984 1329 2082 1354 Hei-eiu.
2097 1337 2119 1361 2,
2133 1331 2162 1355 16
2173 1338 2194 1355 c.
2209 1337 2237 1355 10
2256 1330 2325 1356 Cum
2339 1328 2406 1355 duae

1365 1363 1435 1398 leges
1449 1363 1519 1389 inter
1532 1363 1557 1389 sc
1571 1362 1734 1397 discrepant,
1752 1361 1897 1389 videndum
1911 1362 1947 1389 est
1961 1363 2092 1397 primum,
2110 1373 2174 1391 num
2192 1373 2245 1399 qua
2263 1364 2406 1400 obrogatio

1366 1404 1411 1425 aut
1440 1397 1579 1432 derogatio
1602 1397 1640 1423 fit.

1403 1440 1422 1460 D
1430 1440 1448 1460 E
1457 1441 1475 1459 R
1484 1432 1503 1460 ὁ
1513 1440 1533 1460 G
1544 1435 1566 1460 Ᾱ
1576 1441 1597 1460 Τ
1606 1440 1625 1459 o
1634 1440 1652 1459 R
1662 1451 1670 1464 ‚
1688 1432 1752 1458 oris.
1771 1441 1807 1458 m.
1842 1431 1987 1460 Detraftor.
2024 1433 2113 1461 Sidon.
2128 1434 2207 1470 Epist.
2222 1443 2244 1468 3,
2257 1443 2281 1467 13
2304 1436 2406 1470 Impor-

1366 1475 1443 1496 tunus
1457 1469 1579 1503 petendi,
1600 1468 1742 1502 derogator
1755 1467 1858 1501 negati,
1878 1469 2024 1496 aemulator
2036 1471 2144 1504 accepti.
2196 1472 2229 1498 Et
2246 1470 2324 1505 Epist.
2339 1479 2362 1503 3,
2377 1478 2408 1503 14

1363 1505 1403 1531 De
1417 1505 1526 1531 caeteris
1539 1503 1619 1530 studii
1637 1503 1720 1531 nostri
1738 1503 1955 1536 derogatoribus,
1975 1512 2021 1530 erc.

1392 1546 1421 1578 ‘D
1429 1546 1445 1564 E
1454 1546 1472 1564 R
1482 1545 1500 1564 o
1510 1546 1531 1565 G
1540 1540 1563 1564 Ᾱ
1571 1545 1591 1564 ’1
1602 1540 1615 1564 ἰ
1624 1545 1645 1563 ν
1655 1546 1675 1564 ν
1684 1546 1714 1570 5,
1731 1547 1755 1570 3,
1775 1547 1829 1564 uin.
1847 1539 1908 1565 Adi.
1948 1541 1982 1567 Vs
1996 1539 2156 1575 Praepofitio
2170 1539 2335 1575 demgafiua,
2342 1539 2410 1576 apud

1365 1572 1488 1599 Diomed.
1502 1574 1645 1599 Grauninat.
1658 1582 1682 1607 p.
1700 1581 1752 1605 325.

1401 1613 1420 1645 D
1430 1614 1446 1633 E
1455 1614 1474 1634 R
1484 1604 1503 1633 ὅ
1512 1614 1533 1633 G
1543 1609 1567 1633 Ᾱ
1574 1614 1595 1633 Γ1
1604 1609 1623 1634 6
1632 1614 1651 1633 R
1659 1615 1669 1633 1
1677 1614 1698 1634 v
1706 1615 1719 1633 s
1727 1626 1737 1638 ‚
1754 1616 1769 1633 a
1777 1627 1786 1639 ,
1806 1616 1861 1636 um.
1878 1608 1939 1636 Adi.
1973 1609 2054 1643 Idem,
2072 1618 2117 1645 vt,
2133 1610 2341 1647 Derogatorium
2353 1609 2408 1636 edi-

1365 1642 1438 1670 etum
1446 1662 1456 1674 ,
1474 1642 1542 1678 apud
1562 1642 1643 1669 ICtos.

1400 1684 1419 1703 D
1428 1685 1444 1704 E
1454 1685 1473 1703 R
1482 1685 1500 1704 o
1509 1684 1530 1704 G
1540 1675 1551 1703 '1'
1560 1685 1581 1704 T
1592 1683 1612 1703 o
1622 1697 1630 1710 ,
1650 1681 1703 1704 fure.
1740 1676 1932 1717 [οἷυζομειὲμαι]
1966 1679 2048 1706 Plaut.
2070 1680 2139 1705 Afin.
2160 1688 2189 1711 2,
2202 1687 2218 1705 2
2226 1697 2234 1710 ,
2247 1681 2282 1706 60
2307 1676 2410 1705 Placide

1365 1720 1430 1753 ergo
1458 1712 1668 1746 vnumquodque
1702 1711 1840 1747 dei-egita,
1857 1720 1886 1740 vt
1913 1714 2084 1748 acquiescam.
2119 1715 2165 1743 boc
2181 1713 2232 1747 est,
2250 1713 2281 1741 de
2293 1722 2328 1740 me
2339 1721 2411 1750 roga,

1363 1756 1400 1773 me
1412 1753 1552 1782 interroga.

1401 1787 1596 1811 DEROSVS,
1612 1779 1665 1806 vid.
1688 1786 1855 1808 Dianono.

1402 1823 1422 1843 D
1431 1824 1448 1843 Ε
1458 1823 1476 1843 R
1486 1822 1507 1842 v
1516 1823 1542 1843 M
1555 1822 1570 1842 Ρ
1582 1821 1602 1842 0
1611 1835 1620 1848 ‚
1641 1815 1703 1850 supi,
1722 1821 1831 1850 uptum,
1846 1818 1900 1843 ere.
1935 1816 2154 1854 [κκταρῥῆγνυμι]
2189 1816 2258 1844 idem
2268 1816 2330 1854 sere
2348 1816 2413 1853 quod

1367 1852 1520 1886 Abrumpere
1533 1862 1540 1876 .-
1576 1859 1592 1876 a
1605 1859 1650 1885 quo

1405 1893 1423 1912 D
1432 1893 1449 1912 ε
1461 1893 1480 1911 R
1490 1893 1510 1911 v
1519 1892 1535 1911 P
1544 1891 1565 1911 T
1575 1891 1596 1909 v
1605 1891 1617 1910 5
1625 1903 1633 1916 ,
1652 1893 1682 1916 3,
1701 1893 1755 1911 uun.
1795 1886 1889 1912 Partic.
1926 1887 2113 1923 [κατερῥωγώς]
2148 1887 2306 1920 Praecipites
2334 1885 2413 1912 dei-u·

1369 1926 1481 1954 ptaeque
1493 1919 1628 1953 Vtrimque
1640 1919 1772 1952 angustiae
1793 1920 1853 1946 Liu.
1866 1929 1905 1952 21,
1918 1929 1954 1952 33.
2032 1923 2119 1948 001115
2132 1921 2228 1947 arduus
2243 1927 2269 1947 et
2287 1921 2412 1955 dei-uptun

1370 1955 1463 1985 Tacit.
1477 1955 1544 1986 Anii.
1556 1962 1582 1985 2,
1595 1958 1636 1993 80,
1649 1961 1669 1986 ς.
1688 1953 1733 1979 hoc
1746 1952 1779 1986 est
1792 1954 1936 1989 Abi-uptus,
1948 1955 2002 1989 fiae
2019 1958 2180 1991 Praeruptus.
2249 1957 2333 1991 Ripae
2352 1956 2412 1983 Liu.

1370 1998 1413 2025 37,
1428 1998 1468 2023 39.
1540 1989 1631 2016 Tacit.
1651 1990 1718 2015 Ann.
1732 1997 1766 2029 9,
1803 2009 1810 2015 .
1848 2009 1855 2016 .
1891 1990 1922 2016 Et
1941 1999 1999 2025 pars
2018 1992 2133 2018 maxima
2150 1992 2265 2018 inermes
2278 2001 2324 2026 per
2337 1992 2413 2019 inuia

1372 2031 1398 2057 et
1416 2034 1493 2060 rupes
1513 2024 1634 2059 deruptas
1653 2029 1851 2058 praecipitantes
1871 2025 2004 2059 fugerunt.
2029 2027 2116 2062 abique
2133 2032 2213 2052 tamen
2228 2029 2320 2063 legitur
2333 2028 2415 2054 Diru-

1371 2066 1436 2095 ptas.
1507 2060 1567 2086 Liu.
1581 2065 1640 2092 38,2
1658 2060 1688 2085 111
1701 2059 1823 2086 altiorem
1836 2059 2071 2095 deruptioremque
2083 2060 2147 2087 vndi
2168 2071 2200 2088 ue
2213 2064 2345 2089 tumulum
2352 2072 2414 2089 con-

1372 2096 1472 2122 ceffere.
1508 2097 1583 2121 Alm
1595 2097 1687 2131 legitur
1700 2095 1898 2129 Dirupssorem,
1911 2095 1959 2131 Jed
1969 2098 2041 2130 prior
2054 2095 2126 2123 lefho
2142 2099 2162 2130 ς]
2193 2096 2292 2130 castior.
2362 2098 2415 2125 De·

1322 2145 1352 2173 53
1372 2136 1496 2164 ruptum,
1511 2137 1559 2165 pro
1575 2131 1725 2166 Praecipitio
1739 2141 1747 2156 .·
1782 2137 1826 2163 vt,
1846 2130 1930 2157 Multi
1947 2139 2047 2165 pauore
2065 2133 2094 2159 in
2117 2131 2227 2169 derupta
2247 2133 2426 2168 praecipitati*

1373 2166 1434 2193 Liu.
1448 2170 1486 2197 38,
1498 2174 1513 2191 2
1526 2172 1603 2205 extr.¹
1661 2166 1772 2192 Dimisso
1784 2175 1853 2201 equo
1867 2175 1913 2201 per
1927 2166 2050 2202 derupta,
2068 2173 2094 2194 et
2108 2169 2185 2200 auia,
2204 2170 2350 2203 sequenteis
2359 2170 2414 2196 fru-

1373 2200 1516 2232 stratusest
1536 2201 1626 2242 Tacit.
1641 2210 1670 2235 4,
1684 2209 1725 2236 45,
1739 2210 1764 2228 2.
1834 2202 1882 2228 Pei·
1893 2202 1954 2228 auia
1967 2211 1995 2229 ac
2013 2202 2123 2238 derupta
2143 2204 2288 2231 Tac.Ann.
2302 2206 2328 2236 6,
2342 2213 2376 2231 21.

1409 2244 1427 2263 D
1436 2243 1452 2263 E
1460 2243 1480 2263 R
1488 2243 1508 2262 V
1516 2244 1537 2263 N
1545 2243 1562 2263 C
1572 2244 1582 2263 1
1593 2243 1614 2263 N
1624 2243 1643 2262 o
1651 2257 1659 2269 ,
1678 2242 1728 2263 are.
1763 2237 1877 2264 Rumina
1895 2238 1995 2273 auferre
2014 2238 2171 2274 asperitatem
2179 2259 2188 2271 ,
2210 2246 2231 2265 ct
2249 2240 2283 2273 fic
2302 2247 2414 2276 purgare

1370 2281 1401 2300 ac
1408 2273 1499 2307 polire.
1536 2273 1604 2298 Hinc
1616 2272 1764 2308 Metaphora
1782 2276 1874 2299 comica
1912 2274 1992 2300 Plaut.
2005 2275 2089 2301 Milit.
2102 2283 2130 2307 4,
2144 2283 2172 2308 4,
2186 2277 2203 2301 6
2223 2277 2259 2303 Vt
2270 2276 2358 2311 lapide
2369 2276 2414 2303 de*

1706 2307 1764 2335 Vid.
1780 2313 1942 2336 DERvNcio
1966 2316 1990 2335 et
2020 2316 2183 2336 RvuciNA.

1409 2350 1427 2369 D
1437 2349 1481 2382 ER
1491 2350 1510 2369 v
1520 2349 1543 2368 Ν-
1553 2349 1569 2369 c
1582 2350 1621 2369 1N
1631 2344 1749 2375 Ᾰτνς,
1774 2352 1803 2376 3,
1828 2353 1882 2370 um.
1915 2345 1982 2371 Part.
2020 2345 2101 2372 Plaut.
2121 2346 2195 2380 Capt.
2215 2354 2238 2378 3,
2251 2355 2280 2380 4,
2295 2351 2339 2377 103
2355 2347 2412 2382 Ego

1372 2379 1558 2406 derunt-inatus
1567 2397 1575 2410 ,
1595 2378 1743 2405 deartuatus
1757 2379 1813 2404 suin
1826 2379 1904 2406 miser
1917 2379 1997 2406 huius
2010 2380 2109 2407 scelesti
2125 2381 2235 2407 technis.

1408 2421 1426 2441 D
1436 2421 1452 2440 E
1461 2421 1480 2440 R
1489 2421 1510 2440 v
1518 2420 1540 2439 N
1550 2420 1584 2440 ei
1595 2421 1615 2439 N
1623 2420 1645 2439 A
1653 2419 1673 2438 'r
1683 2421 1692 2440 1
1701 2420 1720 2440 o
1729 2433 1738 2445 ,
1756 2414 1824 2439 onis.
1845 2415 1865 2441 f.
1899 2415 1967 2450 apud
1978 2416 2153 2443 Columellam
2167 2415 2210 2451 effe
2221 2416 2324 2444 dicitur.
2352 2439 2356 2442 .

1406 2456 1426 2476 D
1434 2456 1451 2475 E
1459 2456 1478 2476 R
1487 2456 1507 2475 V
1516 2456 1538 2475 N
1548 2454 1565 2475 C
1577 2455 1586 2474 1
1596 2454 1617 2473 N
1627 2456 1650 2475 A
1660 2454 1681 2474 T
1694 2454 1713 2475 Ο
1722 2455 1740 2475 R
1748 2468 1757 2481 ,
1776 2449 1840 2475 oris.
1857 2459 1893 2476 m.
1931 2450 1998 2485 apud
2008 2451 2145 2486 Auugustin.

1408 2492 1428 2512 D
1437 2492 1454 2511 Ε
1462 2491 1480 2510 R
1490 2491 1512 2510 v
1521 2491 1540 2511 o
1548 2504 1556 2516 ,
1577 2484 1622 2516 ui,
1641 2485 1715 2510 utum
1724 2504 1732 2516 ,
1751 2492 1803 2510 ere.
1821 2484 1835 2517 [
1841 2486 2006 2518 καταπίνεται]
2042 2487 2162 2522 Drorfiim
2173 2496 2251 2514 ruere.
2287 2488 2413 2521 Delapsa·

1371 2520 1509 2548 deruisl'cin
1538 2520 1616 2553 Apul.
1631 2519 1695 2546 Met.
1709 2527 1726 2554 7
1739 2528 1763 2553 p.
1779 2522 1833 2551 196.
1908 2521 2069 2554 Ἑ·αη[ῐτι“ιιε;
2105 2521 2161 2547 Cic.
2175 2522 2229 2548 Att.
2242 2523 2311 2554 16,11
2331 2523 2363 2548 Et
2380 2522 2413 2548 de

1372 2555 1495 2583 laudibus
1516 2555 1669 2582 Dolabellae
1692 2555 1798 2581 deruaiu
1821 2555 1964 2582 cumulum.
1983 2559 2001 2582 i.
2014 2555 2192 2591 quodnimium
2209 2554 2261 2591 est,
2280 2563 2304 2583 et
2316 2556 2413 2583 modum

1371 2599 1489 2627 tanquam
1502 2590 1638 2626 mensuram
1651 2590 1759 2621 excedit,
1779 2589 1807 2616 de
1819 2590 1882 2617 libro
1895 2591 2065 2627 auferrem-ac
2078 2591 2166 2619 delebo.

1407 2632 1635 2660 DEerTvs,
1652 2625 1704 2653 vid.
1718 2631 1923 2655 DERVMPO.

1747 2699 1778 2731 D
1872 2700 1900 2730 E
1997 2700 2018 2730 S

1405 2772 1491 2799 DES,
1511 2767 1539 2793 Si
1556 2757 1672 2793 Varroni
1685 2766 1820 2796 credimus,
1839 2765 1869 2791 de
1895 2766 1926 2793 L.
1945 2766 1976 2792 L.
1995 2775 2025 2800 4,
2043 2769 2076 2800 36
2098 2778 2124 2803 p.
2145 2776 2194 2801 41,
2212 2774 2226 2801 ς
2261 2767 2330 2794 olim
2359 2775 2410 2802 pro

1369 2802 1435 2834 Bes,
1454 2801 1656 2863 dicepjitdurBssss,
1675 2801 1764 2827 demto
1777 2801 1883 2828 triente.
1932 2800 1976 2834 Est
1990 2806 2052 2829 enim
2065 2804 2131 2835 Des,
2143 2802 2197 2837 fiae
2209 2803 2275 2835 Bes,
2299 2802 2353 2830 offo
2366 2812 2412 2830 zm-

1408 2879 1427 2899 Ι)
1435 2878 1451 2898 i-:
1460 2878 1527 2898 SAR
1536 2879 1556 2897 v
1566 2855 1582 2897 i.
1593 2878 1612 2897 ο
1621 2891 1629 2903 ,
1641 2855 1699 2897 'ai-e.
1734 2871 1821 2897 Varro
1831 2878 1871 2908 ap.
1885 2871 1958 2898 Non.
1972 2880 1999 2904 2,
2013 2877 2055 2904 238
2074 2881 2104 2900 ex
2111 2872 2201 2899 emend.
2209 2873 2300 2910 scalig.
2313 2874 2411 2901 Auson.

1372 2907 1445 2935 LeEr.
1458 2915 1482 2939 2,
1497 2915 1530 2938 31.
1571 2907 1648 2942 Vulgo
1662 2906 1803 2932 Desubulo.

1408 2950 1428 2970 D
1436 2949 1453 2970 E
1462 2950 1474 2969 S
1484 2941 1505 2968 Ᾰ
1516 2947 1533 2967 C
1543 2948 1563 2968 R
1572 2949 1606 2974 ο,
1627 2945 1679 2968 are.
1716 2941 1870 2977 [καθιιρόω]
1907 2942 1975 2969 Idem
1995 2942 2060 2978 quod
2080 2943 2192 2975 sacrare,
2204 2944 2246 2971 vel
2259 2943 2412 2979 Conficrare.

1374 2980 1414 3006 De
1427 2978 1608 3014 separationem
1626 2977 1656 3003 ab
1675 2986 1691 3003 υ
1705 2988 1718 3002 ιι
1735 2978 1844 3014 profano
1865 2984 1951 3010 notat,
1967 2985 1996 3004 vt
2014 2982 2041 3003 in
2056 2978 2167 3006 Dedico.
2203 2979 2264 3006 Stat.
2277 2979 2370 3006 Theb.
2384 2988 2412 3014 9,

276 3028 333 3055 alio
351 3025 552 3060 Responfionem
577 3025 647 3050 suam
666 3022 799 3050 deriuauit
812 3032 817 3047 :
852 3030 911 3047 cum
929 3021 1020 3047 omnia
1033 3019 1120 3054 potius
1135 3018 1312 3053 responderet,
1330 3025 1363 3051 80
1375 3016 1421 3048 586
1442 3014 1560 3046 Qlercus
1573 3018 1641 3043 erat,
1658 3013 1774 3039 Triuiae
1789 3021 1866 3047 quam
1880 3012 2055 3040 desacrauerat
2068 3014 2131 3049 ipsa.

279 3071 356 3098 quam
370 3060 544 3089 Chelidonem
555 3059 716 3085 nominaret.
788 3057 844 3083 Cic.
859 3056 971 3090 Philipp.
988 3065 1017 3085 ii,
1031 3064 1063 3082 22
1074 3064 1096 3081 c.
1110 3063 1126 3088 9
1151 3055 1258 3081 Tamen
1271 3062 1311 3080 10-

281 3107 339 3124 rum
354 3103 446 3123 natura
457 3095 527 3129 cogit
540 3100 565 3121 te
577 3094 717 3121 necessario
729 3092 830 3119 referre
843 3092 960 3117 animuin
978 3091 1120 3125 aliquando
1138 3089 1170 3116 ad
1188 3089 1312 3116 Dolabel-

281 3133 332 3159 lam
345 3130 569 3167 persequendum,
588 3135 614 3156 et
627 3135 727 3163 partein
739 3127 856 3161 aliquam
874 3127 902 3153 in
923 3125 1006 3153 Asiam
1028 3132 1053 3152 et
1071 3125 1171 3158 Syriam
1191 3124 1312 3151 deriuare

283 3176 358 3194 curae
381 3173 406 3194 et
428 3164 595 3200 cogitationis
614 3170 684 3191 tuae.
754 3164 866 3194 Auci-to,
885 3164 1027 3188 interuersa.
1064 3161 1120 3187 Cic.
1139 3160 1221 3187 Tusc.
1238 3168 1260 3192 ς,
1278 3168 1313 3194 72

283 3202 411 3229 Transeat
424 3201 495 3228 idem
511 3200 556 3226 iste
570 3200 667 3233 sapiens
680 3199 711 3225 ad
726 3197 865 3232 Rempubl.
878 3196 1018 3228 tuendam,
1038 3196 1103 3230 quid
1133 3204 1165 3222 eo
1180 3195 1253 3230 poffit
1266 3195 1313 3221 effe
1329 3199 1358 3228 ες
1378 3191 1471 3225 pelago
1485 3190 1598 3216 desaeuit
1613 3189 1696 3216 hiems
1717 3190 1792 3224 Virg.
1807 3192 1869 3216 Aen.
1882 3200 1910 3224 4,
1918 3198 1956 3224 32.

285 3237 466 3271 praestantius,
482 3244 565 3270 quum
578 3235 709 3261 contineri
722 3233 861 3267 prudentia
877 3232 1017 3259 vtilitatenu
1036 3232 1136 3265 ciuium
1156 3236 1258 3263 cernat,
1276 3231 1314 3256 iu-

285 3271 355 3297 stitia
366 3272 431 3298 nihil
447 3272 473 3298 in
489 3272 559 3298 suani
572 3269 683 3297 domum
693 3269 754 3296 inde
767 3268 885 3301 deriuet,
902 3267 1014 3302 reliquis
1027 3272 1114 3293 vtatur
1133 3271 1190 3298 tot,
1208 3271 1315 3301 tamque

283 3306 364 3332 variis
381 3307 539 3333 virtutibus?
1078 3312 1086 3317 ·

325 3347 560 3372 0131113110,
579 3340 648 3366 01115.
667 3339 687 3367 f.
723 3337 890 3378 [παραγωγῆ]
925 3337 978 3363 Cic.
995 3336 1047 3363 Off.
1067 3345 1083 3363 2
1102 3345 1124 3362 c.
1144 3344 1162 3369 4
1186 3335 1260 3362 Adde
1273 3335 1318 3362 du.

289 3375 346 3401 «tius
358 3383 495 3408 aquarum,
514 3375 690 3402 deriuationes
704 3375 851 3400 fluminum.

290 3409 377 3442 umuffi'o
390 3411 464 3435 lacus.

289 3486 348 3514 quae
360 3479 464 3514 effugere
475 3480 590 3517 volimus.

329 3518 347 3537 t>
357 3519 373 3538 E
381 3519 398 3537 R
409 3520 445 3538 iv
454 3520 473 3539 Α
482 3520 503 3540 Τ
513 3522 522 3540 1
534 3520 553 3539 v
563 3521 582 3539 v
590 3523 619 3547 s,
637 3524 652 3541 a
660 3534 668 3547 ,
688 3523 741 3542 um.
762 3513 823 3540 Adi.
859 3511 927 3549 apud
941 3513 1120 3539 Grammaticos
1132 3518 1156 3539 et
1168 3514 1226 3540 Vet.
1240 3513 1318 3540 Gloss‘.

294 3547 493 3579 Deriuatiuuuum,
512 3550 657 3581 παραγωγόν.

330 3587 350 3607 n
359 3588 374 3608 ε
384 3589 401 3607 R
410 3589 418 3607 1
427 3588 446 3606 v
457 3589 477 3608 A
487 3589 507 3608 'r
516 3590 535 3609 o
545 3589 562 3608 R
572 3602 580 3615 ,
603 3584 664 3610 oris.
683 3594 718 3612 m.
752 3584 818 3620 apud
827 3583 979 3612 Boethium.

332 3616 508 3648 DERODO,
528 3617 561 3649 fi,
586 3618 657 3649 suum,
691 3622 742 3646 ere.
777 3619 986 3654 [καταβιρώσκω]
1023 3617 1090 3644 Idem
1122 3617 1195 3658 und.
1217 3618 1318 3645 Rodere.

296 3651 363 3678 Plin.
381 3660 412 3683 11,
429 3660 453 3682 33
474 3652 503 3678 Et
520 3652 637 3678 cochleae
651 3652 734 3680 dentes
748 3654 843 3682 habeut
857 3666 863 3682 ε
898 3655 999 3681 indicio
1012 3652 1047 3679 est
1058 3661 1072 3679 a
1091 3653 1209 3679 minimis
1228 3662 1316 3680 earum

297 3686 388 3713 derosa
399 3686 470 3712 vitis.
542 3687 639 3714 Deroso
653 3689 715 3714 flore
729 3689 820 3716 ederae
846 3690 911 3716 Plin.
929 3698 964 3721 12,
979 3697 1016 3723 17.
1086 3689 1141 3715 Cic.
1155 3688 1187 3715 de
1201 3688 1292 3715 Diuin.
1308 3698 1317 3715 1

297 3730 320 3747 c.
334 3730 371 3753 44
396 3722 416 3746 Α
430 3721 546 3747 muribus
559 3723 606 3748 effe
619 3721 732 3749 derosos.
798 3725 864 3751 Add.
877 3725 909 3752 ib.
923 3734 939 3752 2
953 3734 974 3751 c.
988 3733 1029 3759 27.

334 3762 374 3782 DE
383 3762 400 3781 R
410 3754 429 3782 ὀ
439 3762 457 3782 G
470 3762 489 3781 ο
500 3775 507 3787 ,
527 3761 577 3782 Ere.
596 3757 730 3790 [οέπομαὸω
739 3779 747 3790 ,
763 3759 897 3793 καταλύω]
932 3762 1022 3794 Quum
1037 3758 1100 3794 quid
1113 3767 1144 3785 ex
1157 3758 1213 3792 lege
1225 3758 1319 3791 veteri,

298 3799 353 3824 quo
367 3791 452 3816 minus
466 3791 523 3821 1131,
543 3792 651 3817 sancitur
664 3792 717 3826 lege
730 3802 798 3820 noua
807 3814 815 3826 ,
834 3797 916 3829 inquit
936 3796 1031 3822 Festus.
1072 3794 1129 3821 Vid.
1150 3801 1171 3821 A
1180 3801 1195 3821 B
1204 3801 1222 3820 R
1231 3801 1250 3821 Ο
1259 3801 1279 3820 G
1290 3801 1318 3821 Ο.

298 3825 346 3864 Sed
376 3825 461 3851 demde
489 3827 565 3865 latius
591 3833 673 3865 pat-et,
692 3836 719 3852 vt
738 3828 799 3854 idem
814 3828 872 3863 fere
885 3829 935 3861 fit,
953 3831 1016 3865 quod
1037 3829 1179 3862 detrahere,
1202 3832 1318 3856 minuere.

298 3861 354 3886 Cic.
370 3861 422 3886 Att.
436 3870 456 3891 3,
473 3869 501 3891 23
520 3861 544 3886 Si
557 3861 620 3894 quid
632 3870 660 3887 111
674 3860 720 3887 1130
734 3865 872 3895 rogatione
885 3864 1005 3897 scriptum
1023 3866 1059 3892 est
1069 3886 1076 3898 ,
1095 3864 1166 3900 quod
1187 3873 1231 3899 per
1249 3865 1318 3900 leges

298 3895 415 3926 plebisue
434 3895 510 3926 scita,
529 3896 552 3922 S.
572 3896 601 3922 C.
620 3895 670 3923 11οο
688 3896 739 3928 est,
756 3899 827 3931 quod
842 3906 888 3932 per
904 3898 991 3933 {egen-i
1005 3900 1127 3928 Clodiam
1140 3901 1363 3936 proniulgate,io;
1383 3899 1513 3926 Graeui'um
1525 3897 1559 3924 ad
1570 3898 1617 3924 loc.

1355 3351 1357 3365 u,
1381 3334 1411 3359 In
1431 3341 1522 3358 omnes
1541 3331 1656 3358 desaeuit
1681 3332 1772 3358 Claud.
1787 3332 1814 3358 in
1832 3333 1939 3366 Eun-op.
1956 3341 1976 3365 1,
1991 3336 2042 3361 182.

922 3372 982 3398 Liu.
995 3380 1017 3405 5,
1031 3379 1054 3404 ις
1077 3371 1119 3398 vbi
1132 3370 1264 3398 deriuatio
1283 3370 1315 3404 est
1331 3376 1366 3402 90
1381 3369 1498 3400 saeuire,
1518 3368 1614 3394 saeuire
1627 3371 1653 3393 in
1662 3368 1754 3402 plebem
1773 3368 1834 3393 Stat.
1848 3367 1939 3394 Theb.
1958 3375 1995 3399 12,
2009 3371 2063 3400 738.

533 3410 663 3444 (ᾈήῐιᾶὶὶ.
678 3418 702 3442 3,
716 3416 740 3444 7,
750 3416 779 3441 25
798 3407 930 3435 Vtendum
944 3407 1065 3442 proxima
1079 3406 1245 3433 deriuatione
1259 3416 1318 3434 ver-

290 3443 384 3470 borum
394 3464 401 3475 ‚
415 3447 433 3469 ι’.
445 3445 556 3471 utendum
568 3444 600 3479 est
614 3445 696 3473 verbis
708 3447 781 3477 aliis,
794 3444 841 3480 fid
853 3452 912 3479 quae
924 3453 972 3469 nori
983 3444 1084 3469 multum
1097 3441 1211 3469 recedant
1228 3442 1258 3469 ab
1269 3443 1319 3475 his,

1327 3737 1373 3755 100
1384 3717 1568 3756 sccndifl‘etque
1588 3721 1619 3747 de
1635 3720 1725 3746 rostris
1753 3722 1829 3746 Varr.
1844 3719 1874 3745 dc
1889 3720 1918 3745 R.
1935 3721 1964 3746 R.
1980 3729 1999 3752 1,
2014 3729 2054 3753 54.

1411 3056 1429 3076 D
1439 3056 1454 3075 r
1464 3057 1476 3075 s
1486 3055 1506 3074 Α
1515 3055 1531 3075 c
1543 3054 1560 3073 R
1574 3055 1594 3074 A
1603 3055 1623 3074 T
1634 3055 1653 3073 v
1663 3055 1675 3074 s
1684 3068 1691 3080 ‚
1712 3057 1741 3080 a,
1761 3057 1814 3074 um.
1835 3049 1902 3075 Part.
1939 3049 2004 3075 Plin.
2018 3054 2059 3081 28,
2072 3055 2085 3080 ε
2100 3050 2117 3077 s.
2131 3058 2165 3083 29
2182 3049 2414 3086 Chamaeleonpei·

1376 3084 1474 3118 singula
1486 3083 1604 3110 membra
1617 3083 1768 3110 desacratus.
1803 3083 1886 3110 Hard.
1902 3085 2063 3112 Desecratus.

1412 3127 1431 3146 D
1439 3125 1454 3145 E
1463 3127 1475 3145 S
1484 3126 1505 3145 A
1514 3126 1530 3145 E
1539 3125 1558 3144 V
1568 3127 1577 3145 1
1587 3126 1606 3145 O
1615 3139 1623 3151 ,
1647 3119 1687 3145 iui
1694 3139 1702 3151 ,
1729 3122 1794 3145 itum
1803 3139 1810 3151 ,
1836 3122 1884 3146 ῑ10.
1920 3119 2108 3155 [οἷγριαίνσμαι,
2127 3118 2310 3154 κατασκήπτω]
2344 3118 2413 3155 Οςῇ.

1378 3155 1545 3191 neresaeuire.
1582 3155 1678 3180 Lucan.
1692 3162 1714 3187 ς,
1723 3163 1766 3186 303
1783 3155 1839 3181 Νο0
1853 3154 1914 3181 duni
1928 3155 2058 3182 desaeuiat
2071 3155 2110 3182 ira
2119 3174 2127 3187 ‚
2164 3155 2306 3189 Exspectat.
2341 3155 2413 3183 Dum

2014 3203 2017 3207 ·
2031 3190 2107 3218 Valde
2111 3190 2218 3225 ficuire.
2256 3191 2414 3218 Desaeuitin

1961 3226 2078 3260 Tragica
2091 3225 2206 3251 desaeuit
2218 3231 2243 3251 et
2257 3226 2416 3260 ampullatur

1868 3260 1998 3288 Columel.
2012 3264 2039 3294 6,
2053 3269 2066 3286 2
2080 3261 2108 3286 de
2119 3260 2193 3286 bubus
2205 3260 2349 3294 domandis,
2369 3263 2413 3288 Pa-

1381 3303 1436 3323 tere
1459 3306 1540 3323 vnum
1564 3296 1635 3323 diem
1659 3296 1816 3331 noelemque
1837 3296 1992 3324 desaeuiant.
2060 3296 2165 3322 Sueton.
2181 3295 2208 3321 in
2222 3296 2323 3323 Neron.
2339 3305 2360 3323 c.
2373 3304 2413 3328 29.

2112 3331 2241 3366 Sanguine
2253 3331 2359 3366 plebeio
2371 3330 2414 3358 de-

1378 3235 1494 3260 aequore
1506 3225 1594 3252 vietor
1621 3225 1693 3260 Virg.
1708 3226 1770 3252 Aen.
1784 3234 1821 3258 10,
1835 3228 1892 3259 569.

1380 3262 1408 3288 111
1422 3267 1477 3288 arte
1504 3262 1571 3287 Hor.
1592 3260 1670 3295 Epist.
1690 3269 1710 3293 1,
1724 3269 1744 3293 3,
1759 3270 1797 3294 ¹4·

1418 3410 1513 3430 DESA
1523 3410 1537 3428 L
1552 3409 1572 3429 Τ
1585 3410 1620 3435 0,
1652 3407 1703 3429 are.
1739 3403 1895 3437 [ἄρχέομαι]
1930 3403 2088 3431 Saltationcm
2103 3407 2164 3436 pera
2184 3411 2230 3428 ere.
2265 3402 2368 3428 Sueton-
2383 3403 2412 3429 in

1383 3439 1466 3474 Calig.
1481 3448 1501 3465 c.
1517 3447 1548 3471 54
1574 3438 1675 3464 Deinde
1693 3446 1798 3473 repente
1817 3446 1912 3472 magno
1931 3437 2058 3464 tibiarum
2078 3442 2103 3462 et
2121 3410 2292 3464 scagellorum
2309 3437 2411 3471 crepitu

1382 3484 1441 3501 cum
1456 3474 1538 3509 palla,
1558 3474 1700 3508 tunicaque
1713 3474 1788 3500 talari
1802 3474 1937 3508 prosiluit,
1955 3481 1983 3498 ac
1998 3472 2120 3498 desaltato
2134 3473 2236 3499 cantico
2249 3471 2325 3498 abiit.

1418 3516 1437 3536 D
1446 3517 1463 3537 E
1473 3517 1485 3536 S
1495 3516 1516 3536 A
1526 3516 1546 3535 N
1556 3516 1577 3535 N
1588 3517 1607 3536 O
1615 3529 1622 3540 ,
1639 3514 1692 3535 Ere.
1728 3509 1883 3543 [ffivnrnfi'giu
1897 3508 1975 3534 Gloss.
1988 3508 2034 3534 Gr.
2051 3508 2127 3540 Lan]

1418 3551 1437 3571 D
1447 3553 1463 3572 Ε
1472 3552 1484 3571 s
1493 3551 1509 3572 C
1518 3551 1561 3571 ΑΡ
1572 3551 1589 3567 v
1603 3551 1616 3569 L
1628 3551 1648 3570 Α
1659 3551 1681 3570 Τ
1691 3551 1710 3569 v
1720 3551 1732 3570 s
1741 3565 1748 3576 ,
1768 3553 1798 3577 a,
1818 3554 1870 3570 um.
1892 3543 1951 3569 Adi.
1987 3543 2043 3569 Sen.
2057 3544 2102 3577 Ep.
2117 3544 2244 3577 ii;.princ.
2259 3541 2309 3577 sec.
2321 3542 2386 3569 Scali
2405 3562 2411 3569 .

1382 3584 1426 3616 qui
1438 3584 1546 3607 tunicam
1559 3579 1588 3605 ab
1601 3580 1707 3605 humeris
1721 3579 1841 3612 dcmiffam
1852 3579 1938 3615 gestat.
1972 3578 2018 3603 Sed
2031 3580 2096 3614 Lae'psl
2110 3587 2164 3604 cum
2177 3578 2313 3610 Gronouu'o,
2334 3577 2389 3604 Nol
2403 3578 2413 3605 i

1384 3617 1531 3650 complures
1544 3615 1665 3643 iuuenes.
1685 3614 1766 3641 barba
1781 3621 1806 3641 ct
1815 3623 1888 3641 coma
1902 3612 2016 3646 nitidos,
2036 3613 2066 3639 de
2082 3611 2188 3647 Capsula
2202 3617 2271 3638 totos
2285 3622 2308 3638 υ.
2318 3623 2342 3639 υ.

1418 3659 1437 3679 D
1447 3658 1462 3677 E
1473 3660 1485 3679 s
1494 3658 1510 3678 C
1519 3658 1535 3677 Ε
1545 3658 1565 3676 Ν
1576 3659 1594 3677 D
1604 3658 1622 3676 O
1631 3669 1637 3680 ,
1655 3651 1692 3683 di,
1703 3652 1755 3676 sunu
1764 3670 1772 3683 ,
1795 3653 1848 3676 ere.
1883 3650 2039 3683 [κατ-1213113111
2047 3670 2055 3682 ,
2074 3648 2246 3682 κατέρχομαι]
2285 3649 2304 3673 Ε
2315 3647 2413 3709 locogia-

1377 3691 1477 3722 periore
1489 3690 1514 3712 in
1529 3688 1671 3719 interiorem
1685 3695 1777 3711 rmum-c.
1814 3685 1853 3711 De
1866 3684 1969 3710 castello
1986 3685 2041 3710 Cic.
2049 3693 2096 3719 pro
2108 3682 2212 3709 Carcin.
2225 3691 2252 3709 21
2267 3692 2287 3708 c.
2303 3690 2326 3717 7.
2388 3692 2412 3709 e-

2125 3717 2309 3744 Descendinuus
2322 3718 2353 3744 ad
2366 3727 2411 3744 no-

1908 3757 1964 3781 thi.
1986 3760 2096 3782 ΝΑνις.
2186 3753 2225 3779 Ad
2242 3754 2332 3779 fou-um
2356 3754 2412 3780 Cic.

1559 3794 1622 3817 Nam
1634 3793 1741 3825 plerique
1752 3799 1877 3825 procerum
1891 3791 2034 3816 habitabant
2047 3792 2073 3814 in
2086 3786 2201 3820 collibus,
2226 3795 2250 3813 et
2266 3790 2328 3814 Fora
2341 3795 2414 3815 erant

1564 3826 1669 3852 Sueton.
1685 3826 1734 3852 lul.
1747 3836 1766 3851 c.
1784 3835 1806 3857 13
1835 3827 1903 3852 011111
1925 3835 2000 3852 1113110
2027 3823 2059 3849 311
2090 3823 2207 3849 Comitia
2238 3822 2412 3850 descenderet.

1384 3863 1438 3889 Cic.
1451 3862 1562 3896 Philipp.
1578 3871 1599 3894 2,
1615 3870 1639 3895 15
1657 3871 1678 3888 c.
1693 3865 1709 3888 6
1728 3862 1816 3887 Hodie
1841 3871 1894 3888 non
1914 3859 2042 3888 descendit
2061 3859 2199 3885 Antonius.
2240 3858 2297 3885 Vid.
2316 3862 2414 3885 omnino

1702 3897 1769 3924 Add.
1782 3897 1837 3924 Cic.
1851 3897 1929 3925 Verr.
1941 3905 1958 3923 2
1972 3904 1993 3922 c.
2005 3899 2042 3926 38.
2131 3893 2193 3921 Liu.
2205 3902 2229 3925 2,
2243 3902 2275 3919 20
2294 3894 2374 3933 Tum¹
2382 3891 2415 3920 ad

2313 3935 2414 3963 equites

1384 3758 1446 3784 stras
1458 3757 1591 3783 nauiculas
1609 3757 1663 3783 010.
1677 3755 1754 3781 Acad.
1768 3765 1795 3787 4,
1810 3760 1861 3787 ¹48-

1384 3794 1437 3819 Att.
1452 3801 1472 3824 1,
1487 3800 1519 3823 13.

1382 3828 1521 3855 humuliora.
