2479 4225
238 109 283 157 63
606 88 885 133 DEL
1719 74 2008 115 DEL
2291 78 2344 126 64

236 200 280 254 fe,
300 190 360 216 dum
374 188 478 219 Collega
491 184 517 210 id
532 188 633 217 caperet
646 179 715 215 qnod
730 176 854 212 captabat.
890 172 993 200 Nonius
1006 178 1031 202 2,
1045 177 1101 201 224.
1147 167 1254 200 Vtroque
1317 162 1498 200 Sedfignificat
1511 163 1577 198 apud
1587 163 1704 189 Plautum
1713 161 1868 203 subornatos,
1881 162 2022 204 affigimus.
2082 163 2223 197 Delegare‚
2237 164 2348 187 mittin,-

247 237 259 254 o

260 236 286 253 co
315 223 371 256 otest
389 225 459 247 ctiam
471 218 594 244 detinendi
606 213 741 242 intellectus
753 216 828 239 locam
842 209 933 235 habere.
971 207 1022 232 Nec
1042 206 1114 231 aliter
1135 205 1253 240 interpr&
1316 200 1382 225 Cato
1397 208 1426 231 30
1447 199 1498 225 Vbi
1512 200 1650 225 sementem
1664 197 1778 223 facturus
1791 198 1851 230 eris,
1861 199 1901 225 ibi
1913 207 1975 225 oues
1987 197 2114 232 delegato,
2146 200 2189 224 Al·
2203 197 2347 224 Delecemto·

237 233 335 288 tandiim
349 257 446 284 videtur
459 254 519 280 illud
529 254 620 279 Caton.
635 252 665 276 R.
679 251 707 275 R.
725 257 755 280 30
776 245 828 272 Vbi
840 241 973 269 sementim
994 240 1112 267 fatiturus
1127 245 1194 267 eriS,
1216 235 1255 260 ibi
1317 235 1457 268 Delegare,
1473 237 1500 260 in
1514 236 1656 271 legationem
1672 236 1782 258 mittere:
1807 232 1865 259 Liu.
1901 254 1908 261 ,
1947 254 1952 260 ,
1990 234 2146 266 Decernunt,
2166 239 2198 267 vt
2208 233 2347 260 duodecim

239 304 299 322 oues
313 291 437 319 delectato
452 300 456 315 :
490 288 554 324 qaod
570 287 668 314 Plinius
687 292 728 317 17,
742 291 758 314 9
771 282 788 307 s.
802 282 817 305 6
838 277 891 303 Vbi
904 278 1003 302 saturus
1018 275 1069 301 eris
1084 273 1256 302 frumentum,
1318 269 1505 303 delegarentur.
1594 269 1747 302 Delegatinn
1762 267 1887 300 exilium,
1905 275 1954 304 pro
1963 271 2117 304 Relegatione
2129 268 2237 302 affertur
2249 277 2275 293 e,
2292 268 2347 293 ge„¹

238 338 300 356 oues
313 328 352 354 ibi
366 325 492 352 delectato
525 327 543 349 i.
558 325 672 349 ritinew,
690 325 717 344 vt
725 314 905 353 fecunditatem
917 321 977 347 agro
990 311 1120 336 concilient
1133 307 1179 341 fia>
1191 303 1258 338 ster-
1281 304 1294 332 ⁵
1321 304 1351 344 de
1366 304 1511 343 Clementia
1524 313 1543 336 ¹,
1557 312 1580 336 ¹5
1608 304 1688 336 Qiod
1708 304 1789 330 exilio
1803 308 1951 337 contentus,
1971 311 1995 331 et
2014 303 2096 330 exilio
2115 304 2247 337 delegato,
2266 302 2347 329 Mani-

239 372 291 390 core
472 344 507 395 q,
529 366 544 384 2
579 353 728 385 Dele&⁸1'02
763 348 884 383 [riesstb
918 346 1089 379 ψυχαγωγεῖν]
1130 343 1258 380 Voluptate
1321 340 1371 365 liae
1390 338 1546 372 parricidam
1566 339 1705 365 continuit.
1760 338 1807 366 Sed
1822 337 1888 372 LipJI
1908 340 2031 375 legendum
2049 346 2123 374 putat
2141 338 2269 370 delicato,
2287 336 2351 374 quod

237 384 340 432 affic}re.
375 395 430 421 Cic.
442 394 474 420 de
493 391 589 419 sene&
626 409 632 414 .
668 407 674 413 .
712 406 717 412 .
750 385 848 410 Nonne
873 382 910 408 ita
934 381 1073 410 deficiunt,
1090 383 1118 403 vt
1138 384 1258 415 quemuis
1321 378 1411 408 recepit
1426 375 1531 400 Gronou.
1576 375 1626 402 >Sic
1639 374 1705 409 apud
1717 374 1817 400 Festum
1834 373 2033 413 Delicata,-D21's
2048 375 2208 404 consecrata,
2226 379 2351 403 mutarunt

238 426 296 459 cuni
320 430 493 457 admiratione
510 423 658 453 delectent?
750 417 838 444 Herba
859 418 901 451 spe
920 416 1030 443 delectat
1050 412 1159 448 agrestes
1177 410 1258 437 Ouid.
1321 410 1418 446 quidam
1436 411 1463 434 in
1480 409 1610 443 Delegata.
1698 410 1847 444 Delegatam
1866 409 2003 443 pecuniam*
2018 408 2120 437 Paullus
2139 409 2217 442 (lixit,
2238 416 2286 444 pro
2304 411 2352 434 De.

239 469 299 494 Men
314 475 337 498 ,ς
361 474 415 497 203,
516 457 711 488 Incredibiliter
724 462 764 482 me
777 452 937 479 deleciarunt
959 451 1014 477 Cir.
1030 451 1068 483 Q
1081 450 1161 474 Fratr.
1183 455 1208 478 2,
1222 448 1258 472 16.
1322 452 1406 476 crem,
1427 442 1576 476 constituta,
1600 454 1629 470 ac
1645 443 1783 480 affignata,
1803 448 1829 471 in
1848 445 1865 470 l.
1880 453 1892 469 2
1913 443 1944 470 ad
1961 444 1977 469 l.
1989 446 2037 472 Iul.
2051 445 2161 480 peculat.
2264 444 2352 477 Magia

240 504 304 529 Hor,
318 486 393 535 Essist,
409 509 416 526 ι
445 508 471 525 10
489 506 519 530 30
537 497 622 527 Qieni
635 501 673 519 res
686 490 740 524 plns
753 488 839 514 nimio
852 487 1013 514 delcetaucre
1028 483 1166 513 secundae,
1202 482 1260 507 Mu·
1276 489 1305 507 ιο
1323 481 1386 513 ista,
1403 485 1528 514 quantum
1542 479 1637 510 audio,
1652 488 1694 505 res
1707 480 1742 507 est
1756 480 1856 515 legibus
1870 479 1996 513 delegata,
2015 488 2039 506 et
2050 482 2083 508 ab
2096 481 2127 507 iis
2142 480 2260 506 damnata
2275 479 2351 513 Apul.

239 543 305 564 tatae
319 520 443 570 quatien⁷t.
473 518 481 530 ⁹
548 532 612 557 Cato
626 535 666 554 me
679 523 784 559 quidem
797 523 922 555 delectat,
942 521 984 548 sed
1000 522 1079 547 etiam
1095 518 1193 545 ssaffiim
1209 517 1260 542 Lu·
1322 516 1399 550 Apol.
1420 524 1444 549 p.
1458 519 1513 546 418,
1529 517 1556 540 16
1583 514 1687 541 floridi.

239 573 328 599 cilium
352 572 395 597 sua
424 568 478 595 Cic.
501 569 553 592 Att.
580 573 616 596 12,
638 571 649 595 ς
673 570 696 594 Ρ.
719 567 769 591 292
788 559 876 585 Graeu.
919 557 991 591 Conf.
1009 555 1142 582 1d.Tusc.
1158 561 1170 585 5
1184 560 1205 577 c.
1221 559 1262 577 22⁴
1359 556 1512 577 DELEGA
1523 555 1606 581 Tlo,
1627 550 1694 575 onis.
1722 549 1741 575 f.
1777 549 1917 586 Affignatjo
1950 548 2041 580 debiti,
2058 557 2087 575 „t
2118 550 2185 577 hodi,
2214 551 2353 589 mmmmm.-

239 607 404 634 pulchritudo
418 608 505 630 mouet
520 600 609 627 oculos
621 604 645 624 et
658 594 766 621 delcetat
784 595 840 633 Cic.
854 593 905 620 Off.
921 602 940 624 1,
954 598 976 622 8.
1032 590 1114 630 'Adi
1134 588 1170 614 ib.
1185 597 1206 613 c.
1222 592 1262 616 28.
1323 586 1379 613 Cic.
1393 587 1447 625 Att..
1461 593 1498 617 12,
1511 593 1522 616 3
1543 585 1651 610 Nomen
1664 584 1745 614 illud,
1765 580 1835 619 qnod
1846 595 1861 625 a
1874 586 1998 617 Caesare,
2017 592 2069 610 tres
2082 584 2157 612 habet
2178 585 2355 611 conditiones:

240 644 301 669 Non
314 643 394 667 solum
408 637 526 668 delcetat,
544 635 586 662 sed
598 634 672 659 etiam
687 629 739 655 fine
752 630 867 655 satietate
875 627 985 654 delcetat
1007 625 1100 652 Cic.de
1108 625 1181 650 Orat.
1191 629 1259 654 3,93·
1323 628 1368 648 aut
1386 626 1529 647 emtionem
1548 619 1580 645 ab
1599 619 1684 652 hasta,
1704 626 1748 646 aut
1767 620 1957 654 delegationem
1977 629 1991 646 a
2006 620 2122 653 mancipe
2134 630 2219 647 annua
2233 620 2292 651 die,
2311 626 2354 646 aut

240 678 277 704 Id.
293 679 361 704 Fam.
374 684 389 707 9
411 679 434 703 18
452 673 498 699 Tu
511 671 567 697 istic
581 675 604 694 te
616 665 758 693 Atheriano
771 664 829 691 iure
843 663 986 694 delechto,
1002 670 1051 696 ego
1066 670 1108 686 ine
1122 659 1165 685 hic
1179 658 1263 684 Hirti·
1281 662 1305 689 15
1324 656 1435 683 Vecteni
1448 655 1641 687 conditionem,
1661 662 1706 681 etc.
1779 655 1948 689 Delegatione
1963 662 1987 682 et
2005 655 2095 681 verbis
2109 656 2264 683 solutionem
2280 655 2354 689 perfi-

239 722 296 739 ano.
391 696 489 735 ’Libris
502 714 542 732 me
554 702 655 730 delecto
680 701 735 727 cic.
749 701 801 726 Att.
811 708 839 732 -2,
852 702 877 725 6.
982 696 1019 722 Id.
1035 696 1100 723 ibid.
1116 703 1163 728 ²³4
1184 695 1265 719 Inter—
1325 701 1383 719 cere
1419 692 1475 718 Sen.
1491 691 1522 717 de
1536 690 1624 717 Benef.
1639 692 1665 722 6,
1679 699 1700 723 5·
1807 690 1933 725 Rceipere
1953 691 2145 725 delegationem
2181 692 2238 718 Sen.
2254 692 2298 725 Ep.
2315 699 2356 724 27.

239 757 268 774 ea
282 755 338 772 cum
353 744 431 771 Mufis
445 741 548 776 quidem
562 747 609 764 nos
623 734 809 763 delectabimus
822 734 912 761 animo
925 741 1019 767 aequo.
1125 729 1208 756 Valde
1222 727 1264 753 de·
1325 727 1385 754 Lib.
1400 732 1413 756 8
1427 725 1493 753 Cod.
1508 725 1539 751 de
1556 727 1655 753 Nouat.
1671 731 1696 751 ct
1710 725 1792 759 deleg.
1813 726 1948 760 Delegatio
1962 726 2062 758 debiti,
2082 726 2129 751 nifi
2147 727 2320 753 consentiente
2334 732 2358 752 et

239 782 333 808 1061310
352 781 405 805 Cic.
420 781 470 804 Att.
484 784 504 807 1,
518 782 536 800 1.
643 770 774 801 DeleRass
791 779 855 796 more
868 769 1084 804 Imperfhnalium:
1106 767 1162 792 Cic.
1170 764 1264 797 Quint.
1326 761 1459 797 stipulanti
1474 762 1644 796 promittente
1655 760 1791 793 debitore,
1811 761 1870 787 iure
1885 762 1975 795 perfici
1990 771 2043 788 non
2057 761 2147 796 potest.
2308 767 2310 769 ’

238 818 320 844 Fratr.
342 823 363 846 2,
382 821 405 846 1,·
424 813 467 837 Me
481 808 562 843 magis
575 807 606 834 de
619 806 745 839 Dionysio
758 805 869 832 delcetat
884 815 889 830 :
925 804 978 838 ipse
998 802 1069 828 enim
1083 801 1118 827 est
1132 806 1266 827 veterator
1363 804 1381 824 1)
1391 805 1407 824 Ε
1418 804 1434 823 1.
1444 804 1489 824 EG
1499 804 1548 823 ΛΤ
1559 804 1577 823 0
1589 804 1606 823 R
1617 805 1625 823 1
1637 803 1657 822 v
1668 804 1696 827 s,
1716 805 1730 822 a
1740 816 1747 828 ,
1767 805 1819 823 um.
1847 797 1906 822 Adi.
1948 798 1992 830 Vr,
2011 796 2210 831 Delegatoriae‚
2224 796 2281 832 scil.
2301 796 2360 831 Epi.

237 859 350 885 magnus.
425 846 537 873 Prudens
551 844 603 870 dici
618 842 733 870 delector
753 843 819 868 Hor.
833 839 910 874 Epist.
928 848 947 871 1,
963 841 1000 870 16,
1015 846 1051 870 32.
1133 835 1264 862 Delectari
1272 838 1307 856 20
1327 833 1420 862 stolae,
1456 833 1527 859 nibus
1539 842 1554 858 α
1569 834 1684 866 Principe
1697 833 1772 857 alicui
1784 831 1995 866 quicifizciendum
2006 833 2147 869 delegatur,
2158 833 2198 858 vel
2199 835 2362 867 praecipitur.

238 887 265 913 in
278 894 305 911 re
317 884 404 917 aliqua
428 882 484 909 Cic.
497 881 528 907 de
542 880 598 906 Fin.
615 887 634 910 1,
672 898 678 904 .
715 897 720 903 .
774 876 847 903 Idem
861 875 892 901 de
907 873 999 908 Legib.
1012 882 1027 899 2
1039 882 1061 899 c.
1076 880 1093 906 7
1113 872 1143 898 In
1158 871 1208 897 hoc
1222 869 1265 895 ad·
1327 868 1395 895 Cod.
1410 869 1439 895 T
1461 868 1520 894 eod.
1535 868 1551 893 l.
1568 869 1595 894 16
1609 867 1640 893 de
1653 867 1739 894 Exae't.
1754 866 1831 895 Gloss'.
1847 868 1892 893 Gr.
1907 868 1963 893 Lat.
1977 867 2094 901 ἓκταγαῖ,
2109 867 2291 902 delegatoriae.

236 921 342 947 modum
355 918 484 950 delector,
504 915 574 951 qnod
588 922 632 940 etc.
703 912 834 939 Delectari
846 911 879 937 ab
893 910 985 944 aliquo
1014 908 1069 935 Cic.
1084 908 1112 933 in
1126 908 1199 933 Orat.
1215 913 1266 938 193.
1348 910 1407 944 'D'E
1417 910 1548 943 LEGnAT
1558 911 1577 929 v
1588 910 1626 934 Μ,
1647 903 1666 929 i.
1686 912 1712 929 n.
1750 902 1816 928 Idem
1830 901 1894 943 quod
1912 904 2043 938 Legatum,
2059 911 2104 936 vt,
2124 904 2160 930 Ex
2181 902 2300 936 delegato
2317 909 2363 936 pu-

234 956 306 982 Idem
319 954 448 988 QFratr.
461 961 484 985 3,
498 960 525 985 19
543 951 598 985 lpse
612 957 676 984 puer
689 949 770 982 magis
782 948 831 974 illo
844 944 1033 972 declamatorio
1054 951 1148 977 genere
1168 941 1229 967 duci
1242 946 1267 967 et
1328 939 1386 974 pilli
1400 948 1537 974 pecuniam
1556 938 1657 964 soluere
1670 938 1687 964 l.
1703 948 1721 972 4
1734 936 1758 974 §.
1774 940 1806 963 26
1817 938 1845 963 st.
1858 937 1890 963 de
1905 938 2062 972 dohexcept.

235 989 357 1017 delectari
371 989 485 1015 videtur.
591 982 647 1012 Nec
665 983 821 1010 criminibus
845 980 987 1008 inferendis
1004 979 1103 1006 amicus
1125 977 1267 1004 delectetur
1365 981 1384 1000 D
1394 981 1410 1000 E
1419 981 1435 1000 L
1445 982 1461 1002 E
1472 981 1493 1000 N
1507 982 1515 1001 1
1526 981 1542 1001 r
1552 982 1560 1000 1
1570 981 1586 1001 c
1595 981 1615 999 v
1623 975 1638 1000 s
1646 993 1656 1006 ,
1675 979 1693 999 D
1701 980 1718 999 E
1729 980 1744 999 L
1754 980 1770 999 E
1781 980 1800 999 N
1812 980 1821 999 1
1831 980 1855 999 M
1864 980 1880 999 a
1890 981 1912 999 N
1920 980 1941 1000 T
1955 979 1975 999 v
1987 980 2011 999 M
2020 993 2030 1006 ,
2050 979 2068 999 D
2078 980 2094 1000 E
2103 979 2119 999 L
2128 981 2145 1000 E
2154 981 2175 1000 N
2189 981 2198 1000 1
2210 980 2229 1000 ο
2238 992 2246 1005 ,
2265 970 2366 1008 vidsub

236 1027 292 1053 Cic.
305 1025 337 1051 de
352 1024 456 1051 Amicit.
469 1024 512 1050 66.
596 1020 764 1054 cogitatione
780 1017 891 1053 quadam
904 1017 999 1050 speque
1011 1013 1135 1041 delectari
1155 1013 1210 1039 Cic.
1219 1020 1267 1046 pro
1279 1013 1309 1040 25
1326 1016 1346 1037 D
1356 1016 1372 1036 E
1381 1016 1398 1036 L
1408 1017 1448 1036 1N
1458 1018 1466 1036 1
1477 1017 1505 1036 o.
2377 1006 2380 1010 ·

237 1060 333 1088 Archia
347 1068 385 1091 30.
478 1058 579 1092 Vulgus
592 1055 776 1090 imperitorum
790 1053 858 1080 ludis
874 1059 1029 1086 magnopere
1043 1050 1186 1076 delectatur
1211 1047 1266 1074 Cic.
1337 1054 1348 1067 0
1366 1052 1385 1071 D
1394 1052 1410 1072 E
1420 1052 1436 1071 L
1445 1052 1461 1072 E
1471 1052 1490 1071 0
1500 1065 1508 1077 ,
1529 1044 1573 1071 eui
1582 1064 1590 1077 ,
1611 1048 1698 1075 etum,
1718 1046 1772 1070 ere.
1809 1043 1967 1077 [ἐξαλείφω]
2003 1053 2018 1069 α
2030 1043 2086 1069 Leo
2094 1046 2195 1079 antiquo
2207 1039 2366 1075 Verb0‚vnde

236 1106 284 1132 pro
298 1097 415 1122 Muraen.
428 1103 449 1119 c.
463 1101 499 1126 ¹9·
587 1090 625 1117 Id.
639 1091 692 1116 Att.
708 1099 727 1122 1,
744 1098 768 1122 15
787 1089 866 1116 Multi
881 1088 975 1123 partim
990 1085 1191 1116 maleuolentia,
1211 1091 1269 1117 par·
1323 1079 1449 1117 superest,
1468 1080 1532 1116 quod
1550 1080 1626 1106 Verbo
1640 1080 1709 1106 Lino
1720 1079 1878 1114 adiungitur,
1898 1080 2062 1105 Praeteritum
2077 1079 2159 1110 Leni,
2171 1078 2300 1115 figmfifflt
2308 1084 2368 1112 pro-

236 1132 284 1159 tim
297 1131 423 1166 opinione
436 1128 573 1163 aequitatis
587 1126 755 1152 delectantur.
857 1123 965 1151 Phacdr.
980 1130 1008 1154 ς,
1021 1130 1043 1154 3,
1058 1129 1074 1153 9
1111 1121 1186 1153 Qiae
1202 1118 1270 1145 deie-
1326 1120 1385 1152 prie
1393 1116 1546 1152 firipturam
1555 1135 1563 1148 ‚
1577 1112 1722 1150 picturam,
1741 1120 1784 1140 aut
1789 1114 1870 1148 simile
1883 1114 1957 1149 quid,
1969 1112 2029 1147 stili
2038 1121 2113 1149 parte
2125 1115 2192 1147 lata,
2206 1121 2250 1140 aut
2260 1117 2370 1149 pigmen-
2411 1122 2416 1125 ⁷

237 1167 313 1194 ctaris
329 1165 420 1192 bibere
433 1164 575 1190 humanum
590 1162 750 1196 sanguinein.
945 1156 964 1195 Ἴ
986 1166 998 1189 3
1035 1155 1172 1187 Delector,
1189 1156 1271 1189 Depo·
1332 1159 1358 1178 to
1369 1151 1597 1183 indubioabolere,
1613 1157 1643 1177 vt
1654 1160 1701 1176 non
1714 1150 1820 1184 amplius
1834 1149 1944 1185 dignosci
1964 1156 2035 1184 queat
2049 1160 2058 1178 ‚·
2095 1156 2118 1175 et
2135 1149 2221 1176 deinde
2234 1151 2370 1186 generatim

236 1212 305 1230 nens.
330 1200 409 1227 Nihil
422 1208 509 1226 narras
526 1200 534 1225 3
570 1197 638 1223 nihil
651 1205 698 1223 nos
712 1194 847 1222 delectaris
861 1195 869 1220 3
906 1194 1010 1219 Petron.
1026 1202 1047 1218 c.
1062 1193 1106 1224 64.
1286 1190 1318 1214 30
1327 1187 1448 1224 perdere,
1464 1196 1493 1212 ac
1504 1184 1624 1219 destruere
1638 1196 1645 1210 :
1682 1185 1737 1211 Cic.
1753 1194 1801 1219 pro
1819 1185 1923 1211 cluent.
1946 1194 1976 1218 41
2000 1194 2021 1210 c.
2045 1194 2075 1218 14
2103 1184 2199 1214 Eadem
2218 1185 2265 1211 hac
2285 1184 2371 1210 Dinea

270 1244 289 1264 D
298 1244 314 1264 E
323 1244 339 1263 L
348 1242 417 1263 ECT
426 1242 447 1262 A
456 1242 477 1261 Τ
486 1241 541 1264 vs,
562 1242 586 1265 a,
599 1241 652 1259 Lun-
672 1232 763 1258 Partic.
799 1231 959 1264 Magnopere
972 1228 1112 1254 delectatus
1124 1225 1195 1252 facto
1202 1225 1271 1259 Nep.
1334 1223 1515 1249 testamentum
1534 1221 1662 1253 faciente,
1682 1229 1762 1255 quum
1777 1220 1876 1247 tabulas
1889 1220 2027 1254 prendiffet
2040 1220 2217 1254 Oppianicus,
2236 1219 2284 1255 qui
2291 1227 2371 1253 gener

238 1282 277 1307 14,
312 1281 324 1305 3
334 1292 341 1303 ,
372 1280 399 1304 4.
502 1270 593 1296 Sermo
627 1267 780 1294 delectatior
812 1266 841 1292 in
872 1266 930 1291 otio
969 1263 1038 1290 Gell.
1071 1261 1153 1297 praef.
1182 1261 1201 1287 s.
1235 1262 1272 1286 16.
1335 1259 1390 1285 eius
1404 1258 1506 1290 fuisset,
1523 1257 1609 1291 digito
1622 1256 1705 1290 legata
1720 1255 1817 1282 deleuit
1832 1267 1837 1282 :
1874 1261 1915 1287 01,
1932 1265 1991 1281 cum
2015 1256 2041 1281 id
2064 1256 2154 1282 multis
2176 1255 2240 1281 locis
2263 1254 2373 1290 fecisset,

239 1311 257 1334 i.
271 1306 408 1334 iucundior.
1354 1294 1393 1320 ost
1408 1300 1521 1320 mortem
1534 1293 1606 1323 eius,
1625 1301 1657 1318 ne
1670 1292 1757 1318 lituris
1773 1291 1881 1325 coargui
1894 1292 1988 1325 posset,
2007 1291 2188 1317 testamentum
2208 1291 2236 1316 in
2253 1291 2315 1316 alias
2336 1297 2372 1316 ta-

271 1349 289 1369 D
299 1350 314 1369 E
324 1350 339 1368 L
348 1349 388 1368 EC
400 1347 421 1367 T
433 1347 454 1367 Α
464 1346 497 1367 ΒΙ
508 1336 565 1367 1218
574 1359 582 1371 ‚
599 1347 620 1364 c.
642 1337 701 1364 Adi.
738 1336 821 1363 Cibus
842 1335 911 1362 Tac.
924 1335 991 1362 Ann.
1007 1341 1041 1366 12,
1054 1334 1099 1367 67,
1114 1341 1132 1358 1.
1170 1329 1275 1357 Doctri-
1334 1304 1410 1356 bulas
1423 1328 1619 1363 transscripturi-i
1629 1348 1636 1360 ,
1657 1327 1734 1361 fignis
1748 1327 1903 1353 adulterinis
1916 1326 2071 1361 obfignauit.
2108 1329 2192 1363 Igitur
2210 1326 2321 1352 delendo
2334 1324 2372 1361 fit

235 1387 267 1404 na
287 1377 353 1403 Gell.
368 1385 388 1408 1,
402 1385 428 1409 4.
500 1375 567 1401 Illud
576 1373 715 1400 Menandri
727 1381 821 1399 verum
836 1376 861 1397 ct
876 1369 1029 1397 delectabile
1049 1367 1086 1394 Id.
1095 1377 1120 1400 2,
1134 1375 1170 1399 23.
1213 1367 1272 1392 Vox
1289 1368 1318 1395 35
1338 1365 1417 1391 litura
1431 1371 1476 1391 etc.
1548 1364 1604 1390 Cic.
1620 1364 1692 1390 Fam.
1709 1371 1747 1396 14,
1762 1371 1773 1394 3
1792 1363 1886 1396 Accepi
1898 1361 1931 1388 ab
1939 1362 2096 1389 Aristocrito
2108 1367 2159 1388 tres
2171 1361 2301 1396 epistolas,
2309 1368 2372 1395 quas

234 1412 351 1439 hominis
373 1412 441 1442 Lyra
463 1415 589 1435 concentu
610 1408 740 1436 variatior
761 1413 786 1433 et
806 1406 874 1432 tibia
890 1405 982 1440 quest‘u
995 1403 1181 1431 delectabilior
1197 1401 1275 1436 Apul.
1337 1410 1386 1435 ego
1399 1399 1515 1426 lacrimis
1529 1408 1611 1433 prope
1624 1398 1719 1424 deleui.
1789 1399 1917 1432 Imagines
1930 1398 2003 1424 velut
2015 1398 2107 1424 literae
2126 1397 2248 1424 delentur
2270 1395 2372 1423 Αιιὸὶοι·

236 1448 306 1476 Flor.
321 1454 380 1480 357,
395 1454 433 1478 39.
1336 1437 1368 1463 ad
1383 1437 1447 1462 Her.
1461 1444 1474 1467 3
1487 1445 1507 1461 c.
1520 1440 1553 1464 18.
1625 1435 1757 1460 Contraria
1770 1444 1777 1458 :
1813 1434 1866 1460 Cic.
1881 1435 1957 1460 Verr.
1975 1442 1995 1466 1,
2010 1442 2054 1467 145
2072 1433 2139 1460 Dico
2153 1434 2201 1463 effe
2214 1441 2245 1459 ex
2261 1437 2374 1467 quatan·

270 1490 288 1509 D
297 1490 312 1509 E
322 1490 337 1508 L
346 1489 362 1508 E
371 1489 387 1508 c
395 1487 417 1506 'r
427 1487 448 1506 Α
459 1486 474 1506 Β
484 1485 494 1505 1
503 1484 518 1504 L
528 1485 537 1503 1
547 1484 568 1504 T
578 1484 594 1504 E
602 1483 630 1503 R.
649 1476 714 1502 Adu.
752 1475 840 1502 Facies
852 1473 1045 1500 delectabiliter
1056 1482 1085 1499 ac
1098 1473 1193 1499 decore
1207 1471 1277 1505 depi-
1337 1478 1393 1498 tum
1405 1470 1546 1496 tectorium
1559 1475 1633 1495 vetus
1648 1469 1763 1495 deletum
1778 1468 1822 1501 fit,
1840 1474 1865 1495 et
1879 1477 1979 1495 nouum
1992 1468 2140 1495 inductum.
2315 1465 2336 1505 ff
2357 1473 2373 1492 2

238 1525 276 1544 tta
297 1517 364 1543 Gell.
379 1523 409 1547 13,
423 1523 466 1547 24.
506 1513 573 1540 Add.
587 1514 624 1538 Id.
641 1521 673 1544 ις,
687 1520 706 1537 1.
1337 1508 1419 1536 Hinc,
1439 1512 1468 1530 vt
1482 1505 1656 1536 iudicauimus,
1670 1507 1740 1530 varie
1758 1504 1931 1540 transfertur,
1951 1508 2045 1539 quoties
2063 1503 2160 1540 aliquid
2167 1503 2301 1540 perditur,
2321 1511 2375 1529 cor-

273 1559 291 1579 D
301 1560 316 1579 E
326 1559 340 1577 L
349 1558 390 1578 Ec
400 1558 420 1577 T
430 1557 451 1576 Α
461 1555 509 1576 ΜΕ
518 1556 538 1574 N
549 1568 557 1580 ,
577 1548 637 1574 inis.
657 1556 683 1573 n.
721 1546 794 1572 Cass'o
807 1543 897 1571 saltem
911 1540 1085 1568 delectamine
1093 1538 1276 1569 ainarcliceat,
1291 1544 1328 1569 40
1336 1542 1477 1573 rumpitur,
1491 1537 1633 1570 destruitur.
1662 1539 1735 1564 Caes.
1750 1540 1778 1565 B.
1792 1540 1822 1566 C.
1837 1547 1898 1571 2,12
1918 1541 1992 1572 Qun
2006 1541 2048 1574 spe
2062 1540 2172 1574 praedae
2189 1548 2217 1566 in
2231 1538 2325 1565 vrbem
2338 1545 2374 1563 11·-

239 1589 257 1616 fi
271 1588 352 1624 potiri
364 1595 418 1612 non
430 1585 490 1611 licet
509 1584 612 1610 Petron.
627 1581 791 1615 Pscudepigr.
809 1589 833 1614 p.
847 1583 904 1608 228.
1252 1600 1254 1602 ,
1288 1582 1293 1591 ·
1335 1578 1505 1608 rumperent,
1524 1572 1670 1606 vrbemque
1684 1572 1809 1600 delerent.
1880 1576 1919 1601 Sic
1932 1575 2028 1601 Delere
2042 1575 2152 1609 patriam
2173 1574 2229 1601 Cic.
2247 1572 2327 1600 Acad.
2346 1581 2376 1606 4,

275 1629 368 1651 DELE
380 1628 396 1648 c
407 1628 428 1647 T
438 1626 518 1647 ΑΜΕ
528 1626 579 1645 NT
589 1625 653 1651 VM,
679 1618 697 1644 i.
733 1626 760 1643 n.
795 1614 917 1642 Verbale.
953 1610 1086 1646 [διαγωγὴ
1104 1608 1274 1642 ψυχαγωγία]
1337 1629 1344 1636 .
1383 1629 1389 1635 ,
1426 1607 1492 1635 Add.
1505 1607 1543 1634 Id.
1557 1607 1634 1633 Catil.
1648 1616 1667 1639 4
1680 1616 1701 1632 c.
1717 1616 1752 1632 10.
1822 1608 1955 1634 Contraria
1970 1621 1977 1634 .-
2014 1610 2071 1636 Cic.
2094 1618 2142 1643 pro
2167 1610 2244 1635 Rosc.
2265 1610 2343 1633 Com.
2359 1613 2377 1639 7

238 1660 372 1687 Recreatio.
409 1657 467 1683 Cic.
481 1656 513 1682 de
528 1653 627 1680 Sene&
641 1661 668 1686 52
688 1653 788 1679 Poss'urn
800 1649 920 1685 persequi
939 1647 1069 1682 permulta
1088 1645 1275 1671 delectamenta
1336 1643 1377 1682 Sic
1391 1643 1510 1669 delentur
1525 1643 1626 1674 statim,
1647 1642 1708 1668 illae
1722 1643 1858 1668 seruantur
1870 1643 1964 1669 sanete.
2036 1645 2092 1670 Cic.
2107 1643 2139 1669 de
2158 1644 2251 1677 Arusp.
2268 1642 2344 1676 Resp.
2359 1643 2375 1666 6

239 1703 327 1721 rerum
339 1692 512 1723 rusticarum,
531 1689 574 1716 sed
588 1698 617 1715 ea
631 1689 699 1722 ipsa,
719 1696 785 1722 quae
800 1686 872 1717 dixi,
894 1685 977 1710 sentio
997 1684 1045 1709 effe
1064 1681 1195 1720 longiora.
1244 1679 1274 1704 In
1338 1679 1377 1705 Sic
1391 1678 1493 1704 Annius
1508 1677 1539 1702 ad
1556 1677 1628 1703 illam
1647 1677 1744 1716 pestem
1763 1677 2003 1711 comprimendam,
2021 1678 2239 1713 extinguendam,
2259 1677 2378 1703 funditus

238 1727 463 1755 emendatioribus
483 1725 618 1752 codicibus
637 1724 733 1758 legitur
745 1721 952 1749 Obleehamenta.
1023 1716 1096 1744 Idem
1109 1724 1138 1741 1n
1151 1715 1237 1740 Pison.
1251 1722 1273 1739 c.
1282 1719 1314 1745 45
1338 1712 1475 1740 delendam
1489 1718 1562 1738 natus
1576 1713 1624 1738 ess'e
1637 1712 1752 1738 videtur.
1824 1713 1880 1738 Cic.
1895 1713 1977 1738 Tusc.
1993 1721 2036 1747 117
2058 1714 2103 1740 Sin
2121 1719 2208 1739 autem
2226 1712 2333 1746 perimit
2347 1719 2377 1736 ac

238 1771 269 1796 ης
288 1773 313 1789 11.
327 1765 361 1788 60
384 1761 474 1788 luania
488 1761 546 1786 sunt
559 1760 606 1785 ista
620 1759 704 1791 (mihi
719 1757 814 1789 crede)
827 1755 1015 1783 delectamenta
1027 1760 1107 1787 paene
1122 1758 1274 1785 puerorum.
1338 1749 1406 1776 delet
1420 1748 1532 1774 omnino
1541 1767 1548 1779 ,
1567 1747 1631 1782 quid
1645 1746 1753 1779 melius,
1777 1753 1822 1772 etc.
1878 1747 1954 1774 Aetas
1967 1747 2065 1774 deleuit
2078 1748 2150 1782 quod
2164 1747 2231 1774 olim
2242 1747 2301 1773 lusit
2309 1748 2376 1773 Ana.

237 1799 293 1832 Qui
304 1806 345 1824 me
358 1796 405 1823 sibi
418 1803 466 1830 pro
479 1794 632 1821 ridiculo³et
647 1793 837 1820 delcetamento
857 1796 929 1825 putat
949 1790 1018 1816 Ter.
1032 1788 1126 1814 Heaut.
1141 1793 1169 1819 5,
1188 1793 1212 1816 1,
1231 1792 1274 1819 79.
1335 1793 1415 1811 creon
1439 1785 1507 1810 Hor.
1522 1782 1574 1809 Oti.
1587 1791 1614 1815 4,
1629 1791 1653 1814 9,
1667 1790 1694 1815 9.
1765 1781 1894 1809 Aedificia
1913 1783 1998 1809 deleta
2021 1784 2076 1810 Cic.
2092 1783 2124 1809 de
2137 1784 2206 1817 Lege
2219 1783 2280 1816 Agr.
2295 1791 2320 1813 2,
2335 1787 2376 1814 87.

239 1833 348 1868 Aliquid
361 1832 389 1858 in
403 1830 502 1857 deliciis
517 1834 595 1863 atque
609 1828 637 1854 in
649 1828 844 1854 delectamentis
856 1826 953 1852 habere
967 1823 1034 1850 Gell.
1047 1831 1090 1854 20,
1103 1830 1124 1853 3.
1336 1820 1458 1853 Tempus
1474 1818 1574 1844 deleuit
1588 1818 1713 1843 Amorem
1731 1818 1812 1844 Ouid.
1826 1818 1911 1844 Trist.
1925 1827 1947 1850 3,
1963 1826 1989 1852 7.
2009 1819 2134 1850 laudatar,
2142 1818 2190 1853 fid
2200 1826 2275 1852 neque
2287 1817 2328 1842 hic
2336 1815 2383 1849 est,

275 1874 368 1896 DELE
379 1873 396 1894 c
407 1870 549 1896 ‘rAT10,
569 1863 636 1889 onis.
672 1863 692 1889 f.
728 1861 849 1887 Verbale.
884 1860 1000 1895 [τέρψῃ
1014 1856 1140 1893 τερπωλὴ,
1150 1854 1273 1894 Ιςῑιιιχοιγιιξ-
1336 1854 1460 1889 necforte
1473 1852 1573 1878 alicubi.
1643 1853 1680 1878 Ex
1695 1853 1784 1878 animo
1803 1853 1858 1878 Cic.
1874 1862 1923 1886 pro
1944 1854 2020 1880 Rosc.
2040 1855 2099 1879 Am.
2118 1863 2140 1878 c.
2159 1861 2179 1878 2.
2252 1852 2324 1878 Bella
2336 1852 2381 1878 fii-¹

241 1905 302 1938 yla]
338 1902 393 1929 Cic.
407 1901 489 1927 Tusc.
504 1908 531 1932 4,
552 1907 584 1925 20
608 1897 770 1929 Delectatio,
787 1896 927 1928 voluptas,
947 1894 1074 1919 suauitate
1095 1890 1200 1917 auditus
1219 1897 1274 1914 ani-
1286 1892 1318 1918 50
1337 1895 1397 1915 tura
1411 1888 1499 1915 delere
1518 1887 1574 1914 Cic.
1589 1887 1619 1913 tie
1635 1887 1743 1913 Amicit.
1760 1894 1790 1912 11.
1880 1888 1926 1914 Sil.
1937 1895 1964 1922 7,
1980 1896 2025 1921 550
2058 1888 2177 1914 Patiarne
2192 1893 2253 1914 ante
2264 1896 2311 1914 ora
2325 1896 2378 1914 ma.

241 1948 315 1966 mum
327 1937 467 1964 deleniens.
522 1932 697 1960 Dele&ationi
710 1933 757 1958 effe
770 1931 842 1957 Idem
857 1931 910 1956 Act.
927 1937 960 1960 13,
974 1930 1017 1953 66.
1072 1927 1104 1953 Et
1119 1926 1190 1952 Fam.
1210 1926 1234 1954 6,
1250 1925 1273 1949 6.
1339 1932 1457 1957 nusque,
1477 1923 1572 1949 Cincin
1585 1922 1668 1948 deleri
1679 1921 1788 1948 nostras.
1860 1922 1991 1949 Cohortes
2003 1923 2103 1949 deletae
2123 1924 2191 1949 Tac.
2206 1924 2241 1949 Η.
2255 1933 2290 1957 4,
2306 1928 2341 1955 18,
2355 1931 2379 1949 2.

241 1976 298 2002 Cic.
314 1973 369 2008 post
382 1971 459 1999 redit.
473 1970 501 1996 in
514 1969 596 1995 Senat.
612 1976 635 2000 13
665 1969 695 1993 In
713 1965 788 1992 omni
807 1970 878 1998 parte
897 1963 1017 1998 corporis
1031 1963 1132 1996 semper
1150 1965 1274 1995 oportere
1337 1960 1435 1993 Copias
1449 1958 1535 1984 delere
1556 1958 1611 1984 Cic.
1626 1966 1675 1992 pro
1687 1958 1756 1992 Lege
1771 1957 1863 1983 Manil.
1876 1966 1910 1984 20
1923 1967 1944 1985 c.
1961 1963 1983 1989 8.
2066 1959 2217 1985 Exercitum
2230 1964 2257 1984 et
2269 1959 2380 1993 impera.

241 2008 351 2045 aliquod
363 2006 494 2034 Gaudium
507 2003 759 2036 dele&ationemque
773 2000 879 2026 versari.
971 1998 1045 2024 Idem
1060 1997 1092 2023 de
1105 1998 1179 2023 Orat.
1192 2004 1220 2027 3,
1234 2002 1273 2026 153
1337 2001 1423 2021 torem
1439 1995 1511 2021 Caes.
1527 1994 1553 2020 B.
1568 1994 1599 2020 G.
1614 1995 1640 2025 6,
1677 2013 1684 2020 .
1723 2012 1730 2019 .
1775 1993 1830 2019 cic.
1846 2001 1895 2027 pro
1905 1994 2026 2019 Muraen.
2039 2001 2076 2028 74
2096 1995 2221 2027 Qiorum
2232 1993 2310 2021 alteri
2324 2002 2379 2020 vno

242 2046 300 2073 Post
312 2050 398 2071 autem
412 2040 551 2068 delectatio
565 2038 765 2071 iucunditasque
777 2033 930 2062 celebrauit.
981 2068 986 2072 ³
1002 2034 1033 2058 Et
1052 2032 1084 2058 de
1097 2033 1172 2070 Orat.
1188 2038 1197 2055 1
1207 2049 1214 2061 ,
1234 2037 1280 2071 190
1294 2059 1319 2067 ..
1337 2030 1453 2056 aduentu
1467 2029 1549 2055 nostri
1557 2029 1691 2055 Exercitus
1704 2027 1783 2054 deleti
1796 2029 1870 2060 cunt,
1889 2028 1967 2054 alteri
1979 2028 2062 2055 nostri
2075 2029 2200 2063 imperii,
2218 2036 2263 2056 etc.
2322 2030 2380 2056 1-10-

243 2081 313 2108 Mira
327 2078 452 2115 quaedam
466 2077 494 2102 in
508 2073 687 2109 cognoscendo
699 2072 814 2100 Suauitas
826 2076 852 2097 et
865 2067 1015 2096 delectatio.
1031 2101 1037 2106 ·
1084 2067 1141 2092 Cic.
1151 2067 1221 2092 Fam.
1238 2072 1276 2095 10,
1291 2068 1318 2085 ³³
1339 2066 1423 2092 mines
1437 2064 1575 2091 hominum
1590 2064 1691 2098 impetu
1705 2063 1800 2095 deleti,
1818 2063 1846 2089 id
1859 2063 1905 2095 est,
1925 2063 2002 2090 bellis
2015 2071 2060 2090 aut
2072 2063 2247 2091 seditionibus
2262 2064 2318 2092 Cic.
2327 2064 2379 2091 Off.

244 2126 278 2144 20
295 2117 389 2149 Magna
414 2113 484 2140 enim
499 2116 524 2137 te
542 2109 715 2136 delectatione
733 2113 758 2134 et
771 2106 912 2140 Voluptate
931 2102 1048 2138 priuasti.
1130 2102 1178 2127 Ars
1200 2099 1275 2133 plena
1339 2109 1362 2133 2,
1398 2120 1404 2126 .
1442 2119 1448 2125 .
1485 2099 1609 2134 Dispersis
1621 2109 1650 2126 ac
1664 2107 1744 2134 paene
1758 2099 1850 2125 deletis
1864 2098 1990 2125 Hostibus
2009 2100 2082 2126 Caes.
2095 2100 2122 2126 B.
2137 2101 2170 2126 G.
2184 2101 2210 2131 6,
2223 2102 2263 2132 36.
2305 2101 2378 2127 Mor-

244 2149 426 2178 delectationis
445 2147 518 2174 Idem
535 2146 567 2172 de
586 2146 660 2172 Orat.
682 2153 706 2176 1,
743 2162 749 2169 .
785 2162 791 2168 .
887 2141 918 2166 Et
938 2138 970 2164 de
990 2136 1090 2164 Senect.
1111 2143 1153 2175 45·
1180 2135 1275 2169 Neque
1337 2142 1363 2162 te
1382 2135 1461 2161 deleti
1475 2135 1596 2161 homines
1614 2135 1669 2162 Cic.
1684 2135 1716 2161 de
1728 2135 1791 2162 Nat.
1805 2135 1884 2161 Deor.
1900 2143 1919 2165 1.
1934 2143 1976 2167 90.
2066 2135 2184 2162 Vetustas
2197 2134 2266 2162 delet
2279 2135 2378 2162 famam

245 2188 315 2214 enini
331 2186 447 2220 ipsorum
459 2181 654 2209 conuiuiorum
667 2178 869 2206 delectationem
887 2174 1007 2208 corporis
1026 2171 1205 2211 voluptatibus
1223 2179 1276 2196 ma·
1339 2171 1427 2206 operis
1445 2171 1527 2198 Ouid.
1543 2172 1607 2197 Met.
1621 2179 1640 2203 1,
1655 2178 1716 2204 445.
1787 2170 1842 2197 Cic.
1857 2171 1934 2197 Verr.
1948 2170 2040 2197 Diuin.
2055 2173 2089 2197 26
2109 2170 2228 2198 Omnino
2249 2170 2380 2206 improbi-

246 2223 284 2258 gis
298 2230 375 2257 quam
389 2226 465 2246 coetu
482 2218 628 2244 amicorum
641 2221 666 2242 et
679 2213 842 2241 sermonibus
854 2211 991 2237 metiebar.
1062 2207 1119 2246 Cic.
1131 2206 1165 2246 de
1177 2205 1276 2231 Sene&
1339 2213 1376 2233 tas
1389 2207 1434 2236 (id
1448 2206 1519 2241 quod
1532 2207 1593 2241 Pop.
1608 2207 1685 2232 Rom.
1699 2205 1800 2233 iamdiu
1811 2201 1972 2240 expostu'lat)
1986 2206 2161 2240 extinguenda
2171 2212 2250 2241 atque
2271 2206 2381 2233 delenda

245 2278 252 2285 .
289 2278 296 2284 .
331 2258 385 2291 Ego
404 2263 470 2281 vero
489 2259 595 2287 propter
619 2251 750 2277 Sermonis
773 2247 971 2275 delectationem
990 2241 1150 2276 tempestiuis
1169 2248 1276 2275 quoque
1296 2235 1330 2260 60
1339 2242 1377 2268 fit.
1436 2242 1576 2268 Infamiam
1592 2241 1688 2268 iudicii
1703 2251 1734 2268 ex
1748 2241 1843 2268 animis
1857 2241 1996 2268 hominum
2012 2241 2099 2268 delere
2118 2242 2176 2270 Liu.
2191 2250 2219 2275 4,
2235 2251 2268 2268 11.
2305 2243 2379 2269 Nonss

243 2293 377 2320 conuiuiis
391 2289 515 2317 delector.
620 2286 734 2313 Fabulae
748 2281 929 2311 deleciationis
945 2278 1042 2316 habent
1055 2284 1180 2317 quantum
1195 2276 1280 2307 voles,
1340 2276 1403 2303 dum
1419 2277 1579 2304 vinbraticus
1602 2277 1697 2304 do&or
1718 2277 1825 2311 Ingenia
1847 2276 1980 2303 deleuerat
2005 2278 2169 2304 Petron.e.2.
2188 2281 2207 2304 i.
2222 2276 2379 2313 opprestbrae,

243 2332 261 2355 i.
278 2328 379 2353 multum
398 2326 452 2352 Cic.
468 2324 499 2350 de
513 2322 605 2349 Diui-n.
621 2330 651 2353 2,
670 2329 728 2353 113.⁴
823 2317 926 2348 studii,
953 2315 1188 2352 delectationisque
1206 2311 1280 2351 causa
1339 2312 1468 2339 Numulis
1500 2313 1612 2347 acceptis
1630 2314 1673 2339 Ius
1691 2321 1719 2339 ac
1739 2313 1777 2339 fas
1796 2321 1876 2339 omne
1895 2312 1984 2339 delere
2011 2313 2068 2339 Cic.
2081 2314 2135 2339 Att.
2153 2322 2173 2346 1,
2187 2321 2221 2345 13.
2292 2307 2380 2340 Extin-

244 2362 356 2390 scribere
369 2359 471 2393 aliquid
484 2358 556 2385 Idem
569 2358 600 2384 de
614 2357 706 2392 Legib.
717 2364 743 2388 2,
757 2364 796 2388 14.
867 2348 1155 2389 Populati-isdelectatio
1169 2346 1278 2380 Qun&
1341 2347 1384 2374 610
1398 2348 1507 2380 Senatu,
1527 2347 1672 2383 deletisque
1689 2348 1798 2374 Iudiciis
1824 2348 1880 2374 Cic.
1894 2348 1945 2375 Off.
1960 2357 1982 2381 3,
1997 2357 2018 2381 3.
2112 2349 2193 2383 Leges
2208 2347 2296 2375 delere
2322 2349 2379 2375 Cic.

245 2408 270 2431 2,
286 2407 320 2424 10.
391 2396 446 2421 Cic.
459 2395 530 2420 Fam.
543 2401 570 2427 7,
588 2402 597 2418 1
622 2395 695 2426 Qiae
718 2391 871 2425 popularem
890 2387 1093 2414 admirationem
1115 2383 1279 2414 habuerunt,
1341 2392 1390 2418 pro
1404 2383 1493 2409 Sextio
1510 2386 1548 2416 56.
1653 2383 1709 2410 Cic.
1722 2393 1771 2418 pro
1786 2384 1855 2418 Lege
1866 2384 1958 2411 Manil.
1973 2391 1990 2419 7
2007 2385 2039 2410 Et
2053 2384 2180 2419 quoniam
2193 2385 2294 2418 semper
2306 2393 2382 2418 appe.

246 2432 444 2461 delee'mtionem
462 2428 514 2454 tibi
534 2428 634 2453 nullam
649 2427 805 2453 Attuliss‘cnt.
876 2418 947 2463 Idem
964 2421 998 2462 *de
1011 2422 1085 2447 Orat.
1107 2428 1131 2450 1,
1150 2427 1199 2459 349
1230 2419 1280 2444 Res
1292 2410 1323 2442 ⁶⁵
1342 2424 1423 2445 tentes
1438 2418 1538 2458 gloriae
1551 2424 1654 2452 praeter
1667 2425 1778 2445 caeteras
1792 2425 1895 2452 gentes,
1910 2425 1990 2453 atque
2005 2420 2078 2445 auidi
2092 2420 2177 2446 laudis
2190 2419 2287 2452 fuistis,
2294 2420 2383 2446 delen-

247 2469 350 2496 rusticas
360 2488 367 2500 ,
381 2466 421 2493 vel
435 2463 535 2491 fruetus
549 2463 638 2494 causa,
656 2462 698 2488 vei
714 2460 896 2487 delectationis
912 2458 1034 2484 inuisere.
1106 2454 1220 2481 Allicere
1239 2453 1281 2480 de·
1343 2454 1375 2480 da
1390 2453 1425 2480 est
1440 2453 1517 2480 vobis
1531 2454 1575 2479 illa
1584 2453 1688 2480 Macula
1701 2453 1886 2479 Mithridatico
1900 2453 1970 2479 bello
1983 2454 2119 2493 superiore
2131 2455 2254 2488 suscepta.
2325 2455 2382 2480 Me·-

248 2504 386 2531 lceiatione
406 2498 536 2534 Qiincffil.
556 2506 569 2530 ς
579 2517 587 2530 ,
604 2506 642 2531 14.
733 2496 789 2522 Cic.
802 2494 854 2522 Off.
868 2503 887 2526 1,
902 2501 944 2526 105
971 2491 1094 2519 Hominis
1108 2497 1195 2517 autem
1209 2497 1282 2515 mens
1341 2490 1455 2516 moriam
1468 2489 1645 2515 immortalem
1658 2488 1783 2515 beneficii
1795 2488 1908 2514 alicuius
1936 2488 1992 2514 Cic.
2005 2497 2034 2514 in
2047 2488 2136 2515 Parad.
2175 2508 2180 2516 .
2219 2507 2226 2515 .
2280 2489 2382 2515 Memo-

247 2540 367 2566 discendo
383 2537 477 2567 alitur,
496 2540 521 2559 et
539 2531 678 2566 cogitando
695 2532 793 2564 semper
814 2536 857 2556 aut
876 2528 979 2564 aliquid
999 2527 1133 2561 anquirit,
1153 2525 1282 2559 autagit,
1343 2524 1631 2556 riam-discordiarum,
1649 2523 1788 2550 obliuione
1800 2524 1956 2558 sempiterna
1975 2524 2031 2550 Cic.
2046 2524 2157 2558 Philipp.
2175 2532 2219 2550 ic.
2234 2532 2254 2550 ι.
2325 2523 2381 2549 Cic.

248 2574 408 2608 videndique
429 2577 454 2597 et
467 2569 591 2596 audiendi
605 2566 778 2592 delectatione
794 2565 906 2591 ducitur.
976 2563 1081 2589 Habere
1100 2570 1220 2596 magnam
1240 2560 1282 2586 de·
1343 2570 1392 2596 pro
1405 2560 1487 2586 Flacc.
1502 2562 1536 2586 60
1556 2560 1682 2586 Nominis
1695 2568 1776 2594 prope
1797 2559 1911 2585 Romani
1928 2560 2087 2586 Memoriam
2100 2568 2159 2588 011111
2175 2558 2287 2592 vestigio
2301 2557 2384 2592 impe.»

249 2610 414 2637 lectationem
429 2605 530 2633 Aue’tor
543 2603 575 2630 ad
589 2604 704 2629 Herenn.
717 2610 745 2634 4,
758 2608 794 2632 23.
849 2599 923 2638 Cous.
938 2599 994 2624 Cic.
1010 2600 1079 2624 Fam.
1095 2601 1120 2629 6,
1134 2606 1168 2624 12.
1241 2595 1281 2622 Ab
1294 2604 1329 2632 70
1344 2597 1381 2624 rii
1393 2604 1447 2622 non
1460 2595 1542 2622 inodo
1556 2604 1587 2621 ex
1601 2595 1708 2622 aedibus
1723 2596 1885 2621 Graecorum
1895 2614 1903 2626 ,
1923 2603 2016 2620 verum
2029 2594 2108 2620 ctiam
2122 2602 2153 2621 ex
2167 2594 2251 2621 literis
2270 2594 2319 2620 effe
2339 2594 2384 2620 de·
2401 2617 2405 2622 .

248 2645 420 2673 delectatione
434 2640 547 2675 negotiis
567 2637 710 2672 impediri,
737 2642 759 2661 tt
772 2634 877 2661 Habere
895 2641 923 2658 in
941 2633 1119 2670 occupatione⁴
1133 2631 1283 2658 delee'tatio-
1347 2632 1434 2658 letam.
1525 2631 1580 2657 Cic.
1594 2632 1633 2664 Q
1642 2632 1725 2658 Fratr.
1739 2638 1763 2662 3,
1775 2638 1810 2662 24
1826 2629 1933 2655 Deleuit
1945 2630 2016 2656 eniin
2030 2629 2099 2655 mihi
2114 2638 2220 2656 omnem
2231 2629 2379 2656 Molestiam
2406 2644 2412 2649 —-

249 2690 307 2712 nes,
328 2682 455 2706 contraria
472 2677 528 2703 Cic.
541 2683 590 2709 pro
602 2674 728 2700 Muraena
740 2679 779 2703 39.
886 2668 981 2707 Magna
1000 2666 1173 2692 delectatione
1195 2672 1220 2704 et
1235 2675 1283 2691 vo-
1343 2666 1473 2693 recentior
1487 2665 1605 2700 epistola.
1693 2666 1896 2692 Monumentum
1914 2664 2040 2698 publicae*
2057 2665 2187 2692 auaritiae
2222 2664 2282 2691 Liu.
2297 2672 2326 2696 4,
2343 2671 2380 2689 10.

251 2718 345 2751 luptate
361 2715 475 2748 aliquem
495 2711 599 2746 priuare
616 2708 688 2736 Idem
707 2708 777 2733 Fam.
792 2713 818 2738 9,
833 2711 875 2737 24.
949 2704 978 2741 (21
997 2710 1045 2735 pro
1058 2701 1127 2734 Lege
1142 2700 1233 2739 Manil·
1247 2708 1283 2731 40
1345 2702 1454 2727 Nomen
1466 2702 1527 2733 Pop.
1542 2702 1618 2726 Rom.
1638 2700 1693 2726 Cic.
1708 2700 1762 2725 Aet.
1777 2708 1815 2730 10,
1828 2701 1852 2724 6.
1923 2699 1980 2724 Cic.
1997 2708 2045 2732 pro
2059 2700 2147 2726 Deiot.
2162 2708 2182 2725 c.
2197 2706 2221 2730 13
2248 2699 2323 2731 Qiae
2336 2707 2382 2724 vn.

252 2753 316 2779 Non
333 2750 442 2777 auaritia
464 2747 496 2774 ab
509 2747 629 2773 instituto
647 2744 723 2770 cursu
739 2742 770 2768 ad
788 2739 909 2775 praedam
926 2737 1042 2776 aliquem
1060 2740 1214 2766 reuocauit,
1230 2742 1284 2759 non
1346 2743 1424 2768 quam
1437 2734 1549 2760 vetustas
1564 2734 1661 2760 obruet
1675 2744 1683 2764 ς
1718 2739 1762 2759 aut
1774 2741 1841 2767 quae
1853 2738 1924 2759 tanta
1937 2733 2035 2761 delebit
2048 2734 2155 2761 obliuio
2171 2735 2181 2760 3
2258 2733 2382 2760 Obliuio-

253 2787 337 2814 libido
351 2796 363 2812 a
367 2785 382 2811 d
397 2785 573 2817 voluptatem,
592 2790 646 2807 uon
659 2777 811 2806 Amoenitas
833 2773 865 2801 ad
880 2772 1090 2800 destinationem.
1298 2774 1330 2801 75
1347 2769 1496 2809 rie-delere,
1514 2768 1566 2794 vid.
1589 2774 1734 2794 01311V10.
1804 2768 1956 2802 Opprobria
1969 2768 2078 2796 delenda
2097 2769 2141 2795 Sil.
2157 2770 2193 2800 16,
2230 2787 2235 2797 .
2276 2788 2282 2794 .
2335 2769 2384 2795 Re-

288 2830 306 2849 D
316 2829 330 2848 E
340 2829 379 2848 L112
391 2827 406 2847 C
418 2828 438 2846 T
447 2827 465 2845 v
475 2827 503 2851 g,
534 2816 588 2843 vid,
610 2822 628 2842 Ι)
638 2823 653 2842 E
664 2822 679 2841 L
690 2822 697 2841 i
709 2820 728 2841 G
739 2820 757 2840 O
769 2833 777 2845 ,
796 2810 898 2845 deligis.
1209 2841 1213 2845 .
1347 2805 1473 2839 ligionem
1489 2803 1628 2830 hominum
1640 2803 1726 2830 delere
1747 2803 1801 2830 Cic.
1817 2803 1848 2829 de
1862 2803 1953 2830 Diuin.
1970 2813 1989 2836 1,
2004 2803 2032 2834 8.
2097 2803 2237 2838 Rempubl.
2257 2804 2314 2830 Cic.
2328 2804 2383 2838 post

290 2865 331 2884 DL
341 2865 356 2883 L
366 2858 382 2882 1}
392 2862 411 2882 G
422 2861 441 2881 O
451 2874 461 2887 ,
484 2859 536 2879 are.
571 2852 721 2885 [increta-w,
735 2846 903 2879 ἐντέλλομαι]
939 2841 1108 2874 Demandare,
1127 2844 1286 2879 committere,
1347 2839 1434 2866 Redit.
1448 2840 1475 2865 in
1488 2840 1571 2865 Senat.
1586 2848 1606 2871 3.
1696 2839 1816 2865 Senatum
1837 2840 1893 2865 Cic.
1909 2839 2019 2874 Philipp.
2034 2848 2068 2872 13,
2104 2859 2110 2865 .
2149 2859 2155 2865 .
2227 2839 2324 2866 Orbita
2336 2840 2384 2866 itc-

254 2902 315 2920 onus
329 2895 457 2927 imponere.
494 2889 621 2922 Delegare
637 2886 757 2914 dicimur,
775 2891 847 2919 quum
861 2880 902 2910 id,
920 2878 984 2914 quod
995 2876 1102 2910 nostrum
1114 2874 1156 2908 est,
1169 2874 1202 2900 ad
1213 2875 1287 2905 altum
1347 2882 1402 2904 rata
1415 2875 1515 2909 priores
1525 2875 1614 2901 Sulcos
1635 2874 1703 2900 delet
1739 2874 1800 2900 Stat.
1815 2873 1906 2900 Theb.
1921 2877 1947 2907 6,
1962 2883 2016 2908 413.
2104 2874 2252 2901 Veritatem
2279 2875 2334 2902 Cic.
2349 2875 2382 2902 dc

254 2930 438 2962 trmnjerjmm,
499 2925 555 2950 Cic.
571 2931 618 2957 pro
633 2923 721 2948 Domo
736 2921 763 2945 16
788 2915 914 2958 Delegaui
926 2914 1012 2940 amico
1026 2910 1212 2945 locupletior-i,
1232 2917 1285 2934 non
1348 2911 1455 2937 Amicit.
1494 2930 1500 2937 .
1536 2930 1544 2937 .
1580 2930 1586 2936 .
1623 2909 1711 2936 Canda
1721 2909 1835 2950 Vestigia
1848 2910 1943 2944 pedum
1963 2911 2024 2937 Stat.
2039 2909 2124 2937 Achil.
2142 2913 2213 2943 1,60.
2284 2910 2384 2938 Vrbem

254 2972 307 2999 quo
320 2963 361 2989 illi
375 2963 409 2988 ita
421 2961 452 2987 dc
465 2969 506 2986 ine
519 2960 615 2986 merito
631 2966 696 2983 onus
716 2953 783 2981 illud
795 2959 967 2986 imponerem.
1038 2947 1165 2981 Delegarc
1178 2945 1288 2971 Causam
1305 2950 1336 2976 80
1348 2947 1443 2973 Lucan.
1457 2953 1480 2977 3,
1517 2965 1523 2971 .
1561 2965 1568 2972 .
1623 2945 1723 2971 Vrbem
1743 2945 1867 2972 incendio
1894 2946 1961 2980 Nep.
1977 2955 2002 2978 2,
2016 2956 2043 2979 4,
2058 2954 2077 2972 1.
2148 2945 2215 2972 Add.
2230 2945 2290 2971 Liu.
2303 2955 2332 2979 4,
2345 2948 2382 2972 61.

255 2999 353 3033 peccati
366 2997 491 3027 mortuis,
506 3002 554 3030 pro
567 2997 687 3029 imputare
708 2991 779 3017 Hirt.
793 2990 820 3015 B.
834 2987 865 3013 G.
881 2992 909 3027 ξ,
924 2994 960 3011 22.
1031 2983 1138 3023 Crimen
1161 2981 1216 3020 Cic.
1238 2988 1286 3020 pro
1347 2982 1446 3008 Vrbem
1461 2989 1555 3021 cruore
1569 2986 1594 3006 et
1607 2981 1711 3007 flamma
1731 2981 1788 3007 Cic.
1809 2980 1840 3007 ad
1860 2981 1955 3007 Οθωυ.
1993 3001 1999 3007 .
2037 3001 2043 3007 .
2115 2981 2225 3013 Delerc‚
2241 2988 2290 3016 pro
2311 2981 2387 3008 Miti-

256 3036 332 3062 Font.
350 3043 371 3059 c.
387 3042 413 3066 4.
444 3035 461 3057 i.
476 3029 625 3065 transferre.
696 3028 795 3053 Curam
808 3024 904 3053 alicui,
928 3028 1015 3047 curam
1029 3019 1136 3044 alterius
1156 3015 1287 3057 Quinctil.
1348 3026 1407 3057 gare
1421 3027 1431 3056 ³.
1464 3016 1519 3056 Cic,
1534 3017 1585 3056 Ati.
1596 3025 1614 3046 1,
1651 3036 1657 3042 .
1697 3036 1703 3042 .
1739 3017 1846 3042 Tamen
1860 3016 1938 3043 habet
1952 3016 2077 3051 quiddam
2085 3016 2384 3051 profefio,quodniagis

258 3080 275 3103 4
299 3077 417 3103 prooem.
432 3076 455 3093 2.
507 3067 547 3092 Sic
560 3063 691 3091 Coluinel.
707 3071 739 3094 11,
753 3068 814 3095 2,72
835 3059 932 3085 Eorum
947 3056 1058 3086 Curam,
1077 3061 1143 3088 quae
1156 3059 1225 3078 intra
1240 3051 1289 3077 vll·
1350 3061 1378 3079 in
1391 3060 1481 3078 animo
1494 3060 1549 3077 eius
1563 3050 1704 3084 insederit,
1726 3053 1796 3086 quod
1810 3061 1893 3086 neque
1906 3053 2031 3087 epistolae
2048 3058 2123 3084 tuac,
2146 3060 2232 3087 neque
2245 3051 2331 3078 nostra
2348 3051 2385 3077 le-

257 3105 307 3130 13111
320 3103 416 3138 agenda
429 3103 503 3133 sunt,
522 3101 625 3126 villicae
639 3099 766 3132 delegare.
817 3095 904 3132 Decus·
912 3090 944 3118 ad
959 3091 1089 3125 aliquem,
1106 3086 1288 3124 proafflgnare
1349 3089 1420 3122 gatio
1434 3093 1486 3114 tam
1501 3087 1582 3127 potest
1597 3087 1673 3113 facile
1687 3087 1790 3126 delere,
1811 3089 1889 3122 quam
1903 3094 1931 3114 tu
1944 3089 2072 3123 praesens,
2091 3095 2146 3113 non
2159 3087 2240 3114 niodo
2253 3087 2385 3120 oratione,

258 3140 317 3166 Liu.
332 3149 367 3169 io,
384 3147 418 3171 19.
469 3136 539 3162 Cael.
554 3136 609 3161 Cic.
624 3136 693 3160 Fam.
709 3138 731 3167 8,
746 3141 755 3159 1
777 3131 883 3157 Tamen
898 3137 926 3154 in
941 3127 989 3153 hoc
1005 3125 1140 3159 deprecor,
1155 3132 1187 3149 110
1201 3130 1288 3148 meum
1304 3129 1332 3158 85
1349 3123 1390 3150 sed
1403 3130 1449 3150 tuo
1461 3123 1534 3149 vultu
1550 3122 1596 3149 ‚110
1610 3122 1735 3149 famulari
1750 3123 1833 3150 tone-5⁴

261 3174 308 3200 hoc
321 3173 436 3200 officium
450 3171 613 3205 arrogantiae
628 3169 799 3199 condemnes,
817 3165 889 3200 quod
903 3163 971 3189 hunc
987 3158 1211 3201 Laborem-alteri-
1221 3157 1289 3183 dele·
1386 3165 1428 3185 DE
1441 3165 1455 3184 L
1467 3165 1514 3185 ET
1525 3167 1531 3184 1
1543 3165 1561 3183 0
1571 3178 1578 3190 ,
1594 3159 1661 3184 onis.
1681 3158 1701 3184 f.
1738 3158 1860 3185 Verbale.
1897 3157 2052 3192 [ἓξοῖλαψις]
2087 3157 2170 3183 Lucil.
2191 3156 2238 3183 lib.
2253 3159 2287 3183 26
2310 3157 2384 3184 Dele-

259 3210 328 3243 gaui.
398 3208 520 3241 Delegare
535 3205 713 3232 exscribendas
726 3201 920 3238 pingendasque
934 3198 1059 3232 imagines
1087 3195 1153 3235 Plin.
1166 3193 1243 3234 Epist.
1256 3201 1283 3225 4,
1349 3195 1450 3221 tionem
1463 3194 1544 3220 nostri
1559 3193 1590 3220 ad
1605 3202 1685 3220 vnum
1700 3194 1828 3220 exercitus
1848 3194 1914 3229 apud
1926 3194 1998 3220 Non.
2012 3201 2038 3225 2,
2051 3200 2102 3226 217·

263 3249 298 3272 28.
339 3244 370 3268 Vt
385 3243 447 3277 apud
464 3244 570 3269 Suetou.
592 3242 619 3267 iu
634 3242 705 3267 Caes.
720 3243 750 3272 56
783 3237 910 3271 Delegare
928 3232 1085 3260 ordinandas
1104 3229 1288 3257 bibliothecas.
1386 3228 1525 3256 DELEBi
1535 3236 1608 3262 Lis,
1627 3238 1651 3255 e.
1677 3229 1736 3256 Adi.
1763 3229 1938 3264 [ἐξαλειπτός]
1976 3227 2049 3263 Qod
2061 3227 2135 3253 deleri
2143 3224 2230 3262 potest.
2267 3215 2384 3254 Maniai.

264 3279 385 3312 Aliquem
403 3278 481 3304 alicui
501 3278 556 3304 Cic.
573 3278 642 3303 Fam.
657 3283 684 3310 7,
698 3283 709 3307 ς
736 3273 783 3299 Vel
800 3273 869 3298 hunc
884 3272 978 3304 Leptae
992 3269 1096 3302 delega,
1121 3269 1138 3292 i.
1151 3263 1289 3291 commenda
1349 3272 1376 3299 7,
1389 3270 1415 3297 83
1436 3264 1541 3291 Calibus
1556 3265 1597 3291 hic
1610 3265 1707 3298 nullis,
1724 3265 1804 3291 nullis
1817 3264 1938 3291 delebilis
1951 3264 2025 3290 annis
2061 3262 2151 3288 Viuet.

261 3313 403 3339 ornandum.
506 3313 628 3347 Aliquem
648 3310 727 3337 alicui
747 3309 853 3343 negotio
874 3305 1005 3333 Columel.
1020 3313 1041 3335 3,
1064 3311 1102 3334 10,
1117 3303 1142 3328 6.
1215 3299 1289 3339 Dele-
1304 3308 1338 3332 90
1384 3307 1402 3326 D
1412 3308 1427 3326 E
1437 3308 1452 3327 1.
1463 3303 1479 3327 E
1488 3307 1509 3325 Τ
1518 3307 1537 3327 O
1546 3308 1574 3332 R,
1583 3301 1646 3327 oris.
1654 3310 1688 3327 m.
1697 3302 1796 3327 Accius.
1816 3300 1980 3332 [ἓξαλάπτης]
1993 3304 2041 3324 etD
2050 3304 2066 3324 E
2076 3305 2091 3323 L
2103 3298 2117 3323 1}
2126 3305 2147 3324 T
2156 3304 2174 3324 R
2183 3304 2192 3323 1
2201 3298 2292 3330 x,icis.
2300 3297 2319 3323 f.
2332 3297 2383 3331 Qui

263 3347 330 3382 gabo
350 3353 374 3372 te
394 3346 424 3372 ad
437 3347 573 3380 Epicurum
594 3348 650 3373 Sen.
665 3346 742 3380 Epist.
756 3350 788 3374 18.
872 3344 961 3376 Qiare
982 3339 1109 3366 studiosos
1127 3337 1235 3363 Catonis
1255 3334 1288 3360 ad
1347 3337 1386 3362 vel
1397 3337 1464 3371 Qiae
1476 3336 1536 3362 delet
1550 3344 1573 3361 c!
1587 3335 1699 3363 destruit.
1753 3337 1808 3362 Cic.
1830 3336 1861 3362 de
1882 3335 1973 3369 Arusp.
1994 3333 2067 3367 Resp.
2084 3342 2103 3358 c.
2116 3342 2145 3367 23
2180 3348 2225 3353 —
2260 3334 2333 3359 Tum
2347 3332 2383 3358 est

263 3382 330 3409 illud
346 3381 468 3408 volumen
482 3381 626 3416 delegamus
642 3383 732 3415 Nepos
745 3389 788 3413 24,
804 3387 825 3410 3,
841 3385 861 3411 ς.
932 3375 986 3402 Cic.
1025 3394 1030 3399 .
1069 3393 1076 3399 .
1112 3372 1169 3398 Post
1188 3371 1287 3404 delega-
1348 3372 1393 3398 illa
1411 3373 1437 3397 in
1456 3371 1555 3405 templo
1572 3372 1686 3399 Castoris
1707 3372 1828 3399 scelerata
1849 3377 1874 3398 et
1895 3377 1974 3405 paene
1996 3368 2107 3394 deletrix
2123 3368 2200 3395 huius
2215 3367 2322 3402 imperii
2335 3367 2383 3394 fica

264 3424 316 3443 mm
336 3416 402 3442 mihi
423 3415 485 3441 ham·
504 3419 675 3449 prouinciam.
768 3413 893 3441 Officium
911 3410 991 3438 alicui
1013 3409 1077 3436 Plin.
1094 3407 1171 3442 Epist.
1186 3415 1208 3439 3,
1225 3414 1247 3438 ς,
1261 3414 1286 3437 9.
1346 3406 1512 3442 deprehensa.

265 3453 319 3479 Cic·
339 3451 369 3476 de
382 3453 454 3476 Orat.
468 3458 491 3477 2,
508 3459 544 3481 125
561 3453 630 3478 Haec
647 3452 708 3486 ipsa,
723 3459 788 3485 qnae
803 3458 871 3475 nunc
883 3447 915 3474 ad
930 3455 972 3472 me
986 3444 1099 3479 delegari
1113 3443 1162 3472 vis,
1182 3451 1211 3468 ca
1224 3442 1287 3481 seni·
1385 3450 1400 3468 n
1410 3450 1426 3469 r.
1436 3450 1450 3469 L
1460 3440 1548 3469 ETiL
1558 3450 1566 3468 1
1577 3450 1606 3476 s,
1627 3451 1650 3468 e.
1671 3441 1732 3469 Adi.
1769 3438 1967 3474 [ἔξαλεπτικός]
1986 3441 2089 3465 Dicitur
2103 3448 2156 3466 non
2171 3437 2241 3473 quod
2254 3436 2383 3469 deleatur,

265 3496 310 3522 per
330 3487 357 3512 in
375 3491 399 3511 te
418 3485 512 3510 eximia
532 3491 556 3510 ct
573 3487 722 3518 praestantia
742 3486 856 3512 fuerunt.
929 3483 987 3508 Liu.
1001 3483 1027 3513 6,
1046 3485 1075 3509 28
1100 3480 1152 3505 Has
1168 3478 1287 3503 inanium
1303 3484 1334 3510 95
1348 3478 1389 3504 sed
1403 3478 1473 3512 quod
1488 3477 1579 3503 deleat.
1615 3479 1700 3504 Varro
1713 3477 1822 3509 Modio,
1844 3476 1870 3501 Si
1896 3474 2043 3509 displicebit
2069 3482 2121 3501 taiii
2141 3475 2191 3501 tibi
2209 3473 2290 3500 latum
2309 3481 2382 3499 mare

266 3530 352 3548 rerum
369 3521 456 3546 inanes
469 3520 533 3552 ipsas
548 3520 678 3547 voluentes
696 3521 884 3555 cogitationes,
901 3518 1024 3544 fortunae
1037 3515 1089 3541 loci
1105 3514 1288 3548 delegauerant
1348 3515 1429 3540 Partis
1449 3514 1546 3545 (Para,
1567 3514 1607 3539 vis
1625 3515 1665 3540 vel
1677 3512 1799 3544 Parabis)
1819 3517 1942 3546 quantam
1959 3510 2093 3544 spongiam
2106 3508 2246 3536 deletilem.
2323 3508 2380 3535 Vid.

266 3558 319 3591 spes
334 3557 395 3584 suas,
415 3557 432 3580 i.
445 3557 540 3579 numine
553 3556 600 3579 loci
612 3556 722 3581 Romanis
736 3555 842 3592 religiosi
855 3561 877 3580 et
890 3551 1119 3588 injizzfiijidentes.
1232 3546 1252 3585 ff
1272 3556 1288 3574 a.
1346 3550 1418 3576 Non.
1432 3556 1456 3580 2,
1471 3557 1526 3575 212.
2179 3553 2184 3556 “

264 3593 390 3624 Delegare
400 3609 407 3619 .
427 3588 493 3623 apisci
507 3589 705 3628 iurisconsultor,
720 3591 749 3622 2st
770 3594 827 3617 Viae
834 3591 883 3627 saa
902 3590 976 3614 alium
996 3588 1053 3612 dare
1072 3595 1136 3612 rcum
1157 3584 1290 3614 creditori,
1386 3592 1428 3612 DE
1438 3591 1478 3611 LE
1489 3591 1509 3609 T
1520 3592 1526 3610 l
1536 3589 1552 3609 c
1562 3589 1619 3610 1vs
1629 3603 1636 3614 ‚
1655 3592 1679 3617 a,
1695 3591 1748 3609 um.
1786 3581 1845 3608 Adi.
1880 3580 1939 3614 le.
1954 3581 1982 3607 in
1995 3580 2011 3607 l.
2026 3580 2137 3607 Chartae
2157 3578 2188 3605 D.
2204 3577 2234 3604 de
2247 3579 2381 3605 Bonorum

266 3629 305 3653 vel
324 3636 360 3651 cui
380 3625 487 3650 cri-dno»-
504 3634 537 3655 ιιι,
549 3626 604 3649 erit.
661 3625 700 3649 Fit
718 3632 794 3651 autem
809 3625 958 3659 DelegatiO,
977 3624 1017 3649 vel
1029 3629 1075 3656 prr
1085 3620 1270 3655 stipulationem
1280 3638 1288 3650 ‚
1349 3621 1408 3655 pois.
1415 3620 1515 3646 secund.
1525 3618 1605 3645 tabul.
1620 3619 1733 3645 Chartae
1746 3615 1885 3652 appellatio
1900 3622 1925 3642 ct
1938 3615 1969 3642 ad
1982 3625 2078 3643 nouam
2093 3614 2205 3641 chartam
2219 3614 2343 3645 refertur,
2357 3620 2382 3639 et

265 3663 305 3688 vel
318 3668 361 3695 prr
380 3662 434 3685 lim
454 3657 655 3689 cmtttstall'oncm.
697 3659 751 3685 ΓΜ.
768 3661 869 3687 Gronau.
885 3660 917 3685 ad
930 3659 986 3686 Cic.
1002 3658 1052 3683 Att.
1068 3665 1105 3688 12,
1120 3664 1146 3682 12
1162 3662 1205 3690 pr.
1259 3655 1342 3679 Et100
1350 3656 1381 3682 ad
1395 3655 1561 3687 deleticiain‚
1586 3657 1603 3680 i.
1617 3663 1665 3689 qua
1673 3653 1898 3689 priorij'criptzo·a
1913 3651 1990 3678 deleta
2002 3653 2043 3678 vel
2053 3650 2121 3686 crasa
2132 3648 2382 3686 aliudscriptumstt,

267 3699 296 3723 L.
311 3696 456 3722 Nescnnins
471 3702 498 3726 4¹
518 3694 548 3718 D.
563 3691 594 3718 de
605 3701 632 3718 re
647 3692 766 3719 iudicata.
867 3696 924 3721 Seu.
941 3693 973 3720 de
987 3692 1075 3720 Benef.
1089 3701 1116 3723 4,
1131 3698 1151 3716 ¹1
1178 3689 1285 3717 Debito-
1348 3690 1527 3724 Palimpsestus
1546 3699 1571 3716 v.
1584 3699 1609 3715 υ.
2032 3706 2036 3711 .

267 3741 307 3759 res
327 3730 403 3756 nobis
421 3729 482 3754 (¹⁰0⁵
499 3727 614 3766 del-ega&
634 3734 818 3762 precaturque,
837 3736 865 3754 vt
883 3730 922 3755 illi
940 3738 988 3763 pro
1001 3729 1025 3754 sc
1039 3727 1146 3762 gratiam
1166 3725 1289 3751 referant.
1388 3733 1406 3752 1)
1416 3732 1432 3752 13
1442 3732 1482 3751 LE
1494 3731 1515 3750 'r
1527 3732 1546 3750 v
1556 3731 1583 3756 s,
1604 3723 1642 3749 sis.
1679 3732 1714 3749 m.
1750 3721 1868 3748 Tertull.
1883 3721 1939 3748 adu.
1953 3723 2034 3748 Marc.
2048 3728 2076 3751 2,
2096 3727 2138 3752 24.

268 3769 298 3793 Et
314 3774 345 3801 7,
364 3773 390 3796 19
423 3764 452 3789 Et
471 3761 596 3801 creditori
630 3776 673 3781 —
708 3763 828 3793 reddam,
847 3764 924 3789 ctiam
943 3765 959 3789 fi
979 3763 1047 3790 mihi
1068 3762 1227 3792 aduiteram,
1246 3759 1290 3785 cui
1388 3766 1558 3790 DELEVO,
1582 3764 1633 3784 are.
1670 3759 1804 3794 Leuigare,
1825 3759 1874 3783 leue
1892 3757 1991 3784 reddere
2002 3754 2115 3783 radendo.
2153 3754 2257 3781 Colum.
2272 3752 2304 3779 de
2317 3752 2384 3779 Arb.

266 3809 416 3831 numerem,
436 3798 602 3831 delegauerit.
639 3830 644 3836 ·
673 3796 753 3822 Plaut.
766 3797 858 3831 Amph.
881 3799 946 3830 prol.
959 3802 993 3832 67
1019 3799 1045 3825 Si
1060 3798 1103 3824 cui
1116 3797 1230 3823 fautorei
1248 3794 1291 3820 de·
1351 3797 1378 3828 6,
1390 3804 1409 3828 4
1428 3795 1529 3828 Plagam
1549 3793 1690 3819 acutiffimo
1705 3793 1778 3818 ferro
1792 3791 1922 3819 deleuato.

268 3837 363 3870 legatos
377 3834 501 3861 viderint·
573 3832 677 3858 Nonius
692 3839 716 3862 2,
729 3840 769 3862 233
789 3836 966 3867 interpretatu»-
982 3833 1130 3867 dispescere,
1145 3831 1291 3865 dispertire.
1300 3835 1343 3862 105
1388 3836 1407 3856 n
1418 3837 1475 3857 aLi
1488 3837 1507 3856 ν
1518 3836 1547 3860 s,
1574 3835 1616 3855 DE
1627 3835 1643 3854 L
1653 3835 1662 3855 1
1672 3834 1718 3854 Ac
1731 3835 1749 3854 v
1760 3835 1788 3861 s,
1820 3828 1874 3855 vid.
1899 3831 2022 3855 nuos-

2285 3864 2382 3887 DELi-
