2479 4225
55 200 161 248 573.
294 202 299 207 ·
453 160 589 231 F'i
675 190 712 229 o
1542 178 1574 218 F
1668 178 1685 216 1
1787 180 1814 217 R
2116 186 2192 233 674

53 285 115 314 bon.
129 291 182 316 129.
199 287 249 315 139.
293 280 384 314 Quod
405 279 446 306 ibi
464 279 574 306 maximi
590 284 615 305 et
636 275 809 313 pulcherrimi
828 273 1011 312 existimentur
1029 271 1090 298 fieri
1150 275 1188 297 tas
1201 269 1290 296 valens
1304 274 1329 309 ct
1344 268 1419 295 firma
1432 267 1488 294 Cic.
1501 267 1533 293 dc
1546 268 1638 302 Arusp.
1653 267 1728 301 Resp.
1742 268 1793 306 60.·
1827 267 1899 306 (Jonf,
1913 270 1983 296 Caes,
1998 271 2025 296 B.
2040 271 2072 297 G,
2085 278 2105 304 ς,
2118 279 2152 298 20
2166 278 2189 297 et

48 319 138 350 'Haedi
151 319 234 344 Van-o
249 325 271 349 2,
285 325 306 348 3.
327 319 344 342 i.
363 316 442 351 nasci.
514 314 742 341 Honorificentius
756 312 814 338 fieri
827 319 881 336 non
898 314 985 342 potuit
999 306 1030 333 dc
1043 307 1089 333 ali·
1152 314 1189 339 52.
1243 308 1341 339 Copiae
1366 306 1433 337 lmp-
1448 308 1481 333 18,
1496 312 1517 336 3,
1530 314 1549 336 3.
1609 304 1729 338 Corpore
1748 303 1807 328 satis
1828 303 1905 329 lirino
1920 306 2036 332 nondum
2057 308 2106 333 esse
2133 307 2189 334 Cic,

3 381 6 384 .
54 364 107 392 quo
126 362 202 389 quam
220 353 329 378 fecerim
355 353 411 378 Cic.
426 352 478 377 Att.
494 360 530 379 12.
546 359 582 384 19.
654 351 721 376 Ter.
736 349 799 375 Eun.
816 355 838 378 3,
851 354 873 377 3,
886 346 918 382 26
958 344 1024 369 Dico
1039 352 1088 377 ego
1153 343 1223 368 Fam.
1240 351 1273 374 11,
1287 349 1323 375 ;7.
1348 376 1350 379 .
1399 342 1481 364 mices
1498 339 1625 366 exercitus
1638 340 1749 365 omnino
1764 337 1854 364 firmos
1870 338 1964 365 habere
1985 341 2056 367 Idem
2071 342 2102 368 ad
2117 343 2189 369 Brut.

53 389 121 420 mihi
134 387 238 416 infidias
251 387 320 414 fieri.
358 388 397 414 Sic
422 388 489 413 Hor.
504 388 586 413 Serui.
607 395 625 416 1,
637 394 662 416 2,
676 394 732 418 ¹04·
802 383 841 408 Ita
860 380 877 406 ii
898 378 997 418 tactum
1019 379 1088 410 esset,
1155 386 1191 403 10.
1262 376 1513 414 ExercitussPaicrc.
1533 385 1554 407 2,
1576 383 1617 407 29,
1632 383 1651 401 1.
1721 374 1804 400 Plaut.
1823 373 1897 407 Capt.
1918 382 1940 406 5,
1962 379 2009 406 1,6
2047 378 2192 412 Quumque

53 434 147 461 magno
159 424 214 451 vsui
229 424 317 449 causae
331 423 434 449 nostrae
449 423 535 448 fuisset
548 423 605 449 Cic.
620 422 673 448 Att.
687 429 713 455 7,
728 427 761 446 12.
819 418 850 442 In
864 415 949 441 Gallia
962 415 1088 440 Transal-
1107 427 1121 452 ς
1153 413 1215 439 hacc
1228 420 1330 446 reperta
1344 412 1380 437 cst
1394 410 1467 449 tides¹
1479 412 1553 436 unua
1568 411 1654 438 nobis.
1723 409 1827 437 Fundus
1840 417 1886 435 nec
1901 410 2059 441 vendibilis,
2083 422 2129 439 nec
2149 422 2191 447 pa.

5 476 8 486 .
53 462 114 499 pina
125 468 149 487 et
160 459 315 486 Macedonia
334 459 400 485 fiunt
421 459 555 493 permagni
569 456 717 492 (Lepores)
730 455 757 480 in
770 452 844 479 Italia
858 458 882 477 et
896 450 1021 484 Hispania
1037 459 1088 476 me-
1152 450 1221 474 scere
1237 451 1327 474 tii-mus
1343 446 1501 485 Hos-,lssfflst-
1518 454 1538 477 1,
1555 453 1592 485 17,
1607 454 1650 480 47.
1716 446 1785 472 Ter.
1800 444 1879 470 Andr.
1894 453 1917 476 3,
1930 452 1951 476 3,
1964 453 1997 477 39
2017 446 2087 473 Tibi
2106 449 2190 475 Gene.

55 498 152 526 ἄορι-ες
172 496 259 521 Varro
273 496 303 521 R⁴
319 495 349 521 R,
370 503 391 526 3,
407 503 441 520 12,
513 494 594 520 Plaut,
610 492 669 518 Aul,
681 499 707 523 2,
718 498 747 522 4,
759 497 783 520 31
821 486 931 514 Censen’
962 486 1088 512 talentum
1151 493 1209 510 rum
1225 483 1346 515 titanum,
1360 487 1385 508 et
1403 481 1474 506 tiliae
1488 490 1605 507 inucmes
1618 482 1714 507 virum.
1784 481 1866 507 Ianua
1884 480 1966 506 Ouid.
1980 482 2070 507 Amor.
2084 491 2107 512 2,
2122 492 2154 515 12,
2169 493 2189 516 3,

0 535 9 550 ?
52 540 172 566 magnum
192 532 299 557 exorari
318 531 414 564 potesse
433 529 465 556 ab
485 529 567 556 isthoc
589 529 663 559 sene,
689 531 717 551 vt
735 524 779 550 det
801 523 849 558 qui
867 522 959 548 siamus
979 521 1089 548 Liberi?
1150 520 1273 550 quenis,
1292 522 1310 544 ι’.
1334 516 1445 550 robustus
1462 516 1495 542 ad
1509 518 1623 543 Venerem
1643 518 1709 542 Hor.
1729 515 1811 551 Epod.
1831 525 1865 547 12,
1879 524 1900 548 3.
1972 516 2042 549 Lege
2060 517 2127 543 nihil
2148 519 2191 545 61--

6 566 7 571 ’
50 565 185 596 Moderate
206 566 264 592 fieri
274 586 280 597 ‚
300 566 353 593 vid.
375 569 520 592 MODFRO.
591 564 659 590 Ter.
676 562 770 587 Heaut.
785 568 811 593 4,
825 567 848 591 5,
862 565 878 592 7
909 559 1006 591 Magno
1027 557 1089 583 deli·
1151 555 1220 582 1111115
1234 556 1260 580 111
1275 551 1460 580 controuersiis
1477 551 1532 578 Cic.
1546 552 1620 585 Top.
1635 561 1656 577 c.
1672 560 1711 584 25.
1784 551 1858 578 Mens
1870 551 1945 578 firma
1956 558 2090 586 permanet
2104 553 2130 578 in
2144 554 2190 580 suo

11 619 13 621 .
51 603 124 630 derio
137 602 189 628 fuit
204 603 226 628 ej
241 602 320 628 filius,
355 603 455 628 Verum
469 601 517 627 vbi
530 598 633 626 videbit
649 603 734 623 tantos
752 595 801 621 fibi
817 595 913 620 sumtus
934 594 1006 619 domi
1024 602 1088 627 quo-
1108 604 1136 621 10
1150 597 1216 617 voto
1235 590 1317 617 Ouid.
1332 587 1409 623 Epist.
1424 590 1461 619 16,
1478 590 1529 626 168.
1602 587 1718 621 Nuptiae
1739 587 1808 613 Ter.
1824 588 1888 613 Hec.
1904 595 1924 620 1,
1936 596 1960 618 2,
1975 590 2018 613 26.
2044 591 2062 614 ι’.
2082 587 2193 614 durabile

50 638 163 666 tidianos
176 637 249 669 fieri,
269 646 316 663 nec
335 636 393 663 fieri
409 636 535 667 Modum,
555 633 656 668 optabit
669 632 783 661 rursum,
796 638 824 656 vt
836 630 911 656 abeat
926 629 957 654 ab
971 629 995 654 se
1009 628 1088 655 filius.
1150 629 1343 652 matrimonium.
1413 624 1514 657 Opinio
1534 621 1608 648 firma
1626 629 1651 648 et
1671 622 1769 648 stabilis
1788 622 1820 648 de
1839 623 1929 656 aliqua
1947 631 1975 649 re
2001 622 2055 650 Cic.
2071 622 2103 649 de
2120 624 2192 649 Clar.

49 673 151 702 Paullus
166 674 192 699 in
207 673 224 699 l.
240 672 281 698 scd
299 673 317 699 fi
330 682 361 699 ex
382 672 504 707 stipulatu
518 672 550 697 D.
564 671 595 695 de
610 667 683 694 verb.
697 666 780 700 oblig.
807 667 871 694 Non
888 664 1025 691 videbitur
1046 673 1091 698 per
1152 663 1226 688 Orat.
1241 671 1292 694 114.
1363 659 1444 685 Plaut.
1458 658 1527 684 Alin.
1542 658 1610 698 prol.
1625 666 1636 690 3
1658 658 1713 684 Nec
1727 660 1865 692 quisquam
1879 658 1914 683 est
1926 664 1978 684 tani
1991 659 2099 693 ingenio
2113 659 2193 692 duro,

50 718 110 736 eum
129 709 207 735 Mora
226 708 294 735 fieri.
365 709 442 735 Mora
462 707 492 734 fit
510 715 556 740 per
574 704 715 730 ianitorem
749 704 816 729 Hor.
837 702 925 728 Carni.
946 709 968 732 3,
988 709 1027 732 14,
1046 708 1090 732 24.
1151 707 1198 724 nec
1214 704 1267 724 tam
1281 696 1359 722 firmo
1372 694 1496 726 Pectore,
1517 703 1583 729 qum
1604 694 1650 719 vbi
1670 694 1814 728 quidquam
1832 693 1975 720 occationis
1989 694 2034 727 61,
2049 694 2098 721 sibi
2113 694 2194 721 faciat

48 745 131 777 Plaut.
144 745 221 771 Cure.
240 754 258 776 1,
272 753 295 776 2,
309 752 344 779 70
370 744 459 770 Sentio
472 742 600 768 sonitum:
624 738 803 772 Tandemque
817 736 910 771 edepol
924 735 992 761 mihi
1005 736 1089 761 Mori·
1152 733 1228 760 bene.
1299 731 1406 757 Pectore
1429 729 1507 766 firmo
1531 739 1599 755 nunc
1617 738 1683 763 opus
1699 729 1734 755 est
1755 729 1831 764 Virg.
1846 730 1910 755 Aen.
1930 732 1956 761 6,
1972 732 2024 756 261.
2092 731 2194 765 Poplite

49 781 107 816 geri
121 780 211 814 pessuli
227 780 301 806 611111.
373 780 458 813 Niger
471 777 499 803 fit
515 775 634 803 scribon.
647 783 701 806 230.
757 773 837 800 Nihil
852 772 898 805 fit,
911 771 1035 807 formula,
1050 771 1091 796 ubi
1110 778 1133 802 15
1152 768 1270 795 nondum
1290 767 1369 792 firmo
1388 765 1505 792 constitit
1524 765 1604 791 Ouid.
1621 766 1683 791 Met.
1701 773 1733 797 15,
1749 773 1804 796 223.
1874 765 1969 798 Populi
1982 765 2149 799 potentissimi
2163 774 2205 792 ac-

49 818 170 851 negotium
183 825 230 842 non
239 814 353 850 procedit
370 825 399 841 ex
423 814 547 839 antenna:
569 810 621 837 vid.
635 811 742 837 Gronou.
756 809 790 836 ad
804 808 870 835 Gell.
885 816 910 839 2,
925 815 967 839 29.
1034 807 1090 833 Cic.
1153 803 1289 831 firmissimi
1305 802 1378 828 Caes.
1393 802 1420 828 Β.
1435 801 1467 827 G.
1484 810 1501 832 1,
1517 810 1536 832 3.
1608 801 1718 827 Potestas
1739 800 1814 826 firma
1829 809 1918 826 rerum
1950 801 2037 828 Valer.
2052 801 2150 835 Argon.
2165 810 2194 834 4,

48 851 102 878 Att.
118 853 154 883 16,
170 859 193 883 13
229 851 347 878 Obuiam
366 850 403 876 rui
424 849 433 874 i
454 847 483 874 fit
503 846 664 873 tabellarius.
719 844 817 872 Pastilli
836 843 903 870 fiunt
918 842 1038 869 Scribon.
1052 851 1089 874 91.
1152 848 1186 867 12.
1257 838 1334 864 Potio
1356 837 1448 870 firma,
1466 838 1490 863 h.
1507 846 1526 863 e.
1546 838 1625 863 Multi
1648 838 1802 862 nutrimenti.
1845 836 1912 862 Cels.
1930 845 1952 868 2,
1968 842 1992 865 18
2026 837 2143 864 Firmior
2161 845 2192 863 ex

49 889 104 914 126.
176 887 287 913 Pecunia
320 886 379 912 fieri
410 883 517 919 proprie
543 882 697 914 dicebatur,
726 880 826 908 auctore
846 879 951 905 Donato
970 878 1004 903 ad
1022 878 1090 904 Ter.
1152 870 1376 908 frumento'potio
1389 872 1441 905 est,
1459 881 1512 907 quo
1527 872 1628 899 firmius
1648 872 1698 898 fuit
1717 872 1802 906 ipsum
1819 871 1992 897 frumentum.
2028 873 2147 899 Firmior
2162 881 2194 899 ex

47 921 153 949 Phorm.
173 931 193 955 1,
214 931 232 949 1.
269 920 367 948 Sallust.
380 919 445 954 apud
459 917 538 945 Eund.
553 917 616 944 ibid.
640 919 716 951 Qiae
735 916 846 943 Pecunia
865 914 897 941 ad
918 914 1090 948 Hispaniense
1152 920 1184 937 eo
1205 911 1270 937 vino
1290 908 1363 944 quod
1381 908 1451 934 bono
1471 908 1541 939 solo,
1559 916 1638 943 quam
1658 906 1730 941 quod
1748 907 1821 933 tenui
1840 913 1930 933 natum
1948 907 1993 933 cst.
2065 908 2196 935 Praefidia

47 957 147 985 bellum
161 958 229 984 faeta
244 957 288 984 est.
360 956 468 982 Porcam
493 960 599 988 oportet
627 953 687 979 fieri
716 953 772 978 Cat.
790 959 878 984 134,1.
898 952 916 976 i.
935 949 1089 985 sacrificari.
1099 958 1134 976 20
1152 946 1293 973 firniiffima
1315 945 1386 971 vitae
1405 944 1456 969 line
1477 950 1548 969 metu
1569 944 1701 977 degendae
1721 943 1777 968 Cic.
1798 944 1829 968 de
1850 943 1908 969 Fin.
1929 951 1947 973 1,
1968 950 2004 975 35.
2074 944 2195 978 Regnum

46 994 164 1020 Possum:
200 994 266 1020 Ter.
281 993 344 1018 Hec.
355 999 380 1023 3,
392 999 415 1022 3,
429 998 460 1024 37
491 990 538 1016 Sed
559 989 576 1015 fi
597 988 656 1016 fieri
675 988 702 1014 id
715 996 768 1014 non
783 985 881 1021 potest,
891 985 956 1020 quin
970 986 1090 1016 sentiant,
1152 983 1271 1008 futurum
1292 980 1395 1006 firmius
1414 979 1504 1005 lustin.
1520 987 1556 1011 21,
1571 988 1591 1011 1,
1606 987 1626 1004 2.
1662 978 1736 1013 Conf.
1757 977 1857 1003 Sallust.
1870 977 1989 1011 Iugurth.
2004 987 2033 1004 10
2047 978 2071 1005 d.
2143 980 2195 1005 Ro-

47 1027 134 1055 dicam
147 1028 269 1056 abortum
284 1027 340 1053 esse.
394 1025 450 1052 Cic.
467 1025 500 1052 de
514 1025 620 1051 Amicit.
636 1033 669 1058 54
694 1023 790 1058 Neque
808 1021 954 1057 quidquam
971 1021 1092 1055 insipien·
1151 1018 1217 1044 bora
1232 1017 1307 1051 Virg.
1324 1017 1388 1042 Aen.
1409 1023 1431 1047 2,
1451 1021 1510 1048 482.
1581 1014 1638 1040 Cic.
1652 1014 1704 1039 Att.
1719 1021 1754 1042 12,
1768 1020 1804 1045 49
1837 1012 1915 1038 Illum
1936 1013 2066 1040 discessisse
2084 1014 2195 1041 Alexan.

48 1070 76 1092 te
95 1065 231 1091 fortunato
247 1061 444 1089 intolerabilius
462 1061 520 1087 fieri
541 1060 633 1095 potest.
685 1058 755 1085 ibid.
769 1063 801 1093 78
827 1056 885 1084 Nisi
906 1056 1032 1091 quaedam
1047 1055 1091 1082 ad·
1152 1053 1209 1080 dria
1224 1054 1326 1079 Rumor
1346 1051 1381 1077 est
1399 1060 1452 1076 non
1472 1051 1579 1082 firmus,
1598 1054 1672 1075 ortus
1691 1057 1723 1074 ex
1744 1047 1854 1082 Sulpicii
1875 1047 1968 1087 literis.
2038 1049 2086 1083 Spe
2105 1051 2132 1075 in
2152 1050 2195 1077 fir.

46 1101 156 1127 modum
176 1099 274 1126 iniuria
292 1097 434 1129 exarserit,
450 1103 479 1123 vt
494 1105 581 1131 neque
594 1095 713 1127 rectum,
732 1102 819 1128 neque
832 1092 970 1119 honestum
985 1092 1028 1124 lit,
1045 1101 1089 1118 ne-
1150 1089 1237 1115 miore
1255 1088 1303 1114 ess'e
1324 1088 1381 1113 Cic.
1397 1088 1448 1112 Att.
1464 1092 1487 1118 8,
1500 1094 1533 1117 13·
1602 1085 1669 1110 Plin,
1686 1092 1719 1116 11,
1733 1091 1763 1123 3¹7
1800 1084 1950 1109 Hominum
1968 1084 2055 1117 paucis
2076 1094 2129 1111 non
2149 1086 2196 1118 cst,

47 1144 99 1170 que
128 1135 186 1161 fieri
210 1133 296 1169 possit,
321 1138 349 1160 vt
368 1142 422 1159 non
442 1132 529 1159 statim
548 1132 674 1158 alienatio
693 1129 893 1163 disiune'fioque
913 1128 1028 1155 facienda
1051 1127 1089 1154 61.
1106 1130 1137 1157 25
1151 1133 1265 1159 quorum
1283 1122 1413 1149 Valetudo
1434 1122 1538 1148 tirmior
1561 1126 1587 1146 et
1602 1120 1658 1146 vita
1677 1119 1793 1153 lo'hgior.
1865 1118 1934 1145 Vina
1953 1118 2095 1146 firmissima
2121 1122 2195 1155 Virg.

46 1171 101 1198 Cic.
115 1171 186 1197 Fani.
199 1178 226 1202 2,
240 1171 269 1196 16
303 1169 343 1195 De
360 1168 509 1195 rationibus
528 1165 676 1194 referendis
695 1174 749 1192 non
768 1171 824 1191 erat
844 1164 1041 1191 incommodum
1064 1169 1090 1189 te
1151 1161 1250 1194 Georg.
1265 1168 1288 1191 2,
1305 1166 1348 1193 97.
1368 1158 1507 1197 durabilia..
1575 1155 1687 1189 Vincula
1707 1153 1790 1195 Ouid.
1804 1152 1868 1180 Fast.
1884 1162 1904 1187 1,
1916 1162 1975 1189 370.
2029 1154 2108 1181 Vires
2123 1155 2196 1183 Idem

44 1206 145 1233 nullam
163 1205 279 1237 referre,
297 1213 377 1239 quam
401 1204 452 1231 tibi
472 1203 563 1231 scribis
580 1211 595 1229 a
615 1201 714 1228 Bibulo
734 1201 793 1228 fieri
813 1200 976 1227 Potestatem.
1046 1199 1089 1225 Fit
1152 1195 1217 1223 Fast.
1233 1204 1256 1228 3,
1271 1203 1310 1227 39.
1367 1195 1423 1219 Vor
1438 1193 1544 1219 firmior
1558 1201 1617 1218 aere
1637 1191 1674 1218 Id.
1689 1190 1774 1217 Trist.
1789 1198 1809 1222 1,
1824 1200 1852 1224 4,
1865 1199 1901 1222 53.
1966 1224 1981 1251 d
2041 1188 2062 1252 Ξ
2083 1199 2099 1217 2
2139 1193 2198 1218 For.

1984 1234 2026 1252 em

45 1241 99 1269 cito
114 1250 162 1276 per
181 1241 275 1267 multas
287 1240 383 1267 Praeda
402 1239 484 1275 petita
504 1247 595 1265 manus
614 1237 695 1264 Ouid.
713 1238 772 1263 Ain.
793 1245 814 1268 1,
828 1242 853 1268 8,
872 1244 914 1267 92.
985 1235 1041 1261 Cic.
1056 1234 1089 1261 de
1151 1232 1245 1258 mulae:
1283 1230 1402 1256 Firmum
1424 1229 1456 1255 ad
1476 1228 1653 1254 detentionem
1673 1226 1728 1253 Cic.
1742 1227 1820 1252 Verr.
1835 1235 1857 1258 5,
1871 1233 1916 1260 74.
1952 1225 1965 1251 I
2064 1235 2078 1252 e
2097 1227 2154 1253 Fin.
2167 1237 2197 1262 4,

1 1278 9 1303 ι’
45 1277 151 1305 Amicii.
166 1285 195 1310 14
212 1277 290 1303 Sensu
309 1276 381 1302 enim
394 1276 484 1302 amiss'o
505 1274 535 1301 fit
553 1274 624 1300 idem
639 1272 719 1306 Qiafi
733 1278 810 1299 natus
825 1280 879 1298 non
895 1271 954 1297 esset
967 1270 1089 1298 omnino.
1152 1275 1182 1300 52
1206 1265 1327 1293 Diri-edet
1349 1272 1435 1291 tamen
1449 1264 1536 1290 nihilo
1550 1263 1654 1289 tirmior
1668 1261 1699 1288 ad
1714 1261 1836 1288 dolorem
1852 1260 2007 1293 ferendum,
2026 1270 2104 1296 quam
2119 1271 2197 1289 vene-

3 1316 8 1330 ’-
45 1313 103 1342 Ne'c
115 1312 197 1348 potest
210 1311 269 1339 fieri
283 1320 326 1338 me
339 1312 493 1346 Qiidquam
509 1309 648 1344 superbius
661 1310 718 1336 Cic.
732 1309 804 1335 Fam.
817 1315 840 1340 3,
853 1315 870 1342 7
881 1306 943 1333 med.
1007 1306 1089 1333 Plaut.
1109 1314 1140 1338 30
1150 1308 1200 1330 rat.
1271 1303 1346 1335 Qiae
1360 1301 1448 1327 omnia
1464 1300 1517 1325 illis
1532 1298 1667 1328 firmiora;
1688 1300 1706 1324 i.
1730 1298 1837 1323 Firmius
1846 1298 1953 1331 probata
1968 1297 2068 1323 Sallust.
2078 1299 2198 1333 [ugurth-

4 1353 10 1355 ⁴
49 1348 114 1381 Asin.
133 1358 155 1381 3,
170 1356 192 1380 3,
209 1356 246 1380 133
281 1349 382 1381 Exopta
400 1347 445 1380 id,
460 1346 540 1379 Quod
560 1346 601 1372 vis
621 1345 735 1371 maxime
754 1343 880 1375 euenire,
893 1342 948 1369 fiet.
1019 1342 1089 1368 Reus
1151 1341 1182 1368 68
1195 1346 1218 1364 e·
1289 1338 1409 1363 Firmum
1425 1335 1569 1369 stabileque
1584 1334 1637 1360 Cic.
1652 1333 1705 1360 Off.
1722 1342 1740 1364 ι,
1754 1335 1779 1358 6.
1822 1333 1893 1358 Idem
1908 1332 1940 1358 de
1954 1333 2060 1359 Amicit.
2074 1336 2104 1365 63
2133 1335 2197 1363 Sunt

49 1381 128 1415 ffliis
141 1383 230 1410 Aurel.
245 1383 316 1410 Vici.
332 1383 364 1409 de
377 1383 433 1410 Vir.
447 1382 528 1408 illust.
543 1391 564 1408 c.
579 1390 621 1414 24-
693 1379 801 1407 Rabiosi
822 1379 888 1405 fiunt
901 1376 1019 1405 Scribon.
1041 1385 1090 1411 171.
1152 1374 1235 1408 igitur
1251 1372 1337 1404 firmi,
1351 1379 1376 1398 et
1396 1371 1516 1403 stabiles,
1531 1377 1556 1396 et
1570 1369 1714 1396 constantes
1726 1367 1857 1402 eligendi,
1872 1375 1919 1394 ete.
1988 1369 2121 1402 Qiincffil.
2138 1373 2164 1402 6,
2179 1379 2198 1403 4

51 1419 127 1455 Sasiae
138 1419 203 1446 fiunt
216 1424 273 1449 228.
343 1419 412 1445 Ter.
427 1419 491 1444 Eun.
505 1426 527 1450 5,
540 1420 567 1449 6,
580 1425 592 1449 3
619 1415 675 1442 Vbi
687 1415 769 1443 Satias
784 1415 852 1450 cepit
866 1414 924 1441 fieri
933 1434 941 1446 ,
954 1419 1089 1439 commuto
1153 1410 1224 1436 Nam
1238 1408 1309 1443 quod
1325 1407 1439 1434 fideliter
1452 1407 1558 1433 firmum
1574 1406 1619 1438 est,
1633 1412 1678 1431 etc.
1750 1404 1845 1430 Ratun»
1861 1403 1976 1435 firmum,
1990 1404 2072 1430 fixum
2093 1405 2196 1440 aliquid

51 1455 144 1490 Iocum.
214 1455 288 1481 Idem
301 1453 406 1481 Phorm.
422 1461 444 1487 5,
459 1459 481 1484 8,
496 1461 526 1486 30
545 1454 581 1479 Ea
594 1457 707 1478 mortem
721 1451 807 1478 obiit:
826 1459 840 1476 e
853 1449 944 1477 medio
956 1446 1089 1482 abiit,qui
1153 1446 1200 1472 esse
1222 1445 1277 1471 cic.
1293 1443 1370 1470 Acad.
1385 1452 1412 1475 4,
1426 1450 1469 1477 27.
1543 1441 1612 1468 Ter.
1626 1442 1722 1467 Heaut.
1736 1448 1759 1470 2,
1772 1448 1795 1472 3,
1808 1442 1842 1472 96
1861 1439 1988 1466 Fabulae:
2009 1440 2078 1466 nihil
2091 1441 2135 1467 sat'
2154 1441 2198 1467 fir-

48 1489 79 1517 [ῖς
92 1490 120 1517 in
135 1490 183 1517 hac
196 1498 225 1517 re
241 1490 399 1524 scrupulus?
471 1488 578 1515 sonitus
592 1487 621 1514 fit
639 1488 668 1513 in
682 1487 788 1513 aethere
807 1487 882 1520 Virg,
896 1486 994 1519 Georg,
1008 1493 1036 1517 4,
1050 1490 1090 1518 73.
1108 1490 1135 1515 35
1152 1481 1190 1507 mi
1204 1480 1298 1511 video,
1319 1479 1493 1513 quamobrem
1506 1477 1623 1511 accipere
1636 1476 1704 1502 hunc
1721 1475 1789 1501 mihi
1802 1475 1922 1509 expediat
1934 1481 2043 1502 metum.
2087 1476 2198 1503 Tenere

46 1525 169 1561 strepitus
188 1525 217 1560 fit
235 1525 311 1552 tediis
336 1526 409 1552 Idem
423 1526 487 1551 Aen.
504 1533 524 1555 1,
537 1531 597 1558 729.
669 1523 737 1549 Ter.
752 1523 848 1548 Heaut.
861 1530 890 1554 4,
905 1529 929 1553 5,
940 1528 958 1555 7
989 1522 1088 1546 Verum
1152 1515 1255 1550 aliquid
1274 1515 1381 1542 firmum
1401 1515 1457 1541 Cic.
1473 1515 1500 1540 in
1512 1514 1587 1539 Orat.
1602 1514 1688 1551 2373i.
1710 1512 1815 1551 Certum.
1889 1510 1945 1537 Cic.
1960 1512 2030 1538 Fam.
2046 1513 2083 1544 16,
2098 1520 2126 1538 12
2151 1513 2198 1538 Te

4 1574 11 1592 ,¹
42 1561 91 1589 vbi
104 1561 209 1588 videbit
221 1567 306 1588 tantos
319 1561 368 1587 fibi
381 1561 485 1587 Sumtus
499 1559 574 1585 domi
588 1557 760 1592 quotidianos
775 1557 845 1589 fieri,
857 1563 903 1583 etc.
959 1555 1001 1582 Fit
1016 1556 1091 1582 Sum-
1153 1552 1255 1586 penitus
1276 1559 1342 1585 rogo
1352 1571 1360 1583 ‚
1381 1559 1413 1576 ne
1428 1556 1479 1576 tam
1500 1549 1593 1582 longae
1604 1548 1769 1581 nauigationi
1790 1552 1815 1573 et
1830 1546 1888 1573 viae
1902 1556 1948 1580 per
1961 1546 2076 1573 hiemem
2090 1547 2137 1573 nifi
2153 1547 2198 1574 be-

41 1602 84 1624 tus
98 1597 126 1624 in
137 1598 237 1624 claisem
251 1597 321 1630 Nep.
337 1605 357 1628 1,
371 1603 398 1629 7,
413 1597 439 1621 6.
510 1592 677 1620 Valetudinis
696 1592 889 1619 commodioris
903 1591 986 1617 faetus
1002 1591 1090 1617 videri
1152 1596 1184 1614 ne
1199 1587 1305 1613 firmum
1322 1586 1486 1617 committas,
1507 1584 1534 1610 de
1547 1593 1620 1620 aegro
1634 1584 1819 1622 con-ualejcente.
1893 1582 1998 1608 Firmus
2010 1591 2025 1608 a
2038 1583 2113 1616 graui
2129 1583 2198 1609 vale.

43 1641 104 1666 cuni
123 1633 203 1660 vellet
217 1633 340 1658 Vatinius
354 1629 484 1664 Quinem.
500 1632 525 1660 6,
542 1638 566 1661 3,
579 1636 624 1664 77.
696 1629 764 1655 Ter.
785 1627 867 1654 Andr.
887 1635 907 1659 1,
922 1635 945 1659 3,
959 1635 994 1652 20
1019 1626 1090 1652 Mihi
1152 1623 1244 1649 tudine
1257 1623 1326 1648 Suet.
1342 1624 1408 1656 Aug.
1423 1627 1446 1653 8,
1460 1629 1471 1652 3
1552 1620 1638 1645 Planc-
1651 1619 1707 1644 Cic.
1721 1619 1792 1644 Fam.
1807 1626 1846 1648 ιο,
1859 1624 1883 1649 15
1907 1617 1952 1642 Me
1964 1623 1993 1643 vt
2011 1617 2139 1647 venirem,
2154 1627 2199 1649 ρο.

43 1668 153 1702 quidem
179 1668 266 1694 hercle
290 1675 344 1693 non
369 1666 398 1692 61
417 1665 581 1691 Verisimile:
610 1669 690 1698 atque
709 1663 769 1698 ipsis
796 1667 977 1689 commentum
997 1662 1089 1696 placet.
1105 1665 1143 1689 40
1153 1660 1260 1693 piasque
1276 1658 1464 1691 coniungerem
1478 1655 1592 1689 rogauit,
1601 1662 1687 1692 eoque
1701 1653 1800 1686 magi5‚
1810 1651 1882 1691 quod
1895 1657 1920 1677 et
1933 1652 2063 1678 Antonius
2076 1652 2108 1677 ab
2124 1653 2199 1686 equi-

0 1707 8 1734 1'
43 1704 100 1730 Cic.
114 1703 146 1729 de
161 1703 268 1729 Amicit.
281 1704 316 1737 67
353 1703 392 1728 Ita
411 1701 440 1727 61
454 1702 554 1727 Verum
570 1699 639 1726 illud
652 1699 724 1734 quod
744 1699 825 1725 initio
843 1698 916 1730 dixi,
935 1697 1090 1724 Amicitiam
1152 1701 1206 1720 tatu
1220 1693 1310 1719 firmus
1324 1696 1371 1718 elle
1385 1691 1536 1720 dicebatur,
1554 1695 1579 1715 et
1593 1689 1707 1721 Lepidus
1728 1696 1782 1712 non
1795 1686 1957 1712 mediocrem
1976 1686 2084 1720 quidem
2097 1689 2200 1721 equita-

42 1738 92 1765 nifi
106 1739 175 1764 inter
189 1738 272 1764 bonos
286 1738 334 1764 ess'e
344 1746 401 1763 non
415 1737 492 1771 posse.
547 1736 599 1763 Via
618 1735 647 1761 fit
665 1735 693 1762 vi
707 1734 782 1768 Virg.
796 1735 861 1760 Aen.
874 1742 900 1765 2,
914 1741 972 1765 209.
1027 1733 1089 1759 Liu.
1151 1735 1208 1754 tum
1222 1728 1343 1753 habebat.
1403 1728 1441 1751 Ad
1454 1724 1557 1758 aliquid
1570 1722 1721 1749 faciendum
1735 1730 1789 1747 non
1801 1721 1860 1760 satis
1873 1720 1965 1746 firmus
1982 1722 2038 1748 Cic.
2052 1724 2106 1749 Att.
2121 1727 2144 1755 8,
2160 1731 2198 1758 17.

43 1782 91 1807 24,
105 1782 133 1800 10
155 1774 214 1800 Alia
228 1773 333 1807 vulgata
344 1771 471 1799 miracula
485 1776 571 1801 erant,
587 1779 619 1797 ex
631 1770 745 1796 muliere
759 1769 858 1803 Spoleti
873 1769 965 1793 virum
978 1767 1088 1792 factum.
1152 1764 1269 1789 Firmior
1288 1761 1319 1786 ad
1340 1760 1461 1786 dolorem
1479 1760 1617 1797 ferendum
1645 1758 1717 1796 Idem
1732 1755 1764 1781 de
1778 1756 1835 1782 Fin.
1848 1764 1876 1789 4,
1890 1764 1924 1788 51.
1997 1756 2037 1783 Ad
2050 1758 2199 1786 viuenduni

43 1809 112 1834 Ter.
127 1809 193 1835 Eun.
209 1816 232 1840 5,
246 1816 267 1840 5,
282 1810 311 1834 16
330 1808 462 1841 Nequam
476 1808 504 1831 in
519 1806 596 1832 illum
603 1805 691 1831 Thais
703 1804 766 1830 Vim
781 1803 841 1828 fieri
856 1802 927 1827 sinat.
994 1800 1089 1826 Vlcera
1152 1797 1258 1826 firmuS,
1280 1795 1331 1821 id.
1354 1801 1396 1820 ΑΙ)
1411 1797 1500 1828 Pracp.
1569 1791 1740 1818 Firmiffimus
1752 1796 1844 1817 contra
1859 1791 1973 1826 pericula
1987 1799 2012 1819 et
2025 1793 2130 1820 infidias
2146 1794 2199 1820 Sal·
2221 1807 2225 1810 -

40 1843 108 1869 flunt
128 1843 246 1869 Scribon.
267 1845 305 1867 61.
323 1843 398 1876 vulgo
415 1847 574 1876 generantur.
644 1839 700 1864 Cic.
715 1838 744 1863 in
756 1838 832 1863 Orat.
848 1843 895 1869 177
913 1844 935 1860 c.
954 1841 982 1867 53
1014 1835 1089 1860 Prae·
1103 1837 1136 1863 43
1150 1831 1206 1856 lust.
1221 1831 1341 1864 Iugurth.
1356 1838 1395 1861 30.
1427 1830 1484 1855 Vid-
1502 1828 1537 1853 ibi
1550 1828 1586 1854 Cl.
1602 1826 1693 1860 Wuffi’-
1762 1827 1866 1853 Firmus
1888 1827 2011 1854 aduersus
2027 1829 2198 1863 largitionem

40 1877 131 1904 sertim
153 1885 234 1912 quum
245 1896 253 1908 ‚
274 1882 303 1902 vt
322 1875 365 1907 fit,
381 1874 497 1901 fortuito
516 1874 590 1907 saepe
609 1872 712 1907 aliquid
729 1871 868 1902 concluse,
887 1875 1000 1904 apteque
1019 1869 1088 1895 dice·
1149 1866 1241 1892 Tacit.
1257 1866 1322 1892 Hui.
1338 1873 1369 1896 11,
1383 1870 1420 1894 82.
1492 1864 1636 1889 Firmiores
1656 1864 1683 1889 in
1705 1863 1833 1889 sententia
1853 1862 1909 1888 Cic.
1923 1872 1972 1896 pro
1985 1865 2067 1890 Corn.
2083 1864 2156 1891 Balb.
2167 1867 2198 1892 61

41 1918 109 1942 rent.
180 1911 238 1943 Fit,
251 1912 288 1937 Vt
302 1910 333 1936 de
346 1909 436 1936 eadem
448 1918 477 1935 re
491 1909 564 1943 saepe
579 1907 646 1934 alius
659 1907 732 1934 aliud
743 1906 908 1935 decreuerit,
922 1911 967 1931 aut
988 1904 1088 1931 iudica.
1149 1911 1175 1927 c.
1186 1909 1225 1935 27.
1298 1899 1468 1926 Firmiss'mius
1481 1908 1529 1933 pro
1543 1900 1656 1925 veritate
1668 1898 1732 1924 Plin.
1748 1898 1823 1931 Epist.
1838 1905 1864 1929 2,
1878 1905 1908 1922 11.
1980 1899 2022 1924 Ira
2038 1899 2197 1927 firmiffimus

40 1948 112 1976 verit
132 1946 207 1974 Αιιὸὶ.
220 1946 250 1972 ad
263 1947 361 1972 Heren.
381 1954 407 1977 2,
429 1953 465 1977 19.
536 1945 595 1970 Hoc
614 1943 662 1969 nisi
675 1942 727 1974 161,
753 1951 868 1977 puerum
881 1942 917 1967 Vt
935 1947 963 1967 tu
984 1940 1088 1966 videas:
1149 1936 1231 1963 Ouid.
1246 1937 1311 1963 Mei.
1326 1944 1354 1969 7,
1368 1943 1427 1968 437.
1501 1935 1558 1960 Nec
1571 1935 1666 1967 opibus
1679 1933 1739 1958 satis
1754 1932 1824 1958 firmi
1837 1942 1884 1958 nec
1897 1932 2034 1960 voluntate
2053 1935 2109 1961 Cic.
2122 1936 2196 1963 Fam.

43 1984 110 2012 nihil
129 1989 270 2009 mouentur
287 1982 395 2015 nuptiae
407 1981 476 2007 Ter.
490 1980 570 2006 Andr.
585 1987 609 2011 3,
622 1987 645 2011 3,
658 1980 699 2011 36.
856 1975 876 2012 ff
896 1984 909 2008 3
946 1975 1088 2011 Obseruatt.
1151 1980 1186 2004 15,
1202 1981 1220 1998 ι.
1292 1972 1354 1996 Fuit
1376 1969 1478 1995 viribus
1504 1968 1535 1994 ad
1562 1969 1681 1995 laborem
1705 1967 1842 1994 ferendum
1865 1967 1948 1994 firmis
1972 1969 2041 2004 Nep.
2065 1976 2099 2003 18,
2118 1979 2152 2004 ιι,
2172 1979 2195 2004 5.

44 2019 236 2048 Grammaticae:
273 2018 331 2043 Cum
342 2017 401 2043 Abl.
427 2016 509 2042 Plaut.
523 2015 609 2041 Truc.
629 2023 656 2047 4,
669 2022 693 2046 3,
706 2020 737 2047 37
764 2012 858 2039 Vostra
878 2011 967 2038 hercle
988 2010 1089 2036 factum
1101 2011 1133 2037 50
1149 2008 1243 2033 Parum
1255 2005 1346 2032 firmus
1360 2012 1385 2031 et
1402 2004 1519 2030 imbellis
1532 2005 1599 2030 Hor.
1612 2004 1694 2038 Epod.
1710 2012 1729 2035 1,
1745 2006 1782 2029 16.
1842 2004 1978 2038 Propofito
1992 2005 2084 2032 firmus
2099 2007 2197 2034 Patere.

43 2055 157 2086 iniuria,
176 2062 243 2088 quae
256 2051 463 2087 properaueritis
476 2050 543 2077 olim
556 2058 656 2084 rapere.
729 2048 802 2082 Quid
818 2047 866 2073 illo
878 2046 924 2073 fiet
933 2066 940 2078 ‚
956 2054 1035 2081 quem
1048 2054 1089 2071 re·
1149 2051 1175 2074 2,
1189 2044 1227 2074 63,
1243 2050 1264 2073 3.
1420 2040 1439 2076 ‘j
1462 2048 1480 2079 3·
1503 2038 1549 2079 *Est
1562 2049 1692 2079 cognomen
1705 2041 1839 2065 Romanum
1851 2042 1936 2075 gentis
1948 2041 2049 2073 Aeliae,
2070 2043 2135 2077 quod
2152 2043 2197 2070 ha.

45 2091 164 2126 liquem?
181 2089 246 2124 quid
260 2097 303 2115 me
318 2093 405 2114 autem
420 2088 475 2113 Cic.
491 2088 545 2114 Att.
560 2088 586 2118 6,
601 2094 620 2112 ι.
657 2085 699 2112 sic
712 2084 780 2110 Ter.
796 2084 892 2110 Heaut.
907 2092 935 2116 4,
950 2090 971 2114 3,
986 2090 1013 2114 37
1038 2081 1087 2107 Tu
1147 2078 1201 2104 buit
1217 2080 1290 2103 ctiam
1308 2086 1371 2102 viius
1386 2085 1413 2101 rx
1427 2076 1555 2108 Triginta
1569 2080 1695 2107 tyrannis.

3 2143 6 2147 ·
46 2127 100 2159 fors
111 2125 173 2162 quid
189 2126 233 2151 Me
246 2124 307 2157 fiat,
322 2123 397 2158 parui
411 2122 510 2157 pendis.
581 2121 640 2147 Cum
653 2122 714 2146 Dat.
735 2118 844 2146 Factum
863 2117 900 2144 est
919 2117 969 2143 tibi
988 2125 1087 2144 nomen
1185 2119 1318 2139 FiRME.
1348 2111 1413 2136 Adu.
1451 2110 1604 2144 [ἐπιμένω]
1642 2110 1786 2140 &abdicem
1806 2108 1956 2143 inconcuffi‘.
1986 2110 2069 2138 Plaut.
2089 2113 2149 2139 Mil.
2168 2121 2196 2147 4,

48 2161 214 2191 Menaechmo
229 2159 308 2186 Plaut.
323 2161 394 2186 Men.
407 2167 431 2189 2,
446 2167 468 2190 2,
482 2166 520 2190 23.
573 2156 655 2183 Ouid.
670 2155 701 2181 de
715 2155 780 2181 Arte
796 2155 854 2180 Am.
872 2162 892 2185 i,
907 2155 951 2184 536
970 2151 1087 2178 Perfidus
1149 2156 1174 2178 2,
1190 2156 1216 2179 23
1255 2146 1340 2173 infido
1355 2146 1420 2171 celas
1434 2147 1509 2179 (oid.
1523 2148 1569 2181 leg.
1584 2145 1655 2177 cela)
1668 2154 1717 2180 ego
1734 2146 1788 2171 sum
1802 2144 1879 2171 firme
1891 2147 1943 2172 tibi
1957 2145 2052 2173 fidelis.
2122 2149 2196 2175 Idem

51 2197 98 2225 ille
113 2197 191 2229 abiit,
213 2197 278 2230 quid
300 2195 368 2222 mihi
388 2194 450 2220 fiet?
464 2194 511 2220 ait.
583 2192 673 2218 Fimus
683 2210 691 2223 ‚
706 2191 744 2217 Pl.
769 2190 838 2216 Ter.
860 2189 956 2214 Heaut.
978 2196 1002 2219 3,
1017 2195 1038 2219 1,
1052 2195 1088 2220 74
1106 2191 1135 2217 53
1149 2183 1217 2209 Pers·
1231 2191 1258 2223 4,
1275 2191 1294 2215 ι,
1307 2190 1319 2214 3
1357 2182 1442 2216 Atque
1457 2182 1549 2214 edepol
1570 2180 1646 2207 firme
1659 2188 1687 2208 vt
1701 2182 1812 2216 quisque
1826 2190 1882 2207 rem
1895 2188 1998 2208 accurat
2013 2184 2083 2209 suam
2093 2203 2101 2215 ‚
2123 2183 2156 2210 sic
2169 2185 2197 2211 ei

20 2233 21 2256 ἶ
50 2231 145 2261 nestore
160 2234 273 2262 Murem.
293 2231 446 2258 Deteriores
469 2237 561 2256 omnes
587 2227 664 2254 fimus
681 2225 798 2252 licentia.
815 2225 848 2254 αΙ.
870 2224 972 2250 Sumus.
1047 2222 1088 2253 Fi,
1149 2218 1277 2258 procedit.
1315 2252 1324 2258 ἢ
1350 2217 1466 2257 Firmius
1493 2217 1564 2243 Flor.
1580 2226 1603 2249 3,
1619 2226 1640 2250 5,
1654 2222 1677 2247 8.
1715 2216 1780 2242 Plin.
1802 2225 1839 2248 35,
1861 2225 1896 2243 12.
1968 2218 2119 2245 Ass'euerare
2149 2220 2197 2246 ali.

48 2270 160 2304 Imperat.
179 2267 246 2303 apud
264 2267 345 2293 Plaut.
364 2267 443 2293 Cure.
461 2274 481 2297 1,
496 2273 516 2296 1,
532 2270 564 2298 87
584 2263 616 2289 Fi
627 2261 701 2288 'mihi
721 2261 876 2295 obsequens.
948 2258 1024 2290 Fito,
1039 2259 1088 2284 Im·
1150 2254 1214 2289 quid
1228 2253 1370 2280 firmilhme
1385 2255 1440 2280 Cic.
1454 2255 1506 2278 Att.
1523 2261 1561 2292 io,
1574 2261 1612 2285 14.
1685 2252 1772 2291 Firme
1793 2253 1961 2292 grauiterque
1976 2262 2069 2280 vocem
2089 2262 2198 2282 naturae

43 2309 122 2340 petat.
142 2304 208 2330 Cato
227 2303 259 2329 de
279 2301 373 2337 praeda
392 2301 509 2327 militum
527 2298 672 2325 diuidenda
690 2296 757 2332 apud
770 2296 842 2323 Non.
856 2303 882 2329 7,
896 2296 930 2321 62
949 2294 997 2320 Tu
1011 2293 1086 2320 diues
1148 2289 1372 2324 comprehendere
1399 2289 1470 2315 Idem
1487 2289 1518 2314 de
1534 2289 1592 2314 Fin.
1608 2295 1618 2314 1
1630 2295 1694 2314 extr.
1766 2288 1832 2314 Satis
1851 2287 1926 2314 firme
1946 2289 2038 2315 animo
2055 2299 2109 2316 con
2122 2291 2195 2325 ipere

5 2335 11 2340 ⁸
47 2339 101 2366 fito.
135 2340 175 2367 Sic
188 2342 251 2365 enim
264 2340 311 2375 leg.
325 2347 373 2363 non
387 2338 454 2363 Fite.
492 2336 549 2362 Fite
567 2342 648 2361 tamen
668 2336 741 2360 etiam
760 2332 828 2367 apud
846 2330 917 2357 eund.
940 2330 1013 2356 Non.
1034 2329 1052 2356 l.
1065 2339 1087 2356 c.
1149 2332 1175 2352 et
1190 2326 1414 2360 comprehendere
1429 2324 1532 2359 aliquid
1553 2326 1590 2350 ld·
1604 2323 1637 2350 de
1651 2325 1708 2350 Fin.
1725 2332 1749 2354 2,
1763 2326 1787 2349 6.
1845 2323 1909 2350 Non
1925 2323 2001 2351 firme
2020 2332 2119 2352 tantum
2135 2336 2195 2353 con-

44 2375 142 2402 Crassus
155 2375 230 2402 Iliad.
245 2376 271 2401 16
289 2375 314 2401 O
327 2373 392 2400 socii
404 2381 473 2399 nunc
485 2371 530 2399 fite
543 2370 607 2398 viri.
649 2370 731 2396 Plaut.
745 2369 822 2394 Cure.
838 2375 857 2399 1,
877 2375 897 2398 1,
910 2371 940 2398 89
967 2366 1025 2392 Fite
1040 2366 1089 2391 mi-
1105 2362 1140 2386 60
1149 2362 1234 2388 tinere
1244 2382 1251 2394 ‚
1273 2370 1366 2387 verum
1388 2362 1469 2386 etiam
1492 2360 1545 2385 cito
1565 2360 1700 2394 percipere
1720 2365 1825 2393 oportet
1841 2360 1921 2385 multa
1935 2360 2039 2387 acturos
2064 2363 2194 2395 Qiine‘til.

4 2431 5 2434 .
42 2409 73 2437 hi
85 2411 201 2438 volentes
216 2410 357 2445 propitiae.
428 2409 477 2434 Pro
492 2405 652 2441 sacrificari:
677 2405 733 2431 Cic.
748 2404 802 2430 Att.
817 2411 835 2434 1,
851 2411 878 2428 10
903 2401 991 2428 Credo
1011 2401 1084 2427 enim
1149 2407 1179 2426 ιι,
1194 2406 1212 2423 1.
1284 2398 1372 2424 Firme
1392 2395 1563 2429 respondere,
1580 2396 1604 2421 h.
1620 2404 1639 2420 e.
1662 2396 1759 2430 Absque
1777 2395 1825 2420 ullo
1845 2399 1932 2421 timore
1952 2403 1995 2421 aut
2011 2404 2104 2431 pauore
2129 2398 2194 2425 Plin.

4 2464 6 2471 ·
42 2451 68 2473 te
80 2446 192 2478 audisse,
214 2455 296 2480 quum
310 2444 380 2479 apud
392 2444 531 2469 Caesarem
544 2450 593 2475 pro
614 2439 713 2475 populo
727 2438 816 2469 fieret,
835 2437 931 2464 venisse
945 2445 978 2463 eo
992 2437 1087 2463 mulie.
1149 2432 1227 2468 Epist.
1241 2434 1267 2465 6,
1282 2441 1316 2465 13,
1331 2441 1352 2464 3.
1423 2431 1553 2468 Sustinere
1568 2430 1643 2457 firme
1658 2431 1761 2466 aliquid
1781 2431 1836 2457 Cic.
1849 2430 1881 2456 de
1896 2431 1953 2457 Fin.
1967 2440 1989 2463 3,
2004 2440 2039 2463 31.

43 2480 86 2509 bpj
100 2482 197 2508 vestim
211 2478 315 2507 visum,
334 2479 415 2512 idque
434 2476 592 2504 sacrificium
605 2484 687 2510 quum
700 2475 819 2509 virgines
834 2473 1084 2505 instaurassent,etc.
1186 2475 1242 2495 Fir
1258 2475 1281 2494 Μ
1293 2468 1398 2495 i‘rER.
1426 2467 1495 2494 aliud
1515 2468 1582 2493 Adu.
1620 2468 1746 2501 [παγίως]
1786 2468 1859 2492 Mem.
1898 2467 1979 2492 Plaut.
2001 2467 2057 2493 Cas.
2078 2476 2098 2500 1,
2122 2476 2150 2501 4,
2174 2477 2193 2502 4

19 2516 21 2526 ²
40 2518 110 2544 Hinc
125 2516 215 2548 Exfio,
230 2513 321 2541 Suffio.
359 2512 432 2548 Conf.
447 2512 570 2538 Priscian.
586 2516 608 2542 8,
622 2520 658 2538 10.
677 2517 701 2537 et
720 2508 784 2544 Voff.
800 2511 880 2544 Etym.
892 2515 919 2544 p.
934 2518 982 2542 215.
1038 2510 1087 2535 Pro
1147 2504 1314 2531 Concludere
1328 2505 1355 2530 in
1371 2503 1509 2530 fenestram
1523 2502 1646 2529 firmiter.
1682 2503 1759 2527 Varr.
1776 2501 1807 2527 de
1821 2502 1851 2526 R.
1861 2502 1891 2526 R.
1906 2510 1927 2532 3,
1941 2510 1958 2534 9
1978 2503 2087 2528 Cin-um
2102 2505 2195 2530 omnia

40 2551 186 2585 Aestimari.
220 2550 278 2576 Cic.
294 2550 326 2576 de
340 2548 446 2575 Amicit.
460 2556 490 2580 59
506 2549 542 2574 Vt
555 2547 647 2582 quanti
659 2546 771 2581 quisque
783 2545 895 2579 seipsum
908 2544 1003 2576 faciat,
1017 2544 1085 2570 tanti
1098 2540 1130 2571 65
1148 2540 1227 2575 posita
1241 2540 1289 2566 lint
1303 2540 1402 2566 cubilia
1415 2539 1571 2573 gallinarum
1582 2557 1590 2569 ,
1608 2543 1652 2563 aut
1665 2537 1801 2570 exculpta,
1820 2544 1864 2562 aut
1877 2535 1963 2562 afficta
1979 2537 2100 2565 firmiter.
2136 2539 2194 2566 Fir-

41 2586 88 2614 fiat
106 2586 140 2613 ab
159 2586 260 2613 amicis.
329 2584 403 2612 Fieri
422 2583 490 2610 istud
507 2584 574 2610 solet
592 2583 673 2609 Plaut.
686 2582 769 2609 Trin.
791 2589 814 2613 2,
832 2589 856 2612 2,
869 2588 912 2615 72.
931 2580 949 2605 i.
970 2580 1085 2606 Euenire
1147 2577 1228 2603 miter
1242 2576 1356 2615 insistere
1369 2576 1441 2601 Caes.
1456 2575 1483 2599 B.
1499 2574 1530 2613 G.
1545 2582 1573 2605 4,
1589 2575 1625 2598 .6.

40 2623 250 2656 etreontingere,
262 2623 344 2656 inquit
357 2621 484 2646 Donatus.
540 2619 582 2646 Fit
595 2618 662 2645 illud
675 2618 749 2652 saepe
763 2617 844 2643 Plaut.
857 2615 961 2642 Mostel.
976 2625 996 2649 1,
1010 2624 1033 2647 2,
1046 2623 1086 2649 27.
1186 2618 1202 2637 1³
1212 2617 1281 2637 IRM
1292 2619 1301 2636 1
1313 2617 1403 2641 TAS,
1425 2609 1483 2634 atis.
1504 2611 1523 2633 t.
1560 2607 1663 2641 [aigin
1681 2606 1760 2638 τόνος,
1780 2606 1809 2632 ro*
1826 2606 1947 2642 ςοίσιμον]
1984 2607 2125 2642 stabilitas,
2140 2619 2196 2636 con·

41 2659 117 2691 Fiat,
143 2656 177 2691 ist
193 2659 362 2692 permittentis
384 2665 413 2681 ac
445 2654 615 2687 concedentis,
640 2659 685 2680 aut
705 2655 839 2680 annuentis
862 2650 968 2690 aliquid.
1003 2651 1087 2676 Plaut.
1141 2645 1250 2678 stantia.
1288 2643 1686 2684 Cic:dpAmjcit346.113que
1708 2648 1738 2668 vt
1759 2642 1871 2676 quisque
1895 2643 2039 2670 minimum
2061 2644 2194 2674 firmitatis

41 2694 121 2722 Most.
139 2702 166 2726 4,
181 2701 204 2725 3,
217 2701 249 2725 43
275 2692 286 2717 Ι
300 2700 404 2717 mecum
418 2690 505 2717 hercle
519 2690 629 2716 obsecro
643 2695 687 2720 te,
699 2697 752 2715 vna
765 2687 849 2714 simul.
863 2693 885 2712 s.
899 2686 953 2711 liat.
997 2685 1088 2711 Fitum
1149 2681 1258 2710 habeat,
1279 2681 1474 2714 minimumque
1487 2679 1603 2711 virium,
1624 2684 1661 2704 ita
1673 2677 1803 2703 amicitias
1816 2684 1937 2712 appetere
1952 2680 2074 2706 maxime.
2120 2682 2194 2708 Idem

41 2729 78 2757 est
96 2730 192 2756 Liuius
215 2727 283 2763 apud
301 2727 374 2753 Non.
409 2746 415 2756 ‚
436 2728 477 2752 62.
714 2732 734 2756 4
771 2724 802 2749 In
816 2721 890 2749 MSS.
905 2720 1087 2756 permiscentur
1101 2725 1137 2752 70
1150 2717 1222 2743 Fam.
1237 2724 1263 2748 9,
1278 2724 1299 2741 11
1323 2716 1489 2742 Fit-mitatem
1502 2721 1589 2740 tamen
1603 2719 1629 2740 et
1641 2712 1829 2745 constantiam,
1848 2713 1867 2739 fi
1882 2713 1964 2740 modo
1980 2715 2032 2741 fuit
2050 2715 2194 2750 aliquando

0 2779 16 2791 ‹.
40 2766 85 2794 Fit
97 2773 121 2792 et
132 2765 186 2796 Sit;
204 2767 235 2791 it.
247 2762 310 2790 defit
321 2772 352 2790 ac
364 2761 441 2789 defit:
461 2759 514 2788 vid.
528 2759 715 2788 Drakenborch.
728 2757 763 2785 ad
773 2757 820 2784 Sil.
833 2765 860 2790 9,
874 2763 922 2789 335.
1151 2752 1184 2792 in⁴
1193 2751 1279 2792 nobis,
1299 2752 1407 2791 eandem
1422 2750 1559 2789 cognosces
1573 2758 1652 2783 quam
1666 2748 1808 2783 reliquisti.
1880 2749 1971 2776 Animi
1985 2750 2096 2778 firmitas
2111 2753 2196 2786 Qiin-

43 2817 61 2822 ..
1151 2787 1206 2814 8111.
1225 2795 1252 2813 m
1270 2796 1390 2822 prooem.
1411 2788 1436 2812 6.
1474 2787 1529 2812 Cic.
1545 2786 1597 2811 Att.
1619 2792 1655 2816 12,
1670 2789 1707 2816 38.
1777 2784 1906 2818 Sapientis
1924 2784 2036 2813 firmitas
2061 2787 2100 2813 Id.
2114 2789 2194 2816 Acad.

436 2835 460 2867 F
561 2835 576 2865 Ι
685 2833 714 2865 R
1150 2832 1179 2856 4,
1193 2826 1236 2858 67.
1308 2823 1441 2849 Vinorum
1456 2821 1566 2847 firmitas
1575 2840 1583 2852 ,
1600 2828 1646 2854 pro
1664 2829 1689 2846 eo
1702 2819 1767 2854 quod
1784 2821 1873 2855 vulgus
1886 2822 2024 2848 Potentiam
2036 2829 2060 2848 ει
2077 2823 2198 2850 durabili-

1150 2866 1224 2886 tatem
1239 2865 1319 2885 vocat.
1376 2859 1442 2884 Plin.
1458 2867 1497 2891 14,
1511 2866 1523 2882 2
1554 2856 1716 2893 Principatus
1735 2855 1812 2883 datur
1827 2857 1944 2883 Amineis
1957 2865 2066 2893 propter
2085 2858 2197 2887 firmita-

80 2913 318 2939 PIRMAMEN,
336 2910 609 2936 FiRMAMENTVM,
632 2908 679 2930 etc.
720 2900 778 2929 Vici.
794 2899 867 2941 infr-cz
879 2902 908 2926 in
924 2904 1052 2926 FiRMvs.
1105 2908 1138 2936 73
1150 2901 1219 2925 tem,
1240 2895 1365 2929 senioque
1385 2893 1569 2928 proficientem
1587 2891 1646 2918 vini
1667 2892 1724 2917 eius
1743 2892 1842 2926 vbique
1859 2893 1951 2919 vitam.
2030 2894 2197 2923 Gladiatoria

1150 2932 1231 2958 totius
1263 2930 1383 2964 corporis
1403 2929 1514 2955 firmitas
1545 2928 1600 2954 Cic.
1622 2927 1735 2962 Philipp.
1755 2936 1781 2960 2,
1796 2929 1826 2960 63
1848 2937 1868 2954 c.
1883 2937 1918 2961 25.
1956 2930 1987 2955 Et
2006 2930 2076 2964 Nep.
2092 2938 2127 2963 ις,
2142 2939 2164 2963 3,
2177 2940 2196 2958 1.

0 2989 3 2993 ι
48 2979 111 3006 dum
123 2980 267 3007 Antonium
283 2978 421 3014 pecuniam
436 2976 558 3012 pollicm.
1149 2966 1255 2994 Obnixa
1272 2965 1398 2998 firmitas,
1418 2965 1469 2991 uid.
1491 2969 1650 2991 oBNiTOR.
1718 2964 1782 2989 Non
1798 2964 1855 2990 satis
1873 2963 2005 2991 firmitatis
2022 2965 2118 2992 habent
2138 2967 2195 2994 Cic.

85 3021 238 3042 F1RM1D1
247 3022 306 3048 vs,
324 3024 410 3041 nomen
421 3015 521 3050 gentis,
533 3018 563 3038 vt
576 3010 616 3037 ille
623 3007 754 3046 fastionis
767 3007 915 3040 Clodianae,
929 3006 958 3033 de
972 3015 1019 3044 quo
1032 3006 1089 3033 Cic.
1150 3003 1182 3029 de
1203 3002 1311 3042 Aniicit.
1321 3011 1370 3042 '19.
1437 3000 1575 3041 Intendere
1588 2999 1628 3039 *se
1650 2997 1683 3024 ad
1711 2998 1881 3032 firmitatem,
1909 3000 1961 3026 vid.
1991 3008 2030 3027 IN
2042 3007 2063 3026 T
2077 3007 2093 3026 Ε
2106 3008 2127 3026 N
2137 3008 2156 3027 D
2165 3009 2194 3028 o.

52 3057 101 3083 pro
114 3049 181 3075 Sext.
196 3059 243 3077 112.
1151 3038 1273 3065 Nancisci
1293 3037 1394 3071 aliquid
1410 3036 1544 3063 firmitatis
1563 3035 1619 3061 Cic.
1635 3035 1706 3061 Fam.
1722 3043 1755 3066 11,
1771 3043 1805 3065 12.
1874 3036 2026 3062 Constantia
2042 3043 2067 3062 et
2083 3036 2194 3063 firmitas

93 3089 281 3118 FiRMi‘vM,
301 3084 355 3119 flue
377 3090 554 3114 FIRMVM,
575 3082 594 3108 i.
618 3089 646 3107 n.
682 3078 773 3106 Piceni
801 3078 831 3106 in
856 3077 932 3105 Italia
958 3077 1092 3104 castellum
1107 3082 1139 3108 80
1150 3083 1197 3100 nec
1211 3073 1295 3099 animi
1315 3082 1361 3099 nec
1376 3072 1506 3098 orationis
1520 3071 1681 3105 Requivemr
1702 3071 1755 3097 Cic.
1773 3071 1826 3097 Att.
1843 3079 1879 3101 12,
1890 3078 1922 3105 37
1936 3074 1997 3102 (38.)
2067 3072 2192 3098 Firmitas

53 3117 120 3146 Plin.
133 3126 153 3150 3,
168 3127 202 3145 12.
235 3119 363 3147 Lactantii
370 3123 471 3156 patria.
1151 3110 1277 3136 materiae
1294 3108 1405 3134 Sustinet
1420 3108 1500 3134 icium
1517 3107 1589 3134 Caes.
1603 3107 1632 3133 Β.
1648 3107 1670 3133 C
1693 3115 1718 3138 2,,
1731 3114 1762 3132 11.

94 3160 253 3181 finitive.
282 3157 341 3183 Adi.
384 3156 520 3189 [edomas.
545 3151 648 3187 ἑδραῖος,
674 3147 788 3183 spurios,
813 3146 936 3183 ἐπίπεδος]
978 3148 1092 3180 stabilis,
1188 3146 1443 3176 ΡικΜιτῡυο,
1468 3144 1529 3169 inis.
1556 3143 1573 3168 f.
1611 3141 1733 3176 [ςῆιιξιε]
1771 3140 1845 3167 Idem.
1876 3140 1956 3167 Plaut.
1971 3140 2039 3167 Asin.
2065 3149 2089 3172 z,
2111 3150 2137 3174 2,
2160 3149 2193 3176 54

54 3187 185 3221 conflans:
209 3198 224 3215 α
241 3191 357 3218 Ferendo
378 3191 477 3222 diam,
489 3197 519 3217 vt
538 3188 637 3225 quidam
656 3189 755 3217 volunt,
770 3185 835 3221 quod
851 3183 992 3218 constanter
1010 3187 1092 3210 omnia
1150 3181 1177 3208 Si
1197 3181 1272 3207 istam
1286 3180 1369 3206 animi
1382 3179 1574 3206 firmitudinem
1587 3178 1702 3209 obtines,
1718 3176 1782 3202 salui
1802 3177 1897 3202 sumus.
1969 3177 2119 3203 Firniituclo
2138 3178 2194 3204 ani-

4 3233 9 3257 1
48 3224 134 3261 ferat.
173 3224 219 3251 Sed
229 3225 326 3259 Festus,
338 3227 458 3254 Firmum
478 3225 526 3252 οἷπᾶ
547 3226 579 3251 ri?
597 3224 700 3258 ἕρματος
718 3221 818 3248 dietum
836 3221 952 3248 videtur.
998 3221 1091 3254 Nempe
1150 3218 1188 3243 mi
1204 3217 1259 3243 Cic.
1274 3217 1326 3242 Att.
1341 3225 1378 3248 10,
1393 3224 1430 3242 10.
1464 3215 1536 3242 Idem
1551 3215 1622 3241 Fam.
1638 3222 1660 3246 5,
1674 3222 1698 3245 13
1717 3213 1764 3238 Tu
1780 3212 1846 3237 nihil
1862 3212 1918 3246 plus
1932 3221 2010 3246 quam
2025 3212 2097 3246 quod
2111 3212 2194 3240 firmi-

6 3269 10 3272 ·
54 3261 120 3295 ἕρμα
130 3259 452 3295 fulcrum,firmaniemum
463 3261 505 3295 ist,
547 3259 642 3295 Voffius
655 3259 726 3284 malit
746 3258 776 3283 ab
795 3256 884 3292 εἷξμα,
898 3265 983 3282 nexus.
1011 3255 1091 3290 Qad-
1108 3261 1136 3285 ge,
1151 3252 1271 3279 tudinem
1284 3253 1495 3287 grauitatemque
1510 3251 1592 3277 animi
1613 3250 1652 3276 tui
1668 3247 1795 3283 perspexi.
1869 3248 1950 3273 Vocis
1965 3248 2101 3274 firmitudo
2116 3248 2193 3275 Auel.

54 3295 117 3359 quid
128 3298 179 3321 eius
186 3294 237 3328 stt,
250 3296 354 3330 latiffimi
367 3299 424 3334 osus
437 3307 522 3324 nomen
536 3291 592 3330 est,
603 3304 649 3331 quo
661 3291 801 3327 constantia
814 3292 929 3329 quaedam
948 3298 972 3317 et
991 3290 1094 3317 durahi-
1149 3289 1182 3315 ad
1197 3289 1293 3314 Heren.
1308 3297 1330 3320 3,
1345 3297 1386 3314 20.
1459 3288 1549 3313 Minus
1567 3284 1738 3312 firmitudinis
1758 3282 1854 3310 habere
1876 3283 1932 3310 Cic.
1947 3282 1978 3309 de
1992 3285 2092 3309 Iniwnt.
2112 3292 2138 3316 2,
2157 3289 2197 3317 58.

66 3334 133 3363 ‘'²11³‘'
151 3330 562 3372 immutabilitas-quesignificatur,
581 3341 633 3358 cum
647 3333 674 3356 in
687 3328 856 3368 his,quae·ad
868 3337 946 3355 mores
954 3330 1091 3362 pertinent,
1151 3324 1281 3351 Obtinere
1292 3323 1376 3350 animi
1391 3322 1582 3349 firmitudinem
1597 3321 1678 3347 Plaut.
1693 3319 1761 3346 Afin.
1776 3328 1803 3361 ¹2,
1816 3327 1840 3350 2,
1854 3326 1895 3352 54.
1926 3319 1982 3345 Vid.
1996 3326 2147 3360 oBTiNEO.

54 3373 107 3394 tum
125 3369 152 3392 in
166 3372 263 3392 ratum&
275 3372 403 3400 corporum.
437 3370 519 3396 Plaut.
533 3368 617 3394 Trin.
634 3375 657 3397 2,
675 3374 701 3398 2,
716 3367 763 3391 106
787 3365 839 3391 Hic
851 3372 911 3390 meo
924 3363 990 3389 hero
1003 3362 1091 3388 amico
1190 3366 1205 3386 F
1216 3368 1225 3386 ι
1235 3367 1249 3385 R
1261 3367 1285 3386 M
1295 3366 1314 3385 0
1323 3379 1332 3392 ,
1352 3363 1406 3386 are.
1444 3357 1564 3393 [ςηρίξω,
1584 3353 1673 3390 galdus,
1693 3352 1800 3388 ἓμπεδοω
1810 3374 1816 3385 ‚
1835 3354 1937 3390 ⁵⁶⁸9!wa
1977 3355 2084 3380 Firmum
2092 3355 2193 3390 facere,

56 3403 126 3430 solus
139 3400 343 3428 firmusrestitit:
356 3411 437 3437 neque
449 3404 598 3431 demutauit
608 3402 736 3428 animum.
752 3400 780 3426 de
786 3399 848 3436 fide.
885 3399 926 3427 Sic
936 3399 1007 3434 saepe
1020 3397 1091 3433 vsur-
1143 3395 1232 3433 (eadem
1251 3395 1402 3428 latitudine,
1422 3403 1494 3430 quam
1512 3396 1539 3419 in
1553 3395 1648 3419 nomine
1661 3391 1847 3428 obftruauimus.
1902 3390 1960 3416 Liu.
1975 3398 2012 3420 21,
2026 3399 2053 3415 22
2083 3391 2195 3418 Firmat.

911 3433 1091 3460 ‘nfideliffimis
1102 3441 1137 3467 90
1153 3440 1205 3466 que
1219 3440 1279 3458 eum
1295 3431 1393 3457 Africis
1408 3430 1522 3456 maxime
1535 3426 1679 3463 praesidiis.
1714 3427 1833 3453 Firmare
1847 3425 1930 3451 aciem
1945 3425 2066 3451 subsidiis
2082 3425 2154 3452 Idem
2169 3435 2195 3460 2,

51 3445 131 3475 parur
150 3440 177 3463 in
197 3446 223 3463 re
242 3437 363 3462 militari:
381 3438 432 3465 uid.
446 3441 522 3467 Grmz,
536 3439 569 3465 ad
586 3438 647 3465 Liu.
668 3446 709 3469 23,
723 3444 763 3469 25.
797 3436 838 3463 Sic
851 3436 889 3461 Ex
910 3444 919 3461 1

27 3502 43 3506 C
57 3472 216 3501 flrmiffimoss
227 3470 337 3498 reddere
349 3471 404 3499 Cic·
415 3474 484 3502 Fam.
500 3482 536 3508 ις,
549 3484 576 3508 4.
647 3473 787 3499 Accusator
799 3471 905 3503 firmus,
942 3473 968 3496 ui
978 3468 1030 3503 fibi
1043 3478 1092 3495 non
1152 3476 1177 3500 31
1187 3475 1230 3502 pr.
1248 3468 1290 3493 vbi
1308 3467 1359 3493 viil.
1373 3468 1450 3493 Gron.
1522 3465 1577 3491 Cic.
1591 3463 1623 3489 de
1636 3463 1726 3497 Arusp.
1741 3463 1815 3495 Resp.
1831 3469 1862 3492 30
1897 3459 2014 3487 Tabulis
2034 3461 2083 3487 hoc
2097 3463 2195 3488 Censo-

13 3505 32 3530 ’-
53 3515 167 3546 pugnat,
185 3514 209 3534 et
220 3505 360 3540 constanter
371 3512 461 3543 arguit.
497 3511 553 3537 Cic.
566 3511 644 3537 Verr.
657 3508 776 3536 Diuinat.
791 3515 823 3539 29
849 3507 917 3533 Dein
937 3515 951 3532 e
964 3505 1093 3532 accusato-
1154 3512 1230 3535 rum,
1251 3502 1382 3530 memoria
1401 3501 1546 3528 multorum
1566 3498 1677 3525 firmabo
1697 3507 1725 3524 ac
1745 3495 1854 3523 docebo.
1925 3496 2014 3522 Tacit.
2028 3497 2095 3523 Ann.
2114 3506 2153 3531 14,
2166 3507 2195 3524 10

58 3554 117 3573 rem
130 3544 253 3575 firmum,
270 3551 417 3576 verumque
432 3545 478 3571 effe
491 3552 606 3580 oportet.
677 3544 752 3571 Acies
772 3543 910 3570 oculorum
925 3541 1017 3573 firma,
1040 3540 1093 3567 vid.
1155 3539 1242 3573 Atque
1265 3547 1326 3565 eum
1348 3537 1456 3564 aulz'tore
1476 3537 1563 3563 Burro
1582 3535 1667 3570 prima
1686 3533 1878 3560 centurionum
1895 3531 2141 3568 Tribunorumque
2163 3533 2196 3560 ad

60 3586 163 3608 ACIES-
236 3578 301 3604 Αᾶᾶ
320 3577 431 3604 alicuius
444 3578 516 3607 firma
531 3582 586 3608 Cic.
600 3580 714 3615 Philipp.
728 3589 748 3612 1,
762 3581 798 3606 16.
870 3578 939 3604 Ter.
953 3578 1018 3603 Hec.
1032 3585 1060 3609 4,
1074 3584 1094 3606 1,
1156 3574 1226 3608 spem
1241 3574 1368 3601 firmauit.
1442 3572 1532 3598 Aciem
1546 3571 1666 3601 firmare,
1691 3568 1744 3595 vid.
1767 3575 1787 3593 Λ
1799 3572 1815 3592 C
1830 3573 1894 3592 IES.
1964 3567 2058 3594 Aditus
2079 3568 2197 3602 firmare,

62 3621 89 3646 18
114 3616 214 3642 Adeon’
240 3614 371 3649 peruicaci
393 3613 441 3639 effe
460 3615 562 3647 animo,
580 3622 609 3644 vt
625 3625 736 3651 puerum
752 3619 918 3649 praeoptares
939 3613 1042 3648 perire,
1061 3619 1093 3637 ex
1109 3622 1140 3648 93
1155 3609 1208 3636 vid.
1230 3616 1361 3636 Ani'rvs.
1433 3607 1568 3634 Aestuaria
1588 3606 1707 3641 proxima
1720 3601 1860 3637 aggeribus
1879 3608 1904 3628 et
1918 3603 2043 3636 pontibus
2062 3604 2199 3631 traducen-

7 3658 19 3675 ’·-
61 3660 115 3686 quo
138 3651 286 3678 firmiorem
305 3649 374 3675 inter
393 3657 441 3674 ¹10⁵
459 3648 518 3675 fore
534 3651 685 3679 Amicitiam
703 3650 809 3686 posthac
827 3650 919 3681 scires,
932 3655 977 3675 etc.
1019 3646 1093 3681 Conf.
1154 3644 1189 3670 do
1203 3646 1324 3679 grauiori
1338 3644 1439 3679 agmini
1452 3643 1538 3670 firmat
1551 3642 1643 3669 Tacit.
1657 3641 1723 3666 Ann.
1740 3649 1768 3672 4,
1781 3644 1821 3671 73·
1892 3638 1991 3672 Agrum
2012 3639 2117 3667 firmare
2132 3641 2198 3674 sepi-

0 3709 13 3722 ·.
61 3688 99 3721 Q:
115 3687 171 3714 Cic·
183 3687 214 3713 de
229 3687 303 3713 Petit·
319 3685 397 3711 Cons-
413 3694 433 3710 C·
448 3690 474 3718 7·
544 3686 639 3713 Amore
654 3687 731 3714 firmo
745 3685 849 3712 vinoius
863 3684 944 3712 Ouid.
960 3682 1036 3718 Epist.
1051 3691 1093 3713 20,
1155 3680 1220 3712 bus,
1238 3680 1354 3706 Plaudere
1382 3680 1449 3706 Plin.
1469 3685 1504 3711 18,
1523 3681 1549 3704 6.
1632 3675 1746 3706 Aluum,
1765 3680 1813 3713 prq
1831 3670 1978 3710 Astringcre
2008 3675 2081 3702 Idem
2105 3685 2143 3709 14,
2162 3680 2197 3706 18.

0 3733 13 3746 ι’»
60 3725 102 3753 86.
171 3723 283 3749 Amores
303 3720 392 3747 firmos
411 3727 532 3753 rumpere
549 3721 620 3748 Idem
631 3721 663 3749 de
675 3724 738 3750 Arte
753 3723 811 3749 Am.
832 3730 854 3753 2,
868 3722 921 3752 386.
994 3718 1093 3744 Animo
1154 3715 1279 3741 Animum
1299 3715 1381 3742 alicui
1408 3715 1490 3742 Ouid.
1505 3715 1568 3740 Met.
1589 3720 1613 3744 9.
1627 3718 1691 3744 744.
1763 3709 1890 3735 Animum
1917 3710 2055 3737 aduerssim
2076 3712 2196 3745 suprema

62 3758 181 3785 firmiore
200 3758 228 3784 111
247 3757 376 3792 praelium
394 3754 500 3790 prodire
519 3755 589 3781 Caes.
602 3756 631 3782 B.
646 3758 676 3784 C.
696 3767 718 3790 3,
732 3760 771 3788 86.
840 3757 999 3790 Argumenta
1018 3753 1093 3779 firma
1157 3750 1245 3777 firmat
1259 3751 1311 3777 Ta.
1322 3758 1350 3777 it.
1359 3752 1426 3777 Ann.
1443 3758 1476 3783 15.
1490 3757 1529 3782 59.
1600 3743 1756 3772 firmandus
1769 3744 1805 3770 est
1818 3744 1921 3772 animus
1932 3746 1965 3773 ad
1977 3746 2096 3773 dolorem
2111 3746 2195 3771 feren-

62 3793 96 3820 ad
113 3793 277 3828 probandum
300 3793 356 3820 Cic.
371 3791 402 3818 de
416 3791 485 3818 Clar.
498 3790 571 3816 Orat.
588 3797 636 3824 171.
705 3792 816 3819 Affenflo
837 3792 913 3819 firma
933 3796 959 3817 et
978 3789 1150 3816 constansmo
1158 3786 1221 3813 dum
1242 3786 1297 3813 Cic.
1311 3787 1395 3815 Tusc.
1409 3795 1422 3812 2
1443 3796 1464 3812 c.
1480 3793 1512 3817 15.
1570 3780 1702 3808 Basilicam
1721 3780 1791 3807 Tac.
1807 3782 1856 3807 An.
1870 3788 1893 3813 3,
1910 3784 1954 3808 60.
1972 3789 2003 3809 vt
2022 3781 2196 3816 intelligamus,

7 3834 24 3848 '1
63 3828 136 3856 Idem
149 3829 228 3856 Acad.
244 3838 264 3861 1,
279 3838 317 3861 41.
390 3827 485 3855 Carina
499 3825 575 3851 firma
601 3825 680 3852 Ouid.
693 3828 771 3861 Epist.
791 3837 813 3860 2,
825 3830 870 3862 46.
936 3826 1025 3853 Catuli
1051 3824 1094 3850 fir·
1156 3825 1246 3848 vitium
1255 3821 1352 3856 fectjffi‘.
1423 3821 1510 3848 Castra
1527 3817 1664 3843 firmarunt
1677 3816 1776 3843 robore
1794 3816 1839 3842 Sil.
1853 3821 1874 3847 8,
1890 3822 1952 3850 448.
2023 3817 2112 3843 Tacit.
2129 3816 2196 3842 Ann.

65 3864 161 3892 miores
180 3865 289 3891 Phaedr.
307 3872 377 3897 1,19.
447 3862 530 3889 Cibus
550 3860 654 3889 firmus,
674 3863 751 3888 Multi
763 3865 926 3895 nutrimenti,
939 3865 979 3888 cui
998 3861 1097 3897 opponi·
1160 3866 1194 3890 11,
1208 3866 1232 3890 31
1253 3858 1305 3883 Iret
1324 3858 1352 3883 in
1372 3857 1467 3887 castra,
1488 3855 1602 3880 firmaret
1616 3852 1761 3879 Praetorias
1776 3851 1916 3879 Cohortes.
1986 3853 2088 3885 Corpus
2104 3850 2196 3876 aduer-

64 3906 106 3926 ΝΥ
119 3900 260 3927 Imbecillis
274 3900 342 3926 Cels·
357 3908 381 3930 2,
396 3903 430 3929 18·
467 3899 552 3924 Varro
572 3894 698 3921 Alibilem
717 3905 787 3924 vocat
802 3899 833 3925 de
847 3900 877 3925 R.
887 3899 918 3925 R.
926 3907 952 3929 z,
964 3906 995 3924 11.
1037 3896 1095 3923 Cic.
1161 3895 1200 3920 sus
1213 3901 1314 3920 venena
1331 3892 1402 3919 Vici.
1416 3892 1447 3918 de
1461 3890 1519 3916 Vir.
1532 3888 1612 3915 illust.
1626 3891 1668 3923 76.
1740 3889 1861 3922 Corpora
1880 3888 1941 3914 cibo
1967 3888 2024 3912 Liu.
2039 3894 2079 3919 27,
2094 3893 2117 3917 13
2131 3893 2195 3912 extr.

64 3934 97 3962 de
109 3936 213 3962 Amicit.
227 3944 256 3968 23
275 3937 351 3969 Qiae
368 3941 455 3961 autem
475 3933 566 3960 doinus
585 3937 638 3957 tam
657 3930 770 3964 stabilis,
789 3942 854 3967 quae
868 3940 920 3960 tam
934 3933 1009 3960 firma
1022 3932 1098 3958 Ciui-
1160 3931 1278 3964 Corpora
1294 3930 1420 3956 iuuenum
1435 3926 1526 3953 labore
1546 3924 1602 3951 Cic.
1616 3924 1698 3951 Tusc.
1714 3933 1737 3953 2,
1752 3926 1783 3956 36
1802 3933 1823 3949 c.
1840 3931 1873 3955 15.
1945 3922 2011 3948 Ter.
2027 3922 2122 3946 Heaut.
2137 3928 2160 3952 5,
2173 3927 2198 3953 5,

64 3975 100 3998 *ὅθ
114 3971 165 4004 est,
184 3979 250 4007 quae
267 3980 320 3997 ¹¹0n
341 3970 412 3998 odiis
425 3976 505 4005 atque
524 3966 635 3996 diffidiiff
647 3966 766 3997 funditus
780 3967 852 4001 poffit
865 3968 969 4000 euertiR
1022 3967 1098 3996 Ciui-
1109 3977 1152 4005 ¹05
1161 3975 1180 3999 4
1196 3965 1278 3993 Ehem
1290 3964 1460 3992 Menedeme‚
1476 3969 1523 3988 cur
1535 3968 1589 3987 non
1600 3960 1693 3988 accersi
1708 3959 1783 3988 iubes
1800 3959 1882 3990 tiliam
1890 3978 1898 3991 ,
1918 3962 1943 3984 et
1955 3956 2027 3991 quod
2039 3956 2205 4017 diXifiDmis'a

217 4012 303 4036 VOL.
338 4007 375 4034 11.
1356 4000 1418 4032 ΟΔ]
1439 4006 1456 4031 q
1474 4005 1492 4032 q
2113 3999 2197 4018 rmas.

84 2950 278 2976 FIRMANI,
298 2944 395 2978 Populi.
431 2941 488 2968 Cic.
503 2940 616 2980 Philipp.
635 2947 663 2974 7,
675 2946 705 2970 23
736 2938 856 2964 Firmani
882 2935 915 2962 ad
938 2943 1090 2970 oppugnan-
