2479 4225
53 1469 106 1497 Sen.
119 1470 186 1497 Med.
205 1471 223 1497 s.
237 1479 267 1497 11.

10 1510 13 1512 '
50 1513 126 1539 vagae
147 1505 211 1532 caeli
232 1506 336 1533 Lucret.
354 1514 381 1539 ς,
402 1514 470 1538 1190.

4 2350 7 2354 ”
46 2355 70 2377 ee
95 2360 110 2376 a
123 2351 201 2378 Ouid.
216 2352 280 2377 Met.
295 2358 332 2383 14,
348 2358 396 2383 33¹·

16 2397 19 2413 e
44 2386 80 2413 tis
90 2386 157 2413 faces
174 2392 201 2413 et-
217 2387 275 2413 saxa
287 2385 362 2420 vulgi
381 2384 478 2412 seditio
496 2384 626 2418 Quinem.
639 2394 675 2417 12,
689 2394 710 2417 1,
723 2392 763 2419 27.

0 2429 8 2438 ²
43 2421 111 2448 faces
123 2422 179 2449 Sen.
195 2423 274 2448 Herc.
283 2422 343 2448 Oet.
363 2422 381 2447 s.
399 2428 461 2452 1915.

0 3026 5 3032 ·
43 3027 108 3046 rum
125 3021 171 3048 alii
189 3022 299 3054 faculas,
317 3022 366 3048 alii
385 3022 500 3049 retinere
518 3021 634 3055 sagittas,
654 3028 703 3047 etc.

47 222 114 263 621

16 323 19 333 1
51 305 168 338 inuoluta
180 302 309 331 incendio.
907 336 912 340 ἱ
1030 335 1035 339 “

14 356 20 370 ;
52 348 128 378 nupta
140 341 206 375 ignis
225 340 252 365 in
265 338 321 364 face
335 337 488 368 afferretur,
507 338 568 364 foco
587 339 643 364 eius
664 339 776 368 sumtus,
795 345 877 374 quum
898 341 940 361 tax
962 342 992 360 ex
1012 343 1075 369 pmu

0 395 2 399 ν
52 378 109 407 alba
126 377 199 407 ess'et,
221 380 249 401 vt
267 382 324 399 eam
344 381 408 406 puer
428 374 555 407 ingenuus
574 374 684 400 afferret.
723 374 790 399 Haec
802 371 915 398 Nonius.

0 422 21 443 μ’
53 423 84 442 ex
97 412 155 448 pina
166 410 237 440 alba,
260 412 279 435 i.
294 417 324 434 cx
338 409 419 442 spina.
818 441 822 445 ⁵
902 440 907 445 .
951 441 957 445 ¹
1046 441 1054 446 ³

0 457 17 477 «ιτ
53 449 102 477 stus
114 453 189 474 autem
202 444 248 471 ista
256 464 265 476 ,
284 445 377 471 Facem
396 445 424 470 in
436 445 535 479 nuptiis
550 445 578 471 in
591 444 721 471 honorem
733 443 837 469 Cereris
855 447 958 474 ant1qu1
978 445 1076 481 praete-

53 483 155 515 rcbant,
172 489 289 516 aquaque
304 479 470 514 spargebatur
485 489 553 506 noua
566 485 660 514 nupta,
681 478 732 505 siue
744 482 772 504 vt
784 475 849 516 casta
862 485 978 511 puraque
990 476 1024 516 ad
1038 485 1077 502 νι-

2 523 15 537 .·
52 527 109 547 rum
124 517 238 548 veniret,
262 515 329 549 fine,
350 522 378 542 vt
397 516 485 549 ignem
504 522 582 550 atque
600 523 693 549 aquam
707 520 844 552 cum'viro
863 517 1077 551 c011111311111carct.

0 567 2 581 ε
19 567 22 570 ’
52 554 126 582 Faces
139 551 235 586 quibus
249 551 350 577 incensa
366 551 394 577 L.
407 551 518 577 Bellieni
533 552 626 577 domus
640 549 791 587 deflagrante
809 548 864 574 Cic.
877 546 988 581 Phihpp.
1003 556 1027 577 2,
1040 556 1077 580 91.

0 589 14 608 ²¹*
47 589 115 620 'Plim
131 589 166 622 16,
180 592 204 617 18
229 586 321 620 Spina,
342 587 492 620 nuptiarum
512 587 611 612 facibus
632 582 834 617 auspicanffima.

0 643 3 654 ,
43 625 78 652 >in
91 622 226 650 funeribus
239 621 358 648 ferebant
371 622 482 656 Antiqui
496 621 601 648 Seruius
615 619 648 646 ad
656 620 720 645 Aen.
737 620 764 650 6,
781 627 841 652 224.

21 691 27 715 ἶ
51 695 117 721 Tac.
131 694 196 720 Ann.
210 701 233 725 3,
246 701 274 725 4,
288 701 306 718 ι.

7 1328 19 1359 ³.
50 1325 137 1357 Tth.
151 1338 188 1360 10,
200 1337 261 1361 422.

9 1362 15 1390 ’,
54 1363 141 1392 Οέὶεῑι.
161 1374 186 1399 4.

7 1702 19 1720 Ι.
47 1690 103 1708 ero.

0 1727 11 1731 ··
46 1722 222 1743 reuertuntur.

34 1752 221 1778 ,Eumenidum
234 1751 370 1778 Claudian.
383 1751 415 1778 de
428 1752 512 1785 Raptu
526 1753 643 1786 Proserp.
655 1762 676 1785 2,
689 1760 738 1785 215.

0 1796 13 1807 '³
44 1794 69 1820 5⁵
83 1794 146 1820 974·

36 2075 96 2096 >122.
106 2070 136 2094 si.
147 2073 254 2093 cometes.

2 2101 10 2126 T*
48 2102 127 2132 multa
139 2111 197 2129 cum
210 2102 267 2128 luce
279 2101 353 2135 Virg.
362 2102 426 2127 Aen.
439 2109 461 2133 2,
475 2103 537 2134 694.
571 2101 707 2127 Meteoron.

6 2154 7 2158 =
50 2138 101 2166 fit'u
117 2139 200 2165 Senec.
214 2137 325 2169 Thyest.
342 2145 382 2171 171
412 2135 440 2169 dg
459 2136 576 2163 Tantalo.

18 2202 20 2212 ἱ
52 2166 183 2209 prouincia
196 2173 248 2205 est,
268 2181 299 2199 ex
312 2181 364 2206 qua
377 2172 422 2199 illa
437 2173 481 2198 fax
495 2171 613 2198 Excitare
632 2180 685 2197 non
703 2172 782 2205 posset
802 2173 953 2199 incendium
968 2174 976 2199 ἓ

14 3118 15 3124 ¹
41 3089 160 3126 faciendi
181 3091 317 3125 occafionem
335 3092 466 3127 ostendere.

437 212 707 254 FAX

363 301 436 333 Idem
455 301 487 328 de
500 302 555 329 Vit.
567 302 658 337 Popnl.
672 302 782 329 Roman.
799 301 815 328 l.
829 308 845 328 2
869 301 958 333 Qtum
974 307 988 325 a
1005 306 1076 326 noua

460 409 517 435 Vid.
532 409 604 444 infra
617 409 710 443 Spinea
722 407 794 438 teda,
805 406 854 441 Jitb
871 412 906 431 SP
917 412 924 430 1
935 370 1075 432 N.fftml·fg:

904 583 981 609 Faces
997 583 1076 609 etiam

44 664 135 686 ,autem
148 658 305 687 vrebantur;
329 657 395 684 vnde
410 657 559 692 permansit,
577 661 606 681 vt
620 660 739 680 mortuos
753 654 819 680 faces
833 653 993 680 antecedant.
1020 653 1078 681 Vni.

376 692 528 727 Sepulcralis
542 691 584 718 fax
597 689 678 716 Ouid.
687 689 764 724 Epist.
779 698 800 721 2,
816 697 870 716 120.
1024 686 1045 726 ff
1066 697 1078 715 2

44 731 98 761 'Per
110 730 295 756 translationem
309 731 335 754 in
348 726 632 764 variusfignificatsoncs
645 724 796 752 traducitur.
832 723 907 764 Apul.
917 724 991 764 Apol.
1000 733 1024 758 p.
1033 733 1079 756 321,

51 771 78 797 32
104 765 154 791 Hie
167 763 310 790 Aemiliani
323 763 400 790 huius
413 764 456 790 fax
469 768 494 788 et
505 760 635 795 flagellum
651 760 796 794 instigator.
865 759 1053 792 P1111.prl‘t.4‚
1063 768 1078 791 9

52 798 103 828 Fax
120 799 290 826 accusationis
310 806 336 825 et
354 799 438 833 origo.
922 831 927 834 Ι
1070 831 1075 835 ¹

223 835 279 861 Cic.
293 835 374 861 Tusc.
388 843 407 866 1,
425 840 463 865 44
487 833 629 866 Quumque
649 832 776 865 Corporis
799 830 899 856 facibus
919 832 1078 857 uulammari

704 868 777 893 Idem
791 866 822 892 de
835 867 907 892 Orat.
921 874 946 898 2,
961 874 1007 898 203
1026 867 1078 892 Ne-

947 901 1078 935 QuucIil.

49 842 174 898 fgl’egfdhs
189 869 221 896 ad
234 879 325 896 omnes
339 870 394 896 fere
406 866 569 901 cupiditates,
589 873 634 893 etc.

49 915 100 941 que
114 906 201 940 paruis
219 906 246 931 in
261 905 337 932 rebus
353 902 514 930 adhibendae
533 903 591 929 sunt
607 903 654 929 hae
667 902 780 929 Dicendi
799 902 875 927 faces.

2 968 4 970 ,
48 949 68 972 1,
78 950 99 969 ,2
121 941 151 967 Id
163 941 277 968 acriores
291 940 322 966 ad
334 938 414 964 studia
427 937 539 964 Dicendi
552 938 618 964 faces
632 937 779 970 subdidiffe,
790 945 868 972 quam
882 936 1078 963 exhortationes

534 974 589 1000 Cic.
598 972 629 999 de
637 974 687 1000 Off.
697 982 757 1007 2,37
778 981 834 998 c.10
852 972 983 999 Dolorum
997 982 1078 1007 quum
1089 979 1125 997 20

48 976 210 1009 docentium,
218 984 263 1002 etc.
276 974 461 1002 contenderim.

47 1005 224 1038 ddmoucntur
241 1012 307 1037 faces
325 1015 426 1043 practer
444 1008 568 1041 modum,
588 1009 707 1044 plerique
721 1014 893 1035 exterrentur.
944 1008 1078 1035 lucendio-

49 1056 108 1074 rum
121 1047 231 1073 Antonii
243 1047 285 1072 fax
299 1044 406 1071 Clodius
420 1044 457 1070 Id.
471 1044 582 1079 Philipp.
592 1054 617 1076 2,
625 1052 658 1077 43
678 1054 698 1071 c.
708 1053 744 1077 19.
815 1043 870 1069 Cic.
884 1052 933 1078 pro
941 1044 1035 1070 Milon.
1045 1053 1078 1077 99

47 1091 70 1108 c.
85 1090 112 1114 35
138 1083 235 1109 Omnes
248 1089 263 1106 a
275 1081 324 1106 suis
339 1080 454 1105 inimicis
467 1080 535 1106 faces
547 1079 667 1107 Inuidiae
682 1088 754 1106 meae
768 1079 949 1111 subiiciantur.
1004 1081 1077 1106 Men-

47 1117 82 1144 tis
94 1117 138 1143 fax
151 1116 270 1143 honestae
279 1135 287 1147 ‚
304 1116 388 1149 gloria
402 1115 447 1141 Sil.
461 1117 487 1147 6,
500 1124 552 1147 332.
576 1116 601 1142 h.
610 1125 628 1142 e.
641 1114 757 1148 stimulus
770 1122 793 1141 et
807 1117 990 1141 incitamentum
1003 1118 1080 1141 animi

65 1155 160 1186 enerosr.
213 1151 308 1178 Mortis
321 1150 363 1177 fax
377 1150 457 1178 Ouid.
472 1151 550 1185 Epist.
565 1159 603 1183 21,
618 1158 671 1185 172.

79 1187 150 1214 natui
163 1185 354 1221 prouidendum
370 1186 437 1218 fuit,
451 1195 483 1212 ne
497 1187 524 1212 in
537 1185 602 1212 hanc
616 1192 713 1212 tantam
726 1187 863 1212 materiam
876 1186 1016 1213 Seditionis
1032 1187 1078 1213 ista

49 1222 146 1250 funesta
166 1222 208 1248 fax
227 1221 436 1248 adhaerescet-et?
507 1222 651 1248 Tumultus
665 1221 730 1248 Pliu.
741 1222 799 1248 Pan.
809 1228 830 1251 8.
1025 1220 1044 1260 ¹]
1065 1230 1078 1253 3

2 1279 5 1282 ,
48 1260 160 1294 Epitheta
174 1268 181 1282 :
215 1257 337 1284 Acriores
358 1257 425 1283 faces
442 1256 473 1283 ad
486 1256 569 1284 studia
585 1256 688 1283 dicendi
703 1257 811 1284 subdere
825 1256 956 1290 Qinffil.
970 1265 990 1289 1,
1004 1266 1026 1290 2,
1039 1266 1078 1290 25.

49 1295 110 1323 Atra
123 1292 217 1327 Virgil.
230 1293 294 1318 Aen.
308 1301 332 1325 9,
346 1301 390 1326 74.
453 1293 554 1318 Auidae
568 1294 647 1319 Ouid.
661 1294 724 1319 Met.
739 1301 776 1326 14,
790 1301 855 1325 530(
900 1294 998 1326 Exigua
1016 1294 1078 1320 Stat.

333 1328 502 1354 Flammifera
516 1329 596 1354 Ouid.
612 1329 690 1363 Epist.
705 1330 742 1361 16,
755 1331 799 1361 46.

257 1364 368 1398 Fulgens
387 1363 495 1390 Tibull.
512 1372 532 1396 1,
554 1372 576 1396 2,
594 1369 628 1396 38.
701 1365 818 1390 Funerea
845 1364 961 1390 Martial.
984 1368 1013 1396 8,
1039 1373 1079 1397 43.

54 1399 147 1434 luguen
161 1399 245 1426 Valet.
259 1400 357 1433 Argon.
373 1408 401 1432 2,
416 1407 476 1432 344.
506 1402 525 1425 i.
545 1401 674 1434 nuptiales.
744 1399 891 1434 Legitimae
908 1400 994 1429 Senec.
1008 1399 1079 1425 Med.

55 1435 108 1462 s.‘2.
174 1434 306 1461 Luciferas
324 1435 391 1461 faces
410 1434 504 1461 crinita
517 1444 569 1461 nox
584 1435 669 1461 Valer.
684 1435 781 1470 Argon.
793 1444 815 1468 ς,
828 1443 886 1469 370.
957 1435 1080 1461 Lucifera

323 1470 451 1502 Maritae,
474 1473 493 1496 i.
507 1473 628 1505 nuptiales
648 1470 730 1497 Ouid.
744 1471 821 1505 Epist.
836 1480 867 1503 11,
881 1479 929 1497 101.
987 1471 1079 1497 Noen-

48 1541 100 1568 vid.
117 1540 170 1576 post
189 1548 285 1568 NVBO.
362 1542 483 1567 Phoebea
503 1541 590 1567 Senec.
605 1541 713 1575 Hippoi.
731 1542 750 1567 s.
764 1551 791 1574 4.
859 1542 945 1568 Prima
964 1544 1036 1574 tace,
1062 1545 1081 1567 i.

39 1579 126 1612 prima
138 1583 212 1611 parte
231 1574 320 1602 ηοὲἶίῐ.
362 1576 498 1602 Censorin.
518 1576 550 1602 de
569 1576 613 1602 die
631 1583 683 1602 nat.
700 1585 730 1609 :4
759 1576 816 1602 Post
836 1575 864 1602 id
884 1577 1082 1611 (crepusculum)

17 1621 20 1627 ⁴
45 1611 164 1646 sequitur
177 1617 289 1645 tempus,
307 1611 378 1645 quod
391 1610 502 1636 dicimus
517 1611 662 1638 luminibus
677 1611 794 1642 accensis,
813 1612 917 1646 antiqui
930 1613 1014 1646 prima
1026 1612 1082 1638 face

45 1645 174 1674 dicebant.
246 1646 322 1680 Apul.
336 1647 400 1672 Met.
416 1654 428 1671 2
453 1655 478 1679 p.
493 1654 544 1678 119,
558 1655 591 1673 20
616 1647 702 1673 Prima
716 1647 770 1673 face
784 1647 937 1673 cubiculum
952 1654 1025 1673 tuum
1040 1647 1081 1673 ad-

276 1717 334 1742 Cum
350 1717 450 1742 Graccis
466 1723 591 1752 comparat
604 1717 726 1743 Brodaeus
738 1719 814 1753 Mth.
827 1728 852 1751 4,
862 1728 899 1749 33.
954 1719 1081 1744 Profauae

810 1753 893 1780 Rosea
903 1753 964 1779 solis
977 1754 1081 1779 Lucret.

200 1787 376 1821 Tranquillae
395 1787 479 1812 oculis
492 1789 576 1813 nitent
593 1789 654 1813 Stat.
668 1787 763 1813 Achill.
779 1795 799 1817 1,
815 1789 870 1820 164.
1021 1786 1041 1822 fl
1061 1795 1080 1819 4

50 1822 185 1847 Verborum
202 1822 348 1856 formulae:
385 1821 475 1847 Tacit.
495 1821 561 1846 Hist.
581 1829 605 1850 1,
626 1829 661 1852 24
691 1821 873 1854 Flagrantibus
889 1820 942 1846 iarn
962 1821 1078 1846 militum

43 1856 139 1883 animis
160 1856 233 1881 velut
260 1856 326 1881 faces
345 1854 489 1880 Addiderat
507 1855 612 1880 Meuius
640 1854 739 1887 pudens
759 1863 774 1879 e
795 1855 924 1888 proximis
939 1855 1079 1889 Tigillini.
1094 1856 1128 1882 45
1143 1856 1195 1882 vid.
1222 1862 1346 1884 ACCED
1357 1863 1376 1882 O
1388 1876 1394 1883 .

43 1890 171 1918 Afflarunt
188 1889 291 1924 tepidae
309 1889 414 1923 ped-'tora
428 1888 512 1914 vestra
529 1888 596 1915 faces
616 1888 695 1915 Ouid.
709 1889 783 1915 Rem.
798 1889 889 1915 Amor.
902 1898 961 1922 434.
1017 1890 1079 1917 Am-

43 1925 136 1954 bnlare
148 1934 206 1952 cum
220 1924 320 1951 facibus
334 1925 400 1950 Hor.
416 1923 498 1950 Sertn.
509 1932 529 1956 1,
544 1934 572 1956 a,
586 1931 619 1957 51.
690 1923 808 1950 Ardescit
820 1925 924 1951 trisulca
935 1925 992 1951 face
1005 1934 1080 1952 ιηιιιι·

41 1961 108 1992 dus,
122 1964 141 1987 ι’.
148 1960 257 1996 fulmine
273 1960 359 1985 Senec.
373 1959 482 1993 Hippol.
500 1959 518 1985 s.
533 1968 554 1992 5.
608 1960 731 1986 Armatus
744 1960 844 1993 sagittis
856 1969 887 1991 ac
898 1961 955 1986 face
969 1960 1078 1995 Qun&

46 2005 73 2030 2,
86 2005 111 2029 4.
182 1996 290 2022 Armata
302 1994 402 2021 facibus
415 1993 513 2028 Virgil.
527 1996 592 2021 Aen.
605 2001 699 2028 4,472.
769 1995 909 2022 Collucent
922 1996 992 2022 faces
1007 1995 1079 2022 Idem

40 2033 111 2066 'Aen‘
123 2040 151 2066 4,
162 2033 220 2065 567⁵
326 2066 449 2092 Cremare
463 2065 530 2092 faces
545 2066 695 2092 Ouid.Met.
709 2071 731 2094 8.
787 2066 865 2093 Stella
878 2067 962 2093 facem
976 2068 1080 2093 Ducens

767 2102 865 2129 Exarsit
879 2102 982 2129 facibus
996 2102 1079 2137 igneis

644 2137 700 2163 Cic.
717 2135 830 2171 Philipp.
850 2145 882 2172 7,
902 2146 914 2169 3
941 2137 991 2164 Sed
1013 2146 1079 2178 quae

54 2209 175 2243 stinguere
187 2209 254 2235 faces
267 2209 324 2234 Sen.
340 2209 416 2234 Herc.
430 2209 491 2234 Oete
508 2207 526 2232 s.
538 2216 565 2240 4.
671 2207 726 2235 Cic.
745 2207 777 2234 de
795 2208 901 2235 Amicit.
917 2216 948 2242 37
968 2174 1079 2235 Causl‘giii

51 2244 182 2275 atterebat,
205 2243 277 2279 quod
296 2244 362 2270 tanti
376 2243 523 2270 Tiberium
536 2242 681 2269 Gracchum
699 2242 814 2276 fecitset,
833 2250 860 2270 vt
879 2243 1011 2278 quidquid
1032 2244 1077 2270 ille

18 2291 19 2295 ¹
50 2278 141 2314 vellet,
158 2279 205 2306 fibi
218 2279 369 2306 faciendum
387 2284 496 2314 putaret.
533 2278 609 2304 Tum
624 2286 686 2312 ego,
705 2278 824 2305 Etiamne
844 2279 988 2314 (inquam)
1010 2279 1027 2306 fi
1048 2280 1076 2306 in

588 2314 668 2340 Ferre
683 2314 751 2340 faces
768 2315 796 2340 in
814 2314 895 2346 tecla,
918 2318 937 2341 i.
950 2315 1078 2342 accendere

466 2349 588 2383 Flagrare
604 2349 661 2375 face
681 2349 738 2375 Sen.
753 2350 845 2377 Otilau.
859 2358 893 2384 51.

47 2315 82 2348 Ca
100 2315 204 2347 itolium
224 2316 292 2342 faces
315 2313 404 2341 Ferre'
417 2314 519 2341 vellet?

961 2351 1079 2377 Iaculan-

534 2420 647 2446 Iaculata
664 2420 747 2446 facem
768 2421 854 2448 Valer.
868 2422 966 2456 Argon.
981 2431 1009 2455 4,
1023 2424 1080 2457 671.

42 2456 148 2484 Immissi
162 2458 190 2483 in
202 2457 269 2483 tecta
287 2457 374 2482 nostra
393 2456 461 2482 serui
482 2464 541 2481 cum
561 2453 663 2481 facibus
685 2455 740 2481 Cic.
756 2456 808 2483 Att.
822 2465 867 2490 14,
882 2466 920 2484 10.
988 2458 1079 2485 Incide

42 2492 111 2519 faces
123 2492 219 2526 Virgil.
232 2492 283 2518 Ecl.
297 2496 324 2520 8,
344 2499 386 2522 29.
422 2489 475 2516 vid.
496 2489 625 2516 Seruium.
695 2491 797 2518 Inferre
817 2492 886 2518 faces
907 2491 997 2526 tectis,
1026 2494 1079 2520 vid.

43 2534 55 2554 1
63 2535 85 2554 N
94 2535 110 2554 ιτ
120 2533 137 2553 Ε
148 2533 168 2552 R
177 2533 196 2552 o
206 2545 212 2552 .
282 2526 411 2559 Inspicare
424 2525 493 2551 faces
503 2530 581 2551 acuto
594 2525 668 2553 ferro
681 2526 756 2561 Virg.
771 2527 866 2562 Georg.
881 2537 901 2560 1,
914 2536 974 2561 292.
1030 2529 1078 2556 Le-

42 2562 111 2589 vatis
125 2562 156 2587 de
170 2569 256 2595 puppe
269 2560 372 2586 facibus
383 2560 443 2586 Stat.
457 2559 521 2586 Ach.
537 2569 556 2592 1,
568 2569 606 2592 33.

43 2596 98 2623 vid.
111 2600 137 2622 in
155 2603 227 2622 LVX.
282 2595 373 2622 Pandit
385 2595 505 2622 infestam
519 2596 601 2622 facem
615 2602 716 2623 cometa
735 2597 793 2624 Sen.
806 2599 900 2625 oetan.
912 2608 962 2631 ²32-
1005 2602 1079 2627 Prae-

43 2633 116 2659 ferre
129 2632 214 2658 facem
226 2630 418 2658 adolescentulo
435 2631 468 2658 ad
481 2631 621 2660 libidinem
640 2633 696 2659 Cic.
711 2633 739 2659 in
754 2634 832 2660 Catil.
848 2644 866 2665 1,
880 2643 903 2666 13
924 2644 945 2661 c.
960 2638 984 2661 6.
1018 2636 1043 2662 h.
1058 2645 1078 2661 e.

43 2668 125 2694 ducem
139 2666 189 2700 effi.
265 2667 340 2693 Bello
353 2667 437 2693 facem
451 2667 583 2700 praeferre
594 2668 684 2696 Tacit.
698 2668 766 2694 Hist.
779 2677 803 2699 2,
816 2672 856 2701 86,
867 2677 892 2702 7.
963 2670 1080 2696 Sonuere

43 2703 112 2730 faces
125 2702 213 2729 Valer.
226 2702 325 2736 Argon.
338 2709 361 2735 5,
374 2710 410 2734 33.
430 2711 489 2737 rogo
501 2702 604 2736 incenso.
674 2703 736 2728 Heu
753 2703 822 2728 mihi
835 2703 923 2729 Subdo
936 2704 993 2737 Ipse
1012 2704 1080 2730 faces

41 2739 104 2766 Stat.
121 2738 184 2765 Silu.
198 2746 224 2771 2,
239 2739 264 2769 6,
279 2746 317 2770 14.
388 2736 456 2763 Vrbi
470 2736 584 2762 Subdere
599 2737 666 2763 faces
685 2738 758 2763 Curt.
772 2746 795 2770 5,
814 2745 841 2772 7,
853 2747 880 2771 4.

38 2774 159 2801 „carmina
174 2774 323 2805 Poetarum,
343 2781 409 2807 quae
422 2771 558 2798 affee‘tibus
572 2772 667 2799 nostris
680 2772 765 2799 facem
778 2772 897 2801 subdunt
909 2773 966 2800 Sen.
981 2775 1024 2808 Ep.
1035 2782 1079 2807 115.

41 2809 182 2837 Succensus
194 2809 265 2841 face,
283 2808 394 2842 tcdaque
410 2807 492 2842 iugali
505 2807 550 2834 Sil.
565 2814 602 2842 17,
611 2813 651 2843 78.
722 2807 831 2834 Pudoris
846 2809 946 2835 facibus
960 2811 1079 2837 succensa

43 2854 115 2872 mens
129 2845 219 2872 Claud.
234 2844 262 2870 in
275 2853 313 2879 pr.
327 2844 404 2871 Cous.
418 2844 477 2870 Stil.
489 2851 515 2876 2,
529 2851 583 2870 221.
650 2843 786 2870 Ventilare
803 2844 872 2870 faces
892 2845 972 2871 Ouid.
987 2846 1077 2872 Amor.

44 2886 99 2914 131,
111 2886 133 2911 8.
189 2880 267 2906 Visae
282 2880 339 2906 sunt
357 2878 489 2906 no&urno
502 2884 620 2913 tempore
632 2879 700 2905 faces
714 2879 770 2906 Cic.
781 2879 810 2906 in
824 2879 901 2907 Catil.
915 2889 938 2912 3,
953 2886 986 2911 18.
1032 2881 1078 2907 Vi-

43 2917 84 2947 sae
97 2915 221 2943 Caelestes
238 2916 306 2942 faces
326 2915 397 2941 Idem
416 2916 448 2941 de
463 2915 524 2941 Nat.
539 2915 618 2941 Deor.
632 2923 662 2946 z,
677 2923 715 2948 14.

44 2951 148 2985 ant-iqui
161 2950 292 2983 dicebant,
313 2952 423 2977 Numero
442 2951 580 2986 Singulari,
600 2956 628 2976 vt
646 2949 707 2977 fides
721 2950 818 2977 Festus.

83 2992 129 3013 ΕΑ
139 2992 156 3013 c
165 2985 238 3014 VLA
249 3006 256 3018 ,
272 2995 311 3013 ac.
340 2986 360 3012 f.
397 2986 499 3012 Dimin.
534 2983 711 3020 [λαμπάδιον]
745 2987 862 3021 Propert.
874 2995 900 3019 2,
913 2995 956 3019 29,
971 2996 984 3020 5
1005 2990 1078 3022 Qio.

771 3022 853 3048 Plaut.
866 3023 933 3049 Pers.
947 3032 979 3058 4,
1000 3033 1023 3056 3,
1041 3026 1077 3058 46

49 3055 233 3090 Nequidquam
250 3057 303 3084 tibi
321 3057 429 3085 fortuna
448 3057 563 3084 faculam
583 3056 727 3083 luctificam
745 3057 858 3084 allucere
872 3057 943 3091 volt,
973 3063 991 3086 i.
1012 3062 1078 3086 lucri

50 3125 134 3152 Varro
150 3125 180 3150 L.
189 3125 219 3152 L.
227 3135 254 3161 4,
266 3136 292 3160 3¹
311 3137 336 3163 p.
349 3137 391 3162 34,
407 3137 425 3155 ι.

83 3165 358 3197 FACVLAR1VS,
379 3164 398 3191 i.
433 3173 470 3192 m.
506 3162 881 3201 ApudHieron.effi:dicitur.

82 3201 204 3228 FAxo,
238 3197 288 3225 vid.
313 3205 443 3227 rAcio.

84 3307 178 3329 FEBR
189 3308 235 3333 18,
253 3302 283 3329 is.
317 3304 336 3332 f.
352 3318 355 3319 ⁷
372 3262 505 3343 [qi-{erig
523 3262 640 3343 πξεξῶι]
675 3262 789 3341 20,-hm,
807 3315 850 3335 aut
863 3308 1004 3345 Jjsmptoma
1017 3308 1077 3334 alio-

47 3347 103 3365 rum
120 3337 271 3370 morborum,
288 3345 354 3373 quem
365 3345 392 3368 in
405 3345 484 3370 calore
498 3345 567 3371 vltra
587 3344 680 3370 modum
698 3341 770 3370 auH'o
788 3346 898 3380 plerique
916 3342 1076 3376 constituunt.

48 3373 108 3400 No>1
122 3374 182 3399 '⁷¹¹³st
201 3376 212 3398 1'
230 3375 281 3399 itur
293 3373 378 3402 Ifidor-
390 3379 465 3413 Orig.
479 3388 506 3412 4,
520 3381 536 3406 6
551 3386 594 3414 pr.
620 3379 712 3406 Febris
730 3388 744 3405 a
756 3379 863 3406 feruore
883 3379 952 3406 dicta
965 3379 1014 3405 est:
1041 3379 1077 3405 est

45 3409 118 3435 enim
132 3408 201 3435 abun
222 3407 291 3434 antia
304 3409 404 3438 caloris.
465 3415 586 3450 Qorsum
600 3415 708 3441 alludens
722 3416 789 3441 Hor.
802 3416 891 3442 Carm.
907 3424 926 3446 1,
937 3423 999 3447 3530
1019 3414 1077 3442 1²0st

39 3444 136 3480 »ignem
149 3443 265 3470 &etherh
279 3443 356 3470 domo
370 3446 537 3482 subductum,
555 3451 653 3476 Macies
665 3457 691 3477 et
705 3459 776 3477 noua
792 3450 918 3477 Febrium
935 3450 1014 3476 terris
1036 3450 1076 3476 in·
1091 3452 1127 3475 90
1140 3451 1207 3477 Cels.
1222 3458 1247 3482 2,
1264 3459 1286 3482 3.

23 3492 27 3493 ’
45 3479 138 3506 cubuit
153 3479 246 3506 c⁰h0r⁵
261 3489 266 3504 ²
292 3478 357 3514 quast
375 3481 411 3507 ille
425 3484 531 3511 Febrium
544 3485 620 3512 ardor
625 3485 663 3520 fit
674 3486 704 3512 ab
716 3495 757 3518 eo,
775 3486 838 3521 quod
854 3487 963 3513 homines
977 3488 1033 3522 igni
1042 3488 1077 3512 ‘in

16 3524 22 3531 ‘
46 3515 99 3542 Cfbfi
116 3522 140 3541 el
157 3516 208 3541 alia
222 3514 303 3540 diaeta
321 3520 431 3543 Utuntur·
473 3519 628 3554 Abstrufiux,
645 3531 688 3547 nec
707 3528 787 3547 tamen
805 3531 852 3548 non
870 3531 955 3548 verum
969 3521 1077 3552 uidetur,

47 3550 111 3610 guod
129 3554 165 3576 ait
184 3551 256 3576 Seru.
271 3549 302 3575 ad
316 3550 380 3576 Aen.
397 3558 417 3582 1,
433 3559 478 3586 372
500 3557 556 3582 olim
578 3556 682 3582 hebi-im
696 3555 798 3583 distairi.
852 3557 924 3595 Qioii
936 3557 1075 3592 Symptoma

67 3584 170 3618 ῐῖΐῐηωῑ,
189 3583 317 3618 &lendum
336 3584 423 3611 medici
438 3596 490 3613 cum
503 3589 553 3617 fine
566 3591 641 3618 febre
657 3592 743 3618 dicunt
756 3592 862 3619 morbum
880 3591 936 3625 este,
956 3594 996 3618 vel
1014 3600 1075 3617 cum

47 3620 138 3653 febre,
157 3630 181 3647 υ.
193 3631 218 3657 g.
232 3620 349 3647 Scribon.
364 3627 407 3654 97.

48 3654 128 3689 liqssis
141 3656 264 3683 Omnibl¹3
277 3655 453 3687 (bominibus)
469 3665 513 3690 per
526 3659 632 3694 fingulas
646 3663 827 3689 membrorum
842 3668 942 3697 partes,
962 3661 1076 3696 qualiter

0 3691 8 3712 ὖ
48 3691 125 3723 nullis
138 3691 196 3718 aliis
215 3690 373 3718 animalibus
394 3691 471 3717 certis
494 3693 597 3725 pestifer
618 3698 689 3725 ffilor
714 3703 812 3725 remeat
829 3697 904 3725 horis
923 3703 967 3724 aut
986 3697 1075 3731 rigor:

0 3744 3 3757 c
48 3734 133 3766 neque
155 3727 228 3754 horis
251 3727 348 3766 modo,
376 3726 418 3753 sed
437 3732 463 3752 et
484 3727 574 3755 diebus
593 3733 767 3769 nos-:tibusque
789 3734 867 3760 trinis
886 3732 1074 3768 quadrinisue,

0 3788 1 3793 ,
49 3766 125 3788 cnam
140 3768 197 3789 toto
214 3771 292 3789 anno.
328 3762 400 3788 (mod
411 3768 483 3798 negat
494 3762 566 3797 febri
582 3770 672 3794 tentari
684 3771 734 3796 alia
752 3770 887 3801 animalia,
905 3768 1000 3794 modum
1012 3777 1076 3793 more

20 3821 23 3823 .
44 3795 89 3830 suo
101 3798 204 3825 excedit.

32 3996 33 3999 ,
45 3974 73 3998 in
85 3974 264 4008 antiquioribus
276 3975 393 4001 Romanis
406 3981 536 4002 occurrunt
550 3986 557 4000 .·
578 3974 630 4001 vid.
644 3975 723 4000 Ouid.
738 3984 768 4002 ex
782 3978 854 4005 Pont.
869 3989 890 4011 1,
899 3989 937 4012 10,

53 3830 191 3866 Nunquam
210 3834 282 3860 enim
300 3833 352 3860 sine
371 3833 441 3859 febri
460 3833 527 3859 sunt.
560 3836 566 3843 ‘
579 3834 609 3859 Et
626 3843 650 3864 2,
661 3846 689 3868 4,
702 3847 714 3869 3
733 3840 889 3866 Perfunfiae
902 3841 958 3866 sues
971 3848 985 3865 a
997 3839 1076 3865 febri.

50 3865 206 3895 Febricitans
231 3877 307 3903 pecus
327 3875 356 3895 vt
375 3874 481 3895 curetur
500 3866 533 3901 ‘st
557 3868 622 3902 apud
640 3871 767 3899 Columel.
785 3877 815 3907 6,
829 3883 854 3908 9.
886 3878 943 3901 item
962 3882 986 3908 7,
1003 3882 1024 3906 ς,
1039 3883 1076 3900 ιο.

50 3900 176 3930 Febricofi
198 3905 260 3938 equi
278 3906 371 3938 Veget.
390 3905 502 3931 Mulom.
518 3913 538 3935 ι,
555 3909 593 3935 38,
611 3912 637 3936 4.
688 3937 695 3943 ἱ
707 3907 842 3942 Scriptores
856 3904 1016 3943 Ecckfiastic'i
1034 3910 1078 3935 hoc

46 3938 184 3973 pocahulum
201 3940 298 3966 Plurali
311 3940 370 3974 fere
386 3949 484 3966 numero
505 3939 624 3974 vficrpaut
638 3949 648 3968 ‚·
669 3940 763 3972 similia
781 3950 860 3970 tamen
880 3947 986 3980 exempla
1006 3948 1079 3971 etiam

47 4006 122 4042 Epist.
131 4017 151 4042 1,
158 4018 183 4042 2,
191 4016 232 4043 48.
267 4010 336 4046 Nep.
345 4018 383 4044 251,
392 4019 428 4044 21,
437 4020 456 4044 4
480 4011 585 4040 inMSS.
623 4008 826 4041 Efficaciffimum
837 4013 866 4041 in
876 4015 997 4045 febribus
1011 4015 1077 4045 run.

1105 452 1118 479 5

910 618 957 644 Per
973 618 1078 644 noelcm
1093 622 1122 639 10

531 798 660 822 Cruentae
680 796 748 821 faces
770 793 891 822 Bellonae
911 795 971 821 Stat.
988 795 1077 822 Theb.
1100 800 1124 826 ις
1141 799 1217 824 diana
1236 799 1300 824 Plin.
1316 803 1362 830 28,
1380 800 1416 824 16.

724 1150 780 1177 Cic.
795 1158 842 1184 pro
850 1151 938 1176 Domo
950 1160 959 1176 1
981 1151 1078 1177 Nonne
1094 1155 1125 1181 25

870 1328 978 1354 Flebilis
992 1329 1078 1354 Scnec.
1095 1334 1127 1358 30

542 1506 680 1540 Nuptiales
700 1507 756 1532 Cic.
776 1515 825 1540 pro
844 1506 948 1532 Cluent.
968 1514 993 1546 ις
1019 1515 1040 1532 c.
1056 1508 1081 1532 6.
1101 1507 1127 1533 35

158 1682 275 1708 Macrob.
290 1682 339 1707 Sat.
354 1689 373 1710 ι,
386 1689 398 1712 3
421 1681 452 1706 Et
466 1681 521 1715 post
533 1683 645 1716 primam
658 1683 757 1714 facem,
777 1688 836 1708 ante
850 1682 963 1709 mediam
975 1682 1081 1709 noelem
1093 1688 1128 1713 40

291 2031 344 2057 Fax
363 2029 443 2056 stellis
458 2031 591 2056 Comitata
603 2030 681 2056 nouis
700 2030 822 2056 incendia
841 2031 912 2057 ducit
933 2033 1036 2057 Petron.
1057 2040 1080 2058 c.
1099 2034 1131 2060 50
1143 2029 1185 2059 vel
1200 2032 1339 2065 Adiectae,
1359 2034 1401 2059 vel
1415 2033 1515 2060 leuatae
1534 2034 1614 2060 febris
1632 2036 1777 2069 apparebit.

1098 2207 1127 2234 5⁵
1144 2209 1245 2236 Ardens
1264 2209 1332 2236 Cels.
1354 2218 1381 2241 2,
1400 2217 1430 2243 ις.

833 2385 945 2412 Ia'culari
963 2386 1079 2413 incensas
1095 2382 1130 2407 60
1144 2396 1182 2414 ιο.

661 2561 760 2588 Lucere
774 2562 857 2589 facem
874 2572 959 2590 nouae
973 2570 1079 2599 nuptae,
1095 2563 1126 2595 65
1143 2565 1226 2599 febris
1240 2566 1360 2599 protinus
1375 2566 1440 2591 Cels.
1450 2574 1471 2598 2,
1482 2571 1503 2595 8.

911 2915 932 2953 q
951 2924 964 2949 5
1001 2917 1079 2943 Faces
1096 2915 1131 2944 75
1141 2917 1202 2943 mic.
1218 2926 1238 2949 1,
1252 2925 1272 2948 3.

518 3093 616 3120 Incisos
631 3095 705 3119 etiam
721 3092 801 3120 fustes
819 3093 915 3120 faculas
932 3093 989 3129 eJJe,
1009 3095 1078 3123 docet
1095 3092 1127 3120 80
1139 3103 1193 3121 nou
1215 3094 1323 3120 Dimitit
1343 3094 1408 3120 Cels.
1430 3104 1458 3126 2,
1477 3102 1502 3129 7.

1097 3269 1126 3298 85
1142 3272 1204 3299 inde
1218 3272 1361 3298 febriculas
1368 3272 1475 3299 Excitat.

458 3622 586 3653 Rhetorica
599 3627 682 3654 febris
700 3627 831 3663 descriptio
851 3622 917 3653 Plin.
931 3635 958 3662 7,
973 3635 1004 3659 50
1025 3627 1075 3652 Re·
1093 3622 1126 3649 95
1140 3625 1213 3661 pedit
1230 3627 1344 3653 intentio
1365 3626 1447 3653 febris
1461 3628 1580 3654 somnum
1599 3628 1665 3655 Cels.
1679 3637 1705 3659 3,
1720 3633 1752 3656 18.

1512 214 1777 257 FEB

1138 306 1205 337 28,7.
1242 302 1353 330 Acceffio
1363 302 1444 330 febris
1452 304 1517 331 Cels.
1527 313 1568 337 3,3
1588 304 1680 332 eta1ibi
1706 309 1840 341 requenter.
1880 305 1993 335 Acceffus
2007 309 2097 343 febris,
2112 311 2166 337 vid.

1137 345 1267 365 ACCEDO.
1303 338 1367 366 Plin.
1378 344 1438 372 :8,4
1452 341 1537 367 Ardor
1545 340 1682 368 febriumP
1695 342 1730 367 ln.
1740 349 1803 372 23,1.
1839 340 2091 372 Circuitusfcbrium
2100 347 2166 373 Cels.

1137 374 1458 410 3,12.rtaltbifrequcntrr.
1493 376 1595 402 Cohors
1609 385 1678 402 noua
1686 375 1803 403 febrium
1815 376 2080 412 H01·.Car1n.1,3,50.
2115 383 2168 408 Cu.

1137 409 1206 435 ratio
1220 409 1334 436 febrium
1342 410 1468 442 Cels.3‚3.
1503 411 1615 438 Det-elliu
1623 411 1714 444 febris,
1727 410 1779 438 vid.
1789 412 1866 445 Instat
1874 411 1956 438 febris
1971 414 2080 447 1d.3,12.
2117 417 2166 443 De.

1138 445 1214 470 cen'us
1222 445 1304 471 febris
1312 445 1402 477 Cels.3‚
1411 454 1443 470 12.
1482 447 1645 473 Discesliones
1654 447 1770 474 febrium
1778 446 1814 473 Id.
1823 455 1881 480 2‚4.
1918 447 1982 473 Plin.
1991 456 2069 481 24,10
2086 452 2168 478 Deco-

1139 487 1256 514 quuutur
1270 488 1294 507 ct
1306 483 1395 507 co‘ntra
1412 481 1542 507 Horror-es
1553 482 1676 509 febrium.
1713 484 1826 517 Impetus
1839 482 1920 508 febris
1934 483 2034 515 Celsa,
2050 493 2084 511 [o.
2126 488 2169 513 In.

1139 515 1273 541 credibilis
1290 516 1369 543 ardor
1386 515 1503 542 febrium
1524 517 1589 543 Plio.
1603 518 1680 551 Epist.
1696 527 1714 549 1,
1728 526 1768 544 22.
1811 525 1824 527 >
1840 518 1941 545 Genera
1957 518 2073 546 febrium
2094 520 2168 548 innu-

1138 551 1276 578 merabilia
1295 553 1381 577 Senec.
1399 551 1476 584 Epist.
1493 554 1535 583 96.
1605 553 1720 579 Intentio
1740 553 1822 579 febris
1841 553 1906 580 Cels.
1928 562 1955 586 3,
1974 559 2008 584 18.
2080 556 2169 582 Motus

1138 586 1256 612 febrium
1275 586 1391 613 constans
1412 587 1467 612 Cic.
1483 587 1514 612 de
1527 587 1621 613 Natur.
1636 589 1715 615 Dcor.
1730 599 1757 620 3,
1776 597 1820 622 24.
1895 589 2035 624 Reliquiae
2051 590 2170 618 febrium

1139 622 1206 647 Cels.
1222 631 1243 654 3,
1257 631 1284 654 4.
1355 621 1477 648 Remiffio
1491 622 1574 648 febris
1590 623 1661 649 Idem
1676 632 1706 655 2,
1726 632 1763 650 10.
1833 623 1958 651 Rcuerlio
1976 624 2091 651 febrium
2113 628 2170 653 Cic.

1140 658 1172 683 de
1186 657 1279 683 Natur.
1295 658 1375 683 Deor.
1388 665 1412 688 3,
1428 666 1468 690 24.
1537 658 1604 685 Plin.
1619 667 1657 690 23,
1677 667 1686 685 1
1719 658 1798 692 Quod
1815 660 1846 685 ad
1866 660 1985 686 febrium
1999 661 2172 688 Valetudines

1140 692 1246 723 attinet,
1260 699 1361 720 certum
1374 692 1410 718 est
1423 701 1476 718 non
1489 691 1602 719 dandum
1615 694 1643 719 in
1657 694 1730 720 febre
1740 714 1747 726 ,
1761 694 1808 720 nili
1821 695 1954 722 veteribus
1965 695 2050 730 aegris
2063 698 2171 728 vinun1;

1594 729 1675 756 Acuta
1689 730 1771 756 febris
1784 730 1851 756 Cels.
1866 739 1889 762 2,
1901 734 1927 757 6.
1996 732 2069 758 Idem
2089 741 2116 765 3,
2135 742 2172 759 22.

1141 770 1165 790 et
1178 772 1204 795 2,
1220 771 1232 795 5
1259 764 1330 789 Inter
1348 763 1433 789 febres
1453 772 1506 789 non
1520 764 1622 790 Acutas.
1716 765 1916 799 Amphimcrina
1932 766 2030 800 febris,
2058 771 2075 794 i.
2095 772 2175 803 quoti—

1485 799 1566 825 Arida
1588 799 1687 833 febru,
1718 801 1770 826 vicl.
1792 807 1945 828 Aniovs.
2016 802 2117 830 Affidua
2137 804 2176 830 fe-

1140 834 1210 864 bris,
1229 842 1294 868 quae
1313 840 1339 859 et
1355 833 1409 860 cibi
1428 840 1545 868 tempora
1565 835 1659 869 eripit,
1677 841 1702 861 ct
1720 835 1761 862 liti
1780 836 1872 870 affligit
1892 837 1958 863 Cels.
1972 846 1998 869 2,
2011 843 2032 868 8.

1139 869 1243 896 strictae
1263 869 1328 895 Plin.
1342 877 1382 901 23,
1398 877 1423 903 7.
1490 871 1663 905 Contagiosa‚
1688 871 1741 897 vid.
1763 878 1970 898 CONTAGtvM.

1140 905 1214 931 febre
1235 904 1250 931 fi
1265 910 1340 939 caput
1352 904 1423 930 dolet
1438 905 1503 931 Cels.
1519 914 1548 936 2,
1563 911 1584 935 8.

1141 940 1305 972 Domestica,
1335 940 1387 966 vid.
1407 940 1509 967 Torret
1529 940 1620 968 febris.

1140 975 1248 1002 Firmic.
1264 978 1278 1001 6
1297 985 1318 1001 c.
1331 975 1378 1001 vlt.

2098 223 2167 265 622

1140 736 1187 754 nec
1200 727 1246 753 nisi
1259 726 1404 753 declinante
1418 727 1522 754 morbo.

2104 840 2174 866 Con-

2019 874 2176 902 Continenti

1655 907 1786 932 Continua
1806 906 1998 942 vehemensque
2017 909 2089 936 Idem
2103 919 2128 943 2,
2147 919 2174 945 7.

1700 941 1878 975 Flagrantium
1901 943 2017 970 febrium
2036 946 2176 980 languores

1473 977 1577 1003 Sueton.
1594 977 1623 1002 in
1635 975 1732 1003 Tiber.
1751 986 1773 1002 c.
1785 985 1815 1011 73
1836 978 1890 1004 Alii
1909 979 1936 1004 in
1950 980 2099 1008 remiffione
2112 983 2176 1009 For-

1140 1012 1222 1038 tuitae
1238 1010 1320 1037 febris
1335 1010 1425 1037 cibum
1438 1010 1593 1039 desideranti
1610 1017 1740 1045 negatum.
1797 1013 1906 1039 Birrius-
1917 1016 1988 1040 malit
2001 1015 2128 1049 fortuita,
2146 1023 2176 1044 vt

1139 1056 1192 1073 cum
1206 1046 1339 1080 remillione
1351 1049 1476 1082 iungatur.
1548 1046 1670 1081 Frigidae
1690 1047 1755 1073 Plin.
1766 1055 1807 1080 23,
1824 1052 1846 1077 8.
1918 1049 1990 1075 Idem
2010 1053 2057 1081 26,
2077 1060 2104 1078 11
2131 1053 2177 1079 Fe.

1140 1081 1199 1109 bres
1213 1081 1330 1115 Frigidas
1350 1081 1465 1108 leuiores
1478 1082 1541 1108 facit
1561 1083 1694 1116 agaricum
1706 1089 1797 1116 potum
1817 1083 1845 1108 in
1866 1082 1949 1109 calida
1966 1093 2042 1118 aqua.
2113 1088 2178 1114 Gra.

1141 1117 1203 1144 vior
1222 1118 1287 1144 Cels.
1304 1126 1326 1149 3,
1342 1126 1360 1150 4
1372 1125 1395 1142 ct
1411 1126 1446 1144 ι2.
1515 1117 1670 1144 Inordinata
1691 1117 1764 1144 Idem
1782 1126 1805 1150 3,
1817 1126 1838 1149 3.
1907 1119 2074 1147 interuallata
2094 1122 2179 1150 febris

1142 1152 1225 1179 biduo
1239 1152 1329 1180 medio
1344 1153 1412 1179 Gell.
1428 1161 1465 1187 17,
1479 1161 1514 1179 ι2.
1551 1154 1706 1188 Qartanam
1719 1155 1849 1189 intelligit.
1921 1154 2019 1181 Lentae
2032 1156 2098 1182 Cels.
2106 1166 2131 1189 2,
2141 1165 2180 1193 17.

1141 1189 1242 1216 Leuior
1261 1188 1289 1214 fit
1309 1187 1393 1214 febris
1412 1188 1486 1214 Idem
1498 1198 1519 1221 3,
1533 1196 1555 1221 5.
1611 1189 1642 1215 Et
1661 1197 1681 1219 2,
1697 1197 1709 1221 7
1734 1188 1842 1221 Febris,
1861 1197 1927 1223 quae
1949 1190 2065 1217 interdiu
2079 1192 2180 1221 Leuior

1142 1224 1188 1250 est.
1258 1223 1392 1250 Lcuissima
1413 1224 1480 1250 Cels.
1504 1233 1534 1257 3,
1554 1232 1597 1251 20.
1667 1224 1758 1258 Longa
1778 1225 1845 1251 Plin.
1865 1229 1910 1257 28,
1924 1232 1949 1260 7.
2020 1227 2087 1253 Cels.
2105 1236 2134 1259 2,
2152 1236 2179 1263 7.

1143 1259 1208 1286 Plin.
1221 1267 1263 1291 29,
1272 1268 1290 1292 4
1310 1258 1454 1290 Prodest,et
1468 1266 1558 1286 contra
1570 1259 1739 1294 Longinquas
1751 1259 1847 1286 febres.
1918 1261 2028 1295 Magnae
2042 1263 2109 1289 Cels.
2121 1273 2143 1296 2,
2152 1272 2180 1299 7.

1143 1295 1299 1322 Nocturnae
1320 1295 1385 1321 Plin.
1399 1303 1442 1327 29,
1455 1303 1481 1327 4.
1552 1294 1704 1321 Periodicae
1724 1294 1796 1322 Idem
1817 1305 1857 1327 20,
1870 1304 1890 1326 3.
1926 1297 1978 1322 vid.
2000 1304 2015 1323 P
2026 1305 2042 1324 Ε
2052 1305 2070 1324 R
2080 1306 2089 1325 1
2100 1305 2120 1325 o
2130 1307 2180 1326 oi.

1144 1338 1161 1358 C
1171 1337 1191 1355 v
1203 1338 1215 1357 s
1226 1350 1233 1356 .
1337 1330 1405 1357 Cels.
1423 1338 1451 1363 5,
1471 1332 1504 1356 26
1528 1329 1575 1356 Illa
1589 1330 1671 1357 febris
1685 1331 1831 1358 Perniciosa
1845 1331 1897 1364 est,
1916 1335 1983 1366 quae
1996 1333 2038 1359 vel
2053 1333 2107 1360 leui
2123 1335 2180 1361 vul-

1144 1366 1203 1392 neri
1218 1366 1384 1400 superuenit,
1403 1366 1445 1392 vel
1459 1366 1526 1392 vltra
1539 1374 1640 1399 teinpus
1653 1366 1867 1393 inflammationis
1885 1367 1977 1400 durat,
1998 1368 2040 1395 vel
2053 1368 2181 1398 delirium

1143 1407 1241 1429 mouet.
1312 1402 1436 1436 Perpetua
1450 1401 1605 1435 quibusdam
1618 1401 1700 1428 febris
1715 1402 1766 1435 est,
1786 1408 1814 1429 vt
1832 1404 1861 1429 C.
1875 1403 2021 1430 Maecenati
2035 1404 2101 1432 Plin.
2115 1412 2181 1440 7‚51.

1144 1436 1196 1463 vid.
1219 1443 1394 1464 PERPETV
1406 1444 1464 1463 vs.
1534 1437 1621 1463 Prima
1640 1437 1707 1464 Cels.
1727 1447 1749 1470 :‚
1767 1446 1794 1471 4.
1864 1439 1998 1471 Q1artana
2016 1440 2089 1466 Idem
2110 1449 2139 1473 3,
2157 1450 2181 1474 3.
2217 1447 2219 1449 ’

1145 1471 1308 1506 Qiotidiana
1325 1473 1394 1499 Cels.
1409 1481 1430 1504 3,
1443 1481 1463 1504 3.
1534 1472 1650 1505 Rabida,
1663 1474 1716 1507 flue
1730 1473 1828 1508 Rapida
1842 1479 1868 1499 et
1882 1483 2006 1508 querceta
2025 1476 2092 1503 Gell.
2106 1485 2145 1507 20,
2160 1485 2181 1503 ι.

1145 1509 1242 1534 Recens
1257 1508 1322 1534 Cels.
1336 1517 1360 1539 2,
1375 1515 1408 1540 15.
1456 1507 1598 1540 Recidiua,
1623 1508 1738 1534 Recidua
1755 1509 1793 1535 Id.
1805 1518 1828 1541 3,
1841 1519 1868 1542 4.
1913 1510 1996 1536 Statue
2012 1511 2078 1538 Plin.
2097 1517 2137 1543 28,
2156 1517 2182 1542 8.

1144 1544 1251 1577 Steguae
1264 1543 1367 1576 febres,
1388 1552 1455 1577 quae
1469 1550 1494 1568 et
1507 1543 1660 1571 constrictae
1674 1551 1801 1571 vocantur
1813 1543 1886 1570 Idem
1899 1553 1937 1578 23,
1950 1553 1975 1579 7.
2049 1547 2184 1573 Tertiana

1144 1579 1212 1606 Cels.
1226 1587 1249 1611 3,
1264 1587 1286 1611 3.
1392 1579 1583 1605 'seruaturum
1596 1579 1716 1605 febrium
1736 1586 1762 1606 et
1780 1586 1966 1614 quartanarum
1983 1581 2133 1608 reuerfione
2155 1587 2182 1609 et

1145 1621 1218 1641 motu
1234 1614 1297 1648 qu‘id
1310 1614 1393 1648 potest
1407 1615 1455 1640 csse
1470 1614 1644 1641 constantius}
1671 1615 1725 1641 Cic.
1744 1615 1776 1641 de
1789 1616 1883 1641 Natur.
1898 1616 1977 1641 Deor.
1990 1624 2012 1647 3,
2023 1625 2066 1649 24.
2122 1617 2184 1643 Tu-

1143 1650 1249 1677 tissimae
1264 1650 1329 1676 Cels.
1344 1660 1366 1683 3,
1388 1658 1423 1676 ι2.
1492 1650 1577 1683 Vagae
1596 1649 1669 1675 Idem
1689 1659 1715 1681 3,
1730 1657 1751 1682 ς.
1821 1649 1968 1682 Vehemens
1988 1650 2054 1677 Cels.
2070 1660 2101 1683 2,
2122 1659 2139 1686 7
2158 1657 2184 1678 et

1145 1695 1181 1712 ιο.
1376 1682 1396 1721 ‘J
1419 1693 1434 1710 2
1471 1685 1550 1710 Verba
1564 1695 1571 1709 :
1607 1684 1684 1710 Abest
1704 1684 1786 1710 febris
1805 1684 1925 1710 scribon.
1939 1686 1994 1716 169.
2067 1686 2184 1720 Abigere

1144 1721 1232 1746 febres
1250 1720 1313 1745 Plin.
1330 1727 1367 1751 ες,
1383 1728 1407 1751 9.
1477 1719 1614 1753 Postquam
1632 1719 1659 1744 in
1673 1718 1728 1744 dies
1740 1718 1844 1744 dolores
1863 1720 2007 1745 accrescere
2027 1719 2184 1756 febremque

1143 1754 1270 1780 Accessiss'e
1286 1754 1361 1780 sentit
1375 1754 1444 1787 Nep.
1458 1762 1496 1786 25,
1511 1762 1548 1784 21,
1562 1762 1587 1785 4.
1625 1754 1718 1779 sehon.
1731 1762 1760 1778 ex
1774 1753 1849 1781 MSS.
1864 1753 2012 1789 febresque.
2082 1757 2150 1783 Cels.
2160 1766 2185 1790 2,

1145 1797 1170 1819 17
1191 1789 1320 1821 Quisquis
1338 1788 1412 1813 febre
1433 1788 1559 1813 liberatus
1572 1787 1624 1819 est,
1644 1787 1718 1813 simul
1733 1794 1812 1822 atque
1830 1797 1859 1815 ea
1875 1798 1927 1815 vno
1942 1789 1983 1816 die
2002 1799 2055 1817 non
2068 1793 2185 1825 Accedit,

1144 1831 1187 1853 eo,
1202 1822 1248 1856 qui
1266 1823 1402 1855 proximus
1416 1822 1451 1848 est
1471 1822 1526 1856 post
1546 1828 1646 1856 tempus
1659 1823 1830 1856 accenfionis,
1850 1831 1907 1851 tuto
1920 1825 2004 1852 lauari
2018 1827 2118 1861 potest,
2134 1836 2182 1854 etc.

1484 1857 1589 1883 Acceffit
1609 1858 1706 1893 febris,
1726 1865 1748 1885 et
1766 1859 1863 1890 Deliit,
1882 1864 2010 1887 contraria
2031 1862 2097 1889 Cels.
2110 1872 2143 1896 2,
2156 1871 2183 1897 7.

1142 1895 1173 1918 it.
1189 1901 1210 1924 3,
1227 1894 1265 1919 16.
1337 1892 1486 1919 Accendere
1506 1893 1594 1920 febres
1612 1893 1685 1920 Idem
1699 1903 1728 1926 3,
1742 1903 1768 1926 9.
1803 1894 1857 1921 vid.
1879 1902 1899 1921 A
1910 1902 2034 1922 CCEND
2045 1903 2081 1924 Ο.
2152 1900 2184 1926 In

1142 1932 1215 1953 artus
1229 1928 1352 1962 Accipere
1370 1927 1468 1954 febrim
1490 1928 1597 1955 feruore
1615 1935 1733 1955 coortam
1752 1930 1857 1956 Luci-et.
1879 1932 1910 1962 6,
1931 1934 1984 1964 655.
2068 1933 2184 1961 Adducit

1142 1962 1230 1989 febres
1247 1963 1334 1997 opella
1347 1963 1456 1989 forenfis
1471 1964 1537 1989 Hor.
1546 1963 1623 1997 Epist.
1641 1972 1660 1995 1,
1676 1972 1700 1998 7,
1712 1969 1734 1993 8.
1806 1965 1906 1992 Adiicit
1920 1966 1999 1993 aestas
2012 1967 2098 1995 febres
2113 1970 2182 1996 Cels.

1144 2006 1169 2030 2,
1189 2006 1207 2023 1.
1277 1997 1351 2024 Idem
1369 2006 1402 2030 2,
1421 2001 1436 2023 6
1467 2000 1541 2031 Q1ae
1556 1999 1653 2033 quibus
1671 1999 1834 2034 temporibus
1849 2000 1932 2027 danda
1947 2002 2011 2035 sint,
2028 2012 2061 2030 ex
2078 2005 2184 2032 ratione

1847 2036 1997 2064 Admittunt
2009 2039 2096 2065 febres
2109 2050 2183 2067 cura-

1142 2068 1226 2094 tiones
1241 2069 1307 2094 Cels.
1322 2078 1340 2100 3,
1353 2077 1385 2095 12.
1447 2068 1532 2096 Aduri
1545 2070 1631 2096 nimio
1645 2070 1727 2097 febris
1741 2070 1836 2097 ardore
1850 2072 1957 2099 Firmic.
1970 2082 1993 2106 3,
2005 2081 2026 2107 5.
2080 2076 2183 2103 Afferre

1143 2103 1244 2130 febrem
1258 2103 1324 2130 Cels.
1338 2112 1364 2137 7,
1379 2109 1413 2133 18.
1484 2105 1619 2131 Antecedit
1633 2105 1719 2132 febres
1733 2105 1830 2133 horror
1846 2107 1918 2133 Idem
1930 2116 1953 2140 3,
1967 2117 2002 2136 ι2.
2074 2111 2185 2138 Antece-

1143 2139 1207 2165 dunt
1219 2139 1322 2165 febrem
1337 2139 1407 2173 signa
1419 2138 1509 2174 aliqua
1522 2140 1587 2167 Cels.
1602 2149 1624 2173 2,
1637 2149 1662 2167 2.
1732 2142 1828 2168 Arcere
1840 2142 1928 2170 febres
1943 2145 2009 2171 Plin.
2023 2151 2060 2175 28,
2075 2152 2096 2177 8.
2141 2149 2184 2175 Sic

1143 2184 1165 2200 c.
1179 2176 1206 2200 16
1235 2174 1330 2201 Febres
1346 2175 1424 2201 Arcet
1442 2183 1581 2202 ceruorum
1601 2185 1670 2203 caro.
1744 2178 1840 2204 Arcere
1853 2178 1926 2205 statas
1941 2180 2027 2207 febres
2039 2182 2104 2208 Plin.
2113 2188 2151 2213 28,
2160 2188 2184 2213 8.

1438 2243 1439 2246 Ἰ
1468 2211 1519 2236 vid.
1543 2219 1565 2238 A
1574 2219 1592 2238 R
1601 2219 1619 2238 D
1629 2219 1644 2238 Ε
1653 2219 1672 2239 o
1681 2232 1688 2239 .
1770 2214 1887 2247 Augetur
1906 2214 2004 2248 febris,
2033 2217 2086 2244 uid.
2104 2219 2185 2245 Instat

1142 2244 1234 2271 febris.
1307 2244 1413 2272 Bibitur
1432 2252 1522 2273 contra
1540 2247 1626 2274 febres
1640 2246 1754 2282 frigida,
1774 2256 1820 2275 etc.
1846 2250 1912 2276 Plin.
1929 2258 1968 2285 27,
1981 2260 2017 2278 12.
2089 2254 2184 2281 quen.

1144 2281 1194 2307 Sat.
1210 2289 1248 2312 10,
1267 2286 1306 2311 218
1339 2281 1476 2308 Praeterea
1493 2283 1619 2309 minimus
1640 2283 1729 2317 gelido
1754 2284 1809 2310 iam
1829 2293 1940 2319 corpore
1959 2287 2061 2322 sanguis
2098 2289 2185 2316 Febre

1143 2316 1217 2343 Calet
1235 2316 1298 2342 sola.
1369 2316 1425 2343 Cic.
1440 2318 1510 2344 Fam.
1527 2320 1571 2350 16,
1590 2326 1615 2352 15
1642 2320 1666 2345 Is
1679 2319 1723 2345 etsi
1737 2319 1807 2346 mihi
1824 2322 1972 2354 nuntiauit,
1987 2329 2012 2349 te
2024 2324 2099 2357 plane
2113 2320 2186 2354 febri

1143 2353 1255 2382 Carere,
1274 2357 1300 2377 et
1313 2351 1381 2379 belle
1396 2351 1507 2384 habere,
1527 2361 1573 2380 etc.
1643 2355 1740 2381 Carere
1754 2354 1824 2382 febri
1843 2362 1952 2391 negatur
1971 2367 2047 2392 capra
2066 2360 2132 2387 Plin.
2145 2365 2184 2394 28,

1232 2387 1298 2414 Cels.
1311 2396 1337 2420 2,
1350 2395 1384 2419 15.
1454 2389 1551 2424 Coepit
1568 2388 1653 2415 febris
1672 2389 1746 2416 Idem
1760 2399 1783 2423 3,
1797 2401 1824 2425 4.

1143 2423 1206 2449 tales
1220 2423 1331 2450 iniurias
1344 2423 1410 2450 Plin.
1425 2432 1462 2456 22,
1476 2432 1501 2458 7.

1895 2393 2045 2420 comitatur
2059 2401 2084 2421 et
2098 2395 2184 2422 febris

1558 2424 1626 2451 Cels.
1639 2433 1662 2457 3,
1674 2427 1691 2451 6
1710 2425 1794 2460 Igitur
1808 2428 1906 2454 intueri
1922 2429 2029 2462 quidem
2044 2430 2091 2456 ista
2104 2440 2184 2465 opor-

1143 2463 1180 2485 tet
1215 2474 1260 2478 -—-
1295 2467 1381 2493 neque
1406 2460 1527 2494 protinus
1557 2460 1636 2487 etiam
1662 2460 1710 2487 sub
1738 2462 1824 2488 calore
1851 2469 1979 2497 motuque
2004 2464 2105 2491 febrem
2130 2467 2184 2492 sese

1143 2495 1299 2528 Concipere.
1341 2496 1390 2520 Pro
1409 2496 1460 2521 sese
1472 2495 1500 2532 f.
1512 2497 1560 2531 leg.
1578 2496 1635 2522 etse.
1705 2497 1770 2522 Cels.
1785 2505 1811 2529 2,
1822 2506 1840 2529 4
1866 2497 2000 2525 Pessimum
2010 2500 2063 2531 est,
2079 2500 2132 2527 siue
2144 2501 2184 2527 le·
2212 2503 2214 2506 '

1143 2535 1219 2557 vatur
1240 2529 1349 2564 quidem
1367 2530 1466 2562 febris,
1486 2531 1529 2557 sed
1547 2539 1632 2565 aeque
1645 2531 1782 2557 Concitata
1804 2534 1948 2559 continuet.
2019 2535 2186 2570 Conquieuit

1557 2565 1679 2592 Consistit
1691 2566 1790 2598 febris,
1808 2566 1861 2592 vid.
1877 2568 1956 2594 Instat
1968 2569 2061 2596 febris.
2113 2574 2185 2599 Con-

1143 2601 1256 2627 tinentes
1277 2600 1365 2626 febres
1382 2600 1434 2625 sine
1454 2599 1600 2626 remissione
1618 2601 1676 2626 sunt
1696 2601 1763 2627 Cels.
1775 2609 1804 2635 3,
1819 2609 1840 2634 5.
1913 2604 2075 2632 Continuant
2095 2607 2184 2634 febres

1143 2635 1216 2661 Idem
1230 2643 1254 2666 2,
1269 2645 1295 2667 4.
1367 2635 1544 2661 Continuatur
1556 2635 1640 2661 febris
1656 2635 1721 2664 Cels.
1736 2645 1759 2669 3,
1773 2644 1794 2669 5.
1854 2638 2014 2668 Continuata
2027 2641 2099 2668 Idem
2112 2652 2134 2675 3,
2149 2649 2183 2673 18-

1143 2670 1243 2708 Coorta
1258 2670 1392 2702 superante
1401 2669 1459 2708 ⁴bili
1478 2670 1622 2710 Lucret34,
1636 2673 1693 2700 668.
1764 2673 1881 2699 Feruore
1893 2675 1993 2702 Coorta
2005 2677 2078 2703 Idem
2091 2680 2117 2710 6.,
2126 2681 2182 2712 655.

1143 2704 1208 2730 Pl1n.
1231 2712 1262 2737 7,
1283 2712 1307 2735 51
1345 2705 1482 2738 Antipater
1499 2705 1621 2732 Sidonius
1640 2707 1735 2739 Po'e'ta,
1756 2709 1880 2734 omnibus
1899 2711 1973 2736 annis
1992 2720 2045 2737 vno
2066 2712 2109 2739 die
2126 2720 2183 2741 tan-

946 2739 1080 2766 Accedunt
1091 2738 1126 2765 7Ο
1143 2744 1199 2765 tum
1213 2739 1307 2771 natali,
1324 2739 1527 2774 Corripiebatur
1541 2740 1634 2773 febre,
1652 2748 1678 2767 ct
1693 2750 1724 2768 eo
1739 2744 1889 2770 consumtus
1908 2745 1957 2775 est,
1977 2747 2037 2773 satis
2053 2749 2131 2782 longa
2144 2751 2182 2776 se-

1143 2774 1226 2801 neela.
1298 2776 1421 2801 Crescere
1434 2775 1509 2802 desiit
1522 2775 1605 2802 febris
1621 2776 1687 2802 Cels.
1701 2785 1732 2808 2,
1748 2786 1785 2804 ιο.
1838 2780 2002 2808 Damnantur
2015 2784 2043 2809 in
2056 2784 2127 2811 febri
2141 2795 2184 2812 re-

1142 2816 1227 2836 centes
1240 2819 1307 2836 vuae
1319 2810 1385 2836 Plin.
1401 2819 1438 2843 23,
1453 2820 1470 2837 1.
1543 2810 1654 2838 Decedit
1671 2812 1770 2845 febris,
1795 2814 1848 2840 vicl.
1869 2816 1947 2843 Instat
1967 2818 2059 2844 febris.
2130 2821 2182 2848 De-

1142 2844 1209 2871 ceslit
1227 2845 1315 2871 subito
1332 2846 1430 2878 febris,
1450 2855 1531 2881 quum
1551 2847 1665 2874 biduum
1685 2847 1747 2874 cibo
1761 2850 1787 2875 se
1800 2849 1961 2878 abstinuisset
1979 2854 2034 2880 Cic.
2048 2855 2101 2881 Att.
2116 2863 2143 2889 5,
2157 2862 2182 2886 8.

1142 2881 1274 2907 Decedens
1292 2882 1360 2907 Cels.
1376 2890 1398 2914 3,
1412 2890 1438 2915 4.
1510 2882 1629 2917 Decoqui
1644 2883 1781 2917 paullatim
1801 2887 1876 2913 tardo
1888 2888 2004 2915 febrium
2017 2890 2111 2917 ardore
2125 2892 2183 2918 Fir-

1346 2917 1476 2944 Decrescit
1495 2918 1577 2944 febris
1598 2919 1666 2945 Cels.
1680 2927 1711 2952 2,
1727 2928 1764 2946 10.
1834 2921 1907 2949 Idem
1926 2932 1955 2956 3,
1972 2927 1988 2950 6
2012 2926 2106 2952 Febris
2126 2927 2182 2954 fuit.-

1140 2958 1219 2987 atque
1240 2953 1373 2979 Decreuit.
1445 2953 1581 2979 Deducere
1601 2963 1712 2988 corpore
1733 2956 1819 2982 febres
1840 2958 1931 2984 Horat.
1947 2960 2026 2994 Epist.
2046 2969 2070 2991 1,
2090 2971 2118 2994 2,
2137 2968 2181 2995 48.

1141 2988 1294 3022 Depascitur
1313 2988 1387 3014 arida
1406 2988 1490 3014 febris
1510 2995 1580 3015 artus
1601 2990 1696 3024 Virgil.
1711 2991 1808 3026 Georg.
1828 3001 1850 3025 3,
1870 2999 1926 3027 458.
2018 2997 2083 3023 Plin.
2106 3005 2143 3030 23,
2162 3007 2181 3031 4

1141 3024 1226 3049 Etiam
1244 3024 1348 3058 antiqui
1370 3024 1398 3050 in
1417 3024 1480 3050 vino
1499 3024 1602 3051 febrem
1621 3025 1724 3060 Depelli
1743 3027 1947 3056 arbitrabantur.
2024 3031 2123 3058 Desinit
2143 3033 2182 3059 fe-

1141 3059 1195 3086 bris
1216 3059 1283 3085 Cels.
1297 3066 1320 3091 3,
1335 3069 1361 3091 4.
1432 3060 1553 3086 Detineri
1568 3060 1614 3087 diu
1629 3061 1705 3087 lentis
1718 3061 1854 3089 febriculis
1868 3064 1939 3090 Idem
1954 3073 1979 3096 2,
1994 3073 2032 3100 17.
2087 3067 2180 3095 Febris

1590 3096 1703 3123 Disceffit
1721 3107 1845 3131 quartana
1864 3108 1877 3125 a
1897 3106 1922 3125 te
1942 3100 1997 3126 Cic.
2010 3101 2090 3128 Attic.
2106 3110 2130 3136 7,
2152 3111 2178 3129 2.

1141 3131 1278 3157 Discutere
1291 3128 1392 3156 febrem
1407 3130 1473 3156 Cels.
1489 3139 1511 3163 2,
1525 3139 1558 3163 15.
1629 3132 1764 3159 Discutere
1778 3133 1878 3160 febrem
1892 3143 1988 3169 genere
2001 3136 2086 3163 vietus
2105 3138 2180 3165 Idem

1141 3175 1164 3198 2,
1181 3186 1190 3192 .
1214 3186 1220 3192 .
1292 3166 1384 3192 quen.
1399 3165 1449 3193 Sat.
1468 3175 1505 3198 10,
1525 3172 1570 3198 283
1595 3167 1708 3194 Prouida
1724 3169 1848 3203 Pompeio
1862 3170 1974 3196 Dederat
1987 3172 2127 3206 Campania
2142 3173 2180 3199 fe-

1141 3201 1200 3228 bres
1237 3201 1379 3234 OptandaS.
1450 3202 1533 3228 Datur
1548 3204 1575 3228 in
1589 3203 1675 3236 febri,
1694 3211 1739 3230 etc.
1760 3205 1823 3230 Plin.
1838 3213 1864 3230 22
1889 3214 1910 3231 c.
1925 3206 1970 3232 vlt.
2039 3208 2121 3234 Durat
2142 3208 2180 3234 fe-

1142 3237 1197 3264 bris
1214 3237 1279 3263 Cels.
1295 3244 1317 3268 5,
1331 3238 1373 3262 26.
1443 3237 1532 3264 Febris
1547 3238 1660 3265 Euanuit
1678 3239 1750 3265 Idem
1765 3249 1786 3271 2,
1799 3249 1821 3272 3.
1893 3242 1923 3266 Et
1938 3249 1961 3273 3,
1986 3246 2010 3271 18
2034 3243 2115 3269 Leues
2134 3244 2179 3270 de-

1532 3273 1700 3307 Exspectatur
1715 3274 1797 3301 febris
1811 3276 1859 3302 illo
1873 3276 1917 3302 die
1929 3277 1994 3303 Cels.
2002 3285 2072 3311 3,ι4.
2128 3280 2178 3309 Ex-

1140 3308 1224 3343 periri
1232 3316 1337 3341 magnas
1346 3308 1432 3333 febres
1441 3308 1477 3334 Id.
1488 3317 1512 3340 2,
1520 3316 1546 3342 7.
1581 3309 1704 3335 Extorret
1717 3311 1833 3345 aliquem
1846 3311 1927 3338 febris
1938 3311 2029 3338 ardens
2044 3313 2109 3340 Cels.
2119 3323 2142 3347 3,
2150 3322 2178 3351 7.

1140 3345 1262 3370 Extorret
1276 3343 1368 3370 ardens
1382 3343 1464 3369 febris
1473 3344 1510 3370 Id.
1519 3351 1573 3378 3,7.
1610 3345 1725 3371 Martial.
1734 3355 1758 3376 2,
1768 3349 1795 3373 16
1815 3347 1903 3373 Zoilus
1915 3349 2045 3382 aegrotat:
2065 3350 2178 3378 Faciunt

1140 3379 1205 3406 hanc
1219 3379 1330 3413 stragula
1344 3378 1455 3405 febrem.
1499 3377 1593 3405 Facere
1605 3380 1691 3407 febres
1703 3381 1818 3408 leuiores
1831 3383 1971 3415 Plin.33,4.
2015 3384 2122 3411 Finiunt
2136 3387 2184 3423 sip

1140 3415 1217 3441 dores
1233 3414 1336 3441 febrem
1349 3414 1415 3441 Cels.
1425 3423 1450 3446 2,
1460 3423 1498 3447 ι4.
1540 3415 1629 3442 Finita
1643 3416 1740 3449 Id.3,3.
1783 3418 1869 3444 Finita
1884 3417 2013 3444 estfebris
2024 3420 2118 3447 eodem
2132 3422 2177 3448 die

1359 3449 1466 3476 Habere
1484 3449 1585 3476 febrem
1606 3450 1678 3478 Idem
1698 3461 1724 3484 3,
1737 3462 1764 3485 4.
1833 3453 1889 3478 Cic.
1903 3453 1935 3478 de
1948 3454 2011 3479 Fato
2028 3463 2052 3488 15
2073 3466 2094 3482 c.
2107 3462 2120 3486 8
2148 3458 2176 3484 Si

1139 3487 1182 3512 cui
1201 3493 1282 3511 venae
1303 3484 1334 3511 sic
1356 3491 1513 3518 mouentur,
1536 3487 1558 3511 is
1577 3487 1664 3514 Habet
1683 3487 1794 3514 febrem.
1830 3502 1875 3506 --

1139 3526 1296 3553 mouentur,
1321 3526 1347 3547 et
1369 3520 1390 3546 is
1412 3520 1514 3548 febrem
1538 3530 1592 3548 non
1613 3523 1708 3549 Habet.

1138 3556 1243 3590 aliquae
1256 3556 1340 3582 febres
1353 3556 1421 3582 Cels.
1436 3565 1459 3588 3,
1468 3565 1501 3583 ι2.

1139 3592 1256 3618 Haerens
1273 3591 1339 3618 Cels.
1353 3600 1376 3623 3,
1388 3600 1415 3624 4.
1442 3599 1465 3617 et
1480 3601 1504 3625 2,
1513 3599 1538 3627 7.

1910 3488 1974 3514 Non
1993 3490 2019 3516 ei
2041 3500 2122 3518 venae
2139 3493 2177 3520 fic

1786 3522 1890 3548 Habent
1909 3529 2009 3551 certum
2033 3527 2177 3557 circuitum

1572 3558 1678 3584 Habere
1689 3557 1827 3583 circuitum
1842 3558 1918 3585 solita
1929 3558 2011 3586 febris
2023 3561 2096 3588 Idem
2105 3572 2128 3596 2,
2137 3572 2176 3600 17.

1611 3593 1704 3619 Iac'tari
1718 3592 1788 3618 febri
1801 3593 1856 3618 Cic.
1870 3594 1897 3618 in
1910 3595 1987 3621 Catil.
2001 3605 2020 3627 1,
2034 3606 2068 3629 31.
2122 3601 2176 3626 Im-

1758 3662 1763 3667 ’
1825 3629 1975 3663 Imponitur
1992 3640 2051 3659 cum
2069 3634 2176 3668 polenta

1661 3664 1809 3696 Imponltur
1821 3670 1910 3690 contra
1924 3666 2044 3694 ardorem
2057 3669 2175 3697 febrium

1489 3700 1663 3733 hnponuntur
1686 3698 1713 3722 in
1732 3697 1814 3724 febr-is
1832 3699 1973 3727 ardoribus
1992 3704 2110 3737 peclori,
2127 3712 2174 3731 cte.

1383 3732 1501 3760 Incidere
1521 3735 1549 3760 in
1561 3733 1646 3758 febres
1664 3732 1731 3760 Cels.
1744 3741 1771 3765 3,
1783 3735 1808 3759 6.
1879 3736 1975 3771 Incipit
1993 3738 2090 3772 febris,
2118 3739 2173 3766 vid.

1140 3767 1219 3793 Instat
1236 3767 1336 3800 febris,
1358 3774 1382 3794 et
1398 3771 1426 3794 ir:
1445 3769 1515 3794 uerbo
1537 3774 1602 3793 [ΝΕ
1614 3774 1709 3794 1P10.
1780 3770 1844 3795 Plin.
1862 3778 1895 3804 7,
1916 3780 1947 3804 50
1976 3775 2106 3806 Qiadrini
2122 3775 2174 3800 cir·

1138 3661 1291 3688 ardentibus
1304 3661 1423 3688 febribus
1436 3663 1502 3689 Plin.
1520 3672 1609 3695 20,20.

1138 3704 1183 3723 etc.
1203 3697 1276 3729 Idem
1295 3705 1344 3729 20,
1362 3706 1388 3730 9.

1138 3732 1211 3758 Idem
1229 3741 1269 3764 23,
1287 3734 1312 3758 6.

257 3789 390 3824 VarrffR.
404 3798 434 3824 R.
448 3806 473 3829 2,
488 3806 509 3829 3,
524 3805 536 3830 ς
560 3798 653 3833 Capras
666 3804 736 3830 sanas
749 3805 823 3831 sanus
840 3813 920 3830 nemo
934 3803 1077 3838 promittit.
1087 3803 1225 3829 [oocuitus
1243 3801 1362 3835 febrem,
1385 3812 1517 3838 nunquam
1538 3802 1647 3835 bruma,
1667 3812 1799 3838 nunquam
1822 3805 1940 3833 hibernis
1961 3809 2088 3835 mentibus
2108 3809 2173 3836 inci.

1140 3846 1210 3873 pere.
1281 3838 1411 3872 Incipiens
1429 3839 1497 3864 Cels.
1509 3847 1530 3869 3,
1543 3846 1568 3868 4.
1639 3839 1711 3863 Idem
1732 3847 1755 3870 3,
1770 3845 1783 3868 8
1804 3841 1879 3866 Tum
1896 3842 1952 3868 dari
1967 3845 2049 3874 cibus,
2069 3845 2116 3878 qui
2129 3845 2174 3870 de-

1139 3882 1190 3908 que
1204 3872 1297 3899 Incitet
1316 3873 1435 3905 febrem,
1454 3880 1478 3899 et
1499 3878 1584 3899 tamen
1602 3873 1710 3907 longum
1729 3875 1785 3900 eius
1804 3877 1915 3910 spatium
1935 3878 2061 3904 sustineat.
2132 3880 2173 3905 ln-

1138 3910 1217 3935 clinat
1233 3908 1257 3934 se
1271 3906 1352 3935 febris
1364 3909 1434 3935 Cels.
1450 3916 1477 3940 3,
1495 3916 1521 3940 4.
1591 3909 1717 3936 Inclinata
1734 3910 1817 3937 febris
1836 3913 1873 3938 Id.
1889 3913 1955 3938 ibid.
2023 3914 2172 3940 Increscunt

1139 3945 1226 3972 febres
1244 3943 1310 3970 Cels.
1326 3953 1346 3975 2,
1365 3953 1384 3977 4
1404 3950 1427 3970 et
1440 3949 1465 3976 7-
1486 3977 1491 3982 ⁸
1536 3943 1608 3970 Idem
1630 3953 1652 3977 3,
1674 3953 1696 3977 15
1728 3946 1790 3979 Q10
1809 3946 1855 3973 die
1875 3948 1975 3973 febrem
1993 3949 2173 3982 exspectabit,

952 3989 974 4013 ς,
1009 3981 1078 4006 Hor„
1090 3983 1133 4010 105
1140 3987 1198 4010 ante
1211 3981 1316 4015 surgere
1335 3984 1361 4006 et
1379 3985 1509 4018 exerceri:
1536 3978 1650 4017 dareque
1662 3989 1770 4018 operam
1788 3990 1842 4012 non
1859 3987 1977 4016 oportet„
1996 3989 2024 4009 vt
2043 3986 2072 4010 in
2089 3984 2173 4018 ipsum

1390 4013 1486 4044 [ill
1520 4022 1538 4045 a,
2099 4028 2172 4047 exer-
