2479 4225
49 222 111 265 333
410 209 448 248 G
539 208 571 250 R
663 212 703 252 A
1531 215 1570 256 G
1657 216 1688 255 R
1774 222 1812 259 A
2093 233 2164 278 834

10 302 11 307 ¹
49 300 116 328 cium
128 298 207 325 liberi
221 297 268 324 ess'e
282 296 397 324 hominis
412 302 492 333 puto,
509 308 592 335 quum
611 298 633 326 is
644 299 714 327 nihil
728 304 890 335 promereat,
902 297 1030 333 postulare
1045 298 1072 326 id
1134 300 1167 327 ab
1182 309 1214 327 eo
1227 303 1337 336 gratiam
1350 301 1425 334 hanc,
1437 311 1514 337 quam
1527 304 1607 331 video
1619 304 1703 337 velle,
1716 304 1808 332 Inibo»
1841 307 1888 333 Vbi
1902 309 2032 345 Donatus,
2043 314 2162 342 Gratiam

49 335 144 371 gratiae
161 334 255 368 apponi
269 332 331 364 fibi,
346 336 466 369 imputari
483 341 513 361 vt
529 335 676 371 benficium.
747 335 907 361 Concludam
925 334 1073 374 orationem
1135 336 1221 373 Inirc‚
1241 338 1275 364 cst
1290 339 1356 364 Dare
1376 338 1541 372 beneficium,
1561 349 1589 366 ac
1605 349 1651 374 per
1663 340 1712 367 hoc
1725 342 1796 368 Inire
1809 343 1929 376 gratiam,
1943 346 1960 371 i.
1974 356 1995 373 c.
2009 350 2163 376 amicitiam,

49 379 129 398 meam
147 368 272 395 sermonis
289 369 371 403 magis
386 369 533 405 lini,quam
549 371 647 405 gratiae
661 371 757 398 Auson.
770 371 859 404 Paneg.
873 370 991 396 Gratiani
1004 379 1025 396 c.
1039 379 1071 402 ²3-
1135 371 1181 397 Sed
1197 372 1257 399 hacc
1270 374 1402 405 elocutio,
1421 374 1535 400 Gratiam
1555 375 1587 402 ab
1607 385 1638 402 eo
1659 375 1751 409 inibo,
1764 386 1812 412 pro
1825 377 1886 403 Eius
1905 381 2012 411 gratiam
2031 384 2161 412 merebor.

48 410 67 434 ι’.
85 407 153 442 grati
162 406 247 430 animi.
268 404 341 440 Conf.
355 405 435 431 Plaut.
450 415 471 437 3,
486 408 513 438 6,
527 409 562 432 16.
599 407 638 433 Ad
655 406 778 442 gratiam,
790 405 841 432 vid.
856 411 907 431 AD.
962 405 1072 432 Animus
1135 408 1190 433 Cic.
1206 410 1275 436 Fam.
1289 418 1316 442 4,
1331 417 1346 435 z
1374 409 1492 435 Gratiam
1506 420 1611 445 quoque
1628 420 1676 438 nos
1690 412 1761 438 Inire
1774 412 1807 439 ab
1820 421 1853 439 eo
1867 412 2027 442 defendenda
2048 428 2107 451 pace
2121 429 2161 447 ar-

0 465 3 471 ,
49 440 165 468 aduersus
182 439 297 474 gratiae,
312 442 353 467 vel
369 441 501 467 obnoxius
522 441 654 475 Qninftil.
675 451 696 473 3,
713 450 738 473 9.
761 438 765 444 Χ
827 439 957 466 Debilitas
976 442 1072 474 gratiae
1094 448 1108 474 5
1135 442 1272 470 bitramur.
1326 444 1394 471 ΑΜ.
1408 444 1446 470 Id.
1465 446 1517 471 Att.
1531 454 1558 479 7,
1572 456 1596 477 9.
1650 447 1719 482 Nep.
1738 455 1803 482 7,⁴9,
1817 455 1839 481 5.
1910 450 1981 476 Inire
1999 453 2108 484 gratiam
2128 455 2160 481 ad

0 476 8 492 ³?
50 477 102 503 Cic.
117 475 185 502 Fam.
199 476 225 506 6,
263 495 269 501 .
307 495 314 502 .
384 476 464 503 Ouid.
478 476 543 503 Fast.
560 486 579 509 1,
595 485 641 511 701
671 477 759 503 Gratia
774 472 835 514 Dis,
849 474 994 510 domuique
1005 483 1072 507 tuae.
1134 478 1250 512 aliquem
1281 479 1340 505 Liu.
1354 488 1391 512 33,
1404 482 1448 512 46.
1539 482 1608 506 Inire
1629 483 1740 515 gratiam
1757 483 1825 518 apud
1843 483 1957 519 aliquem
1982 486 2054 512 Idem
2073 497 2109 519 33,
2123 498 2163 523 ²7·

0 515 1 540 ἶ
48 511 153 544 religata
165 511 261 536 catenis
295 511 350 536 Iam
361 512 462 545 pridem
476 511 562 538 vestro
577 512 623 538 sub
637 512 700 547 pede
713 510 779 537 bella
791 516 883 536 iacent.
943 512 1072 544 Qiinffil.
1136 513 1207 539 Inire
1225 515 1336 549 gratiam
1354 524 1413 541 cum
1433 514 1539 549 aliquo,
1563 516 1615 542 vill.
1639 525 1739 545 ιΝΕο.
1828 519 1900 546 Inire
1918 521 2028 554 gratiam
2053 523 2163 549 victori-

0 544 2 552 '
49 547 76 574 in
95 553 210 580 prooem.
226 553 236 571 1
264 545 373 572 Nullam
393 547 496 582 Ingenii
514 548 644 582 sperantes
661 546 785 582 gratiam,
812 548 830 571 ι’.
855 546 1031 573 iucunditatem
1051 555 1075 574 ct
1135 550 1208 575 Curt.
1223 558 1243 582 ς,
1256 559 1280 582 9,
1293 559 1317 576 2.
1386 551 1508 576 inuenire
1525 552 1651 584 gratiam,
1669 553 1721 579 vid.
1743 560 1889 580 INVENIO.
1960 556 2078 591 Languet
2097 559 2165 584 mihi

46 580 101 608 inde
113 580 206 607 taudem
220 587 243 606 et
261 582 494 609 commendationem.
566 583 647 610 ReCoe
663 581 792 608 raetorum
812 581 909 615 gratia,
924 583 1075 615 iucunditas,
1135 585 1219 618 gratia
1233 585 1276 611 Sil.
1293 594 1328 620 17,
1341 588 1392 618 365.
1412 586 1437 612 h.
1451 595 1470 610 c.
1493 587 1549 612 Non
1567 586 1645 612 eadem
1661 585 1693 620 <li
1711 590 1773 615 mihi
1791 593 1877 624 gratia
1889 590 1954 626 apud
1965 599 2003 624 te,
2017 601 2076 627 quae
2090 602 2164 628 quon-

43 625 107 654 Υςιιαε
119 619 213 642 inuitat
230 616 338 643 homines
351 619 385 643 ad
401 617 548 644 laudandum
561 624 608 645 etc.
621 617 710 645 Tacit.
725 617 790 642 Ann.
803 625 826 648 3,
839 625 873 650 53.
942 618 1073 645 Sermonis
1093 630 1122 648 10
1134 620 1189 645 ciam
1210 619 1252 654 <ffb
1265 621 1367 656 solebat.
1401 621 1533 654 Languct,
1548 622 1587 647 Fit
1608 625 1697 648 minor.
1769 624 1912 659 Ncgligere
1929 628 2038 660 gratiam
2052 627 2166 655 alicuius

39 652 128 687 z'g‘ratia
142 652 207 678 Hor.
221 651 252 678 de
268 653 330 679 Arte
344 654 414 679 Po'e't.
428 657 460 686 69
471 654 594 690 suauitas.
663 651 753 678 Gratia
769 651 862 685 villae,
877 658 924 687 pro
936 655 1074 680 iucundita-
1135 656 1216 681 Plaut.
1236 656 1317 682 Trin.
1336 665 1360 686 2,
1380 664 1408 688 4,
1428 664 1470 689 97.
1541 657 1633 682 Parare
1656 658 1766 692 gratiam
1793 660 1922 693 Quintilil.
1943 670 1963 694 1,
1980 664 2005 689 6.
2074 664 2165 690 Gratia

42 693 86 720 se,
98 684 221 719 vcnustate
239 687 304 713 Plin.
318 689 396 722 Epist.
416 697 439 719 2,
455 697 482 724 17
517 688 624 714 Miraris
648 695 694 713 cur
716 696 758 713 me
775 687 963 715 Laurentinum
986 698 1074 717 meum
1135 691 1245 725 gratiam
1260 691 1330 718 Parit
1355 691 1412 717 Sen.
1426 691 1458 716 dc
1470 691 1558 718 Benef.
1578 701 1600 723 2,
1616 701 1623 717 1
1640 700 1661 718 ct
1676 702 1698 719 2.
1770 695 1861 721 Parere
1881 696 1948 730 apud
1968 697 2082 733 aliquem
2107 699 2166 725 Liu.

41 728 180 756 ,tantopere
193 721 321 749 delectet?
340 724 444 750 Defincs
464 724 571 755 mirari,
584 731 667 758 quum
686 725 841 757 cognouerit»
859 724 969 758 gratiam
984 725 1073 758 villae,
1136 734 1177 758 34,
1198 735 1244 760 44.
1316 728 1403 752 Patere
1426 726 1541 753 reditum
1562 728 1660 760 gratiae
1679 729 1760 755 alicui
1790 730 1846 756 Cic.
1865 730 1896 756 de
1917 733 2009 767 Arusp.
2030 733 2104 768 Resp.
2126 743 2165 767 52.

39 757 268 792 ,opportunitatem
287 759 354 790 loci,
371 759 457 786 litoris
475 754 595 794 spatium.
665 759 755 786 Gratia
768 761 821 786 iam
842 760 871 786 in
882 759 1075 787 adolescentulo
1136 762 1245 788 Perdere
1258 762 1368 796 gratiam
1383 762 1511 787 orationis
1525 762 1654 796 Quinftil.
1667 766 1693 796 6,
1710 773 1727 790 1.
1805 765 1874 792 Perit
1891 768 1973 800 gratia
1987 769 2004 794 si
2019 769 2167 803 reposcatur

44 800 137 827 magna
150 799 204 820 erat
223 793 312 828 Nepos
325 803 364 827 ις,
378 804 403 826 2,
417 805 443 828 4.
513 794 576 820 Non
594 794 646 821 erit
665 795 769 828 ignotae
783 796 866 830 gratia
885 803 978 828 magna
992 796 1074 827 Lyrae
1094 804 1119 829 ις
1135 797 1200 823 Plin.
1213 797 1290 832 Epist.
1305 806 1324 829 1,
1339 805 1370 828 13.
1391 807 1409 822 ι.
1427 796 1580 832 henrficium,
1594 805 1617 824 et
1629 798 1654 832 Ji
1672 800 1732 834 quid
1740 806 1787 835 pra
1802 810 1826 827 eo
1840 801 1946 828 debetur.
2017 804 2167 832 Persoluere

45 828 126 856 Ouid.
142 827 174 854 de
187 830 250 855 Arte
264 831 320 855 Am.
340 839 361 862 3,
378 839 440 863 400.
510 829 599 863 Ampli
611 830 718 862 calices,
738 831 826 857 variae
846 830 953 865 quidem
966 832 1074 864 gratiae,
1136 838 1223 858 mente
1240 833 1350 867 gratiam
1367 832 1447 858 alicui
1468 833 1589 859 meritam
1614 835 1669 860 Cic.
1684 844 1731 869 pro
1745 835 1827 863 Plane.
1848 839 1889 866 68.
1959 838 2048 865 Petere
2066 839 2167 875 aliquid

44 863 87 890 sed
106 864 272 898 pretiolitatis
292 865 367 891 vnius
392 863 467 899 Apul.
488 864 552 891 Met.
574 873 598 891 2.
673 867 722 892 Pro
743 867 843 893 Fauor-e.
878 865 976 891 Sallust.
991 867 1018 892 in
1032 868 1074 893 Iu-
1135 868 1194 894 loco
1207 867 1328 894 beneficii
1343 874 1494 902 gratiaeque
1507 869 1579 894 Idem
1592 870 1669 896 Verr.
1682 879 1706 902 3,
1721 878 1764 903 115.
1831 872 1920 899 Petere
1932 874 2041 907 gratiam
2057 883 2070 900 a
2085 882 2167 909 patre,

2 900 6 925 ἶ
44 900 131 934 gurth.
146 908 175 932 25
192 900 229 926 Ita
244 900 343 927 bonum
357 900 490 935 publicum
507 903 553 932 (vt
567 901 595 927 in
609 900 740 936 plerisque
752 902 864 936 negotiis
876 901 959 932 solet)
973 902 1074 935 priuata
1128 909 1178 938 pro
1200 905 1283 929 Petere
1302 907 1398 929 veniam
1420 903 1500 930 Plaut.
1515 904 1593 931 Stich.
1613 914 1633 936 1,
1655 914 1675 936 2,
1690 914 1728 937 23.
1798 907 1888 934 Petere
1912 909 2023 942 gratiam
2046 910 2167 942 alicuius,

43 935 126 969 gratia
144 935 287 962 deuictum.
358 936 446 962 Gratia
460 935 544 970 Copia
561 937 597 963 est
615 937 762 964 amicorum
780 940 818 963 ait
829 937 954 963 Asconius
975 937 1002 963 in
1015 939 1071 964 Act.
1133 938 1196 964 idem
1215 938 1279 973 quod
1294 938 1382 973 cupere
1398 942 1506 975 gratiam
1534 939 1606 966 Idem
1625 940 1760 970 Aulul..2‚
1778 950 1803 974 2,
1822 945 1865 975 69.
1953 945 2008 971 Cic.
2024 946 2095 972 Fam.
2112 952 2134 978 8,
2150 949 2168 973 6

1 970 4 976 ⁴
43 971 119 997 Verr.
133 979 152 1002 1,
166 979 195 1003 25
215 971 257 997 vbi
270 970 351 1005 firmo
369 969 401 1005 est
418 971 446 997 de
464 972 551 998 Verris
572 972 630 998 tilio
650 972 745 999 blando
762 978 787 998 et
807 972 930 1006 gratioso.
964 972 1004 999 Sic
1017 975 1071 1000 Cic.
1082 979 1115 997 20
1134 973 1237 1000 Amabo
1255 980 1280 1000 te
1294 973 1311 999 fi
1328 974 1392 1008 quid
1406 974 1477 1008 quod
1495 983 1560 1009 opus
1579 975 1675 1007 fucrit,
1689 976 1774 1009 Appio
1788 977 1880 1004 facies:
1906 979 2001 1006 Ponito
2014 989 2056 1006 me
2070 981 2098 1007 in
2110 991 2166 1016 gra-

43 1015 92 1041 pro
105 1006 198 1040 Qiint.
211 1014 223 1032 2
260 1007 285 1032 P.
301 1007 441 1040 Quintius,
455 1006 498 1033 eui
516 1008 627 1043 exiguae
643 1009 791 1034 amicorum
808 1008 900 1041 copiae
920 1009 994 1041 sunt,
1014 1019 1071 1036 cum
1133 1009 1206 1036 tiam.
1221 1008 1342 1044 subaudi,
1362 1009 1439 1044 Ipfius
1451 1011 1538 1045 Appii.
1609 1012 1708 1036 Ponere
1727 1011 1843 1045 aliquem
1854 1013 1882 1038 in
1894 1016 2003 1046 gratiam
2017 1016 2084 1050 apud
2104 1017 2167 1043 alte-

0 1042 5 1046 *
42 1040 194 1068 aduersario
207 1041 384 1075 gratiofulimo
397 1042 544 1069 contendat.
615 1044 685 1070 Bona
699 1043 796 1078 gratia,
814 1043 866 1069 vid.
887 1050 929 1070 ΒΟ
941 1051 961 1069 N
972 1051 1029 1076 vs,
1049 1052 1072 1071 et
1133 1054 1193 1071 rum
1214 1045 1269 1071 Cic.
1283 1045 1336 1070 Att.
1355 1049 1379 1076 6,
1394 1048 1418 1071 6.
1452 1045 1519 1072 Attii.
1535 1045 1570 1071 ib.
1585 1052 1607 1078 5,
1622 1054 1642 1076 3.
1684 1045 1741 1071 17111.
1761 1045 1857 1073 ViHor.
1877 1049 1911 1074 ad
1928 1050 1952 1075 h.
1971 1051 1988 1076 l.
2009 1053 2039 1076 it.
2059 1053 2165 1079 Gronau.

0 1078 2 1085 “’
41 1085 97 1102 mox
114 1086 141 1102 n.
154 1085 169 1102 2
189 1078 362 1111 Componere.
432 1078 542 1105 Illustris
562 1078 616 1105 Cic.
638 1088 687 1112 pro
706 1080 793 1106 Domo
812 1081 857 1110 46.
927 1080 1071 1113 Immerita,
1131 1080 1165 1106 ad
1177 1080 1235 1106 Liu.
1248 1088 1295 1112 44,
1313 1088 1350 1112 14.
1387 1082 1515 1112 Breuitcr,
1529 1081 1604 1115 ponit
1617 1080 1774 1107 Ciceronem
1794 1081 1821 1107 in
1834 1083 1945 1116 gratiam
1959 1085 2028 1118 apud
2041 1087 2166 1121 Appium,

0 1115 3 1119 '
40 1112 92 1138 vid.
107 1112 131 1138 h.
143 1121 168 1138 υ.
237 1112 364 1140 Immensa
380 1113 469 1140 Tacit.
482 1115 548 1140 Ann.
563 1123 602 1147 14,
615 1122 650 1146 53.
719 1113 842 1148 Improba
858 1113 956 1140 fallacis
970 1116 1071 1142 l'racto-
1131 1118 1174 1150 qui
1189 1124 1248 1151 quae
1260 1118 1340 1150 Appii
1359 1116 1430 1150 causa
1444 1116 1532 1152 facit,
1552 1125 1611 1152 quae
1628 1115 1743 1151 benificia
1754 1118 1844 1143 tribuit
1854 1120 1953 1153 Appio,
1965 1129 1992 1145 ea
2005 1120 2034 1156 se
2052 1130 2167 1149 commen-

0 1151 2 1154 '
41 1147 78 1174 ris
94 1148 185 1174 quen.
199 1147 248 1175 Sat.
263 1157 295 1181 13,
308 1157 334 1181 4.
394 1149 493 1176 Incluta
506 1149 628 1176 Nestorei
642 1148 714 1176 cedet
727 1149 778 1176 tibi
792 1149 876 1183 gratia
890 1150 974 1176 mellis
983 1171 990 1183 ,
1003 1155 1020 1177 i.
1035 1155 1071 1177 iu-
1089 1156 1120 1182 25
1131 1150 1229 1176 clatione
1242 1151 1368 1177 Ciceronis
1381 1153 1484 1187 jacere,
1498 1152 1617 1182 tribuere,
1631 1153 1714 1187 Appio
1732 1152 1837 1179 indicat.
1870 1155 1990 1181 Declarat
2010 1156 2065 1182 Cic.
2078 1157 2130 1183 Att.
2144 1166 2168 1190 2,

39 1181 156 1209 cauditus
174 1183 242 1210 illius
260 1186 406 1220 eloquentiae
424 1186 517 1211 Lucan.
532 1184 563 1210 ad
577 1185 662 1211 Pison.
679 1186 722 1216 64.
793 1184 890 1217 Infida,
907 1188 1018 1217 Incerta,
1033 1190 1071 1212 in-
1131 1193 1160 1218 25
1183 1186 1250 1212 Cum
1263 1186 1379 1221 aliquem
1394 1186 1461 1220 apud
1479 1193 1504 1213 te
1523 1186 1630 1214 laudaro
1649 1192 1756 1213 tuorum
1772 1187 1958 1221 familiarium,
1982 1191 2071 1217 volam
2090 1192 2168 1220 illum

32 1215 143 1250 stabilis.
179 1219 244 1246 Plin.
258 1220 335 1254 Epist.
349 1229 368 1253 1,
383 1228 395 1253 5
412 1229 459 1246 non
472 1221 562 1255 procul
580 1229 595 1246 a
606 1219 676 1255 fine,
698 1221 788 1247 Gratia
801 1220 931 1247 malorum
947 1228 998 1248 tam
1012 1222 1069 1248 infi.
1130 1221 1195 1247 scire
1209 1230 1240 1247 ex
1255 1227 1295 1253 te,
1311 1230 1353 1248 me
1368 1222 1394 1248 id
1408 1222 1503 1248 fecisse.
1572 1222 1649 1248 Posui
1668 1223 1736 1258 apud
1756 1223 1895 1251 Patronem
1911 1231 1937 1251 et
1956 1226 2075 1260 reliquos
2089 1228 2169 1254 Baro-

2 1273 3 1278 ,
38 1252 70 1280 da
87 1252 138 1284 est,
153 1263 232 1288 quam
245 1255 301 1290 ipsi.
372 1255 497 1282 quenilis
515 1255 575 1281 Stat.
588 1255 653 1281 Siln.
675 1264 698 1288 2,
710 1264 735 1287 z,
750 1265 787 1282 10.
865 1257 963 1283 Leuior
981 1258 1069 1292 pluma
1129 1265 1174 1283 nes
1193 1264 1217 1282 te
1238 1257 1265 1282 in
1279 1257 1393 1284 maxima
1407 1258 1490 1291 gratia
1506 1257 1562 1283 Cic.
1578 1259 1630 1284 Att.
1645 1265 1667 1290 5,
1684 1266 1715 1284 ιι.
1750 1258 1817 1285 Add.
1836 1259 1873 1287 ib.
1887 1262 1914 1292 6,
1927 1269 1947 1286 1.
2016 1263 2168 1297 Praecipere

37 1287 74 1315 est
85 1288 165 1315 Plaut.
180 1290 258 1317 Poen.
272 1300 294 1323 3,
307 1293 333 1323 6,
348 1298 385 1326 17.
455 1291 550 1325 Magna
562 1291 622 1317 Ioui
635 1291 718 1326 gratia
731 1291 836 1318 Tibull.
851 1301 871 1324 1,
884 1301 911 1325 4,
925 1301 954 1324 23
971 1294 1070 1320 debetur
1130 1292 1241 1326 gratiam
1255 1293 1314 1319 Liu.
1329 1295 1354 1324 6,
1368 1296 1401 1319 26
1409 1300 1451 1328 pr.
1471 1296 1490 1318 i.
1509 1294 1576 1319 Ante
1587 1300 1679 1328 capere.
1748 1294 1803 1320 Cic.
1817 1303 1865 1329 pro
1873 1295 1956 1322 Plane.
1969 1299 2000 1327 68
2019 1297 2090 1324 Nam
2104 1298 2168 1325 haec

38 1325 61 1355 εἰ
70 1332 182 1360 magnum
195 1325 344 1361 beneficium.
400 1327 467 1353 Rara
479 1326 591 1352 fratrum
610 1327 694 1361 gratia
711 1327 792 1353 Ouid.
804 1328 869 1353 Met.
885 1337 903 1358 1,
917 1336 969 1360 145.
1019 1330 1069 1355 Va·
1088 1339 1120 1363 30
1132 1328 1258 1361 priuatim
1278 1328 1382 1354 fortaffe
1393 1327 1545 1355 officiorum
1565 1329 1722 1355 memoriam
1734 1334 1760 1355 et
1777 1330 1887 1363 gratiam
1901 1332 2047 1366 Quaerunt.
2068 1336 2086 1359 i.
2104 1336 2169 1360 Ani·

0 1379 1 1383 ,
28 1359 163 1400 *aggratia
175 1361 265 1387 meriti
278 1360 318 1388 tui
331 1361 404 1388 Idem
417 1370 448 1387 ex
461 1362 534 1388 Pont.
549 1370 572 1393 2,
585 1370 616 1393 11,
631 1367 653 1391 8.
724 1363 793 1389 Vilis
806 1363 889 1397 gratia
902 1364 1013 1390 alicuius
1030 1364 1069 1390 Id.
1129 1373 1192 1388 mum
1204 1370 1302 1399 gratum
1311 1361 1446 1404 pallulam.
1519 1363 1575 1391 Cic.
1589 1373 1637 1398 pro
1651 1364 1741 1391 Rabir.
1754 1365 1819 1391 Post.
1836 1374 1864 1398 19
1875 1375 1897 1392 c.
1910 1376 1923 1399 7
1952 1368 2038 1402 Qiem
2051 1368 2123 1395 enim
2135 1378 2167 1396 ex

17 1399 29 1422 ’1
43 1392 77 1426 d}
87 1395 150 1422 Arte
168 1396 228 1422 Am.
246 1405 271 1428 2,
290 1405 332 1429 29.
422 1397 510 1423 Viuax
519 1417 527 1429 ,
555 1399 675 1433 Perpetua
707 1399 775 1424 Hor.
795 1399 824 1424 in
844 1399 907 1425 Arte
928 1400 1000 1427 Po'c't.
1027 1403 1069 1432 69.
1130 1400 1209 1425 tantis
1223 1399 1373 1425 inimicniis
1384 1399 1527 1434 Receptum
1541 1399 1570 1425 in
1582 1400 1692 1434 gratiam
1705 1401 1807 1427 summo
1820 1401 1907 1428 studio
1918 1401 2089 1436 defenderim,
2098 1404 2168 1431 hune

8 1428 29 1458 .l
66 1432 95 1458 Ἰ
131 1431 262 1458 Verborum
295 1433 416 1458 ormulae:
451 1431 589 1459 Abolescet
606 1434 690 1468 gratia
712 1433 776 1460 faeti
804 1433 879 1468 Virg.
892 1435 956 1460 Aen.
977 1442 1002 1469 7,
1018 1444 1068 1467 232.
1130 1434 1258 1460 afflie‘tum
1272 1435 1373 1461 violare
1387 1444 1442 1461 non
1454 1434 1547 1461 debeo.
1621 1435 1798 1462 Reconciliata
1813 1437 1867 1463 Cic.
1883 1438 1953 1464 Fam.
1966 1446 2037 1470 3,12.
2100 1440 2168 1466 Red-

6 1467 9 1472 ”
28 1479 29 1483 =
62 1465 113 1493 best
128 1467 212 1500 gratia
228 1466 318 1494 officio
339 1467 419 1494 Ould.
433 1476 465 1494 ex
479 1469 552 1494 Pont.
566 1477 587 1501 3,
601 1479 628 1502 4,
643 1476 678 1501 52.
749 1468 814 1495 Ρ11η.
835 1469 915 1503 Epist.
935 1479 956 1500 2,
975 1479 987 1503 5
1011 1471 1068 1497 Nec
1131 1469 1192 1495 dere
1217 1470 1312 1504 gratias
1331 1470 1413 1496 alicui
1433 1471 1568 1496 voluntate
1589 1470 1643 1504 ipsa
1669 1471 1743 1498 Idem
1756 1480 1804 1505 pro
1817 1471 1900 1499 Plane.
1915 1476 1956 1503 68.
2028 1474 2125 1502 Redire
2137 1476 2168 1503 in

0 1517 1 1522 =
14 1519 17 1522 <
35 1509 65 1528 ea
77 1510 142 1537 quae
155 1502 302 1529 stomachus
315 1503 403 1529 noster
415 1504 529 1534 recusat,
550 1503 678 1529 Adimunt
690 1504 801 1537 gratiam
814 1504 877 1537 illis,
891 1514 905 1531 a
919 1506 1015 1540 quibus
1029 1516 1068 1533 ca·
1087 1513 1115 1540 35
1130 1505 1241 1538 gratiam
1260 1514 1320 1532 cum
1338 1505 1444 1540 aliquo,
1458 1513 1506 1540 pro
1521 1506 1695 1532 Reconciliari.
1753 1507 1808 1533 Cic.
1823 1509 1876 1534 Att.
1893 1517 1911 1540 1,
1925 1517 1955 1548 .¹4
1982 1510 2050 1536 Cum
2068 1510 2167 1537 Luccio

26 1536 113 1572 ,pitun
183 1538 315 1572 Quinctil.
330 1547 355 1569 2,
370 1547 407 1577 13·
419 1540 505 1571 Qiam
519 1537 627 1572 quidem
645 1539 756 1572 gratiam
769 1545 795 1566 et
809 1539 1009 1567 delthationem
1024 1542 1069 1567 Af·
1130 1541 1158 1566 in
1173 1541 1282 1574 gratiam
1297 1540 1373 1567 Redi.
1409 1541 1483 1577 Conf.
1499 1541 1566 1575 Nep.
1581 1549 1616 1574 25,
1629 1549 1667 1575 17,
1681 1550 1700 1568 1.
1770 1543 1838 1569 Cum
1855 1544 1965 1571 inimico
1976 1554 2055 1572 nemo
2069 1545 2096 1571 in
2110 1555 2168 1579 gra-

16 1587 17 1591 =
33 1572 122 1600 ferunt
134 1573 247 1614 figurae,
262 1582 382 1608 quaeque
399 1582 428 1598 m
442 1573 569 1605 senfibus,
586 1583 707 1608 quaeque
728 1575 757 1600 in
776 1575 864 1601 verbis
879 1576 945 1602 sunt.
1017 1579 1069 1603 Au·
1129 1576 1194 1602 tiam
1212 1581 1268 1602 tuto
1283 1576 1362 1603 Redit
1380 1577 1406 1603 P.
1420 1577 1475 1609 Syr.
1490 1576 1567 1602 Mim.
1639 1577 1695 1603 Cic.
1710 1577 1762 1604 Att.
1776 1586 1800 1608 2,
1811 1587 1823 1610 3
1843 1574 2006 1606 Coniunffio
2017 1580 2086 1607 mihi
2098 1582 2167 1608 sum-

33 1609 124 1643 cupari
140 1616 250 1643 gratiam
264 1608 374 1634 alicuius
393 1608 448 1634 Cic.
462 1609 533 1635 Fam.
550 1616 571 1641 5,
587 1617 622 1635 12.
640 1612 658 1635 i.
672 1609 798 1644 fauorem.
871 1611 1001 1643 Quinetil.
1017 1615 1043 1644 6,
1058 1621 1068 1638 1
1130 1620 1172 1637 ma
1191 1620 1250 1637 cum
1264 1611 1407 1646 Pompeio,
1424 1611 1442 1638 si
1469 1611 1551 1646 placet
1573 1612 1654 1638 etiam
1675 1621 1734 1638 cum
1748 1613 1856 1639 Caesare
1871 1614 1979 1640 Reditus
1998 1615 2027 1641 in
2045 1616 2167 1649 gratiam,

31 1643 104 1671 Nam
117 1649 142 1670 et
156 1644 284 1670 cautiores
298 1643 330 1670 ad
344 1643 486 1670 custodiam
499 1645 560 1670 suae
572 1645 708 1678 religionis
724 1644 824 1671 iudices
836 1645 908 1677 facit,
920 1653 945 1673 et
957 1648 1068 1681 gratiam
1129 1656 1189 1673 cum
1203 1647 1317 1673 inimicis
1331 1654 1389 1682 pax.
1458 1647 1526 1673 Ter.
1541 1647 1646 1674 Phorm.
1666 1654 1688 1679 ς,
1708 1654 1735 1681 7,
1747 1654 1777 1681 73
1798 1649 1853 1682 Ego
1866 1649 1992 1682 Redigam
2008 1658 2056 1676 VOS
2068 1649 2096 1675 in
2111 1659 2168 1684 gra-

32 1680 194 1713 responsuris
207 1679 310 1705 Aufert.
380 1680 482 1713 Augere
501 1680 627 1714 gratiam,
662 1680 761 1707 Cedere
779 1682 878 1715 gratia,
896 1682 949 1708 vid.
968 1683 1010 1709 hh.
1023 1693 1067 1710 υυ.
1085 1683 1200 1719 40tiam.
1273 1682 1423 1713 Reducere,
1436 1682 1623 1713 reconciliare,
1638 1687 1665 1708 et
1677 1682 1816 1708 restituere
1829 1692 1910 1709 vnum
1927 1693 1987 1709 cum
1999 1684 2055 1710 alio
2068 1685 2096 1710 in
2110 1693 2168 1719 gran

1 1709 12 1740 5⁷
32 1716 132 1748 Capere
150 1714 260 1748 gratiam
281 1714 374 1741 dicitur
391 1715 493 1742 animus
514 1716 569 1741 Cic.
583 1717 653 1742 Fam.
668 1724 691 1748 2,
704 1724 726 1749 5.
751 1719 770 1742 i.
796 1717 933 1753 intelligere
950 1725 1068 1752 quantum
1129 1718 1193 1743 tiam
1208 1717 1262 1743 Cic.
1276 1717 1309 1743 de
1320 1717 1442 1743 Prouinc.
1456 1717 1562 1743 Consul.
1576 1725 1616 1748 23.
1652 1716 1721 1755 Ter.
1736 1717 1816 1755 Andr.
1835 1725 1858 1750 5,
1877 1728 1905 1752 4,
1920 1726 1962 1750 45.
2032 1720 2168 1747 Reducere

3 1771 8 1775 .
30 1752 155 1783 accipiat,
169 1756 192 1775 et
209 1748 275 1775 νεὲἶε
292 1747 426 1781 aestimare.
498 1752 531 1777 At
549 1757 577 1777 tu
591 1751 744 1778 immensam
760 1752 887 1784 gratiam,
902 1753 1068 1778 innumeram
1128 1752 1245 1785 aliquem
1265 1752 1293 1777 in
1311 1752 1422 1784 gratiam
1443 1760 1504 1776 cum
1525 1751 1610 1776 altero
1630 1750 1762 1783 Qunehl.
1778 1759 1800 1783 5,
1816 1760 1847 1778 n.
1918 1753 2027 1780 Referre
2045 1756 2167 1788 gratiam,

31 1785 168 1818 pecuniam
175 1784 377 1810 circumdedisti
386 1785 453 1811 Tac.
468 1786 534 1811 Anu.
549 1794 588 1818 14,
603 1794 629 1818 53
648 1787 734 1812 Seneca
747 1786 776 1811 de
792 1785 914 1819 beneficiis
934 1790 961 1811 in
972 1787 1002 1820 se
1018 1789 1067 1811 Ne-
1126 1786 1235 1811 Reddere
1247 1785 1386 1819 beneficium
1399 1786 1466 1811 Ter.
1480 1786 1545 1810 Eun.
1559 1793 1584 1816 2,
1598 1793 1620 1816 3,
1634 1793 1673 1817 93.
1716 1785 1789 1812 Idem
1803 1786 1917 1822 Philipp.
1928 1797 1951 1821 3,
1964 1799 1983 1823 4
2009 1791 2166 1825 Qanquam

29 1821 108 1845 ranis.
179 1819 331 1851 Coaequare
345 1820 471 1852 gratiam,
490 1820 542 1845 uid.
565 1826 726 1857 COAEQVO.
797 1820 864 1845 Hor.
878 1820 955 1854 Epist.
971 1829 990 1850 1,
1004 1829 1027 1851 3,
1040 1829 1067 1851 32
1126 1820 1210 1852 gratia
1225 1820 1329 1845 Referri
1348 1825 1419 1845 tanta
1434 1828 1488 1845 non
1502 1819 1598 1853 potest,
1616 1826 1713 1854 quanta
1731 1820 1857 1855 debetur,
1878 1822 1997 1851 habenda
2015 1831 2101 1852 tamen
2120 1826 2166 1859 est,

29 1854 70 1880 An
82 1852 149 1879 male
162 1853 228 1878 sarta
251 1854 342 1879 Gratia
362 1853 542 1887 nequidquam
554 1854 631 1885 Coit,
645 1860 671 1879 et
689 1853 863 1880 rescinditur?
932 1854 1067 1889 Colligere
1081 1867 1115 1893 43
1127 1859 1252 1887 quantam
1272 1854 1414 1881 maximam
1431 1856 1514 1881 animi
1535 1855 1618 1881 nostri
1641 1864 1732 1889 capere
1748 1858 1858 1891 possunt.
1918 1860 1949 1884 Et
1968 1868 2017 1893 pro
2032 1860 2115 1886 Plane.
2134 1863 2167 1891 68

26 1888 139 1923 gratiam
151 1896 183 1914 ex
196 1887 361 1921 priuatorum
373 1888 487 1921 negotiis
505 1888 560 1915 Cic.
573 1887 606 1914 de
620 1889 694 1915 Orat.
708 1891 829 1920 3,135..1”.
844 1888 961 1924 fauorem
982 1891 1066 1916 multi·
1127 1889 1237 1915 Debitio
1262 1891 1388 1924 pecuniae
1409 1897 1435 1917 et
1457 1890 1555 1924 gratiae
1578 1890 1715 1917 diffimilis.
1735 1900 1796 1918 nam
1816 1892 1863 1927 qui
1880 1895 2017 1927 pecuniam
2038 1895 2166 1929 diffoluit,

24 1923 125 1950 *tudinis
128 1922 180 1957 fibi
186 1930 288 1958 parare.
341 1923 413 1949 Idem
427 1925 464 1957 Q
474 1924 543 1950 Frat.
559 1932 585 1956 2,
598 1926 626 1950 16
650 1925 687 1950 Ex
703 1923 754 1951 hoc
772 1923 863 1950 labore
878 1933 997 1959 magnam
1010 1934 1066 1959 gra·
1127 1924 1213 1951 statim
1227 1933 1280 1951 non
1297 1924 1376 1951 habet
1395 1925 1422 1951 id
1442 1925 1514 1960 quod
1528 1925 1658 1952 reddidit:
1676 1927 1723 1960 qui
1737 1932 1825 1954 autem
1843 1927 1934 1961 debet,
1949 1929 1970 1955 is
1988 1930 2086 1957 retinet
2101 1932 2166 1958 alie-

29 1959 109 1991 tiam,
126 1967 299 1993 magnamque
310 1958 464 1992 dignitatem
483 1959 529 1985 sim
542 1958 711 1986 collecturus.
778 1960 996 1986 Commemorare
1009 1969 1065 1994 gra·
1126 1968 1199 1985 num.
1219 1960 1329 1993 gratiam
1348 1966 1436 1986 autem
1451 1966 1476 1986 et
1491 1961 1538 1994 qui
1553 1960 1660 1992 Refert,
1673 1960 1765 1988 habet:
1793 1968 1820 1989 et
1838 1964 1885 1998 qui
1900 1963 1994 1997 habet,
2007 1966 2036 1992 in
2055 1975 2088 1992 eo
2107 1967 2164 2000 ipso

29 1994 92 2022 tiam
106 1994 160 2020 Cic.
176 1993 231 2028 post
244 1993 300 2020 red.
311 1993 340 2020 in
354 1994 438 2021 Senat.
448 2003 492 2028 24.
562 1995 630 2021 Ter.
644 1994 750 2021 Phorm.
764 2003 791 2028 4,
804 2003 825 2026 3,
839 2003 867 2028 17
891 1995 947 2021 Cur
960 2004 1013 2022 non
1026 1996 1066 2021 in·
1126 1995 1197 2028 quod
1212 1994 1289 2021 habet
1297 2014 1305 2027 ,
1318 1995 1408 2021 refert.
1463 1995 1549 2021 Eadem
1567 1995 1638 2022 habet
1656 1995 1731 2022 Offic.
1745 2005 1767 2028 2,
1780 1999 1813 2030 69
1827 2007 1848 2023 c.
1862 2007 1896 2024 20
1922 2000 2033 2027 Referre
2052 2003 2165 2036 gratiam

31 2038 106 2065 quam
119 2029 261 2061 Phormio,
277 2029 367 2062 vides,
391 2029 462 2056 inter
481 2038 529 2056 nos
549 2029 581 2056 fic
594 2029 657 2056 haec
676 2030 764 2064 potius
777 2039 836 2056 cum
856 2030 925 2056 bona
945 2036 973 2057 vt
986 2031 1065 2057 Com·
1078 2041 1111 2067 50
1126 2030 1204 2064 inops
1222 2029 1239 2055 fi
1255 2039 1308 2055 non
1323 2030 1423 2065 potest,
1443 2030 1541 2057 habere
1559 2036 1629 2057 certe
1650 2031 1743 2065 potest.
1815 2034 1963 2060 Commode
1982 2042 2085 2069 autem,
2106 2038 2164 2072 qui-

21 2072 158 2101 1ponantur
183 2065 280 2098 gratia,
301 2073 379 2099 quam
404 2074 463 2092 cum
488 2066 573 2091 mala?
599 2069 618 2092 i.
645 2069 721 2091 amice
742 2066 885 2100 construam
903 2066 1064 2092 humanitate.
1126 2074 1230 2099 cunque
1247 2065 1330 2097 dixit,
1349 2066 1487 2092 Pecuniam
1507 2066 1554 2100 qui
1574 2065 1684 2098 habeat,
1698 2075 1751 2093 non
1767 2068 1919 2100 reddidilsc3
1939 2071 1987 2105 qui
2007 2071 2165 2105 reddiderit,

4 2117 7 2122 .
33 2100 83 2129 uid.
98 2110 153 2127 mox
176 2107 375 2127 D1MtTTERE.
443 2101 511 2128 Ter.
521 2102 585 2127 Hec.
599 2110 621 2134 3,
634 2108 656 2134 5,
669 2109 703 2134 29
723 2101 819 2135 Neque
833 2101 888 2127 alio
903 2100 978 2135 pac‘to
986 2102 1064 2127 Com·
1124 2109 1179 2126 non
1192 2100 1297 2131 habere,
1310 2107 1354 2126 etc.
1426 2101 1538 2128 Referre
1556 2101 1659 2135 plenius
1679 2102 1790 2136 gratiam
1816 2104 1946 2138 Quintilii.
1960 2116 1985 2138 2,
2005 2110 2041 2133 16.
2113 2109 2163 2135 Re·

36 2135 94 2171 poni
114 2135 196 2170 potest
222 2136 293 2162 inter
315 2145 356 2162 eas
373 2136 473 2169 gratia,
495 2139 624 2168 amicitia,
643 2142 672 2162 vt
695 2137 774 2162 altera
792 2137 868 2162 alteri
897 2135 1003 2161 iucunda
1016 2136 1063 2169 fit.
1124 2136 1195 2161 ferre
1214 2136 1295 2162 alicui
1313 2135 1411 2161 bonam
1430 2136 1541 2169 gratiam
1565 2136 1621 2162 Cic.
1636 2138 1689 2163 Att.
1711 2146 1737 2170 2,
1750 2146 1776 2170 9.
1848 2140 1957 2167 Referre
1975 2142 2070 2169 iustam
2090 2143 2163 2170 debi-

37 2170 177 2198 Coucedere
191 2171 293 2206 aliquid
307 2171 431 2198 beneficii
444 2172 596 2206 gratiaeque
608 2172 682 2198 causa
700 2170 757 2197 Cic.
769 2172 845 2197 Verr.
861 2179 882 2202 3,
895 2179 941 2203 115.
994 2172 1064 2197 Con·
1123 2176 1231 2204 tamque
1249 2171 1361 2204 gratiam
1379 2170 1453 2197 Idem
1467 2180 1516 2205 pro
1530 2172 1611 2198 Corn.
1624 2172 1706 2198 Balbo
1725 2181 1763 2205 59.
1833 2175 1943 2202 Referre
1965 2179 2087 2204 meritam
2108 2188 2164 2213 gra.

35 2207 120 2234 ciliare
130 2207 242 2240 gratiam
261 2207 333 2233 Idem
348 2207 379 2233 de
394 2207 464 2234 Clar.
479 2208 554 2234 Orat.
566 2216 586 2233 e.
602 2215 643 2239 43.
671 2206 673 2209 ’
714 2205 867 2232 Conciliare
878 2205 992 2231 alicuius
1006 2215 1063 2240 gra·
1082 2213 1110 2240 55
1124 2206 1188 2231 tiam
1202 2205 1371 2241 debitamque
1384 2206 1423 2232 Id.
1437 2205 1468 2233 de
1481 2207 1555 2234 Orat.
1567 2216 1590 2239 3,
1605 2216 1644 2240 14.
1717 2208 1827 2236 Referre
1839 2217 1958 2238 mutuam
1974 2214 2085 2246 gratiam
2107 2214 2163 2241 Cic.

34 2242 93 2270 tiam
104 2239 153 2268 fibi
174 2241 212 2268 Id.
226 2251 275 2277 pro
289 2243 317 2268 L.
331 2243 423 2268 Manil.
437 2250 480 2277 70.
551 2241 686 2276 Consequi
704 2241 816 2274 gratiam
841 2241 898 2267 Cic.
913 2241 945 2267 de
957 2242 1030 2268 Orat.
1045 2250 1064 2273 1,
1123 2241 1152 2267 in
1166 2241 1266 2267 Sallust.
1280 2249 1305 2274 9.
1373 2241 1447 2268 Idem
1461 2251 1509 2277 pro
1524 2243 1599 2269 Rosc.
1614 2243 1691 2269 Com.
1707 2251 1738 2269 20
1757 2252 1779 2270 c.
1793 2252 1811 2278 7
1838 2245 1933 2280 Neque
1951 2253 2038 2274 tamen
2058 2258 2107 2283 pro
2119 2249 2165 2276 be„

31 2284 80 2312 317.
149 2277 308 2303 Conuellere
319 2278 446 2311 gratiam,
462 2277 514 2304 vid.
529 2277 554 2303 h.
567 2287 593 2303 υ.
665 2276 754 2311 Cupio
765 2277 876 2310 gratiam
891 2282 963 2303 tuam
982 2277 1063 2303 Plaut.
1123 2276 1221 2303 neficio
1235 2278 1261 2303 ei
1279 2285 1326 2311 par
1337 2277 1421 2311 gratia
1433 2278 1563 2305 Refertur.
1635 2279 1746 2305 Referre
1766 2280 1923 2313 praeclaram
1939 2283 2000 2317 Pop.
2015 2285 2092 2310 Rom.
2107 2294 2164 2319 gra-

14 2303 91 2340 ¹¹Pers.
105 2321 133 2345 4,
145 2322 173 2345 4,
187 2318 220 2342 18.
272 2313 345 2339 Idem
359 2313 440 2339 Trin.
454 2322 473 2345 1,
489 2321 508 2344 1,
523 2321 551 2339 12.
585 2311 737 2347 Nimioque
750 2311 794 2338 hic
811 2312 894 2347 pluris
908 2312 1063 2346 pauciorum
1122 2312 1189 2338 tiam
1213 2311 1252 2339 Id.
1269 2313 1298 2338 in
1311 2312 1388 2339 Catil.
1408 2322 1428 2345 1,
1446 2319 1486 2343 28.
1520 2313 1589 2340 Add.
1607 2314 1678 2348 Nep.
1686 2309 1716 2345 ι2,
1728 2320 1752 2346 8,
1763 2322 1789 2348 7.
1814 2322 1838 2341 et
1858 2321 1892 2349 18,
1912 2319 1938 2349 6,
1958 2326 1980 2351 5.
2049 2319 2163 2348 Nullum

28 2348 133 2382 gratiam
148 2348 248 2374 faciunt
262 2357 319 2382 pars
332 2347 486 2380 hominum,
524 2357 585 2374 uam
595 2347 632 2378 id,
645 2347 716 2382 quod
730 2347 809 2382 profit
822 2347 951 2382 pluribus.
1007 2349 1063 2375 Cic.
1124 2346 1243 2374 officium
1253 2348 1400 2375 Referenda
1412 2350 1496 2381 gratia
1509 2349 1592 2383 magis
1605 2349 1641 2375 est
1654 2350 1824 2376 necessarium
1838 2352 1893 2378 Cic.
1901 2353 1952 2379 Off.
1966 2362 1976 2380 1
1990 2363 2010 2380 c.
2026 2362 2056 2388 15.
2113 2357 2163 2383 Re-

12 2383 60 2416 de
69 2384 124 2410 Fin.
139 2392 161 2416 3,
175 2391 205 2418 73
226 2393 247 2409 c.
263 2393 292 2410 21
328 2384 413 2410 Pietas
429 2392 491 2417 erga
527 2392 589 2416 eos,
602 2388 627 2409 et
647 2389 744 2417 quanta
764 2383 805 2409 his
822 2384 905 2416 gratia
920 2383 1062 2410 Debeatur.
1080 2390 1116 2415 60
1125 2384 1196 2410 ferre
1217 2384 1344 2418 gratiam,
1363 2387 1390 2409 in
1409 2386 1498 2410 malam
1515 2390 1622 2419 parma.
1658 2384 1732 2410 Idem
1747 2386 1782 2419 Q
1796 2386 1866 2413 Frat.
1884 2396 1911 2419 2,
1924 2398 1935 2420 3
1969 2390 2089 2417 Surrexit
2101 2392 2163 2418 Clo-

12 2419 126 2446 UGratias
135 2418 237 2446 Debere
253 2419 371 2445 Scribon.
385 2419 464 2452 Epist.
486 2438 492 2444 .
514 2438 520 2444 .
541 2437 547 2444 .
617 2419 750 2452 Derogare
764 2419 874 2452 gratiam
893 2419 989 2451 alicui,
1007 2419 1061 2445 vid.
1124 2419 1194 2445 dius:
1215 2420 1241 2446 ei
1260 2425 1345 2445 tantus
1359 2418 1460 2446 clamor
1476 2428 1491 2446 a
1504 2419 1599 2446 nostris
1612 2419 1761 2453 (placuerat
1775 2421 1846 2448 enim
1861 2423 1971 2450 Referre
1989 2426 2117 2459 gratiam)
2133 2432 2163 2454 vt

12 2459 155 2482 ,DEROG
167 2460 197 2480 o.
270 2455 411 2480 Dimittere
430 2454 546 2488 aliquem
564 2462 623 2479 cum
644 2453 713 2480 bona
732 2454 816 2488 gratia
835 2454 890 2480 Cic.
906 2454 938 2481 de
952 2450 1016 2481 Fato
1035 2463 1061 2489 7.
1123 2464 1209 2489 neque
1222 2461 1325 2485 mente,
1339 2463 1425 2489 neque
1443 2455 1547 2490 lingua,
1565 2464 1651 2489 neque
1671 2456 1793 2482 oratione
1813 2457 1968 2485 confisteret.
2004 2461 2076 2496 C⁰²{f·
2093 2462 2161 2488 Ter.

24 2489 136 2516 Diffiluit
149 2489 232 2524 gratia
245 2489 374 2521 fratrum,
394 2492 413 2515 i.
432 2490 515 2524 Rupta
529 2487 563 2521 cst
577 2496 600 2515 et
607 2488 726 2524 fiparata
739 2493 850 2516 amicitia
864 2491 932 2517 Hor.
945 2490 1023 2524 Epist.
1040 2499 1061 2522 1,
1123 2491 1189 2516 Eun.
1204 2499 1230 2523 2,
1243 2499 1272 2523 3,
1280 2499 1320 2523 93.
1338 2497 1361 2516 et
1381 2500 1403 2523 5,
1417 2499 1429 2522 3
1439 2497 1482 2526 pr.
1552 2490 1705 2524 Rependere
1722 2493 1832 2525 gratiam
1851 2492 1921 2519 fauo
1952 2495 2031 2521 Ouid.
2053 2497 2116 2523 Met.
2136 2505 2160 2530 2,

10 2539 12 2556 i
26 2531 114 2558 18,.41.
186 2525 254 2550 Dare
272 2524 382 2558 gratiam
401 2525 444 2551 vel
467 2524 572 2551 veniam
598 2525 653 2551 Cic.
667 2524 699 2551 de
713 2525 805 2552 Diuin.
824 2534 847 2558 2,
861 2527 886 2552 6.
952 2524 1061 2552 Efficere
1122 2528 1184 2559 694.
1255 2526 1311 2552 Cic.
1326 2526 1380 2552 Ate.
1394 2535 1414 2557 1,
1429 2534 1439 2552 1
1465 2525 1614 2552 Sallustium
1634 2527 1793 2560 praesentem
1807 2527 1954 2555 Restituere
1973 2530 2001 2556 in
2019 2531 2076 2558 eius
2089 2539 2161 2558 vete-

0 2563 5 2594 ¹,
23 2559 127 2595 aliquid
140 2559 222 2594 gratia
242 2559 315 2586 Idem
329 2560 399 2586 Fam.
415 2569 453 2592 10,
469 2568 505 2587 12.
578 2560 717 2587 Effundere
735 2561 846 2595 gratiam
867 2560 1004 2588 collectam
1021 2561 1059 2588 Id.
1074 2568 1106 2599 65
1122 2570 1178 2588 rem
1191 2561 1302 2595 gratiam
1323 2570 1377 2587 non
1396 2561 1480 2595 potui.
1524 2575 1569 2580 -—
1587 2569 1647 2586 eum
1659 2561 1756 2600 ‘aliquo
1770 2562 1836 2588 Ter.
1850 2564 1914 2589 Hec.
1930 2572 1952 2596 3,
1968 2574 1987 2597 1,
2002 2574 2033 2592 11,
2110 2568 2160 2594 Re.

1 2606 4 2617 ·
24 2596 96 2623 Fam.
115 2603 140 2627 2,
156 2603 189 2628 15.
267 2595 308 2621 Est
326 2601 384 2622 aute
401 2596 491 2622 omnia
510 2596 683 2622 Clazomenio
699 2596 765 2622 vino
784 2596 868 2630 gratia
893 2596 958 2622 Plin.
977 2606 1015 2629 14,
1033 2605 1059 2631 7.
1121 2597 1230 2622 stituere
1249 2597 1361 2630 gratiam
1384 2596 1465 2622 alicui
1489 2595 1546 2621 Cic.
1567 2595 1599 2622 de
1613 2597 1686 2635 Petit.
1700 2597 1777 2623 Cons.
1796 2599 1833 2623 16.
1905 2600 2029 2627 Retinere
2047 2602 2160 2630 alicuius

0 2639 5 2655 z
23 2631 149 2665 Excipere
169 2631 253 2664 gratia
267 2631 322 2658 Cic.
337 2631 407 2658 Fam.
424 2640 444 2663 1,
458 2640 483 2663 9.
555 2631 666 2666 Exigere
685 2632 795 2666 gratiam
814 2633 886 2658 Idem
905 2632 937 2658 de
951 2632 1059 2658 Amicit.
1119 2631 1248 2665 gratiam,
1268 2635 1286 2656 i.
1310 2633 1397 2657 Fouere
1409 2633 1554 2656 amicitiam.
1589 2631 1644 2670 Cic.
1659 2632 1694 2664 Q
1707 2631 1775 2658 Frat.
1790 2641 1814 2663 2,
1827 2641 1840 2666 3
1859 2635 1934 2668 Qae
1948 2635 1999 2662 tibi
2013 2645 2045 2663 eo
2062 2638 2159 2672 scribo,

1 2681 6 2684 -
23 2675 63 2699 30.
136 2665 266 2699 QinGtil.
287 2676 316 2700 4,
336 2675 349 2692 2
382 2667 588 2699 Narrationem,
610 2672 641 2693 vt
659 2666 677 2692 si
697 2667 776 2693 vllam
795 2673 895 2701 partem
919 2667 1059 2699 orationis,
1121 2665 1192 2699 quod
1206 2674 1247 2691 me
1260 2665 1292 2691 de
1309 2665 1456 2692 Retinenda
1469 2665 1543 2692 Sestii
1556 2671 1640 2699 gratia
1653 2665 1738 2693 literis
1751 2668 1824 2702 saepe
1842 2670 1977 2697 monuisti.
2033 2673 2099 2700 Puto
2112 2683 2160 2708 per

0 2698 2 2715 ³
22 2702 114 2733 omni,
127 2711 178 2736 qua
192 2701 289 2734 potest,
301 2702 400 2735 gratia,
413 2708 439 2728 et
458 2711 554 2728 venere
568 2701 750 2728 Exornandam
770 2708 842 2735 puto.
911 2701 1060 2736 Exstinguit
1119 2701 1296 2735 Pomponium
1314 2701 1460 2728 fouendum
1483 2700 1535 2740 tibi
1553 2702 1601 2727 esse
1621 2702 1800 2742 Hortensium.
1826 2706 1844 2730 i.
1867 2699 2029 2734 Reiinenddm
2048 2712 2160 2743 gratiam

4 2762 5 2765 ,
22 2738 133 2773 gratiam
147 2737 261 2763 nostram
279 2737 420 2763 hominum
440 2738 568 2772 suspicio,
579 2736 652 2772 quod
670 2738 796 2771 Pompeio
810 2737 835 2763 se
852 2736 995 2771 gratificari
1013 2746 1059 2771 pu-
1092 2754 1110 2772 0
1120 2736 1175 2763 Cic.
1189 2737 1223 2769 Q
1236 2737 1304 2762 Frat.
1318 2745 1338 2768 1,
1352 2745 1373 2769 3.
1440 2737 1522 2771 Rupit
1534 2737 1646 2771 gratiam
1658 2745 1698 2763 1ra
1714 2737 1771 2764 Sen.
1783 2738 1895 2772 Thyest.
1909 2742 1926 2766 s.
1942 2749 1966 2776 7.
2039 2744 2159 2772 Scribere

22 2779 77 2800 tant
89 2773 144 2799 Cic.
160 2774 231 2798 Fam.
247 2781 266 2804 1,
280 2781 304 2798 1:
323 2774 374 2807 Qui
381 2779 486 2808 propter
501 2773 687 2799 bane-ualentiam
700 2782 758 2809 erga
770 2783 805 2799 me
819 2772 1007 2809 tibifauerent,
1019 2772 1059 2799 illi
1118 2773 1214 2806 gratias
1228 2772 1297 2798 Gell.
1311 2780 1333 2803 3,
1346 2777 1368 2802 8.
1388 2778 1418 2798 vt
1436 2780 1522 2807 agere.
1592 2773 1663 2799 Caes.
1678 2773 1706 2799 Β.
1720 2774 1749 2800 C.
1765 2782 1774 2799 1
1782 2781 1826 2809 pr.
1857 2776 1902 2802 Sin
1920 2777 2057 2804 Caesarem
2077 2780 2159 2814 respi-

21 2808 66 2836 ᾖσι.-
85 2811 272 2840 intermittunt,
290 2811 347 2843 quia
363 2815 469 2843 putant,
488 2807 638 2844 aduersando
659 2807 707 2834 tibi
724 2808 753 2844 ft
770 2810 882 2843 Pompeio
905 2808 1059 2844 gratificari,
1119 2808 1203 2839 ciant,
1229 2813 1308 2842 atque
1341 2807 1397 2833 eius
1428 2808 1541 2841 gratiam
1571 2807 1733 2842 sequantur,
1754 2812 1772 2835 i.
1796 2813 1932 2837 amicitiam
1959 2813 2158 2843 beneuolentiam.

23 2853 109 2880 magno
122 2842 167 2878 ipfi
179 2853 270 2879 quoque
282 2846 359 2870 amico
371 2853 436 2875 mco,
450 2847 491 2870 cui
497 2843 610 2880 fauentia
623 2853 658 2869 me
671 2843 793 2877 offendere
805 2854 852 2870 non
861 2844 962 2879 poffint.
1009 2844 1058 2870 Ex·
1119 2844 1186 2870 Hor.
1200 2842 1232 2870 de
1248 2844 1310 2869 Arte
1320 2843 1393 2870 Poet.
1413 2846 1447 2876 69
1477 2843 1586 2870 Nedum
1598 2844 1750 2870 sermonum
1762 2845 1815 2872 Stet
1829 2845 1914 2873 honos
1927 2852 1953 2874 et
1970 2849 2054 2882 gratia
2067 2850 2159 2884 viuax,

23 2879 137 2906 ulcerare
150 2879 259 2913 gratiam
269 2899 276 2911 ,
295 2879 349 2905 vid.
371 2885 550 2905 EXVLCERO.
620 2878 686 2905 Plin.
701 2880 779 2914 Epist.
794 2888 812 2910 1,
828 2888 843 2905 z
868 2879 975 2910 Libelli,
990 2889 1057 2914 quos
1117 2882 1136 2905 i.
1151 2880 1268 2914 placeant
1280 2878 1354 2905 iidem
1366 2878 1493 2916 sermones
1505 2878 1557 2905 diu.
1626 2879 1681 2905 Cic.
1697 2880 1750 2906 Att.
1765 2889 1788 2913 2,
1802 2889 1819 2914 9
1855 2882 1913 2909 Erit
1925 2883 2024 2911 nebulo
2036 2885 2084 2912 iste
2097 2895 2158 2913 cum

24 2914 167 2946 emisimus,
185 2914 310 2941 dicuntur
330 2915 382 2941 iam
400 2915 427 2940 in
439 2914 561 2941 manibus
573 2915 637 2947 effe,
651 2915 770 2949 quamuis
788 2915 841 2941 iam
856 2915 966 2948 gratiam
980 2916 1057 2941 noui-
1075 2928 1107 2956 75
1119 2914 1160 2941 his
1174 2914 1287 2947 dynastis
1305 2915 1334 2940 in
1353 2914 1447 2949 gratia.
1518 2915 1549 2941 In
1562 2913 1638 2941 laude
1653 2921 1679 2941 et
1692 2916 1776 2950 gratia
1787 2917 1836 2942 effe
1847 2917 1921 2944 Idem
1936 2920 2011 2946 Verr.
2026 2929 2045 2951 1,
2058 2929 2085 2947 21
2098 2931 2119 2948 c.
2133 2927 2156 2952 8.
2184 2952 2187 2954 ‚

23 2950 82 2977 tatis
94 2951 225 2980 exuerint,
245 2953 264 2976 i.
284 2960 330 2976 non
344 2951 449 2984 amplius
461 2954 570 2977 nouitate
582 2951 707 2986 placeant.
776 2951 871 2977 Facere
883 2951 1000 2985 gratiam·
1012 2951 1059 2978 ho·
1116 2952 1147 2977 In
1161 2951 1244 2985 gratia
1256 2950 1419 2985 pecuniaque
1431 2958 1524 2984 magna
1538 2950 1705 2977 fortunatum
1719 2952 1766 2977 esse
1779 2952 1846 2979 Gell.
1860 2956 1942 2987 16,19.
2012 2956 2067 2982 Cic.
2083 2958 2156 2984 Fam,

26 2986 124 3020 minum
139 2986 219 3020 pluris
239 2985 318 3012 Plaut.
334 2986 416 3012 Trin.
431 2995 450 3017 1,
466 2995 485 3018 1,
499 2994 535 3012 12.
590 2985 637 3013 sed
654 2986 718 3012 alias
730 2986 825 3013 Facere
845 2986 925 3013 alicui
945 2987 1057 3021 gratiam
1118 2995 1137 3017 1,
1151 2994 1167 3018 9
1187 2987 1241 3019 Ego
1255 2994 1337 3021 quum
1352 2985 1421 3012 mihi
1433 2994 1493 3012 cum
1500 2985 1548 3012 illo
1561 2994 1655 3020 magna
1668 2987 1720 3013 iam
1732 2988 1815 3021 gratia
1827 2988 1900 3020 Esset,
1909 2989 1980 3024 quod
1994 2991 2048 3018 eius
2063 3001 2155 3019 omnes

29 3019 70 3044 rei
83 3021 210 3047 cuiusdam
229 3019 261 3054 est
273 3022 341 3047 illam
353 3024 494 3050 remittere,-
519 3030 579 3057 quae
590 3021 705 3057 formula
722 3028 778 3048 orta
790 3020 833 3055 effi‘
850 3022 975 3049 uidetura
992 3032 1058 3048 more
1116 3021 1276 3055 grauiffimas
1299 3021 1412 3048 iniurias
1432 3021 1581 3048 communis
1600 3023 1757 3049 concordiae
1779 3024 1852 3050 causa
1870 3025 2022 3053 voluntaria
2042 3028 2155 3061 quadam

30 3055 125 3089 gratie-r
139 3057 220 3091 egendi
228 3064 277 3092 pro
290 3060 340 3089 iis,
354 3066 413 3093 quae
425 3056 591 3092 deprecamur.
626 3058 712 3093 Itaque
725 3057 804 3084 Plaut.
817 3058 895 3084 Most.
908 3066 931 3091 5,
944 3067 969 3091 2,
982 3067 998 3091 9
1017 3059 1057 3084 De
1116 3056 1258 3083 obliuione
1277 3057 1469 3089 eontriueram,
1493 3057 1551 3083 eius
1569 3058 1746 3092 repentinam,
1760 3065 1806 3085 etc.
1884 3061 2001 3094 Propert.
2021 3070 2046 3094 2,
2064 3071 2102 3094 33,
2122 3072 2155 3089 ao

28 3096 109 3114 coena
117 3088 188 3118 Facio
201 3093 312 3126 gratiam
319 3091 466 3129 fignificat,
483 3092 511 3118 de
526 3102 613 3124 coena,
624 3092 658 3118 ad
670 3102 741 3129 quam
755 3102 790 3119 me
800 3096 905 3127 inuitas,
918 3093 1058 3128 beneficium
1073 3102 1105 3129 80
1116 3094 1183 3119 Cum
1197 3092 1298 3119 Tiberi
1317 3098 1343 3119 et
1356 3092 1423 3119 Nilo
1435 3092 1520 3126 gratia
1531 3093 1603 3119 nulla
1611 3093 1678 3120 Fuit.
1701 3096 1720 3119 i.
1743 3095 1875 3133 Nunquam
1887 3097 2014 3155 Acigyptii
2030 3103 2054 3122 et
2065 3098 2153 3124 Roma-

26 3123 75 3150 tibi
89 3125 115 3162 1'32
128 3125 201 3153 animo
214 3137 263 3154 mco
275 3128 365 3164 facio,
377 3127 450 3164 fingo
457 3137 492 3154 me
505 3128 553 3154 tihi
565 3127 655 3154 debere.
690 3128 800 3162 Deinde,
813 3135 842 3155 vt
852 3128 899 3164 fit,
911 3130 989 3156 latius
997 3136 1058 3165 pro-
1115 3131 1144 3154 ni
1163 3128 1191 3163 fi·
1211 3131 1316 3154 inuicem
1335 3134 1487 3154 amnuerunt.
1559 3129 1650 3155 Gratia
1669 3134 1728 3155 ante
1740 3138 1829 3155 omma
1842 3129 1883 3155 Est
1897 3131 1917 3156 C
1930 3132 2068 3158 azomenio
2085 3132 2152 3160 vino

28 3158 101 3194 grqslt
121 3157 198 3187 dixere
215 3167 286 3189 etiam
308 3164 403 3190 Facere
422 3164 533 3198 gratiam
551 3163 722 3190 iurisiurandi
745 3165 828 3190 Plaut.
847 3165 914 3191 Rud.
932 3174 955 3198 5,
974 3174 997 3197 3,
1016 3173 1056 3198 59.
1116 3164 1183 3190 Ρ1111.
1199 3172 1238 3197 14,
1252 3171 1292 3198 71.
1348 3163 1486 3190 SolidaEst
1499 3163 1567 3190 mihi
1579 3165 1662 3198 gratia
1675 3170 1761 3191 tecum
1781 3163 1861 3190 Ouid.
1876 3165 1938 3191 Met.
1953 3175 1986 3197 12,
2000 3169 2057 3201 576.
2110 3168 2152 3195 Est

29 3195 125 3232 Facere
137 3196 239 3226 gratiam
252 3199 343 3225 delicti
357 3200 418 3225 Liu.
432 3208 454 3232 3,
470 3202 501 3232 56
513 3207 554 3234 pr.
589 3199 664 3226 Cort.
677 3199 708 3227 ad
722 3199 780 3226 Sall.
795 3201 852 3234 lug.
868 3208 905 3233 52,
919 3205 941 3230 8.
976 3201 1055 3227 Ferre
1114 3200 1215 3234 gratia,
1232 3206 1279 3236 pro
1291 3200 1348 3235 Ago
1359 3203 1458 3235 gratias
1478 3200 1559 3226 Plaut.
1573 3201 1644 3226 Men.
1659 3209 1681 3231 2,
1697 3208 1717 3231 3,
1732 3202 1769 3231 36.
1840 3201 1869 3226 In
1883 3202 2013 3228 memoria
2026 3208 2052 3229 et
2065 3211 2151 3230 remu-

27 3228 107 3268 alicm
120 3227 201 3262 legem
212 3229 256 3265 p'er
269 3234 378 3268 gratiam
392 3235 448 3261 Cic.
462 3244 510 3269 pro
524 3235 611 3261 Domo
626 3241 660 3264 81.
731 3236 831 3268 Gratia,
844 3245 910 3270 quae
924 3235 996 3262 tarda
1010 3236 1055 3268 est,
1115 3235 1252 3262 neratione
1269 3233 1420 3261 officiorum
1434 3240 1460 3261 et
1473 3234 1606 3262 honorum
1623 3243 1647 3261 et
1665 3235 1842 3262 amicitiarum
1857 3235 2050 3264 obseruantiam
2060 3238 2152 3266 Tenet

28 3268 130 3297 nigrat&
148 3263 196 3303 essf
223 3269 301 3299 gratia
320 3279 447 3304 namque,
467 3271 535 3297 Dum
552 3271 623 3297 Fieri
638 3277 769 3305 properat,
781 3271 864 3306 gratia
881 3277 954 3305 grata
973 3272 1055 3305 magis
1073 3279 1102 3309 85
1116 3271 1201 3306 gratia
1215 3271 1269 3298 Cic.
1281 3270 1313 3297 de
1326 3272 1428 3297 Inuent.
1440 3279 1465 3302 2,
1480 3273 1522 3296 66.
1592 3271 1702 3297 Tenere
1719 3271 1829 3304 gratiam
1843 3271 1954 3298 alicuius
1976 3274 2044 3300 Suet.
2058 3274 2087 3300 in
2099 3275 2150 3301 Au-

30 3299 126 3325 ΑΠΓΟΠ-
139 3298 224 3332 Eplgl'·
237 3306 269 3330 81.
337 3306 485 3332 Gratificari
503 3307 614 3340 gratiam
631 3306 691 3332 Sall.
706 3306 737 3332 de
750 3307 815 3334 Ord.
829 3308 894 3341 Rep.
913 3315 931 3332 1.
1002 3308 1055 3333 Ha·
1115 3306 1180 3341 gust.
1196 3315 1218 3334 c.
1233 3315 1265 3338 13.
1337 3307 1448 3333 Tenere
1461 3305 1592 3337 Caesaris,
1606 3312 1632 3332 et
1645 3305 1753 3340 Pompei
1767 3307 1887 3340 gratiam,
1901 3314 1946 3334 etc.
1962 3311 1980 3335 i.
1998 3308 2047 3342 Este
2058 3313 2150 3346 ingra-

27 3334 91 3361 bere
105 3334 214 3373 gratiam
228 3334 258 3367 est
271 3336 424 3375 beneficium
437 3345 464 3368 in
478 3345 559 3368 animo
571 3344 670 3368 memori
682 3342 775 3369 habere.
811 3343 868 3369 Cic.
883 3350 931 3375 pro
944 3341 1026 3369 Balbo
1039 3351 1056 3369 2
1113 3345 1151 3369 tia
1171 3342 1226 3369 Cic.
1245 3343 1282 3375 Q
1292 3342 1360 3368 Frat.
1381 3351 1404 3372 2,
1426 3351 1463 3375 14.
1536 3341 1650 3367 Tollere
1667 3341 1826 3368 beneficium
1847 3348 1872 3368 et
1892 3344 2001 3376 gratiam
2026 3344 2099 3371 Idem
2117 3346 2150 3372 de

28 3371 74 3396 Me
87 3369 225 3409 mummia,
246 3379 291 3410 qui
301 3374 376 3401 amici
387 3376 488 3404 fuerint
502 3377 578 3404 saluti
592 3383 617 3404 et
630 3376 754 3411 dignitati
767 3387 856 3410 meae,
877 3378 893 3404 ss
909 3377 996 3404 minus
1014 3387 1055 3405 re-
1115 3378 1173 3404 Fin.
1189 3386 1211 3409 2,
1225 3386 1272 3409 117.
1344 3377 1434 3403 Tacit.
1452 3378 1518 3402 Ann.
1532 3385 1553 3408 3,
1568 3385 1595 3409 53
1631 3378 1662 3403 Et
1681 3386 1764 3411 quum
1780 3377 1850 3403 reete
1861 3378 1993 3405 saelorum
2012 3379 2059 3406 fibi
2080 3381 2150 3415 quis-

26 3405 133 3433 fereflda
146 3410 228 3437 gram
246 3405 386 3435 satisfacere
403 3413 535 3445 potuerim
544 3433 552 3445 ‚
572 3419 597 3440 at
616 3412 787 3448 praedicanda
804 3419 830 3440 et
842 3413 968 3440 Habenda
986 3420 1055 3440 certe
1116 3422 1167 3448 que
1180 3413 1291 3447 gratiam
1304 3412 1422 3444 trahant,
1442 3412 1519 3438 vnius
1533 3413 1700 3447 (principis)
1721 3412 1823 3438 inuidia
1835 3412 1868 3438 ab
1880 3414 2004 3441 omnibus
2022 3422 2150 3449 peccatur.

25 3441 86 3467 satis
99 3440 147 3466 else
158 3439 300 3479 faeiurum.
333 3443 449 3473 ponamus
465 3449 506 3475 hic
518 3456 568 3484 pro
579 3449 686 3481 Gratia,
704 3458 754 3476 rem
776 3449 845 3476 nobis
864 3448 1005 3484 optabilem,
1016 3449 1054 3475 be·
1066 3459 1102 3483 90
1115 3448 1255 3476 Tribuere
1272 3449 1383 3483 gratiam
1397 3447 1507 3474 alicuius
1519 3448 1558 3474 rei
1578 3448 1713 3474 inuentori
1732 3448 1787 3474 Cic.
1802 3446 1833 3473 de
1846 3448 1903 3474 Fin.
1917 3457 1943 3481 4,
1958 3458 1990 3481 13.
2061 3451 2151 3479 Tueri

25 3475 136 3512 ’ἰφθίμῃ
147 3496 154 3507 ⁷
168 3482 191 3501 ft
203 3476 253 3510 sua
267 3476 375 3511 Jvzgulis
386 3479 504 3513 formulis
521 3482 640 3515 conflabit
652 3484 787 3521 sententia.
821 3485 889 3512 Ter.
904 3485 967 3510 Eun.
986 3493 1014 3516 4,
1027 3487 1054 3517 6,
1115 3484 1272 3519 dignitatem
1291 3484 1375 3518 gratia
1392 3483 1464 3509 Idem
1479 3484 1532 3509 Att.
1547 3491 1567 3515 1,
1580 3490 1617 3517 17.
1689 3483 1783 3509 Valere
1802 3484 1886 3516 gratia
1903 3484 1969 3511 Plin.
1982 3485 2059 3519 Epist.
2075 3495 2097 3519 1,
2113 3493 2151 3522 17.

27 3520 55 3539 12
83 3512 112 3538 Et
127 3510 247 3538 Habetffl'
266 3516 292 3537 et
311 3512 438 3547 refertur,
454 3518 556 3552 Thais,
570 3529 584 3546 a
596 3528 655 3553 me,
674 3521 710 3547 ita
728 3520 767 3546 vti
784 3520 878 3547 merita
897 3529 936 3552 eS,
962 3519 1053 3554 gratia.
1108 3521 1230 3546 Multum
1252 3520 1345 3545 Valere
1367 3518 1436 3553 apud
1455 3518 1571 3553 aliquem
1593 3518 1676 3553 gratia
1702 3519 1770 3552 Nep.
1789 3526 1814 3550 9,
1832 3527 1858 3550 2,
1874 3527 1892 3545 1.
1977 3521 2054 3548 Velle
2071 3522 2150 3549 alicu-

2 3576 5 3586 1
32 3547 90 3573 Vid.
108 3547 235 3573 Donatus.
272 3581 289 3587 ..
305 3546 429 3575 Habenda
446 3551 495 3579 diis
514 3555 709 3582 immortalibus
728 3555 810 3589 gratia
829 3556 883 3582 Cic.
899 3556 926 3581 in
940 3555 1019 3581 Catil.
1035 3564 1054 3587 1,
1113 3555 1155 3581 ius
1173 3555 1284 3589 gratiam
1308 3555 1389 3581 Plaut.
1407 3555 1485 3581 Cure.
1507 3562 1529 3585 2,
1548 3563 1569 3586 3,
1590 3563 1626 3587 52.
1714 3554 1795 3579 Venit
1816 3556 1899 3587 gratia
1922 3564 2014 3590 magna
2036 3558 2150 3585 minimo

2 3587 4 3613 ἑ
28 3591 60 3609 ¹¹·
129 3582 257 3622 Habfffida
270 3589 304 3607 ¹¹5
319 3591 424 3616 quoque
437 3588 517 3618 gratia
529 3590 580 3623 est,
599 3599 646 3625 per
657 3600 723 3626 quos
743 3591 819 3618 labor
832 3591 910 3618 nobis
922 3590 1053 3617 detrafitus
1114 3590 1205 3617 labore
1231 3590 1311 3617 Ouid.
1327 3591 1417 3617 Amor.
1431 3599 1452 3622 3,
1466 3600 1492 3623 4,
1504 3591 1549 3623 46.
1716 3586 1736 3624 ff
1756 3598 1768 3620 3
1804 3590 1854 3624 Qi
1873 3590 1957 3624 gratia
1969 3593 2088 3625 alterius,
2106 3594 2150 3621 hoc

2 3634 16 3654 ,‘
27 3617 65 3644 ‘st
82 3617 212 3651 Qffistffil·
232 3626 254 3650 >¹2
271 3626 305 3643 ¹0·
377 3618 457 3646 Flam·
469 3622 546 3651 Merc.
560 3634 582 3658 5,
594 3635 618 3659 3,
637 3636 656 3661 4
679 3628 750 3653 Haec
765 3636 848 3662 quum
859 3627 961 3661 fugiant
973 3626 1053 3657 senes,
1068 3638 1100 3664 95
1108 3632 1213 3661 propter
1225 3628 1361 3652 amicitiam
1381 3632 1404 3651 et
1416 3634 1496 3652 amore
1513 3624 1582 3650 illius
1590 3623 1663 3659 facit
1681 3624 1791 3659 aliquid,
1810 3627 1834 3649 is
1848 3628 1921 3652 etiam
1933 3627 2007 3653 causa
2026 3628 2094 3655 illius
2103 3629 2149 3664 sa-

27 3659 57 3680 tu
77 3659 162 3679 tamen
182 3652 310 3679 senectuti
328 3653 438 3687 gratiam
457 3663 509 3683 non
525 3661 635 3688 Habeas,
706 3663 775 3689 Ter,
788 3664 852 3689 Εῃῃ,
870 3672 896 3695 4,
915 3664 941 3696 6,
962 3670 988 3687 η
1023 3661 1053 3687 Et
1113 3670 1180 3692 cere,
1193 3661 1261 3694 velle,
1275 3668 1319 3687 etc.
1333 3661 1435 3688 dicitur.
1471 3661 1540 3686 Hinc
1558 3666 1637 3686 ortum
1651 3657 1697 3691 est,
1709 3666 1738 3685 vt
1753 3659 1858 3692 Gratia,
1871 3659 1989 3689 Ablatiuo
2003 3664 2074 3698 casu,
2086 3664 2149 3690 idem

25 3688 159 3720 Habetur,
176 3694 201 3715 et
220 3689 334 3728 refertur
353 3698 367 3715 a
387 3698 429 3715 me
443 3690 528 3718 Thais
544 3695 610 3728 tibi,
630 3697 666 3724 ita
677 3703 706 3724 vt
725 3699 821 3724 merita
835 3707 861 3724 es
874 3698 965 3731 gratia.
1005 3696 1054 3724 Vbi
1105 3695 1248 3732 fignificet,
1259 3697 1324 3731 quod
1337 3696 1422 3732 causa,
1434 3699 1544 3726 ratione,
1557 3693 1684 3727 occafione.
1719 3694 1788 3721 Ter.
1801 3695 1881 3722 Andr.
1896 3705 1922 3729 2,
1935 3699 1959 3729 6,
1974 3707 1990 3724 2
2016 3699 2068 3725 Hic
2081 3707 2148 3725 nunc

25 3723 158 3756 Donatus,
179 3726 233 3758 Q'¹
249 3723 327 3750 habet
340 3724 407 3758 apud
421 3725 446 3750 se
460 3726 582 3761 gratiam,
598 3733 716 3760 nondum
735 3734 835 3760 retulit.
871 3732 987 3764 Retulit,
1004 3732 1052 3766 qui
1114 3740 1157 3757 me
1172 3731 1256 3757 credit
1269 3732 1385 3766 aliquam
1400 3731 1455 3758 fibi>
1466 3730 1596 3756 fallaciam
1609 3735 1731 3762 portare,
1752 3736 1778 3756 et
1797 3739 1828 3757 ea
1845 3740 1887 3758 me
1899 3731 1943 3759 hic
1962 3733 2080 3760 restitisse
2091 3741 2146 3767 gra-

27 3758 124 3786 destitit
139 3760 252 3786 Habere.
288 3760 402 3786 Multum
414 3769 477 3793 ergo
492 3760 533 3787 hic
546 3761 617 3797 dicit,
633 3773 658 3793 et
669 3767 781 3795 habetur
794 3769 878 3803 gratia
892 3774 916 3795 et
929 3767 1052 3795 refertur.
1115 3766 1161 3792 tia.
1202 3767 1251 3793 Vbi
1264 3767 1397 3797 Donatus,
1416 3766 1507 3792 Gratia
1520 3770 1619 3790 veteres
1633 3773 1681 3797 pro
1695 3765 1777 3792 Causa
1790 3766 1930 3800 ponebant.
2001 3768 2147 3794 Hominum

15 3795 114 3828 ·Q1em
130 3795 231 3821 sensum
252 3795 383 3822 transtulit
397 3796 530 3822 Sallustius
546 3797 573 3823 in
591 3798 688 3828 bellum
700 3804 884 3839 Iugurthinum
902 3813 923 3830 c.
939 3812 980 3830 110
1005 3803 1052 3829 Ar·
1062 3811 1109 3829 100
1116 3801 1199 3836 gratia
1212 3808 1345 3835 generatas
1363 3802 1456 3829 bestias
1470 3799 1590 3826 videmus
1611 3800 1667 3826 Cic.
1679 3800 1713 3827 de
1724 3801 1760 3827 N.
1774 3802 1806 3828 D.
1819 3811 1846 3835 2,
1859 3810 1898 3835 158
1915 3813 1935 3829 c.
1951 3806 1989 3834 63.
2060 3802 2146 3828 Huius

24 3838 83 3862 ma,
102 3831 239 3864 pecuniam
261 3831 347 3864 sume,
367 3837 454 3858 vtere:
489 3837 515 3858 et
534 3833 622 3867 quoad
638 3836 749 3870 vixeris,
770 3849 905 3874 nunquam
922 3839 1054 3866 redditam
1116 3836 1252 3863 accusandi
1264 3839 1348 3871 gratia
1360 3838 1446 3863 missus
1464 3836 1534 3869 Nep.
1549 3843 1574 3868 9,
1587 3843 1608 3867 3,
1622 3844 1643 3861 2.
1714 3836 1844 3864 Dolorum
1865 3837 2074 3872 effugiendorum
2093 3846 2148 3871 gra-

24 3864 77 3892 tibi
94 3866 203 3899 gratiam
221 3867 337 3901 putaris,
357 3868 457 3901 semper
474 3867 542 3901 apud
558 3877 601 3894 me
615 3867 713 3903 integra
725 3874 784 3901 erit.
821 3875 879 3901 Vid.
899 3880 1007 3902 HABEO
1030 3880 1055 3900 ct
1116 3872 1154 3899 tia
1167 3872 1222 3898 Cic.
1236 3871 1267 3898 de
1281 3873 1339 3899 Fin.
1355 3882 1374 3904 1,
1387 3881 1424 3905 39.
1496 3870 1568 3897 Idem
1580 3870 1612 3896 de
1626 3871 1661 3898 N.
1676 3871 1708 3897 D.
1728 3881 1750 3904 3,
1762 3875 1798 3908 67
1830 3873 1860 3900 Id
1879 3882 1908 3899 ea
1922 3871 2019 3905 gratia,
2039 3877 2067 3898 vt
2085 3873 2148 3898 dum

23 3909 80 3926 ''¹⁰'‘
93 3901 201 3928 Referre
220 3903 339 3936 gratiam.
376 3903 431 3929 Sen-
449 3903 482 3929 de
496 3903 584 3930 Benef·
603 3912 629 3935 2,
648 3913 677 3935 30
694 3907 744 3942 seq·
812 3910 919 3937 Habere
938 3911 1055 3945 aliquem
1116 3908 1171 3934 nati
1188 3907 1317 3941 diffipatos
1329 3915 1399 3934 artus
1418 3912 1530 3940 captaret
1551 3915 1656 3941 parens,
1675 3907 1730 3941 ipsa
1750 3908 1850 3935 interea
1868 3907 2006 3940 effigeret,
2019 3916 2048 3932 fx
2061 3908 2146 3932 Ennio.

25 3935 56 3962 in
73 3937 154 3971 gratia
179 3937 248 3964 Suet.
262 3938 362 3964 Domit.
383 3948 404 3964 c.
424 3947 454 3965 11.
546 3939 670 3966 Incessere
689 3942 797 3973 gratiam
810 3946 940 3979 Quinctil.
959 3954 981 3979 5,
1000 3953 1027 3980 7,
1040 3954 1055 3971 2
1116 3942 1212 3970 Probri
1229 3943 1313 3977 gratia
1333 3943 1392 3969 Sall.
1406 3941 1483 3968 Catil.
1498 3950 1535 3974 23,
1550 3951 1569 3969 1.
1638 3943 1729 3969 Gratia
1747 3953 1821 3975 mea,
1842 3943 1867 3969 h.
1881 3950 1900 3967 e.
1916 3942 1974 3967 Mea
1993 3941 2081 3976 σαψ,
2089 3948 2149 3976 pro-

22 3971 168 4007 exprobrare
178 3974 255 3999 alicui
268 3973 387 4009 fauorem
399 3975 511 4001 aliorum.
582 3975 650 4001 Ter.
665 3975 728 4002 Eun.
743 3986 763 4009 3,
777 3987 800 4011 ς,
813 3988 829 4011 9
859 3981 946 4008 Adibo
955 4001 963 4013 ,
977 3987 1054 4015 atque
1065 3986 1171 4015 105ptcr
1183 3988 1227 4004 me.
1265 3978 1345 4005 Plaut.
1355 3977 1450 4039 §mh
1465 3986 1484 4010 1,
1499 3986 1517 4010 1,
1529 3979 1560 4010 64
1585 3977 1656 4006 Nam
1673 3978 1701 4005 id
1721 3979 1849 4013 flagitium
1863 3984 1951 4002 meum
1964 3975 2008 4007 fit,
2021 3984 2077 4002 mea
2091 3984 2147 4016 gr?-

160 4014 179 4033 v
190 4015 208 4034 o
217 4015 244 4035 L.
280 4010 313 4035 II.
1311 4022 1323 4046 ς
2112 4018 2149 4038 tia
