<?xml version="1.0" encoding="UTF-8"?>
<!DOCTYPE html PUBLIC "-//W3C//DTD XHTML 1.0 Transitional//EN"
    "http://www.w3.org/TR/xhtml1/DTD/xhtml1-transitional.dtd">
<html xmlns="http://www.w3.org/1999/xhtml" xml:lang="en" lang="en">
 <head>
  <title>
</title>
<meta http-equiv="Content-Type" content="text/html;charset=utf-8" />
  <meta name='ocr-system' content='tesseract 3.04.00' />
  <meta name='ocr-capabilities' content='ocr_page ocr_carea ocr_par ocr_line ocrx_word'/>
</head>
<body>
  <div class='ocr_page' id='page_1' title='image "./novuslinguaeeter02gesn_0284.png"; bbox 0 0 2479 4225; ppageno 0'>
   <div class='ocr_carea' id='block_1_1' title="bbox 289 148 2433 213">
    <p class='ocr_par' dir='ltr' id='par_1_1' title="bbox 289 148 2433 213">
     <span class='ocr_line' id='line_1_1' title="bbox 289 148 2433 213; baseline -0.003 -1"><span class='ocrx_word' id='word_1_1' title='bbox 289 173 357 213; x_wconf 81' lang='lat'>539</span> <span class='ocrx_word' id='word_1_2' title='bbox 689 155 724 197; x_wconf 89' lang='lat' dir='ltr'><strong>E</strong></span> <span class='ocrx_word' id='word_1_3' title='bbox 799 154 837 195; x_wconf 86' lang='lat' dir='ltr'>X</span> <span class='ocrx_word' id='word_1_4' title='bbox 913 152 977 208; x_wconf 67' lang='lat' dir='ltr'>Q</span> <span class='ocrx_word' id='word_1_5' title='bbox 1766 148 1822 189; x_wconf 41' lang='lat' dir='ltr'>E*</span> <span class='ocrx_word' id='word_1_6' title='bbox 1888 150 1925 190; x_wconf 80' lang='lat' dir='ltr'>X</span> <span class='ocrx_word' id='word_1_7' title='bbox 2012 151 2058 193; x_wconf 90' lang='lat' dir='ltr'>T</span> <span class='ocrx_word' id='word_1_8' title='bbox 2357 168 2433 208; x_wconf 81' lang='lat'>540</span> 
     </span>
    </p>
   </div>
   <div class='ocr_carea' id='block_1_2' title="bbox 2424 214 2430 228">
    <p class='ocr_par' dir='ltr' id='par_1_2' title="bbox 2424 214 2430 228">
     <span class='ocr_line' id='line_1_2' title="bbox 2424 214 2430 228; baseline 0 0"><span class='ocrx_word' id='word_1_9' title='bbox 2424 214 2430 228; x_wconf 96' lang='grc' dir='ltr'><em>Ι</em></span> 
     </span>
    </p>
   </div>
   <div class='ocr_carea' id='block_1_3' title="bbox 292 235 2479 458">
    <p class='ocr_par' dir='ltr' id='par_1_3' title="bbox 292 235 2479 458">
     <span class='ocr_line' id='line_1_3' title="bbox 292 235 2479 279; baseline 0.007 -21"><span class='ocrx_word' id='word_1_10' title='bbox 292 249 404 277; x_wconf 58' lang='lat' dir='ltr'><strong>alicuius</strong></span> <span class='ocrx_word' id='word_1_11' title='bbox 416 246 544 275; x_wconf 58' lang='lat' dir='ltr'>industria</span> <span class='ocrx_word' id='word_1_12' title='bbox 563 246 620 273; x_wconf 48' lang='lat' dir='ltr'>Cic·</span> <span class='ocrx_word' id='word_1_13' title='bbox 635 246 667 272; x_wconf 71' lang='lat' dir='ltr'>de</span> <span class='ocrx_word' id='word_1_14' title='bbox 682 245 752 272; x_wconf 49' lang='lat'>(3131.-</span> <span class='ocrx_word' id='word_1_15' title='bbox 768 246 842 271; x_wconf 59' lang='lat' dir='ltr'>Orat,</span> <span class='ocrx_word' id='word_1_16' title='bbox 858 248 894 266; x_wconf 84' lang='lat'>22.</span> <span class='ocrx_word' id='word_1_17' title='bbox 979 237 1097 279; x_wconf 39' lang='lat' dir='ltr'>&#39;Ep-ulae,</span> <span class='ocrx_word' id='word_1_18' title='bbox 1115 240 1134 265; x_wconf 87' lang='grc' dir='ltr'>ι’.</span> <span class='ocrx_word' id='word_1_19' title='bbox 1148 238 1246 278; x_wconf 59' lang='grc' dir='ltr'>μιωαε</span> <span class='ocrx_word' id='word_1_20' title='bbox 1263 235 1330 263; x_wconf 85' lang='lat' dir='ltr'>Plin.</span> <span class='ocrx_word' id='word_1_21' title='bbox 1393 245 1465 265; x_wconf 83' lang='lat' dir='ltr'>curo.</span> <span class='ocrx_word' id='word_1_22' title='bbox 1537 238 1592 266; x_wconf 89' lang='lat' dir='ltr'>Cic.</span> <span class='ocrx_word' id='word_1_23' title='bbox 1606 238 1682 266; x_wconf 89' lang='lat' dir='ltr'>Verr.</span> <span class='ocrx_word' id='word_1_24' title='bbox 1691 246 1711 278; x_wconf 55' lang='grc' dir='ltr'>ι,</span> <span class='ocrx_word' id='word_1_25' title='bbox 1717 243 1748 270; x_wconf 84' lang='lat'>98</span> <span class='ocrx_word' id='word_1_26' title='bbox 1766 238 1877 266; x_wconf 83' lang='lat' dir='ltr'>Perinde</span> <span class='ocrx_word' id='word_1_27' title='bbox 1889 239 1959 275; x_wconf 85' lang='lat' dir='ltr'>quasi</span> <span class='ocrx_word' id='word_1_28' title='bbox 1975 242 2141 270; x_wconf 79' lang='lat' dir='ltr'>exscribendi</span> <span class='ocrx_word' id='word_1_29' title='bbox 2155 242 2309 278; x_wconf 80' lang='lat' dir='ltr'>potestatem</span> <span class='ocrx_word' id='word_1_30' title='bbox 2321 252 2375 271; x_wconf 86' lang='lat' dir='ltr'>non</span> <span class='ocrx_word' id='word_1_31' title='bbox 2388 245 2432 274; x_wconf 82' lang='lat' dir='ltr'>ha·</span> <span class='ocrx_word' id='word_1_32' title='bbox 2475 241 2479 277; x_wconf 79' lang='grc' dir='ltr'>Ι</span> 
     </span>
     <span class='ocr_line' id='line_1_4' title="bbox 295 272 2479 319; baseline 0 -11"><span class='ocrx_word' id='word_1_33' title='bbox 295 294 322 319; x_wconf 80' lang='lat'>9,</span> <span class='ocrx_word' id='word_1_34' title='bbox 338 293 373 317; x_wconf 80' lang='lat'>33.</span> <span class='ocrx_word' id='word_1_35' title='bbox 468 283 566 318; x_wconf 87' lang='lat' dir='ltr'>Fulgor</span> <span class='ocrx_word' id='word_1_36' title='bbox 581 282 654 309; x_wconf 84' lang='lat' dir='ltr'>Idem</span> <span class='ocrx_word' id='word_1_37' title='bbox 667 290 703 314; x_wconf 78' lang='lat'>33,</span> <span class='ocrx_word' id='word_1_38' title='bbox 717 290 736 307; x_wconf 90' lang='lat'>1.</span> <span class='ocrx_word' id='word_1_39' title='bbox 807 278 892 303; x_wconf 88' lang='lat' dir='ltr'>Genus</span> <span class='ocrx_word' id='word_1_40' title='bbox 905 273 1059 309; x_wconf 87' lang='lat' dir='ltr'>exquisitius</span> <span class='ocrx_word' id='word_1_41' title='bbox 1075 280 1100 300; x_wconf 85' lang='lat' dir='ltr'>et</span> <span class='ocrx_word' id='word_1_42' title='bbox 1118 281 1229 299; x_wconf 85' lang='lat' dir='ltr'>mininie</span> <span class='ocrx_word' id='word_1_43' title='bbox 1240 272 1331 306; x_wconf 83' lang='lat' dir='ltr'>vulga·</span> <span class='ocrx_word' id='word_1_44' title='bbox 1391 272 1475 300; x_wconf 83' lang='lat' dir='ltr'>beret.</span> <span class='ocrx_word' id='word_1_45' title='bbox 1545 275 1602 307; x_wconf 83' lang='lat' dir='ltr'>Sic,</span> <span class='ocrx_word' id='word_1_46' title='bbox 1626 274 1778 300; x_wconf 82' lang='lat' dir='ltr'>Exscribere</span> <span class='ocrx_word' id='word_1_47' title='bbox 1791 274 1891 301; x_wconf 87' lang='lat' dir='ltr'>tabulas</span> <span class='ocrx_word' id='word_1_48' title='bbox 1906 276 1961 303; x_wconf 89' lang='lat' dir='ltr'>Cic.</span> <span class='ocrx_word' id='word_1_49' title='bbox 1976 278 2051 305; x_wconf 89' lang='lat' dir='ltr'>Verr.</span> <span class='ocrx_word' id='word_1_50' title='bbox 2066 287 2090 310; x_wconf 80' lang='lat'>2,</span> <span class='ocrx_word' id='word_1_51' title='bbox 2106 282 2153 311; x_wconf 87' lang='lat'>169</span> <span class='ocrx_word' id='word_1_52' title='bbox 2164 288 2186 305; x_wconf 93' lang='lat' dir='ltr'>c.</span> <span class='ocrx_word' id='word_1_53' title='bbox 2201 287 2246 314; x_wconf 86' lang='lat'>77.</span> <span class='ocrx_word' id='word_1_54' title='bbox 2351 280 2432 309; x_wconf 81' lang='lat' dir='ltr'>Plaut.</span> <span class='ocrx_word' id='word_1_55' title='bbox 2471 290 2479 318; x_wconf 74' lang='lat'>4</span> 
     </span>
     <span class='ocr_line' id='line_1_5' title="bbox 295 308 2479 352; baseline 0.003 -18"><span class='ocrx_word' id='word_1_56' title='bbox 295 330 324 348; x_wconf 64' lang='lat' dir='ltr'>re</span> <span class='ocrx_word' id='word_1_57' title='bbox 337 318 466 346; x_wconf 61' lang='lat' dir='ltr'>oratioffis</span> <span class='ocrx_word' id='word_1_58' title='bbox 485 319 540 345; x_wconf 46' lang='lat' dir='ltr'>Cic·</span> <span class='ocrx_word' id='word_1_59' title='bbox 554 318 585 344; x_wconf 70' lang='lat' dir='ltr'>de</span> <span class='ocrx_word' id='word_1_60' title='bbox 598 317 667 344; x_wconf 55' lang='lat' dir='ltr'>Clas,</span> <span class='ocrx_word' id='word_1_61' title='bbox 680 318 754 343; x_wconf 71' lang='lat' dir='ltr'>Orat,</span> <span class='ocrx_word' id='word_1_62' title='bbox 765 321 807 346; x_wconf 81' lang='lat'>32¹</span> <span class='ocrx_word' id='word_1_63' title='bbox 820 318 894 350; x_wconf 62' lang='lat'><strong>⁶293·</strong></span> <span class='ocrx_word' id='word_1_64' title='bbox 982 344 987 350; x_wconf 39' lang='grc' dir='ltr'>ι</span> <span class='ocrx_word' id='word_1_65' title='bbox 999 309 1107 349; x_wconf 76' lang='lat' dir='ltr'>Ingenia</span> <span class='ocrx_word' id='word_1_66' title='bbox 1128 316 1270 349; x_wconf 73' lang='lat' dir='ltr'>coenarum</span> <span class='ocrx_word' id='word_1_67' title='bbox 1284 316 1330 333; x_wconf 84' lang='lat' dir='ltr'>ex·</span> <span class='ocrx_word' id='word_1_68' title='bbox 1392 308 1460 335; x_wconf 86' lang='lat' dir='ltr'>Rud.</span> <span class='ocrx_word' id='word_1_69' title='bbox 1474 309 1543 336; x_wconf 86' lang='lat' dir='ltr'>Prol.</span> <span class='ocrx_word' id='word_1_70' title='bbox 1558 318 1583 343; x_wconf 86' lang='grc' dir='ltr'>ι5</span> <span class='ocrx_word' id='word_1_71' title='bbox 1604 310 1701 337; x_wconf 84' lang='lat' dir='ltr'>Eorum</span> <span class='ocrx_word' id='word_1_72' title='bbox 1714 310 1856 336; x_wconf 80' lang='lat' dir='ltr'>referimus</span> <span class='ocrx_word' id='word_1_73' title='bbox 1867 312 1976 338; x_wconf 89' lang='lat' dir='ltr'>nomina</span> <span class='ocrx_word' id='word_1_74' title='bbox 1989 314 2115 348; x_wconf 84' lang='lat' dir='ltr'>exscripta</span> <span class='ocrx_word' id='word_1_75' title='bbox 2129 313 2158 340; x_wconf 83' lang='lat' dir='ltr'>ad</span> <span class='ocrx_word' id='word_1_76' title='bbox 2174 315 2277 341; x_wconf 88' lang='lat' dir='ltr'>Iouem.</span> <span class='ocrx_word' id='word_1_77' title='bbox 2295 318 2314 341; x_wconf 86' lang='lat' dir='ltr'>i.</span> <span class='ocrx_word' id='word_1_78' title='bbox 2328 314 2433 352; x_wconf 82' lang='lat' dir='ltr'>diligen·</span> <span class='ocrx_word' id='word_1_79' title='bbox 2472 326 2479 346; x_wconf 89' lang='lat' dir='ltr'>l</span> 
     </span>
     <span class='ocr_line' id='line_1_6' title="bbox 297 343 2479 391; baseline 0.006 -26"><span class='ocrx_word' id='word_1_80' title='bbox 297 354 391 390; x_wconf 59' lang='lat' dir='ltr'>quisita</span> <span class='ocrx_word' id='word_1_81' title='bbox 413 354 478 381; x_wconf 51' lang='lat' dir='ltr'>pun·</span> <span class='ocrx_word' id='word_1_82' title='bbox 493 354 521 380; x_wconf 71' lang='lat' dir='ltr'>in</span> <span class='ocrx_word' id='word_1_83' title='bbox 535 354 627 387; x_wconf 44' lang='lat' dir='ltr'>paneg.</span> <span class='ocrx_word' id='word_1_84' title='bbox 643 362 664 378; x_wconf 53' lang='lat' dir='ltr'>c·</span> <span class='ocrx_word' id='word_1_85' title='bbox 678 359 722 384; x_wconf 59' lang='lat'>49,</span> <span class='ocrx_word' id='word_1_86' title='bbox 791 346 894 385; x_wconf 77' lang='lat' dir='ltr'>Iudicio</span> <span class='ocrx_word' id='word_1_87' title='bbox 909 344 1039 385; x_wconf 75' lang='lat' dir='ltr'>exquisito</span> <span class='ocrx_word' id='word_1_88' title='bbox 1051 353 1095 371; x_wconf 80' lang='lat' dir='ltr'>Vir</span> <span class='ocrx_word' id='word_1_89' title='bbox 1115 343 1231 384; x_wconf 71' lang='lat' dir='ltr'>Cic.Qffi</span> <span class='ocrx_word' id='word_1_90' title='bbox 1248 352 1268 375; x_wconf 88' lang='lat'>1,</span> <span class='ocrx_word' id='word_1_91' title='bbox 1281 351 1329 383; x_wconf 63' lang='lat'>133.</span> <span class='ocrx_word' id='word_1_92' title='bbox 1391 344 1585 380; x_wconf 77' lang='lat' dir='ltr'>terperfiripta.</span> <span class='ocrx_word' id='word_1_93' title='bbox 1664 345 1786 381; x_wconf 80' lang='lat' dir='ltr'>Etpaullo</span> <span class='ocrx_word' id='word_1_94' title='bbox 1796 343 1868 380; x_wconf 80' lang='lat' dir='ltr'>post,</span> <span class='ocrx_word' id='word_1_95' title='bbox 1887 347 1972 374; x_wconf 83' lang='lat' dir='ltr'>Bonos</span> <span class='ocrx_word' id='word_1_96' title='bbox 1984 348 2013 374; x_wconf 87' lang='lat' dir='ltr'>in</span> <span class='ocrx_word' id='word_1_97' title='bbox 2031 349 2091 377; x_wconf 70' lang='lat' dir='ltr'>aliis</span> <span class='ocrx_word' id='word_1_98' title='bbox 2110 348 2207 375; x_wconf 81' lang='lat' dir='ltr'>tabulis</span> <span class='ocrx_word' id='word_1_99' title='bbox 2227 350 2373 385; x_wconf 84' lang='lat' dir='ltr'>exscriptos</span> <span class='ocrx_word' id='word_1_100' title='bbox 2389 349 2434 379; x_wconf 72' lang='lat' dir='ltr'>ha-</span> <span class='ocrx_word' id='word_1_101' title='bbox 2464 351 2479 391; x_wconf 50' lang='lat' dir='ltr'>d</span> 
     </span>
     <span class='ocr_line' id='line_1_7' title="bbox 295 378 2479 422; baseline 0.001 -12"><span class='ocrx_word' id='word_1_102' title='bbox 295 391 402 417; x_wconf 62' lang='lat' dir='ltr'>Lim-ae</span> <span class='ocrx_word' id='word_1_103' title='bbox 422 390 532 419; x_wconf 66' lang='lat' dir='ltr'>alicuius</span> <span class='ocrx_word' id='word_1_104' title='bbox 552 389 664 418; x_wconf 79' lang='lat' dir='ltr'>multae,</span> <span class='ocrx_word' id='word_1_105' title='bbox 682 391 707 411; x_wconf 89' lang='lat' dir='ltr'>et</span> <span class='ocrx_word' id='word_1_106' title='bbox 727 384 774 410; x_wconf 88' lang='lat' dir='ltr'>hae</span> <span class='ocrx_word' id='word_1_107' title='bbox 786 380 894 415; x_wconf 89' lang='lat' dir='ltr'>quidem</span> <span class='ocrx_word' id='word_1_108' title='bbox 907 380 1057 407; x_wconf 87' lang='lat' dir='ltr'>reconditae</span> <span class='ocrx_word' id='word_1_109' title='bbox 1072 386 1097 406; x_wconf 87' lang='lat' dir='ltr'>et</span> <span class='ocrx_word' id='word_1_110' title='bbox 1110 378 1253 414; x_wconf 81' lang='lat' dir='ltr'>exqmfitae</span> <span class='ocrx_word' id='word_1_111' title='bbox 1272 380 1329 405; x_wconf 84' lang='lat' dir='ltr'>Cic.</span> <span class='ocrx_word' id='word_1_112' title='bbox 1352 383 1366 411; x_wconf 82' lang='grc'><strong><em>5</em></strong></span> <span class='ocrx_word' id='word_1_113' title='bbox 1392 378 1446 406; x_wconf 89' lang='lat' dir='ltr'>bet.</span> <span class='ocrx_word' id='word_1_114' title='bbox 1511 381 1649 410; x_wconf 78' lang='lat' dir='ltr'>,ColumeL</span> <span class='ocrx_word' id='word_1_115' title='bbox 1668 389 1702 419; x_wconf 79' lang='grc' dir='ltr'>ι2,</span> <span class='ocrx_word' id='word_1_116' title='bbox 1717 389 1740 413; x_wconf 83' lang='lat'>3,</span> <span class='ocrx_word' id='word_1_117' title='bbox 1753 389 1771 413; x_wconf 84' lang='lat'><strong>4</strong></span> <span class='ocrx_word' id='word_1_118' title='bbox 1791 382 1967 409; x_wconf 83' lang='lat' dir='ltr'>Annumerata</span> <span class='ocrx_word' id='word_1_119' title='bbox 1975 391 2062 419; x_wconf 69' lang='lat' dir='ltr'>promo</span> <span class='ocrx_word' id='word_1_120' title='bbox 2078 384 2267 418; x_wconf 68' lang='lat' dir='ltr'>exscripsimus.</span> <span class='ocrx_word' id='word_1_121' title='bbox 2288 388 2306 412; x_wconf 85' lang='lat' dir='ltr'>i.</span> <span class='ocrx_word' id='word_1_122' title='bbox 2320 392 2434 414; x_wconf 80' lang='lat' dir='ltr'>accurate</span> <span class='ocrx_word' id='word_1_123' title='bbox 2460 396 2479 422; x_wconf 52' lang='grc' dir='ltr'>’μ</span> 
     </span>
     <span class='ocr_line' id='line_1_8' title="bbox 296 414 2479 458; baseline -0.001 -7"><span class='ocrx_word' id='word_1_124' title='bbox 296 425 329 453; x_wconf 89' lang='lat' dir='ltr'>de</span> <span class='ocrx_word' id='word_1_125' title='bbox 343 425 413 452; x_wconf 89' lang='lat' dir='ltr'>Clar.</span> <span class='ocrx_word' id='word_1_126' title='bbox 427 426 501 452; x_wconf 85' lang='lat' dir='ltr'>Orat.</span> <span class='ocrx_word' id='word_1_127' title='bbox 515 432 568 458; x_wconf 78' lang='grc'><strong><em>252.</em></strong></span> <span class='ocrx_word' id='word_1_128' title='bbox 658 417 776 453; x_wconf 84' lang='lat' dir='ltr'>Magistri</span> <span class='ocrx_word' id='word_1_129' title='bbox 795 415 868 442; x_wconf 85' lang='lat' dir='ltr'>Idem</span> <span class='ocrx_word' id='word_1_130' title='bbox 887 414 1002 442; x_wconf 84' lang='lat' dir='ltr'>deClar.</span> <span class='ocrx_word' id='word_1_131' title='bbox 1015 416 1089 442; x_wconf 90' lang='lat' dir='ltr'>Orat.</span> <span class='ocrx_word' id='word_1_132' title='bbox 1106 423 1161 448; x_wconf 87' lang='lat'>104.</span> <span class='ocrx_word' id='word_1_133' title='bbox 1252 414 1331 441; x_wconf 86' lang='lat' dir='ltr'>Mun·</span> <span class='ocrx_word' id='word_1_134' title='bbox 1393 416 1421 440; x_wconf 80' lang='lat' dir='ltr'>in</span> <span class='ocrx_word' id='word_1_135' title='bbox 1432 420 1608 455; x_wconf 31' lang='lat' dir='ltr'>commentario·</span> <span class='ocrx_word' id='word_1_136' title='bbox 1609 416 1762 452; x_wconf 73' lang='lat' dir='ltr'>scripsimus.</span> <span class='ocrx_word' id='word_1_137' title='bbox 1814 416 1967 444; x_wconf 82' lang='lat' dir='ltr'>Exscribere</span> <span class='ocrx_word' id='word_1_138' title='bbox 1981 425 2079 453; x_wconf 86' lang='lat' dir='ltr'>patrem</span> <span class='ocrx_word' id='word_1_139' title='bbox 2093 419 2265 446; x_wconf 69' lang='lat' dir='ltr'>similitudine</span> <span class='ocrx_word' id='word_1_140' title='bbox 2283 421 2434 455; x_wconf 77' lang='lat' dir='ltr'>Plin.Epist.</span> <span class='ocrx_word' id='word_1_141' title='bbox 2464 424 2479 457; x_wconf 57' lang='lat' dir='ltr'>‚q</span> 
     </span>
    </p>
   </div>
   <div class='ocr_carea' id='block_1_4' title="bbox 297 449 2461 524">
    <p class='ocr_par' dir='ltr' id='par_1_4' title="bbox 297 449 2461 524">
     <span class='ocr_line' id='line_1_9' title="bbox 297 449 2434 491; baseline 0.003 -13"><span class='ocrx_word' id='word_1_142' title='bbox 297 461 362 488; x_wconf 83' lang='lat' dir='ltr'>ditia</span> <span class='ocrx_word' id='word_1_143' title='bbox 375 469 429 487; x_wconf 71' lang='lat' dir='ltr'>non</span> <span class='ocrx_word' id='word_1_144' title='bbox 440 460 532 487; x_wconf 68' lang='lat' dir='ltr'>odiosa</span> <span class='ocrx_word' id='word_1_145' title='bbox 541 478 548 489; x_wconf 81' lang='lat'><strong><em>‚</em></strong></span> <span class='ocrx_word' id='word_1_146' title='bbox 567 464 649 490; x_wconf 88' lang='lat' dir='ltr'>neque</span> <span class='ocrx_word' id='word_1_147' title='bbox 663 452 787 487; x_wconf 86' lang='lat' dir='ltr'>exquisita</span> <span class='ocrx_word' id='word_1_148' title='bbox 799 450 899 491; x_wconf 64' lang='lat' dir='ltr'>nimis,</span> <span class='ocrx_word' id='word_1_149' title='bbox 913 450 1062 491; x_wconf 76' lang='lat' dir='ltr'>adhibenda</span> <span class='ocrx_word' id='word_1_150' title='bbox 1075 450 1110 477; x_wconf 87' lang='lat' dir='ltr'>est</span> <span class='ocrx_word' id='word_1_151' title='bbox 1127 450 1183 477; x_wconf 85' lang='lat' dir='ltr'>Cic.</span> <span class='ocrx_word' id='word_1_152' title='bbox 1190 449 1242 476; x_wconf 84' lang='lat' dir='ltr'>Off.</span> <span class='ocrx_word' id='word_1_153' title='bbox 1252 458 1271 481; x_wconf 80' lang='grc' dir='ltr'>ι,</span> <span class='ocrx_word' id='word_1_154' title='bbox 1280 457 1333 481; x_wconf 80' lang='lat'>130.</span> <span class='ocrx_word' id='word_1_155' title='bbox 1394 457 1418 482; x_wconf 80' lang='grc' dir='ltr'>ς,</span> <span class='ocrx_word' id='word_1_156' title='bbox 1432 451 1470 482; x_wconf 89' lang='lat'>16,</span> <span class='ocrx_word' id='word_1_157' title='bbox 1482 458 1507 482; x_wconf 89' lang='lat'>9.</span> <span class='ocrx_word' id='word_1_158' title='bbox 1527 454 1546 478; x_wconf 86' lang='lat' dir='ltr'>i.</span> <span class='ocrx_word' id='word_1_159' title='bbox 1560 450 1696 488; x_wconf 77' lang='lat' dir='ltr'>Effingere,</span> <span class='ocrx_word' id='word_1_160' title='bbox 1711 459 1734 478; x_wconf 82' lang='lat' dir='ltr'>et</span> <span class='ocrx_word' id='word_1_161' title='bbox 1746 454 1830 478; x_wconf 72' lang='lat' dir='ltr'>viuum</span> <span class='ocrx_word' id='word_1_162' title='bbox 1842 455 1928 486; x_wconf 82' lang='lat' dir='ltr'>patris</span> <span class='ocrx_word' id='word_1_163' title='bbox 1940 451 2043 490; x_wconf 79' lang='lat' dir='ltr'>effigiem</span> <span class='ocrx_word' id='word_1_164' title='bbox 2054 455 2161 482; x_wconf 67' lang='lat' dir='ltr'>reddere.</span> <span class='ocrx_word' id='word_1_165' title='bbox 2198 455 2288 482; x_wconf 80' lang='lat' dir='ltr'>Sidon.</span> <span class='ocrx_word' id='word_1_166' title='bbox 2301 463 2361 491; x_wconf 83' lang='lat'>7,13</span> <span class='ocrx_word' id='word_1_167' title='bbox 2374 457 2434 484; x_wconf 79' lang='lat' dir='ltr'>To-</span> 
     </span>
     <span class='ocr_line' id='line_1_10' title="bbox 297 484 2461 524; baseline 0.004 -14"><span class='ocrx_word' id='word_1_168' title='bbox 297 496 424 524; x_wconf 61' lang='lat' dir='ltr'>Rationes</span> <span class='ocrx_word' id='word_1_169' title='bbox 444 495 515 522; x_wconf 62' lang='lat' dir='ltr'>Idem</span> <span class='ocrx_word' id='word_1_170' title='bbox 529 494 559 520; x_wconf 72' lang='lat' dir='ltr'>de</span> <span class='ocrx_word' id='word_1_171' title='bbox 574 493 630 518; x_wconf 72' lang='lat' dir='ltr'>an.</span> <span class='ocrx_word' id='word_1_172' title='bbox 646 498 664 521; x_wconf 88' lang='lat' dir='ltr'>i,</span> <span class='ocrx_word' id='word_1_173' title='bbox 676 497 714 520; x_wconf 83' lang='lat'>30.</span> <span class='ocrx_word' id='word_1_174' title='bbox 784 487 916 513; x_wconf 81' lang='lat' dir='ltr'>Sententia</span> <span class='ocrx_word' id='word_1_175' title='bbox 929 487 1019 513; x_wconf 84' lang='lat' dir='ltr'>Tacit.</span> <span class='ocrx_word' id='word_1_176' title='bbox 1032 488 1099 512; x_wconf 82' lang='lat' dir='ltr'>Ann.</span> <span class='ocrx_word' id='word_1_177' title='bbox 1113 495 1154 517; x_wconf 84' lang='lat'>12,</span> <span class='ocrx_word' id='word_1_178' title='bbox 1165 494 1201 518; x_wconf 83' lang='lat'>23.</span> <span class='ocrx_word' id='word_1_179' title='bbox 1272 484 1333 510; x_wconf 84' lang='lat' dir='ltr'>Sen-</span> <span class='ocrx_word' id='word_1_180' title='bbox 1395 490 1449 511; x_wconf 87' lang='lat' dir='ltr'>tam</span> <span class='ocrx_word' id='word_1_181' title='bbox 1474 491 1544 512; x_wconf 87' lang='lat' dir='ltr'>tuam</span> <span class='ocrx_word' id='word_1_182' title='bbox 1563 487 1776 521; x_wconf 80' lang='lat' dir='ltr'>temperantiam,</span> <span class='ocrx_word' id='word_1_183' title='bbox 1799 487 1959 522; x_wconf 80' lang='lat' dir='ltr'>religionem</span> <span class='ocrx_word' id='word_1_184' title='bbox 1993 504 2037 510; x_wconf 94' lang='lat'><strong>—</strong></span> <span class='ocrx_word' id='word_1_185' title='bbox 2073 490 2186 517; x_wconf 90' lang='lat' dir='ltr'>iucunda</span> <span class='ocrx_word' id='word_1_186' title='bbox 2205 491 2380 518; x_wconf 88' lang='lat' dir='ltr'>similitudine</span> <span class='ocrx_word' id='word_1_187' title='bbox 2390 500 2434 519; x_wconf 78' lang='lat' dir='ltr'>ex-</span> <span class='ocrx_word' id='word_1_188' title='bbox 2460 497 2461 505; x_wconf 68' lang='lat'>¹</span> 
     </span>
    </p>
   </div>
   <div class='ocr_carea' id='block_1_5' title="bbox 2411 453 2479 3857">
    <p class='ocr_par' dir='ltr' id='par_1_5' title="bbox 2411 453 2479 3857">
     <span class='ocr_line' id='line_1_11' title="bbox 2454 453 2479 539; baseline 0 -26"><span class='ocrx_word' id='word_1_189' title='bbox 2454 453 2479 539; x_wconf 95' lang='lat' dir='ltr'>  </span> 
     </span>
     <span class='ocr_line' id='line_1_12' title="bbox 2454 539 2479 617; baseline 0 0"><span class='ocrx_word' id='word_1_190' title='bbox 2454 539 2479 617; x_wconf 95' lang='lat' dir='ltr'>  </span> 
     </span>
     <span class='ocr_line' id='line_1_13' title="bbox 2454 617 2479 761; baseline 0 -124"><span class='ocrx_word' id='word_1_191' title='bbox 2454 617 2479 761; x_wconf 95' lang='lat' dir='ltr'>   </span> 
     </span>
     <span class='ocr_line' id='line_1_14' title="bbox 2455 761 2479 921; baseline 0 -104"><span class='ocrx_word' id='word_1_192' title='bbox 2455 761 2479 921; x_wconf 95' lang='lat' dir='ltr'>     </span> 
     </span>
     <span class='ocr_line' id='line_1_15' title="bbox 2455 921 2479 1024; baseline 0 -3"><span class='ocrx_word' id='word_1_193' title='bbox 2455 921 2479 1024; x_wconf 95' lang='lat' dir='ltr'>   </span> 
     </span>
     <span class='ocr_line' id='line_1_16' title="bbox 2456 1024 2479 1196; baseline 0 0"><span class='ocrx_word' id='word_1_194' title='bbox 2456 1024 2479 1196; x_wconf 95' lang='lat' dir='ltr'>  </span> 
     </span>
     <span class='ocr_line' id='line_1_17' title="bbox 2455 1196 2479 1346; baseline 0 -90"><span class='ocrx_word' id='word_1_195' title='bbox 2455 1196 2479 1346; x_wconf 95' lang='lat' dir='ltr'>   </span> 
     </span>
     <span class='ocr_line' id='line_1_18' title="bbox 2454 1346 2479 1485; baseline 0 0"><span class='ocrx_word' id='word_1_196' title='bbox 2454 1346 2479 1485; x_wconf 95' lang='lat' dir='ltr'>   </span> 
     </span>
     <span class='ocr_line' id='line_1_19' title="bbox 2454 1485 2479 1567; baseline 0 0"><span class='ocrx_word' id='word_1_197' title='bbox 2454 1485 2479 1567; x_wconf 95' lang='lat' dir='ltr'>  </span> 
     </span>
     <span class='ocr_line' id='line_1_20' title="bbox 2454 1567 2479 1679; baseline 0 0"><span class='ocrx_word' id='word_1_198' title='bbox 2454 1567 2479 1679; x_wconf 95' lang='lat' dir='ltr'>  </span> 
     </span>
     <span class='ocr_line' id='line_1_21' title="bbox 2454 1679 2479 1750; baseline 0 2475"><span class='ocrx_word' id='word_1_199' title='bbox 2454 1679 2479 1750; x_wconf 95' lang='lat' dir='ltr'> </span> 
     </span>
     <span class='ocr_line' id='line_1_22' title="bbox 2428 1750 2479 2115; baseline 0 -232"><span class='ocrx_word' id='word_1_200' title='bbox 2428 1750 2479 2115; x_wconf 95' lang='lat' dir='ltr'>    </span> 
     </span>
     <span class='ocr_line' id='line_1_23' title="bbox 2452 2316 2479 2429; baseline 0 0"><span class='ocrx_word' id='word_1_201' title='bbox 2452 2316 2479 2429; x_wconf 95' lang='lat' dir='ltr'>   </span> 
     </span>
     <span class='ocr_line' id='line_1_24' title="bbox 2452 2429 2479 2540; baseline 0 0"><span class='ocrx_word' id='word_1_202' title='bbox 2452 2429 2479 2540; x_wconf 95' lang='lat' dir='ltr'>    </span> 
     </span>
     <span class='ocr_line' id='line_1_25' title="bbox 2451 2540 2479 2626; baseline 0 0"><span class='ocrx_word' id='word_1_203' title='bbox 2451 2540 2479 2626; x_wconf 95' lang='lat' dir='ltr'>   </span> 
     </span>
     <span class='ocr_line' id='line_1_26' title="bbox 2429 2626 2479 2691; baseline 0 -5"><span class='ocrx_word' id='word_1_204' title='bbox 2429 2626 2479 2691; x_wconf 95' lang='lat' dir='ltr'>  </span> 
     </span>
     <span class='ocr_line' id='line_1_27' title="bbox 2411 2691 2479 2836; baseline 0 -72"><span class='ocrx_word' id='word_1_205' title='bbox 2411 2691 2479 2836; x_wconf 95' lang='lat' dir='ltr'>  </span> 
     </span>
     <span class='ocr_line' id='line_1_28' title="bbox 2422 2836 2479 3027; baseline 0 -124"><span class='ocrx_word' id='word_1_206' title='bbox 2422 2836 2479 3027; x_wconf 95' lang='lat' dir='ltr'>   </span> 
     </span>
     <span class='ocr_line' id='line_1_29' title="bbox 2443 3040 2479 3431; baseline 0 -323"><span class='ocrx_word' id='word_1_207' title='bbox 2443 3040 2479 3431; x_wconf 95' lang='lat' dir='ltr'>   </span> 
     </span>
     <span class='ocr_line' id='line_1_30' title="bbox 2443 3431 2479 3524; baseline 0 -89"><span class='ocrx_word' id='word_1_208' title='bbox 2443 3431 2449 3435; x_wconf 95' lang='lat' dir='ltr'> </span> <span class='ocrx_word' id='word_1_209' title='bbox 2452 3431 2479 3524; x_wconf 95' lang='lat' dir='ltr'>   </span> 
     </span>
     <span class='ocr_line' id='line_1_31' title="bbox 2446 3524 2479 3711; baseline 0 -135"><span class='ocrx_word' id='word_1_210' title='bbox 2446 3524 2479 3711; x_wconf 95' lang='lat' dir='ltr'>    </span> 
     </span>
     <span class='ocr_line' id='line_1_32' title="bbox 2458 3711 2479 3857; baseline 0 0"><span class='ocrx_word' id='word_1_211' title='bbox 2458 3711 2479 3857; x_wconf 95' lang='lat' dir='ltr'>  </span> 
     </span>
    </p>
   </div>
   <div class='ocr_carea' id='block_1_6' title="bbox 288 516 2467 1446">
    <p class='ocr_par' dir='ltr' id='par_1_6' title="bbox 288 516 2467 1446">
     <span class='ocr_line' id='line_1_33' title="bbox 297 516 2467 559; baseline -0.004 1"><span class='ocrx_word' id='word_1_212' title='bbox 297 532 395 559; x_wconf 77' lang='lat' dir='ltr'>tentiae</span> <span class='ocrx_word' id='word_1_213' title='bbox 409 531 557 558; x_wconf 76' lang='lat' dir='ltr'>reconditae</span> <span class='ocrx_word' id='word_1_214' title='bbox 568 532 592 552; x_wconf 85' lang='lat' dir='ltr'>et</span> <span class='ocrx_word' id='word_1_215' title='bbox 605 523 746 558; x_wconf 81' lang='lat' dir='ltr'>exquisitae</span> <span class='ocrx_word' id='word_1_216' title='bbox 766 522 823 549; x_wconf 88' lang='lat' dir='ltr'>Cic.</span> <span class='ocrx_word' id='word_1_217' title='bbox 837 521 868 549; x_wconf 84' lang='lat' dir='ltr'>de</span> <span class='ocrx_word' id='word_1_218' title='bbox 880 522 950 549; x_wconf 86' lang='lat' dir='ltr'>Clar.</span> <span class='ocrx_word' id='word_1_219' title='bbox 964 523 1037 549; x_wconf 88' lang='lat' dir='ltr'>Orat.</span> <span class='ocrx_word' id='word_1_220' title='bbox 1045 529 1102 556; x_wconf 77' lang='lat'>273.</span> <span class='ocrx_word' id='word_1_221' title='bbox 1196 519 1333 546; x_wconf 82' lang='lat' dir='ltr'>Subtilitas</span> <span class='ocrx_word' id='word_1_222' title='bbox 1394 520 1500 555; x_wconf 82' lang='lat' dir='ltr'>scripsit.</span> <span class='ocrx_word' id='word_1_223' title='bbox 1571 523 1662 556; x_wconf 77' lang='lat' dir='ltr'>Nempe</span> <span class='ocrx_word' id='word_1_224' title='bbox 1680 530 1709 548; x_wconf 82' lang='lat' dir='ltr'>vt</span> <span class='ocrx_word' id='word_1_225' title='bbox 1729 522 1843 549; x_wconf 87' lang='lat' dir='ltr'>scribere</span> <span class='ocrx_word' id='word_1_226' title='bbox 1863 522 1895 556; x_wconf 67' lang='lat' dir='ltr'>est</span> <span class='ocrx_word' id='word_1_227' title='bbox 1908 526 2014 559; x_wconf 79' lang='lat' dir='ltr'>pingere</span> <span class='ocrx_word' id='word_1_228' title='bbox 2027 526 2165 557; x_wconf 80' lang='lat' dir='ltr'>interdum,</span> <span class='ocrx_word' id='word_1_229' title='bbox 2183 529 2221 552; x_wconf 81' lang='lat' dir='ltr'>ita</span> <span class='ocrx_word' id='word_1_230' title='bbox 2234 526 2384 554; x_wconf 82' lang='lat' dir='ltr'>exscribere</span> <span class='ocrx_word' id='word_1_231' title='bbox 2394 522 2436 553; x_wconf 60' lang='lat' dir='ltr'>de.</span> <span class='ocrx_word' id='word_1_232' title='bbox 2459 516 2467 546; x_wconf 60' lang='grc' dir='ltr'><strong><em>Ῐί</em></strong></span> 
     </span>
     <span class='ocr_line' id='line_1_34' title="bbox 299 557 2433 603; baseline 0.007 -29"><span class='ocrx_word' id='word_1_233' title='bbox 299 566 491 603; x_wconf 62' lang='lat' dir='ltr'>exquifitiffima</span> <span class='ocrx_word' id='word_1_234' title='bbox 511 563 574 589; x_wconf 49' lang='lat' dir='ltr'>Plin·</span> <span class='ocrx_word' id='word_1_235' title='bbox 587 561 613 591; x_wconf 67' lang='lat'>6³</span> <span class='ocrx_word' id='word_1_236' title='bbox 628 567 661 591; x_wconf 61' lang='lat'>33,</span> <span class='ocrx_word' id='word_1_237' title='bbox 775 558 832 584; x_wconf 72' lang='lat' dir='ltr'>Cic,</span> <span class='ocrx_word' id='word_1_238' title='bbox 847 557 898 584; x_wconf 80' lang='lat' dir='ltr'>Off,</span> <span class='ocrx_word' id='word_1_239' title='bbox 912 566 936 590; x_wconf 80' lang='lat'>3,</span> <span class='ocrx_word' id='word_1_240' title='bbox 951 566 998 583; x_wconf 87' lang='lat'>100</span> <span class='ocrx_word' id='word_1_241' title='bbox 1011 567 1032 584; x_wconf 77' lang='lat' dir='ltr'>c.</span> <span class='ocrx_word' id='word_1_242' title='bbox 1042 566 1072 597; x_wconf 74' lang='lat'>²?</span> <span class='ocrx_word' id='word_1_243' title='bbox 1093 557 1190 590; x_wconf 88' lang='lat' dir='ltr'>Neque</span> <span class='ocrx_word' id='word_1_244' title='bbox 1203 561 1333 596; x_wconf 71' lang='lat' dir='ltr'>yerottim</span> <span class='ocrx_word' id='word_1_245' title='bbox 1349 558 1503 596; x_wconf 78' lang='lat' dir='ltr'>io-pingere.</span> <span class='ocrx_word' id='word_1_246' title='bbox 1538 557 1603 592; x_wconf 63' lang='lat' dir='ltr'>Blin.</span> <span class='ocrx_word' id='word_1_247' title='bbox 1616 557 1694 591; x_wconf 80' lang='lat' dir='ltr'>Epist.</span> <span class='ocrx_word' id='word_1_248' title='bbox 1706 567 1735 591; x_wconf 75' lang='grc'>4,</span> <span class='ocrx_word' id='word_1_249' title='bbox 1748 563 1779 588; x_wconf 84' lang='lat'>28</span> <span class='ocrx_word' id='word_1_250' title='bbox 1787 566 1830 593; x_wconf 82' lang='lat' dir='ltr'>pr.</span> <span class='ocrx_word' id='word_1_251' title='bbox 1851 558 1973 586; x_wconf 90' lang='lat' dir='ltr'>Cornelii</span> <span class='ocrx_word' id='word_1_252' title='bbox 1987 559 2099 596; x_wconf 78' lang='lat' dir='ltr'>Nepotis</span> <span class='ocrx_word' id='word_1_253' title='bbox 2113 567 2139 589; x_wconf 89' lang='lat' dir='ltr'>et</span> <span class='ocrx_word' id='word_1_254' title='bbox 2152 562 2191 589; x_wconf 89' lang='lat' dir='ltr'>T.</span> <span class='ocrx_word' id='word_1_255' title='bbox 2205 561 2282 589; x_wconf 86' lang='lat' dir='ltr'>Cassii</span> <span class='ocrx_word' id='word_1_256' title='bbox 2304 562 2433 597; x_wconf 71' lang='lat' dir='ltr'>imagines</span> 
     </span>
     <span class='ocr_line' id='line_1_35' title="bbox 299 590 1996 638; baseline -0.003 -14"><span class='ocrx_word' id='word_1_257' title='bbox 299 602 446 638; x_wconf 71' lang='lat' dir='ltr'>ignorabat,</span> <span class='ocrx_word' id='word_1_258' title='bbox 463 601 487 626; x_wconf 87' lang='lat' dir='ltr'>se</span> <span class='ocrx_word' id='word_1_259' title='bbox 502 598 534 624; x_wconf 88' lang='lat' dir='ltr'>ad</span> <span class='ocrx_word' id='word_1_260' title='bbox 547 593 749 622; x_wconf 76' lang='lat' dir='ltr'>crudelissimum</span> <span class='ocrx_word' id='word_1_261' title='bbox 761 592 878 625; x_wconf 87' lang='lat' dir='ltr'>hostem,</span> <span class='ocrx_word' id='word_1_262' title='bbox 897 598 922 619; x_wconf 90' lang='lat' dir='ltr'>et</span> <span class='ocrx_word' id='word_1_263' title='bbox 941 593 973 619; x_wconf 90' lang='lat' dir='ltr'>ad</span> <span class='ocrx_word' id='word_1_264' title='bbox 985 592 1111 627; x_wconf 85' lang='lat' dir='ltr'>exquisita</span> <span class='ocrx_word' id='word_1_265' title='bbox 1125 591 1256 626; x_wconf 77' lang='lat' dir='ltr'>Supplicia</span> <span class='ocrx_word' id='word_1_266' title='bbox 1272 599 1333 625; x_wconf 90' lang='lat' dir='ltr'>pro·</span> <span class='ocrx_word' id='word_1_267' title='bbox 1394 590 1574 619; x_wconf 82' lang='lat' dir='ltr'>exscribendas</span> <span class='ocrx_word' id='word_1_268' title='bbox 1586 592 1781 628; x_wconf 76' lang='lat' dir='ltr'>pingendasque</span> <span class='ocrx_word' id='word_1_269' title='bbox 1794 593 1913 628; x_wconf 88' lang='lat' dir='ltr'>delegare</span> <span class='ocrx_word' id='word_1_270' title='bbox 1932 596 1996 621; x_wconf 86' lang='lat' dir='ltr'>vult.</span> 
     </span>
     <span class='ocr_line' id='line_1_36' title="bbox 301 627 2434 669; baseline -0.002 -5"><span class='ocrx_word' id='word_1_271' title='bbox 301 638 389 666; x_wconf 83' lang='lat' dir='ltr'>ficisci.</span> <span class='ocrx_word' id='word_1_272' title='bbox 456 632 550 659; x_wconf 85' lang='lat' dir='ltr'>Verbis</span> <span class='ocrx_word' id='word_1_273' title='bbox 563 628 762 665; x_wconf 78' lang='lat' dir='ltr'>exquisitissimis</span> <span class='ocrx_word' id='word_1_274' title='bbox 775 628 878 663; x_wconf 85' lang='lat' dir='ltr'>aliquos</span> <span class='ocrx_word' id='word_1_275' title='bbox 893 628 999 655; x_wconf 84' lang='lat' dir='ltr'>laudare</span> <span class='ocrx_word' id='word_1_276' title='bbox 1019 628 1074 654; x_wconf 86' lang='lat' dir='ltr'>Cic.</span> <span class='ocrx_word' id='word_1_277' title='bbox 1088 627 1200 662; x_wconf 86' lang='lat' dir='ltr'>Philipp.</span> <span class='ocrx_word' id='word_1_278' title='bbox 1215 629 1267 660; x_wconf 87' lang='lat'>4,6</span> <span class='ocrx_word' id='word_1_279' title='bbox 1279 634 1330 666; x_wconf 27' lang='lat'>0⁵3.</span> <span class='ocrx_word' id='word_1_280' title='bbox 1428 633 1445 654; x_wconf 85' lang='lat' dir='ltr'>E</span> <span class='ocrx_word' id='word_1_281' title='bbox 1455 634 1473 653; x_wconf 88' lang='lat' dir='ltr'>X</span> <span class='ocrx_word' id='word_1_282' title='bbox 1482 634 1495 654; x_wconf 86' lang='lat' dir='ltr'>s</span> <span class='ocrx_word' id='word_1_283' title='bbox 1504 633 1546 654; x_wconf 83' lang='lat' dir='ltr'>CR</span> <span class='ocrx_word' id='word_1_284' title='bbox 1556 635 1565 653; x_wconf 90' lang='lat'>1</span> <span class='ocrx_word' id='word_1_285' title='bbox 1576 635 1591 654; x_wconf 78' lang='grc' dir='ltr'>Ρ</span> <span class='ocrx_word' id='word_1_286' title='bbox 1600 635 1621 655; x_wconf 88' lang='grc' dir='ltr'>Τ</span> <span class='ocrx_word' id='word_1_287' title='bbox 1630 634 1648 654; x_wconf 90' lang='grc' dir='ltr'>Ο</span> <span class='ocrx_word' id='word_1_288' title='bbox 1658 635 1676 654; x_wconf 83' lang='lat' dir='ltr'>R</span> <span class='ocrx_word' id='word_1_289' title='bbox 1686 648 1695 660; x_wconf 85' lang='lat'>,</span> <span class='ocrx_word' id='word_1_290' title='bbox 1718 629 1782 655; x_wconf 64' lang='lat' dir='ltr'>bris.</span> <span class='ocrx_word' id='word_1_291' title='bbox 1802 638 1837 655; x_wconf 85' lang='lat' dir='ltr'>ni.</span> <span class='ocrx_word' id='word_1_292' title='bbox 1876 631 1929 665; x_wconf 66' lang='lat' dir='ltr'>Qu*</span> <span class='ocrx_word' id='word_1_293' title='bbox 1941 630 2008 656; x_wconf 83' lang='lat' dir='ltr'>nihil</span> <span class='ocrx_word' id='word_1_294' title='bbox 2017 629 2099 667; x_wconf 79' lang='lat' dir='ltr'>desua</span> <span class='ocrx_word' id='word_1_295' title='bbox 2113 631 2178 664; x_wconf 75' lang='lat' dir='ltr'>edit,</span> <span class='ocrx_word' id='word_1_296' title='bbox 2188 632 2238 669; x_wconf 84' lang='lat' dir='ltr'>sed</span> <span class='ocrx_word' id='word_1_297' title='bbox 2248 633 2330 659; x_wconf 75' lang='lat' dir='ltr'>aliena</span> <span class='ocrx_word' id='word_1_298' title='bbox 2344 632 2434 668; x_wconf 73' lang='lat' dir='ltr'>descri-</span> 
     </span>
     <span class='ocr_line' id='line_1_37' title="bbox 336 659 2452 708; baseline 0 -14"><span class='ocrx_word' id='word_1_299' title='bbox 336 681 353 700; x_wconf 85' lang='lat' dir='ltr'>E</span> <span class='ocrx_word' id='word_1_300' title='bbox 363 679 379 698; x_wconf 84' lang='lat' dir='ltr'>x</span> <span class='ocrx_word' id='word_1_301' title='bbox 390 676 437 708; x_wconf 65' lang='lat' dir='ltr'>qv</span> <span class='ocrx_word' id='word_1_302' title='bbox 446 676 454 694; x_wconf 95' lang='lat'><em>1</em></span> <span class='ocrx_word' id='word_1_303' title='bbox 463 675 475 694; x_wconf 92' lang='lat' dir='ltr'>s</span> <span class='ocrx_word' id='word_1_304' title='bbox 486 670 498 693; x_wconf 81' lang='lat' dir='ltr'>i</span> <span class='ocrx_word' id='word_1_305' title='bbox 508 673 529 693; x_wconf 87' lang='lat' dir='ltr'>T</span> <span class='ocrx_word' id='word_1_306' title='bbox 541 673 566 693; x_wconf 80' lang='grc' dir='ltr'>Ε.</span> <span class='ocrx_word' id='word_1_307' title='bbox 591 665 658 692; x_wconf 86' lang='lat' dir='ltr'>Adu.</span> <span class='ocrx_word' id='word_1_308' title='bbox 695 665 708 698; x_wconf 94' lang='lat'>[</span> <span class='ocrx_word' id='word_1_309' title='bbox 716 664 898 699; x_wconf 58' lang='grc' dir='ltr'>ἔξητοισμένωε]</span> <span class='ocrx_word' id='word_1_310' title='bbox 932 663 958 691; x_wconf 86' lang='lat' dir='ltr'>h.</span> <span class='ocrx_word' id='word_1_311' title='bbox 971 673 991 690; x_wconf 78' lang='lat' dir='ltr'>e.</span> <span class='ocrx_word' id='word_1_312' title='bbox 1011 665 1164 699; x_wconf 72' lang='lat' dir='ltr'>Diligenter.</span> <span class='ocrx_word' id='word_1_313' title='bbox 1200 661 1332 695; x_wconf 60' lang='lat' dir='ltr'>Quindhl.</span> <span class='ocrx_word' id='word_1_314' title='bbox 1391 659 1436 688; x_wconf 81' lang='lat' dir='ltr'>bit.</span> <span class='ocrx_word' id='word_1_315' title='bbox 1472 663 1527 689; x_wconf 72' lang='lat' dir='ltr'>Cic.</span> <span class='ocrx_word' id='word_1_316' title='bbox 1542 661 1575 689; x_wconf 88' lang='lat' dir='ltr'>de</span> <span class='ocrx_word' id='word_1_317' title='bbox 1588 664 1645 690; x_wconf 88' lang='lat' dir='ltr'>Fin.</span> <span class='ocrx_word' id='word_1_318' title='bbox 1659 672 1669 689; x_wconf 93' lang='grc' dir='ltr'>ι</span> <span class='ocrx_word' id='word_1_319' title='bbox 1681 672 1702 689; x_wconf 87' lang='lat' dir='ltr'>c.</span> <span class='ocrx_word' id='word_1_320' title='bbox 1716 672 1729 690; x_wconf 88' lang='lat'>2</span> <span class='ocrx_word' id='word_1_321' title='bbox 1748 665 1874 691; x_wconf 79' lang='lat' dir='ltr'>Ferreum</span> <span class='ocrx_word' id='word_1_322' title='bbox 1887 665 2042 700; x_wconf 82' lang='lat' dir='ltr'>scriptorem</span> <span class='ocrx_word' id='word_1_323' title='bbox 2057 666 2146 693; x_wconf 88' lang='lat' dir='ltr'>virum</span> <span class='ocrx_word' id='word_1_324' title='bbox 2159 669 2273 702; x_wconf 85' lang='lat' dir='ltr'>opinor,</span> <span class='ocrx_word' id='word_1_325' title='bbox 2291 668 2452 703; x_wconf 53' lang='lat' dir='ltr'>exscripto-³</span> 
     </span>
     <span class='ocr_line' id='line_1_38' title="bbox 299 698 2450 741; baseline 0.001 -12"><span class='ocrx_word' id='word_1_326' title='bbox 299 714 324 741; x_wconf 68' lang='lat'>3,</span> <span class='ocrx_word' id='word_1_327' title='bbox 337 717 352 734; x_wconf 80' lang='lat'>2</span> <span class='ocrx_word' id='word_1_328' title='bbox 371 706 504 738; x_wconf 83' lang='lat' dir='ltr'>Eleganter</span> <span class='ocrx_word' id='word_1_329' title='bbox 517 707 595 736; x_wconf 85' lang='lat' dir='ltr'>atque</span> <span class='ocrx_word' id='word_1_330' title='bbox 608 699 733 735; x_wconf 76' lang='lat' dir='ltr'>exquisite</span> <span class='ocrx_word' id='word_1_331' title='bbox 748 699 856 725; x_wconf 68' lang='lat' dir='ltr'>dicium.</span> <span class='ocrx_word' id='word_1_332' title='bbox 972 699 1028 726; x_wconf 86' lang='lat' dir='ltr'>Cic.</span> <span class='ocrx_word' id='word_1_333' title='bbox 1041 698 1073 725; x_wconf 88' lang='lat' dir='ltr'>de</span> <span class='ocrx_word' id='word_1_334' title='bbox 1092 698 1162 725; x_wconf 87' lang='lat' dir='ltr'>Clar.</span> <span class='ocrx_word' id='word_1_335' title='bbox 1183 698 1257 724; x_wconf 88' lang='lat' dir='ltr'>Orat.</span> <span class='ocrx_word' id='word_1_336' title='bbox 1271 699 1331 737; x_wconf 57' lang='lat'>‚²7⁶</span> <span class='ocrx_word' id='word_1_337' title='bbox 1392 705 1464 730; x_wconf 85' lang='lat' dir='ltr'>rem,</span> <span class='ocrx_word' id='word_1_338' title='bbox 1484 703 1572 725; x_wconf 84' lang='lat' dir='ltr'>tamen</span> <span class='ocrx_word' id='word_1_339' title='bbox 1586 705 1614 725; x_wconf 88' lang='lat' dir='ltr'>vt</span> <span class='ocrx_word' id='word_1_340' title='bbox 1627 698 1749 732; x_wconf 85' lang='lat' dir='ltr'>legendus</span> <span class='ocrx_word' id='word_1_341' title='bbox 1763 699 1809 732; x_wconf 87' lang='lat' dir='ltr'>sit,</span> <span class='ocrx_word' id='word_1_342' title='bbox 1819 707 1864 726; x_wconf 85' lang='lat' dir='ltr'>etc.</span> <span class='ocrx_word' id='word_1_343' title='bbox 1895 702 1936 728; x_wconf 83' lang='lat' dir='ltr'>Ita</span> <span class='ocrx_word' id='word_1_344' title='bbox 1950 701 2089 728; x_wconf 74' lang='lat' dir='ltr'>emendauit</span> <span class='ocrx_word' id='word_1_345' title='bbox 2100 703 2192 740; x_wconf 82' lang='lat' dir='ltr'>Scalig.</span> <span class='ocrx_word' id='word_1_346' title='bbox 2204 703 2271 740; x_wconf 73' lang='lat' dir='ltr'>apud</span> <span class='ocrx_word' id='word_1_347' title='bbox 2282 704 2439 740; x_wconf 66' lang='lat' dir='ltr'>Gruter-qu?</span> <span class='ocrx_word' id='word_1_348' title='bbox 2447 709 2450 711; x_wconf 84' lang='lat'>&#39;</span> 
     </span>
     <span class='ocr_line' id='line_1_39' title="bbox 299 733 2133 772; baseline 0 -9"><span class='ocrx_word' id='word_1_349' title='bbox 299 752 322 769; x_wconf 65' lang='grc' dir='ltr'>ς,</span> <span class='ocrx_word' id='word_1_350' title='bbox 337 747 375 772; x_wconf 80' lang='lat'>80.</span> <span class='ocrx_word' id='word_1_351' title='bbox 481 738 572 771; x_wconf 87' lang='lat' dir='ltr'>Deque</span> <span class='ocrx_word' id='word_1_352' title='bbox 594 745 626 763; x_wconf 88' lang='lat' dir='ltr'>eo</span> <span class='ocrx_word' id='word_1_353' title='bbox 648 735 761 762; x_wconf 88' lang='lat' dir='ltr'>crimine</span> <span class='ocrx_word' id='word_1_354' title='bbox 780 738 899 761; x_wconf 86' lang='lat' dir='ltr'>accurate</span> <span class='ocrx_word' id='word_1_355' title='bbox 917 738 996 769; x_wconf 86' lang='lat' dir='ltr'>atque</span> <span class='ocrx_word' id='word_1_356' title='bbox 1009 733 1136 769; x_wconf 85' lang='lat' dir='ltr'>exquisite</span> <span class='ocrx_word' id='word_1_357' title='bbox 1147 733 1334 772; x_wconf 78' lang='lat' dir='ltr'>disputauisl&#39;et.</span> <span class='ocrx_word' id='word_1_358' title='bbox 1349 737 1375 764; x_wconf 76' lang='grc' dir='ltr'>ις</span> <span class='ocrx_word' id='word_1_359' title='bbox 1390 735 1495 760; x_wconf 82' lang='lat' dir='ltr'>retinuit</span> <span class='ocrx_word' id='word_1_360' title='bbox 1508 734 1677 768; x_wconf 89' lang='lat' dir='ltr'>Scriptoreiii.</span> <span class='ocrx_word' id='word_1_361' title='bbox 1717 735 1777 762; x_wconf 86' lang='lat' dir='ltr'>Vid.</span> <span class='ocrx_word' id='word_1_362' title='bbox 1792 737 1867 763; x_wconf 83' lang='lat' dir='ltr'>Parei</span> <span class='ocrx_word' id='word_1_363' title='bbox 1879 738 1938 762; x_wconf 76' lang='lat' dir='ltr'>Lex.</span> <span class='ocrx_word' id='word_1_364' title='bbox 1951 737 2015 763; x_wconf 84' lang='lat' dir='ltr'>Crit.</span> <span class='ocrx_word' id='word_1_365' title='bbox 2030 743 2060 772; x_wconf 78' lang='lat' dir='ltr'>p.</span> <span class='ocrx_word' id='word_1_366' title='bbox 2075 747 2133 772; x_wconf 82' lang='lat'>454.</span> 
     </span>
     <span class='ocr_line' id='line_1_40' title="bbox 299 769 2065 807; baseline -0.003 -4"><span class='ocrx_word' id='word_1_367' title='bbox 299 776 431 807; x_wconf 79' lang='lat' dir='ltr'>Colligere</span> <span class='ocrx_word' id='word_1_368' title='bbox 445 772 597 807; x_wconf 67' lang='lat' dir='ltr'>exquilinus</span> <span class='ocrx_word' id='word_1_369' title='bbox 608 771 709 805; x_wconf 80' lang='lat' dir='ltr'>aliquas</span> <span class='ocrx_word' id='word_1_370' title='bbox 720 771 835 797; x_wconf 82' lang='lat' dir='ltr'>rationes</span> <span class='ocrx_word' id='word_1_371' title='bbox 852 770 908 796; x_wconf 87' lang='lat' dir='ltr'>Cic.</span> <span class='ocrx_word' id='word_1_372' title='bbox 921 769 1003 797; x_wconf 88' lang='lat' dir='ltr'>Tusc.</span> <span class='ocrx_word' id='word_1_373' title='bbox 1018 779 1038 803; x_wconf 89' lang='lat' dir='ltr'>i,</span> <span class='ocrx_word' id='word_1_374' title='bbox 1053 772 1096 796; x_wconf 86' lang='lat'>116</span> <span class='ocrx_word' id='word_1_375' title='bbox 1109 779 1128 796; x_wconf 91' lang='lat' dir='ltr'>c.</span> <span class='ocrx_word' id='word_1_376' title='bbox 1138 777 1182 802; x_wconf 87' lang='lat'>49.</span> <span class='ocrx_word' id='word_1_377' title='bbox 1234 769 1333 795; x_wconf 86' lang='lat' dir='ltr'>Omnia</span> <span class='ocrx_word' id='word_1_378' title='bbox 1428 775 1446 795; x_wconf 83' lang='grc' dir='ltr'>Ε</span> <span class='ocrx_word' id='word_1_379' title='bbox 1455 777 1473 796; x_wconf 91' lang='lat' dir='ltr'>x</span> <span class='ocrx_word' id='word_1_380' title='bbox 1483 776 1496 796; x_wconf 88' lang='lat' dir='ltr'>s</span> <span class='ocrx_word' id='word_1_381' title='bbox 1504 775 1546 796; x_wconf 82' lang='lat' dir='ltr'>EC</span> <span class='ocrx_word' id='word_1_382' title='bbox 1556 775 1575 795; x_wconf 95' lang='lat' dir='ltr'>o</span> <span class='ocrx_word' id='word_1_383' title='bbox 1586 789 1593 801; x_wconf 87' lang='lat'>‚</span> <span class='ocrx_word' id='word_1_384' title='bbox 1611 776 1628 796; x_wconf 85' lang='grc' dir='ltr'>Ε</span> <span class='ocrx_word' id='word_1_385' title='bbox 1638 776 1656 795; x_wconf 85' lang='grc' dir='ltr'>Χ</span> <span class='ocrx_word' id='word_1_386' title='bbox 1665 776 1679 796; x_wconf 86' lang='lat' dir='ltr'>s</span> <span class='ocrx_word' id='word_1_387' title='bbox 1689 775 1705 795; x_wconf 87' lang='grc' dir='ltr'>Ε</span> <span class='ocrx_word' id='word_1_388' title='bbox 1715 775 1733 796; x_wconf 92' lang='lat' dir='ltr'>c</span> <span class='ocrx_word' id='word_1_389' title='bbox 1744 777 1766 796; x_wconf 87' lang='lat' dir='ltr'>T</span> <span class='ocrx_word' id='word_1_390' title='bbox 1776 777 1786 796; x_wconf 88' lang='lat'>1</span> <span class='ocrx_word' id='word_1_391' title='bbox 1795 777 1815 798; x_wconf 93' lang='grc' dir='ltr'>ο</span> <span class='ocrx_word' id='word_1_392' title='bbox 1824 791 1833 804; x_wconf 91' lang='grc'><strong><em>,</em></strong></span> <span class='ocrx_word' id='word_1_393' title='bbox 1856 771 1911 798; x_wconf 80' lang='lat' dir='ltr'>vid.</span> <span class='ocrx_word' id='word_1_394' title='bbox 1933 778 1950 798; x_wconf 82' lang='lat' dir='ltr'>E</span> <span class='ocrx_word' id='word_1_395' title='bbox 1960 778 1979 798; x_wconf 88' lang='lat' dir='ltr'>x</span> <span class='ocrx_word' id='word_1_396' title='bbox 1987 778 2003 799; x_wconf 83' lang='grc' dir='ltr'>Ε</span> <span class='ocrx_word' id='word_1_397' title='bbox 2011 777 2028 797; x_wconf 88' lang='lat' dir='ltr'>c</span> <span class='ocrx_word' id='word_1_398' title='bbox 2037 778 2065 798; x_wconf 92' lang='lat' dir='ltr'>o.</span> 
     </span>
     <span class='ocr_line' id='line_1_41' title="bbox 298 803 2440 845; baseline 0 -10"><span class='ocrx_word' id='word_1_399' title='bbox 298 808 490 845; x_wconf 73' lang='lat' dir='ltr'>exquisitissime</span> <span class='ocrx_word' id='word_1_400' title='bbox 505 807 619 834; x_wconf 76' lang='lat' dir='ltr'>scribere</span> <span class='ocrx_word' id='word_1_401' title='bbox 650 806 717 833; x_wconf 86' lang='lat' dir='ltr'>Gell.</span> <span class='ocrx_word' id='word_1_402' title='bbox 735 815 774 839; x_wconf 80' lang='lat'>14,</span> <span class='ocrx_word' id='word_1_403' title='bbox 789 814 810 838; x_wconf 83' lang='lat'>3.</span> <span class='ocrx_word' id='word_1_404' title='bbox 912 805 979 832; x_wconf 88' lang='lat' dir='ltr'>Rem</span> <span class='ocrx_word' id='word_1_405' title='bbox 1007 804 1201 840; x_wconf 77' lang='lat' dir='ltr'>exquisitissime</span> <span class='ocrx_word' id='word_1_406' title='bbox 1230 803 1333 832; x_wconf 82' lang='lat' dir='ltr'>referre</span> <span class='ocrx_word' id='word_1_407' title='bbox 1429 810 1447 831; x_wconf 83' lang='grc' dir='ltr'>Ε</span> <span class='ocrx_word' id='word_1_408' title='bbox 1457 811 1475 830; x_wconf 90' lang='grc' dir='ltr'>Χ</span> <span class='ocrx_word' id='word_1_409' title='bbox 1485 812 1498 831; x_wconf 90' lang='lat' dir='ltr'>s</span> <span class='ocrx_word' id='word_1_410' title='bbox 1507 811 1524 831; x_wconf 78' lang='grc' dir='ltr'>Ε</span> <span class='ocrx_word' id='word_1_411' title='bbox 1532 811 1548 831; x_wconf 86' lang='lat' dir='ltr'>c</span> <span class='ocrx_word' id='word_1_412' title='bbox 1558 812 1576 831; x_wconf 85' lang='lat' dir='ltr'>R</span> <span class='ocrx_word' id='word_1_413' title='bbox 1585 812 1604 832; x_wconf 86' lang='lat'>0</span> <span class='ocrx_word' id='word_1_414' title='bbox 1612 824 1619 836; x_wconf 96' lang='lat'><strong><em>‚</em></strong></span> <span class='ocrx_word' id='word_1_415' title='bbox 1644 812 1661 832; x_wconf 82' lang='grc' dir='ltr'>Ε</span> <span class='ocrx_word' id='word_1_416' title='bbox 1670 812 1688 831; x_wconf 83' lang='grc' dir='ltr'>Χ</span> <span class='ocrx_word' id='word_1_417' title='bbox 1696 811 1708 831; x_wconf 90' lang='lat' dir='ltr'>s</span> <span class='ocrx_word' id='word_1_418' title='bbox 1719 812 1735 832; x_wconf 87' lang='grc' dir='ltr'>Ε</span> <span class='ocrx_word' id='word_1_419' title='bbox 1744 812 1788 832; x_wconf 80' lang='lat' dir='ltr'>CR</span> <span class='ocrx_word' id='word_1_420' title='bbox 1797 813 1850 833; x_wconf 83' lang='lat' dir='ltr'>AT</span> <span class='ocrx_word' id='word_1_421' title='bbox 1859 815 1868 834; x_wconf 87' lang='lat' dir='ltr'>i</span> <span class='ocrx_word' id='word_1_422' title='bbox 1878 815 1914 840; x_wconf 88' lang='lat' dir='ltr'>o,</span> <span class='ocrx_word' id='word_1_423' title='bbox 1932 813 1977 834; x_wconf 85' lang='lat' dir='ltr'>etc.</span> <span class='ocrx_word' id='word_1_424' title='bbox 1998 807 2049 833; x_wconf 83' lang='lat' dir='ltr'>vid.</span> <span class='ocrx_word' id='word_1_425' title='bbox 2063 813 2105 834; x_wconf 89' lang='grc' dir='ltr'>ΕΧ</span> <span class='ocrx_word' id='word_1_426' title='bbox 2114 813 2131 834; x_wconf 82' lang='grc' dir='ltr'>Ε</span> <span class='ocrx_word' id='word_1_427' title='bbox 2141 811 2159 833; x_wconf 88' lang='lat' dir='ltr'>c</span> <span class='ocrx_word' id='word_1_428' title='bbox 2169 814 2189 835; x_wconf 85' lang='lat' dir='ltr'>R</span> <span class='ocrx_word' id='word_1_429' title='bbox 2199 813 2230 836; x_wconf 91' lang='lat' dir='ltr'>o.</span> <span class='ocrx_word' id='word_1_430' title='bbox 2430 807 2440 818; x_wconf 62' lang='lat'><em>²</em></span> 
     </span>
     <span class='ocr_line' id='line_1_42' title="bbox 296 839 2447 881; baseline 0.001 -12"><span class='ocrx_word' id='word_1_431' title='bbox 296 846 369 873; x_wconf 77' lang='lat' dir='ltr'>Idem</span> <span class='ocrx_word' id='word_1_432' title='bbox 405 863 411 869; x_wconf 96' lang='lat'>.</span> <span class='ocrx_word' id='word_1_433' title='bbox 447 864 453 870; x_wconf 91' lang='lat'>.</span> <span class='ocrx_word' id='word_1_434' title='bbox 489 843 581 877; x_wconf 86' lang='lat' dir='ltr'>(Nam</span> <span class='ocrx_word' id='word_1_435' title='bbox 593 852 631 875; x_wconf 81' lang='lat'>22,</span> <span class='ocrx_word' id='word_1_436' title='bbox 646 851 661 876; x_wconf 94' lang='lat'><em>7</em></span> <span class='ocrx_word' id='word_1_437' title='bbox 674 848 756 878; x_wconf 75' lang='lat' dir='ltr'>aperie</span> <span class='ocrx_word' id='word_1_438' title='bbox 764 839 887 881; x_wconf 71' lang='lat' dir='ltr'>falsum.)</span> <span class='ocrx_word' id='word_1_439' title='bbox 1028 875 1034 880; x_wconf 94' lang='lat'>.</span> <span class='ocrx_word' id='word_1_440' title='bbox 1054 875 1060 880; x_wconf 35' lang='lat'>⁵</span> <span class='ocrx_word' id='word_1_441' title='bbox 1427 845 1550 866; x_wconf 78' lang='lat' dir='ltr'>EXSEN</span> <span class='ocrx_word' id='word_1_442' title='bbox 1561 848 1602 868; x_wconf 85' lang='lat' dir='ltr'>sv</span> <span class='ocrx_word' id='word_1_443' title='bbox 1612 848 1641 873; x_wconf 87' lang='lat' dir='ltr'>s,</span> <span class='ocrx_word' id='word_1_444' title='bbox 1661 848 1693 872; x_wconf 79' lang='lat' dir='ltr'>a,</span> <span class='ocrx_word' id='word_1_445' title='bbox 1712 849 1767 867; x_wconf 88' lang='lat' dir='ltr'>um.</span> <span class='ocrx_word' id='word_1_446' title='bbox 1789 841 1851 869; x_wconf 84' lang='lat' dir='ltr'>Adi.</span> <span class='ocrx_word' id='word_1_447' title='bbox 1888 844 1963 870; x_wconf 83' lang='lat' dir='ltr'>Mens</span> <span class='ocrx_word' id='word_1_448' title='bbox 1976 843 2080 870; x_wconf 85' lang='lat' dir='ltr'>exsensa</span> <span class='ocrx_word' id='word_1_449' title='bbox 2094 843 2181 870; x_wconf 89' lang='lat' dir='ltr'>Naeu.</span> <span class='ocrx_word' id='word_1_450' title='bbox 2194 846 2213 871; x_wconf 82' lang='lat' dir='ltr'>i.</span> <span class='ocrx_word' id='word_1_451' title='bbox 2219 843 2275 880; x_wconf 80' lang='lat' dir='ltr'>fine</span> <span class='ocrx_word' id='word_1_452' title='bbox 2280 842 2367 881; x_wconf 70' lang='lat' dir='ltr'>senfit,</span> <span class='ocrx_word' id='word_1_453' title='bbox 2379 843 2447 871; x_wconf 77' lang='lat' dir='ltr'>vid..</span> 
     </span>
     <span class='ocr_line' id='line_1_43' title="bbox 334 875 2450 918; baseline -0.002 -13"><span class='ocrx_word' id='word_1_454' title='bbox 334 887 350 907; x_wconf 88' lang='grc' dir='ltr'>Ε</span> <span class='ocrx_word' id='word_1_455' title='bbox 359 886 377 905; x_wconf 98' lang='grc' dir='ltr'>Χ</span> <span class='ocrx_word' id='word_1_456' title='bbox 386 885 436 918; x_wconf 61' lang='lat' dir='ltr'>qv</span> <span class='ocrx_word' id='word_1_457' title='bbox 445 887 454 905; x_wconf 87' lang='grc' dir='ltr'>ι</span> <span class='ocrx_word' id='word_1_458' title='bbox 463 886 476 905; x_wconf 87' lang='lat' dir='ltr'>s</span> <span class='ocrx_word' id='word_1_459' title='bbox 486 886 495 905; x_wconf 86' lang='lat'>1</span> <span class='ocrx_word' id='word_1_460' title='bbox 504 886 525 905; x_wconf 89' lang='lat' dir='ltr'>T</span> <span class='ocrx_word' id='word_1_461' title='bbox 535 886 544 904; x_wconf 94' lang='lat'>1</span> <span class='ocrx_word' id='word_1_462' title='bbox 554 885 588 904; x_wconf 84' lang='lat' dir='ltr'>M.</span> <span class='ocrx_word' id='word_1_463' title='bbox 607 877 675 904; x_wconf 82' lang='lat' dir='ltr'>Adii.</span> <span class='ocrx_word' id='word_1_464' title='bbox 709 878 796 904; x_wconf 89' lang='lat' dir='ltr'>Varro</span> <span class='ocrx_word' id='word_1_465' title='bbox 809 877 887 902; x_wconf 84' lang='lat' dir='ltr'>Aiace</span> <span class='ocrx_word' id='word_1_466' title='bbox 895 875 1080 902; x_wconf 84' lang='lat' dir='ltr'>Stramenticio</span> <span class='ocrx_word' id='word_1_467' title='bbox 1088 894 1096 907; x_wconf 87' lang='lat'>,</span> <span class='ocrx_word' id='word_1_468' title='bbox 1116 876 1184 901; x_wconf 88' lang='lat' dir='ltr'>Aere</span> <span class='ocrx_word' id='word_1_469' title='bbox 1196 880 1335 910; x_wconf 80' lang='lat' dir='ltr'>aegerme-</span> <span class='ocrx_word' id='word_1_470' title='bbox 1393 880 1433 911; x_wconf 75' lang='lat' dir='ltr'>ap.</span> <span class='ocrx_word' id='word_1_471' title='bbox 1447 875 1518 902; x_wconf 91' lang='lat' dir='ltr'>Non.</span> <span class='ocrx_word' id='word_1_472' title='bbox 1531 885 1558 909; x_wconf 84' lang='lat'>4,</span> <span class='ocrx_word' id='word_1_473' title='bbox 1571 884 1627 909; x_wconf 77' lang='lat'>345.</span> <span class='ocrx_word' id='word_1_474' title='bbox 1662 882 1686 901; x_wconf 79' lang='lat' dir='ltr'>et</span> <span class='ocrx_word' id='word_1_475' title='bbox 1700 876 1767 902; x_wconf 86' lang='lat' dir='ltr'>Gell.</span> <span class='ocrx_word' id='word_1_476' title='bbox 1782 885 1827 910; x_wconf 85' lang='lat'>¹9,</span> <span class='ocrx_word' id='word_1_477' title='bbox 1842 885 1868 912; x_wconf 82' lang='lat'>7.</span> <span class='ocrx_word' id='word_1_478' title='bbox 2447 901 2450 903; x_wconf 85' lang='grc'><strong><em>,</em></strong></span> 
     </span>
     <span class='ocr_line' id='line_1_44' title="bbox 297 910 1943 950; baseline -0.001 -9"><span class='ocrx_word' id='word_1_479' title='bbox 297 915 369 942; x_wconf 83' lang='lat' dir='ltr'>dicos</span> <span class='ocrx_word' id='word_1_480' title='bbox 383 914 533 948; x_wconf 69' lang='lat' dir='ltr'>exquisitim</span> <span class='ocrx_word' id='word_1_481' title='bbox 546 912 726 946; x_wconf 85' lang='lat' dir='ltr'>conuocabas‚</span> <span class='ocrx_word' id='word_1_482' title='bbox 743 918 772 939; x_wconf 89' lang='lat' dir='ltr'>vt</span> <span class='ocrx_word' id='word_1_483' title='bbox 787 910 979 939; x_wconf 83' lang='lat' dir='ltr'>conualesceret</span> <span class='ocrx_word' id='word_1_484' title='bbox 997 911 1071 938; x_wconf 91' lang='lat' dir='ltr'>Non.</span> <span class='ocrx_word' id='word_1_485' title='bbox 1086 919 1109 937; x_wconf 89' lang='grc' dir='ltr'>ιι</span> <span class='ocrx_word' id='word_1_486' title='bbox 1118 930 1127 944; x_wconf 91' lang='grc'><strong><em>,</em></strong></span> <span class='ocrx_word' id='word_1_487' title='bbox 1140 918 1177 944; x_wconf 77' lang='grc'>35.</span> <span class='ocrx_word' id='word_1_488' title='bbox 1265 910 1335 936; x_wconf 82' lang='lat' dir='ltr'>Aere</span> <span class='ocrx_word' id='word_1_489' title='bbox 1346 918 1382 938; x_wconf 84' lang='lat'>20</span> <span class='ocrx_word' id='word_1_490' title='bbox 1430 917 1447 937; x_wconf 91' lang='grc' dir='ltr'>Ε</span> <span class='ocrx_word' id='word_1_491' title='bbox 1455 917 1473 937; x_wconf 86' lang='grc' dir='ltr'>Χ</span> <span class='ocrx_word' id='word_1_492' title='bbox 1482 918 1495 937; x_wconf 90' lang='lat' dir='ltr'>s</span> <span class='ocrx_word' id='word_1_493' title='bbox 1503 918 1520 937; x_wconf 89' lang='grc' dir='ltr'>Ε</span> <span class='ocrx_word' id='word_1_494' title='bbox 1530 918 1582 950; x_wconf 63' lang='lat' dir='ltr'>qv</span> <span class='ocrx_word' id='word_1_495' title='bbox 1595 918 1614 938; x_wconf 92' lang='lat' dir='ltr'>o</span> <span class='ocrx_word' id='word_1_496' title='bbox 1623 918 1642 937; x_wconf 88' lang='lat' dir='ltr'>R</span> <span class='ocrx_word' id='word_1_497' title='bbox 1651 930 1659 942; x_wconf 92' lang='lat'>,</span> <span class='ocrx_word' id='word_1_498' title='bbox 1677 911 1731 937; x_wconf 73' lang='lat' dir='ltr'>vid.</span> <span class='ocrx_word' id='word_1_499' title='bbox 1748 918 1765 937; x_wconf 84' lang='grc' dir='ltr'>Ε</span> <span class='ocrx_word' id='word_1_500' title='bbox 1774 919 1793 938; x_wconf 79' lang='grc' dir='ltr'>Χ</span> <span class='ocrx_word' id='word_1_501' title='bbox 1802 919 1819 939; x_wconf 92' lang='grc' dir='ltr'>Ε</span> <span class='ocrx_word' id='word_1_502' title='bbox 1827 919 1878 950; x_wconf 73' lang='lat' dir='ltr'>Qv</span> <span class='ocrx_word' id='word_1_503' title='bbox 1886 919 1905 940; x_wconf 89' lang='grc' dir='ltr'>ο</span> <span class='ocrx_word' id='word_1_504' title='bbox 1913 919 1943 940; x_wconf 82' lang='lat' dir='ltr'>R.</span> 
     </span>
     <span class='ocr_line' id='line_1_45' title="bbox 288 947 2442 988; baseline 0 -12"><span class='ocrx_word' id='word_1_505' title='bbox 288 951 388 988; x_wconf 76' lang='lat' dir='ltr'>fiilicet</span> <span class='ocrx_word' id='word_1_506' title='bbox 401 949 526 986; x_wconf 81' lang='lat' dir='ltr'>legendum</span> <span class='ocrx_word' id='word_1_507' title='bbox 540 949 639 976; x_wconf 74' lang='lat' dir='ltr'>videtur</span> <span class='ocrx_word' id='word_1_508' title='bbox 647 967 655 979; x_wconf 87' lang='lat'>,</span> <span class='ocrx_word' id='word_1_509' title='bbox 668 955 718 984; x_wconf 79' lang='lat' dir='ltr'>pro</span> <span class='ocrx_word' id='word_1_510' title='bbox 730 949 797 984; x_wconf 81' lang='lat' dir='ltr'>vulg.</span> <span class='ocrx_word' id='word_1_511' title='bbox 812 948 888 973; x_wconf 81' lang='lat' dir='ltr'>Acre.</span> <span class='ocrx_word' id='word_1_512' title='bbox 1378 947 1390 950; x_wconf 77' lang='grc'><strong><em>’</em></strong></span> <span class='ocrx_word' id='word_1_513' title='bbox 1430 952 1474 973; x_wconf 80' lang='lat' dir='ltr'>Ex</span> <span class='ocrx_word' id='word_1_514' title='bbox 1482 953 1495 972; x_wconf 88' lang='lat' dir='ltr'>S</span> <span class='ocrx_word' id='word_1_515' title='bbox 1503 954 1520 973; x_wconf 84' lang='lat' dir='ltr'>E</span> <span class='ocrx_word' id='word_1_516' title='bbox 1528 954 1547 973; x_wconf 83' lang='lat' dir='ltr'>R</span> <span class='ocrx_word' id='word_1_517' title='bbox 1556 954 1575 973; x_wconf 90' lang='grc' dir='ltr'>Ο</span> <span class='ocrx_word' id='word_1_518' title='bbox 1583 966 1589 977; x_wconf 93' lang='grc'><strong><em>,</em></strong></span> <span class='ocrx_word' id='word_1_519' title='bbox 1605 953 1622 972; x_wconf 86' lang='grc' dir='ltr'>Ε</span> <span class='ocrx_word' id='word_1_520' title='bbox 1632 953 1650 972; x_wconf 87' lang='grc' dir='ltr'>Χ</span> <span class='ocrx_word' id='word_1_521' title='bbox 1660 954 1673 973; x_wconf 84' lang='lat' dir='ltr'>s</span> <span class='ocrx_word' id='word_1_522' title='bbox 1685 953 1701 972; x_wconf 84' lang='lat' dir='ltr'>E</span> <span class='ocrx_word' id='word_1_523' title='bbox 1712 954 1731 974; x_wconf 82' lang='lat' dir='ltr'>R</span> <span class='ocrx_word' id='word_1_524' title='bbox 1739 953 1762 973; x_wconf 92' lang='lat' dir='ltr'>T</span> <span class='ocrx_word' id='word_1_525' title='bbox 1772 953 1793 973; x_wconf 89' lang='grc' dir='ltr'><strong>ο</strong></span> <span class='ocrx_word' id='word_1_526' title='bbox 1802 967 1810 979; x_wconf 90' lang='grc'><strong><em>,</em></strong></span> <span class='ocrx_word' id='word_1_527' title='bbox 1830 948 1883 974; x_wconf 86' lang='lat' dir='ltr'>vid.</span> <span class='ocrx_word' id='word_1_528' title='bbox 1907 955 1924 976; x_wconf 82' lang='lat' dir='ltr'><em>E</em></span> <span class='ocrx_word' id='word_1_529' title='bbox 1933 956 1952 976; x_wconf 88' lang='grc' dir='ltr'>Χ</span> <span class='ocrx_word' id='word_1_530' title='bbox 1960 955 1978 976; x_wconf 82' lang='grc' dir='ltr'>Ε</span> <span class='ocrx_word' id='word_1_531' title='bbox 1986 955 2007 976; x_wconf 83' lang='lat' dir='ltr'>R</span> <span class='ocrx_word' id='word_1_532' title='bbox 2016 953 2037 975; x_wconf 93' lang='grc' dir='ltr'><strong>Ο</strong></span> <span class='ocrx_word' id='word_1_533' title='bbox 2046 967 2056 982; x_wconf 84' lang='grc'><strong><em>,</em></strong></span> <span class='ocrx_word' id='word_1_534' title='bbox 2075 955 2092 976; x_wconf 86' lang='lat' dir='ltr'>E</span> <span class='ocrx_word' id='word_1_535' title='bbox 2100 956 2120 977; x_wconf 93' lang='grc' dir='ltr'>Χ</span> <span class='ocrx_word' id='word_1_536' title='bbox 2128 955 2173 976; x_wconf 84' lang='lat' dir='ltr'>ER</span> <span class='ocrx_word' id='word_1_537' title='bbox 2181 955 2203 976; x_wconf 85' lang='grc' dir='ltr'><em>Τ</em></span> <span class='ocrx_word' id='word_1_538' title='bbox 2211 955 2240 976; x_wconf 92' lang='lat'>0.</span> <span class='ocrx_word' id='word_1_539' title='bbox 2438 963 2442 966; x_wconf 62' lang='lat'><strong>&gt;</strong></span> 
     </span>
     <span class='ocr_line' id='line_1_46' title="bbox 332 979 2445 1020; baseline -0.002 -8"><span class='ocrx_word' id='word_1_540' title='bbox 332 990 592 1020; x_wconf 77' lang='lat' dir='ltr'>Evaisi&#39;rio,</span> <span class='ocrx_word' id='word_1_541' title='bbox 614 984 684 1010; x_wconf 77' lang='lat' dir='ltr'>onis.</span> <span class='ocrx_word' id='word_1_542' title='bbox 703 983 722 1010; x_wconf 89' lang='lat' dir='ltr'>f.</span> <span class='ocrx_word' id='word_1_543' title='bbox 759 983 820 1009; x_wconf 85' lang='lat' dir='ltr'>lust.</span> <span class='ocrx_word' id='word_1_544' title='bbox 834 983 900 1016; x_wconf 90' lang='lat' dir='ltr'>Imp.</span> <span class='ocrx_word' id='word_1_545' title='bbox 916 981 1008 1015; x_wconf 88' lang='lat' dir='ltr'>C.7t.</span> <span class='ocrx_word' id='word_1_546' title='bbox 1022 981 1095 1017; x_wconf 84' lang='lat' dir='ltr'>i7l.i</span> <span class='ocrx_word' id='word_1_547' title='bbox 1112 979 1336 1016; x_wconf 85' lang='lat' dir='ltr'>Ipsiusiudicium</span> <span class='ocrx_word' id='word_1_548' title='bbox 1431 982 1696 1015; x_wconf 69' lang='lat' dir='ltr'>Exsiniro,vid.</span> <span class='ocrx_word' id='word_1_549' title='bbox 1723 989 1904 1010; x_wconf 74' lang='lat' dir='ltr'>EXissiLo.</span> <span class='ocrx_word' id='word_1_550' title='bbox 2442 998 2445 1012; x_wconf 60' lang='lat'>.</span> 
     </span>
     <span class='ocr_line' id='line_1_47' title="bbox 296 1014 2441 1056; baseline -0.002 -7"><span class='ocrx_word' id='word_1_551' title='bbox 296 1021 330 1049; x_wconf 81' lang='lat' dir='ltr'>ad</span> <span class='ocrx_word' id='word_1_552' title='bbox 341 1020 481 1049; x_wconf 85' lang='lat' dir='ltr'>secundam</span> <span class='ocrx_word' id='word_1_553' title='bbox 494 1019 698 1056; x_wconf 64' lang='lat' dir='ltr'>exquisitionem</span> <span class='ocrx_word' id='word_1_554' title='bbox 710 1018 822 1046; x_wconf 90' lang='lat' dir='ltr'>minime</span> <span class='ocrx_word' id='word_1_555' title='bbox 836 1018 987 1045; x_wconf 86' lang='lat' dir='ltr'>deducetur.</span> <span class='ocrx_word' id='word_1_556' title='bbox 1057 1018 1093 1045; x_wconf 83' lang='lat' dir='ltr'>It.</span> <span class='ocrx_word' id='word_1_557' title='bbox 1107 1025 1120 1050; x_wconf 85' lang='lat'>5</span> <span class='ocrx_word' id='word_1_558' title='bbox 1134 1023 1175 1050; x_wconf 91' lang='lat' dir='ltr'>t.9</span> <span class='ocrx_word' id='word_1_559' title='bbox 1186 1016 1204 1043; x_wconf 90' lang='lat' dir='ltr'>l.</span> <span class='ocrx_word' id='word_1_560' title='bbox 1216 1024 1234 1051; x_wconf 87' lang='lat'>9</span> <span class='ocrx_word' id='word_1_561' title='bbox 1247 1014 1271 1053; x_wconf 86' lang='lat'>§.</span> <span class='ocrx_word' id='word_1_562' title='bbox 1280 1024 1300 1042; x_wconf 73' lang='lat' dir='ltr'>i.</span> <span class='ocrx_word' id='word_1_563' title='bbox 1431 1022 1448 1043; x_wconf 81' lang='grc' dir='ltr'>Ε</span> <span class='ocrx_word' id='word_1_564' title='bbox 1457 1023 1512 1044; x_wconf 81' lang='lat' dir='ltr'>XSI</span> <span class='ocrx_word' id='word_1_565' title='bbox 1522 1024 1539 1044; x_wconf 88' lang='lat' dir='ltr'>c</span> <span class='ocrx_word' id='word_1_566' title='bbox 1548 1024 1564 1044; x_wconf 86' lang='lat' dir='ltr'>C</span> <span class='ocrx_word' id='word_1_567' title='bbox 1573 1024 1609 1050; x_wconf 90' lang='lat' dir='ltr'>o,</span> <span class='ocrx_word' id='word_1_568' title='bbox 1635 1017 1688 1044; x_wconf 85' lang='lat' dir='ltr'>vid.</span> <span class='ocrx_word' id='word_1_569' title='bbox 1709 1025 1726 1045; x_wconf 85' lang='grc' dir='ltr'>Ε</span> <span class='ocrx_word' id='word_1_570' title='bbox 1735 1026 1755 1045; x_wconf 89' lang='grc' dir='ltr'>Χ</span> <span class='ocrx_word' id='word_1_571' title='bbox 1765 1026 1774 1045; x_wconf 94' lang='lat'>1</span> <span class='ocrx_word' id='word_1_572' title='bbox 1783 1025 1862 1045; x_wconf 86' lang='lat' dir='ltr'>cco.</span> <span class='ocrx_word' id='word_1_573' title='bbox 2439 1028 2441 1030; x_wconf 51' lang='grc'><strong>“</strong></span> 
     </span>
     <span class='ocr_line' id='line_1_48' title="bbox 1436 1051 2455 1090; baseline 0.005 -12"><span class='ocrx_word' id='word_1_574' title='bbox 1436 1057 1454 1078; x_wconf 89' lang='grc' dir='ltr'>Ε</span> <span class='ocrx_word' id='word_1_575' title='bbox 1464 1058 1483 1078; x_wconf 86' lang='grc' dir='ltr'>Χ</span> <span class='ocrx_word' id='word_1_576' title='bbox 1494 1060 1507 1079; x_wconf 85' lang='lat' dir='ltr'>s</span> <span class='ocrx_word' id='word_1_577' title='bbox 1517 1051 1529 1079; x_wconf 74' lang='lat' dir='ltr'><strong>f</strong></span> <span class='ocrx_word' id='word_1_578' title='bbox 1540 1059 1557 1079; x_wconf 89' lang='lat' dir='ltr'>c</span> <span class='ocrx_word' id='word_1_579' title='bbox 1569 1059 1605 1086; x_wconf 85' lang='lat'>0,</span> <span class='ocrx_word' id='word_1_580' title='bbox 1624 1054 1666 1080; x_wconf 82' lang='lat' dir='ltr'>vel</span> <span class='ocrx_word' id='word_1_581' title='bbox 1682 1060 1726 1080; x_wconf 87' lang='grc' dir='ltr'>ΕΧ</span> <span class='ocrx_word' id='word_1_582' title='bbox 1737 1052 1774 1080; x_wconf 74' lang='lat' dir='ltr'>ic</span> <span class='ocrx_word' id='word_1_583' title='bbox 1784 1060 1803 1081; x_wconf 93' lang='lat' dir='ltr'>o</span> <span class='ocrx_word' id='word_1_584' title='bbox 1813 1073 1820 1086; x_wconf 88' lang='lat'>,</span> <span class='ocrx_word' id='word_1_585' title='bbox 1839 1059 1893 1081; x_wconf 71' lang='lat' dir='ltr'>are.</span> <span class='ocrx_word' id='word_1_586' title='bbox 1931 1054 2005 1088; x_wconf 74' lang='lat' dir='ltr'>Quin</span> <span class='ocrx_word' id='word_1_587' title='bbox 2017 1060 2046 1082; x_wconf 90' lang='lat' dir='ltr'>tu</span> <span class='ocrx_word' id='word_1_588' title='bbox 2059 1055 2087 1082; x_wconf 86' lang='lat' dir='ltr'>in</span> <span class='ocrx_word' id='word_1_589' title='bbox 2105 1054 2229 1090; x_wconf 83' lang='lat' dir='ltr'>paludem</span> <span class='ocrx_word' id='word_1_590' title='bbox 2248 1053 2271 1081; x_wconf 82' lang='lat' dir='ltr'>is</span> <span class='ocrx_word' id='word_1_591' title='bbox 2283 1052 2455 1090; x_wconf 64' lang='lat' dir='ltr'>-exficasque&#39;ll</span> 
     </span>
     <span class='ocr_line' id='line_1_49' title="bbox 701 1080 2455 1126; baseline 0.003 -15"><span class='ocrx_word' id='word_1_592' title='bbox 701 1082 727 1112; x_wconf 83' lang='lat' dir='ltr'>E</span> <span class='ocrx_word' id='word_1_593' title='bbox 771 1100 775 1105; x_wconf 62' lang='grc' dir='ltr'>ι</span> <span class='ocrx_word' id='word_1_594' title='bbox 800 1080 827 1112; x_wconf 88' lang='lat' dir='ltr'>X</span> <span class='ocrx_word' id='word_1_595' title='bbox 896 1080 924 1111; x_wconf 89' lang='lat' dir='ltr'>R</span> <span class='ocrx_word' id='word_1_596' title='bbox 1346 1095 1379 1123; x_wconf 83' lang='lat'>23</span> <span class='ocrx_word' id='word_1_597' title='bbox 1396 1087 1534 1114; x_wconf 81' lang='lat' dir='ltr'>arundines</span> <span class='ocrx_word' id='word_1_598' title='bbox 1551 1088 1632 1116; x_wconf 83' lang='lat' dir='ltr'>Plaut.</span> <span class='ocrx_word' id='word_1_599' title='bbox 1646 1089 1715 1115; x_wconf 89' lang='lat' dir='ltr'>Rud.</span> <span class='ocrx_word' id='word_1_600' title='bbox 1730 1097 1751 1121; x_wconf 91' lang='lat' dir='ltr'>i,</span> <span class='ocrx_word' id='word_1_601' title='bbox 1766 1098 1793 1122; x_wconf 91' lang='lat'>2,</span> <span class='ocrx_word' id='word_1_602' title='bbox 1806 1098 1847 1122; x_wconf 83' lang='lat'>34.</span> <span class='ocrx_word' id='word_1_603' title='bbox 1868 1092 1887 1116; x_wconf 90' lang='lat' dir='ltr'>i.</span> <span class='ocrx_word' id='word_1_604' title='bbox 1901 1091 2007 1126; x_wconf 73' lang='lat' dir='ltr'>exsecas.</span> <span class='ocrx_word' id='word_1_605' title='bbox 2403 1102 2406 1106; x_wconf 93' lang='lat'>·</span> <span class='ocrx_word' id='word_1_606' title='bbox 2435 1089 2455 1118; x_wconf 53' lang='grc' dir='ltr'>εἳ</span> 
     </span>
     <span class='ocr_line' id='line_1_50' title="bbox 331 1122 2455 1163; baseline -0.002 -7"><span class='ocrx_word' id='word_1_607' title='bbox 331 1135 404 1156; x_wconf 67' lang='grc' dir='ltr'>ΕΧΧ</span> <span class='ocrx_word' id='word_1_608' title='bbox 413 1135 435 1155; x_wconf 85' lang='grc' dir='ltr'>Α</span> <span class='ocrx_word' id='word_1_609' title='bbox 444 1134 463 1155; x_wconf 85' lang='lat' dir='ltr'>D</span> <span class='ocrx_word' id='word_1_610' title='bbox 472 1129 484 1154; x_wconf 86' lang='grc' dir='ltr'>ῑ</span> <span class='ocrx_word' id='word_1_611' title='bbox 494 1133 512 1155; x_wconf 94' lang='lat' dir='ltr'>c</span> <span class='ocrx_word' id='word_1_612' title='bbox 522 1133 541 1154; x_wconf 93' lang='lat' dir='ltr'>o</span> <span class='ocrx_word' id='word_1_613' title='bbox 549 1147 558 1160; x_wconf 90' lang='lat'>,</span> <span class='ocrx_word' id='word_1_614' title='bbox 578 1130 631 1153; x_wconf 66' lang='lat' dir='ltr'>are.</span> <span class='ocrx_word' id='word_1_615' title='bbox 667 1125 799 1163; x_wconf 72' lang='grc' dir='ltr'>[ἓκριξόω]</span> <span class='ocrx_word' id='word_1_616' title='bbox 839 1124 944 1153; x_wconf 80' lang='lat' dir='ltr'>Verbum</span> <span class='ocrx_word' id='word_1_617' title='bbox 956 1122 1088 1158; x_wconf 80' lang='lat' dir='ltr'>rusticum,</span> <span class='ocrx_word' id='word_1_618' title='bbox 1105 1129 1152 1160; x_wconf 79' lang='lat' dir='ltr'>pro</span> <span class='ocrx_word' id='word_1_619' title='bbox 1164 1133 1216 1151; x_wconf 87' lang='lat' dir='ltr'>vna</span> <span class='ocrx_word' id='word_1_620' title='bbox 1230 1132 1284 1151; x_wconf 87' lang='lat' dir='ltr'>cum</span> <span class='ocrx_word' id='word_1_621' title='bbox 1295 1132 1337 1149; x_wconf 82' lang='lat' dir='ltr'>ra·</span> <span class='ocrx_word' id='word_1_622' title='bbox 1434 1128 1476 1149; x_wconf 87' lang='lat' dir='ltr'>Ex</span> <span class='ocrx_word' id='word_1_623' title='bbox 1484 1129 1497 1150; x_wconf 88' lang='lat' dir='ltr'>s</span> <span class='ocrx_word' id='word_1_624' title='bbox 1507 1131 1517 1150; x_wconf 93' lang='grc' dir='ltr'>ι</span> <span class='ocrx_word' id='word_1_625' title='bbox 1527 1129 1544 1150; x_wconf 94' lang='lat' dir='ltr'>c</span> <span class='ocrx_word' id='word_1_626' title='bbox 1555 1131 1565 1150; x_wconf 93' lang='lat'>1</span> <span class='ocrx_word' id='word_1_627' title='bbox 1574 1131 1611 1156; x_wconf 88' lang='lat' dir='ltr'>A,</span> <span class='ocrx_word' id='word_1_628' title='bbox 1634 1126 1676 1151; x_wconf 80' lang='lat' dir='ltr'>vel</span> <span class='ocrx_word' id='word_1_629' title='bbox 1694 1131 1712 1151; x_wconf 82' lang='grc' dir='ltr'>Ε</span> <span class='ocrx_word' id='word_1_630' title='bbox 1724 1131 1745 1151; x_wconf 84' lang='grc' dir='ltr'>Χ</span> <span class='ocrx_word' id='word_1_631' title='bbox 1756 1132 1766 1150; x_wconf 90' lang='lat'>1</span> <span class='ocrx_word' id='word_1_632' title='bbox 1775 1132 1809 1152; x_wconf 84' lang='lat' dir='ltr'>ei</span> <span class='ocrx_word' id='word_1_633' title='bbox 1821 1132 1842 1151; x_wconf 93' lang='lat' dir='ltr'>A</span> <span class='ocrx_word' id='word_1_634' title='bbox 1851 1145 1860 1157; x_wconf 90' lang='lat'>‚</span> <span class='ocrx_word' id='word_1_635' title='bbox 1878 1134 1919 1152; x_wconf 89' lang='lat' dir='ltr'>ae.</span> <span class='ocrx_word' id='word_1_636' title='bbox 1940 1126 1960 1152; x_wconf 86' lang='lat' dir='ltr'>f.</span> <span class='ocrx_word' id='word_1_637' title='bbox 1999 1125 2101 1162; x_wconf 77' lang='lat' dir='ltr'>forfex,</span> <span class='ocrx_word' id='word_1_638' title='bbox 2117 1125 2152 1152; x_wconf 90' lang='lat' dir='ltr'>ad</span> <span class='ocrx_word' id='word_1_639' title='bbox 2166 1124 2309 1162; x_wconf 71' lang='lat' dir='ltr'>resecandos</span> <span class='ocrx_word' id='word_1_640' title='bbox 2327 1123 2455 1161; x_wconf 55' lang='lat' dir='ltr'>capillos...</span> 
     </span>
     <span class='ocr_line' id='line_1_51' title="bbox 295 1156 2455 1197; baseline -0.003 -6"><span class='ocrx_word' id='word_1_641' title='bbox 295 1164 390 1192; x_wconf 83' lang='lat' dir='ltr'>dicibus</span> <span class='ocrx_word' id='word_1_642' title='bbox 402 1163 500 1190; x_wconf 77' lang='lat' dir='ltr'>auellere</span> <span class='ocrx_word' id='word_1_643' title='bbox 512 1169 536 1189; x_wconf 83' lang='lat' dir='ltr'>et</span> <span class='ocrx_word' id='word_1_644' title='bbox 547 1165 682 1197; x_wconf 79' lang='lat' dir='ltr'>extirpare.</span> <span class='ocrx_word' id='word_1_645' title='bbox 718 1164 805 1188; x_wconf 86' lang='lat' dir='ltr'>Varro</span> <span class='ocrx_word' id='word_1_646' title='bbox 817 1160 849 1188; x_wconf 88' lang='lat' dir='ltr'>de</span> <span class='ocrx_word' id='word_1_647' title='bbox 862 1161 892 1187; x_wconf 88' lang='lat' dir='ltr'>R.</span> <span class='ocrx_word' id='word_1_648' title='bbox 906 1161 937 1186; x_wconf 84' lang='lat' dir='ltr'>R.</span> <span class='ocrx_word' id='word_1_649' title='bbox 952 1169 973 1193; x_wconf 85' lang='grc' dir='ltr'>ι,</span> <span class='ocrx_word' id='word_1_650' title='bbox 987 1168 1022 1195; x_wconf 82' lang='lat'>27</span> <span class='ocrx_word' id='word_1_651' title='bbox 1038 1160 1156 1187; x_wconf 88' lang='lat' dir='ltr'>Terram</span> <span class='ocrx_word' id='word_1_652' title='bbox 1168 1159 1261 1186; x_wconf 90' lang='lat' dir='ltr'>rudem</span> <span class='ocrx_word' id='word_1_653' title='bbox 1275 1168 1336 1193; x_wconf 89' lang='lat' dir='ltr'>pro·</span> <span class='ocrx_word' id='word_1_654' title='bbox 1395 1156 1477 1185; x_wconf 83' lang='lat' dir='ltr'>Plaut.</span> <span class='ocrx_word' id='word_1_655' title='bbox 1489 1159 1566 1185; x_wconf 90' lang='lat' dir='ltr'>Curc.</span> <span class='ocrx_word' id='word_1_656' title='bbox 1580 1169 1608 1193; x_wconf 86' lang='lat'>4,</span> <span class='ocrx_word' id='word_1_657' title='bbox 1623 1169 1652 1194; x_wconf 86' lang='lat'>4,</span> <span class='ocrx_word' id='word_1_658' title='bbox 1665 1168 1706 1186; x_wconf 88' lang='lat'>22.</span> <span class='ocrx_word' id='word_1_659' title='bbox 1727 1162 1774 1187; x_wconf 87' lang='lat' dir='ltr'>alii</span> <span class='ocrx_word' id='word_1_660' title='bbox 1788 1162 1872 1187; x_wconf 82' lang='lat' dir='ltr'>aliter.</span> <span class='ocrx_word' id='word_1_661' title='bbox 2427 1165 2438 1190; x_wconf 73' lang='lat'>‘:</span> <span class='ocrx_word' id='word_1_662' title='bbox 2454 1163 2455 1167; x_wconf 78' lang='grc'>’</span> 
     </span>
     <span class='ocr_line' id='line_1_52' title="bbox 294 1194 2447 1233; baseline -0.002 -6"><span class='ocrx_word' id='word_1_663' title='bbox 294 1199 413 1228; x_wconf 76' lang='lat' dir='ltr'>scindere</span> <span class='ocrx_word' id='word_1_664' title='bbox 424 1204 529 1233; x_wconf 79' lang='lat' dir='ltr'>oportet</span> <span class='ocrx_word' id='word_1_665' title='bbox 541 1208 546 1224; x_wconf 92' lang='lat'>:</span> <span class='ocrx_word' id='word_1_666' title='bbox 583 1205 650 1232; x_wconf 93' lang='lat' dir='ltr'>quae</span> <span class='ocrx_word' id='word_1_667' title='bbox 663 1198 721 1224; x_wconf 85' lang='lat' dir='ltr'>sunt</span> <span class='ocrx_word' id='word_1_668' title='bbox 734 1206 765 1224; x_wconf 90' lang='lat' dir='ltr'>ex</span> <span class='ocrx_word' id='word_1_669' title='bbox 777 1205 807 1223; x_wconf 88' lang='lat' dir='ltr'>ca</span> <span class='ocrx_word' id='word_1_670' title='bbox 820 1202 894 1223; x_wconf 88' lang='lat' dir='ltr'>enata</span> <span class='ocrx_word' id='word_1_671' title='bbox 906 1197 996 1230; x_wconf 85' lang='lat' dir='ltr'>prius,</span> <span class='ocrx_word' id='word_1_672' title='bbox 1016 1204 1095 1230; x_wconf 89' lang='lat' dir='ltr'>quam</span> <span class='ocrx_word' id='word_1_673' title='bbox 1107 1204 1139 1222; x_wconf 82' lang='lat' dir='ltr'>ex</span> <span class='ocrx_word' id='word_1_674' title='bbox 1160 1196 1193 1221; x_wconf 83' lang='lat' dir='ltr'>iis</span> <span class='ocrx_word' id='word_1_675' title='bbox 1214 1194 1279 1230; x_wconf 89' lang='lat' dir='ltr'>quid</span> <span class='ocrx_word' id='word_1_676' title='bbox 1299 1195 1337 1221; x_wconf 86' lang='lat' dir='ltr'>se·</span> <span class='ocrx_word' id='word_1_677' title='bbox 1430 1199 1447 1220; x_wconf 87' lang='grc' dir='ltr'>Ε</span> <span class='ocrx_word' id='word_1_678' title='bbox 1457 1200 1496 1220; x_wconf 90' lang='lat' dir='ltr'>xs</span> <span class='ocrx_word' id='word_1_679' title='bbox 1506 1202 1515 1220; x_wconf 91' lang='lat'>1</span> <span class='ocrx_word' id='word_1_680' title='bbox 1524 1201 1574 1221; x_wconf 87' lang='lat' dir='ltr'>GN</span> <span class='ocrx_word' id='word_1_681' title='bbox 1583 1202 1619 1227; x_wconf 88' lang='grc' dir='ltr'>ο,</span> <span class='ocrx_word' id='word_1_682' title='bbox 1638 1200 1690 1222; x_wconf 75' lang='lat' dir='ltr'>are.</span> <span class='ocrx_word' id='word_1_683' title='bbox 1727 1195 1823 1231; x_wconf 73' lang='grc' dir='ltr'>[ςίξω]</span> <span class='ocrx_word' id='word_1_684' title='bbox 1860 1195 1928 1223; x_wconf 84' lang='lat' dir='ltr'>Idem</span> <span class='ocrx_word' id='word_1_685' title='bbox 1941 1195 2007 1231; x_wconf 82' lang='lat' dir='ltr'>quod</span> <span class='ocrx_word' id='word_1_686' title='bbox 2024 1196 2138 1233; x_wconf 76' lang='lat' dir='ltr'>sig-nare.</span> <span class='ocrx_word' id='word_1_687' title='bbox 2174 1196 2235 1223; x_wconf 87' lang='lat' dir='ltr'>Liu.</span> <span class='ocrx_word' id='word_1_688' title='bbox 2250 1204 2275 1230; x_wconf 89' lang='grc' dir='ltr'>ι,</span> <span class='ocrx_word' id='word_1_689' title='bbox 2292 1204 2327 1223; x_wconf 87' lang='lat'>20</span> <span class='ocrx_word' id='word_1_690' title='bbox 2353 1194 2447 1230; x_wconf 67' lang='lat' dir='ltr'>Eique⁴</span> 
     </span>
     <span class='ocr_line' id='line_1_53' title="bbox 295 1229 2455 1268; baseline -0.002 -7"><span class='ocrx_word' id='word_1_691' title='bbox 295 1235 376 1262; x_wconf 86' lang='lat' dir='ltr'>minis</span> <span class='ocrx_word' id='word_1_692' title='bbox 389 1234 476 1264; x_wconf 89' lang='lat' dir='ltr'>cadat,</span> <span class='ocrx_word' id='word_1_693' title='bbox 485 1239 514 1260; x_wconf 89' lang='lat' dir='ltr'>vt</span> <span class='ocrx_word' id='word_1_694' title='bbox 527 1233 576 1260; x_wconf 88' lang='lat' dir='ltr'>sint</span> <span class='ocrx_word' id='word_1_695' title='bbox 589 1232 747 1260; x_wconf 85' lang='lat' dir='ltr'>exradicata.</span> <span class='ocrx_word' id='word_1_696' title='bbox 785 1233 946 1268; x_wconf 78' lang='lat' dir='ltr'>Frequentius</span> <span class='ocrx_word' id='word_1_697' title='bbox 958 1238 1038 1258; x_wconf 69' lang='lat' dir='ltr'>tamen</span> <span class='ocrx_word' id='word_1_698' title='bbox 1049 1234 1077 1258; x_wconf 87' lang='lat' dir='ltr'>in</span> <span class='ocrx_word' id='word_1_699' title='bbox 1091 1231 1136 1267; x_wconf 81' lang='lat' dir='ltr'>vsu</span> <span class='ocrx_word' id='word_1_700' title='bbox 1148 1229 1181 1264; x_wconf 75' lang='lat' dir='ltr'>eli</span> <span class='ocrx_word' id='word_1_701' title='bbox 1188 1230 1337 1262; x_wconf 86' lang='lat' dir='ltr'>Eradicare,</span> <span class='ocrx_word' id='word_1_702' title='bbox 1394 1230 1464 1256; x_wconf 83' lang='lat' dir='ltr'>sacra</span> <span class='ocrx_word' id='word_1_703' title='bbox 1478 1230 1569 1257; x_wconf 84' lang='lat' dir='ltr'>onmia</span> <span class='ocrx_word' id='word_1_704' title='bbox 1580 1231 1707 1266; x_wconf 82' lang='lat' dir='ltr'>exscripta</span> <span class='ocrx_word' id='word_1_705' title='bbox 1719 1231 1902 1266; x_wconf 79' lang='lat' dir='ltr'>exsignataque</span> <span class='ocrx_word' id='word_1_706' title='bbox 1916 1231 2046 1258; x_wconf 80' lang='lat' dir='ltr'>attribuit.</span> <span class='ocrx_word' id='word_1_707' title='bbox 2082 1231 2164 1258; x_wconf 75' lang='lat' dir='ltr'>Plaut-</span> <span class='ocrx_word' id='word_1_708' title='bbox 2178 1231 2261 1259; x_wconf 88' lang='lat' dir='ltr'>Trin.</span> <span class='ocrx_word' id='word_1_709' title='bbox 2273 1240 2297 1264; x_wconf 86' lang='lat'>3,</span> <span class='ocrx_word' id='word_1_710' title='bbox 2308 1239 2336 1265; x_wconf 79' lang='lat'>2,</span> <span class='ocrx_word' id='word_1_711' title='bbox 2342 1239 2377 1264; x_wconf 76' lang='lat'>29</span> <span class='ocrx_word' id='word_1_712' title='bbox 2383 1231 2455 1266; x_wconf 48' lang='lat' dir='ltr'>figor</span> 
     </span>
     <span class='ocr_line' id='line_1_54' title="bbox 292 1265 2445 1301; baseline -0.002 -4"><span class='ocrx_word' id='word_1_713' title='bbox 292 1271 347 1298; x_wconf 82' lang='lat' dir='ltr'>vid.</span> <span class='ocrx_word' id='word_1_714' title='bbox 364 1275 512 1297; x_wconf 80' lang='lat' dir='ltr'>ERADICO.</span> <span class='ocrx_word' id='word_1_715' title='bbox 1344 1275 1378 1300; x_wconf 81' lang='lat'>30</span> <span class='ocrx_word' id='word_1_716' title='bbox 1395 1265 1486 1292; x_wconf 84' lang='lat' dir='ltr'>omnia</span> <span class='ocrx_word' id='word_1_717' title='bbox 1498 1265 1555 1292; x_wconf 85' lang='lat' dir='ltr'>istic</span> <span class='ocrx_word' id='word_1_718' title='bbox 1568 1275 1634 1301; x_wconf 89' lang='lat' dir='ltr'>quae</span> <span class='ocrx_word' id='word_1_719' title='bbox 1647 1266 1739 1293; x_wconf 85' lang='lat' dir='ltr'>dixisti</span> <span class='ocrx_word' id='word_1_720' title='bbox 1751 1267 1821 1299; x_wconf 86' lang='lat' dir='ltr'>scio,</span> <span class='ocrx_word' id='word_1_721' title='bbox 1845 1266 1888 1293; x_wconf 86' lang='lat' dir='ltr'>vel</span> <span class='ocrx_word' id='word_1_722' title='bbox 1901 1267 2080 1301; x_wconf 81' lang='lat' dir='ltr'>exsignauero.</span> <span class='ocrx_word' id='word_1_723' title='bbox 2429 1274 2445 1287; x_wconf 51' lang='grc' dir='ltr'>Μ’</span> 
     </span>
     <span class='ocr_line' id='line_1_55' title="bbox 329 1301 2445 1339; baseline -0.002 -7"><span class='ocrx_word' id='word_1_724' title='bbox 329 1311 496 1336; x_wconf 68' lang='grc' dir='ltr'><strong>ΕΧΧΕΟΕ,</strong></span> <span class='ocrx_word' id='word_1_725' title='bbox 515 1302 724 1339; x_wconf 84' lang='lat' dir='ltr'>i.quirexfuit.</span> <span class='ocrx_word' id='word_1_726' title='bbox 761 1301 1336 1338; x_wconf 80' lang='lat' dir='ltr'>VadomariusexregeAlemannorumAm-</span> <span class='ocrx_word' id='word_1_727' title='bbox 1430 1302 1915 1334; x_wconf 73' lang='lat' dir='ltr'>EXS1L10,EXSiLivM‚vid.</span> <span class='ocrx_word' id='word_1_728' title='bbox 1934 1307 2301 1334; x_wconf 75' lang='lat' dir='ltr'>1-:x1L10‚Ex11.1vm.</span> <span class='ocrx_word' id='word_1_729' title='bbox 2423 1303 2445 1337; x_wconf 47' lang='lat' dir='ltr'>gg</span> 
     </span>
     <span class='ocr_line' id='line_1_56' title="bbox 293 1337 2450 1373; baseline -0.003 -6"><span class='ocrx_word' id='word_1_730' title='bbox 293 1340 375 1369; x_wconf 86' lang='lat' dir='ltr'>mian.</span> <span class='ocrx_word' id='word_1_731' title='bbox 391 1348 431 1373; x_wconf 81' lang='lat'>29,</span> <span class='ocrx_word' id='word_1_732' title='bbox 445 1348 464 1366; x_wconf 92' lang='lat'>1.</span> <span class='ocrx_word' id='word_1_733' title='bbox 533 1338 602 1366; x_wconf 81' lang='lat' dir='ltr'>Add.</span> <span class='ocrx_word' id='word_1_734' title='bbox 616 1338 656 1365; x_wconf 93' lang='lat' dir='ltr'>Id.</span> <span class='ocrx_word' id='word_1_735' title='bbox 671 1341 712 1370; x_wconf 80' lang='lat'>26,</span> <span class='ocrx_word' id='word_1_736' title='bbox 728 1342 751 1368; x_wconf 85' lang='lat'>8.</span> <span class='ocrx_word' id='word_1_737' title='bbox 1428 1342 1475 1363; x_wconf 84' lang='grc' dir='ltr'>ἘΧ</span> <span class='ocrx_word' id='word_1_738' title='bbox 1484 1342 1497 1362; x_wconf 88' lang='lat' dir='ltr'>s</span> <span class='ocrx_word' id='word_1_739' title='bbox 1506 1343 1515 1363; x_wconf 80' lang='lat' dir='ltr'>x</span> <span class='ocrx_word' id='word_1_740' title='bbox 1524 1344 1549 1363; x_wconf 90' lang='lat' dir='ltr'>M</span> <span class='ocrx_word' id='word_1_741' title='bbox 1558 1343 1577 1362; x_wconf 92' lang='lat' dir='ltr'>v</span> <span class='ocrx_word' id='word_1_742' title='bbox 1588 1344 1631 1363; x_wconf 78' lang='lat' dir='ltr'>Lo</span> <span class='ocrx_word' id='word_1_743' title='bbox 1640 1357 1649 1370; x_wconf 86' lang='lat'>,</span> <span class='ocrx_word' id='word_1_744' title='bbox 1668 1340 1721 1363; x_wconf 64' lang='lat' dir='ltr'>are.</span> <span class='ocrx_word' id='word_1_745' title='bbox 1757 1338 1830 1365; x_wconf 88' lang='lat' dir='ltr'>Non.</span> <span class='ocrx_word' id='word_1_746' title='bbox 1846 1346 1874 1371; x_wconf 80' lang='lat'>4,</span> <span class='ocrx_word' id='word_1_747' title='bbox 1888 1340 1931 1365; x_wconf 83' lang='lat'>62.</span> <span class='ocrx_word' id='word_1_748' title='bbox 1949 1338 1987 1364; x_wconf 82' lang='lat' dir='ltr'>ed.</span> <span class='ocrx_word' id='word_1_749' title='bbox 2000 1339 2080 1364; x_wconf 89' lang='lat' dir='ltr'>Merc.</span> <span class='ocrx_word' id='word_1_750' title='bbox 2092 1338 2125 1364; x_wconf 88' lang='lat' dir='ltr'>al.</span> <span class='ocrx_word' id='word_1_751' title='bbox 2138 1337 2269 1364; x_wconf 87' lang='lat' dir='ltr'>simulare.</span> <span class='ocrx_word' id='word_1_752' title='bbox 2368 1350 2370 1352; x_wconf 97' lang='lat'>·</span> <span class='ocrx_word' id='word_1_753' title='bbox 2431 1343 2450 1361; x_wconf 67' lang='grc' dir='ltr'>ο,</span> 
     </span>
     <span class='ocr_line' id='line_1_57' title="bbox 330 1366 2453 1409; baseline -0.001 -6"><span class='ocrx_word' id='word_1_754' title='bbox 330 1383 347 1402; x_wconf 86' lang='grc' dir='ltr'>Ε</span> <span class='ocrx_word' id='word_1_755' title='bbox 355 1383 373 1403; x_wconf 87' lang='grc' dir='ltr'>Χ</span> <span class='ocrx_word' id='word_1_756' title='bbox 382 1382 401 1402; x_wconf 97' lang='lat' dir='ltr'>R</span> <span class='ocrx_word' id='word_1_757' title='bbox 411 1374 431 1401; x_wconf 79' lang='grc' dir='ltr'><strong>ὅ</strong></span> <span class='ocrx_word' id='word_1_758' title='bbox 439 1381 462 1401; x_wconf 80' lang='lat' dir='ltr'>G</span> <span class='ocrx_word' id='word_1_759' title='bbox 470 1381 489 1401; x_wconf 94' lang='lat' dir='ltr'>o</span> <span class='ocrx_word' id='word_1_760' title='bbox 497 1394 506 1407; x_wconf 95' lang='lat'>,</span> <span class='ocrx_word' id='word_1_761' title='bbox 525 1378 578 1401; x_wconf 70' lang='lat' dir='ltr'>are.</span> <span class='ocrx_word' id='word_1_762' title='bbox 615 1373 760 1409; x_wconf 52' lang='grc' dir='ltr'>[ἐφαςρὲω]</span> <span class='ocrx_word' id='word_1_763' title='bbox 794 1374 832 1401; x_wconf 87' lang='lat' dir='ltr'>Ex</span> <span class='ocrx_word' id='word_1_764' title='bbox 841 1373 898 1409; x_wconf 85' lang='lat' dir='ltr'>lege</span> <span class='ocrx_word' id='word_1_765' title='bbox 905 1379 994 1401; x_wconf 89' lang='lat' dir='ltr'>vetere</span> <span class='ocrx_word' id='word_1_766' title='bbox 1006 1371 1109 1408; x_wconf 90' lang='lat' dir='ltr'>aliquid</span> <span class='ocrx_word' id='word_1_767' title='bbox 1118 1371 1235 1399; x_wconf 84' lang='lat' dir='ltr'>eximere</span> <span class='ocrx_word' id='word_1_768' title='bbox 1246 1379 1292 1406; x_wconf 86' lang='lat' dir='ltr'>per</span> <span class='ocrx_word' id='word_1_769' title='bbox 1298 1370 1334 1397; x_wconf 87' lang='lat' dir='ltr'>le·</span> <span class='ocrx_word' id='word_1_770' title='bbox 1430 1378 1447 1398; x_wconf 87' lang='grc' dir='ltr'>Ε</span> <span class='ocrx_word' id='word_1_771' title='bbox 1457 1377 1476 1397; x_wconf 92' lang='grc' dir='ltr'>Χ</span> <span class='ocrx_word' id='word_1_772' title='bbox 1488 1378 1518 1398; x_wconf 86' lang='lat' dir='ltr'>SI</span> <span class='ocrx_word' id='word_1_773' title='bbox 1529 1379 1553 1398; x_wconf 88' lang='lat' dir='ltr'><em>M</em></span> <span class='ocrx_word' id='word_1_774' title='bbox 1563 1379 1582 1399; x_wconf 93' lang='lat' dir='ltr'><strong>v</strong></span> <span class='ocrx_word' id='word_1_775' title='bbox 1594 1379 1611 1398; x_wconf 83' lang='lat' dir='ltr'>L</span> <span class='ocrx_word' id='word_1_776' title='bbox 1622 1379 1643 1399; x_wconf 89' lang='lat' dir='ltr'>A</span> <span class='ocrx_word' id='word_1_777' title='bbox 1651 1379 1673 1399; x_wconf 78' lang='lat' dir='ltr'>‘r</span> <span class='ocrx_word' id='word_1_778' title='bbox 1681 1380 1707 1398; x_wconf 88' lang='grc' dir='ltr'>Ε.</span> <span class='ocrx_word' id='word_1_779' title='bbox 1729 1373 1797 1400; x_wconf 85' lang='lat' dir='ltr'>Adu.</span> <span class='ocrx_word' id='word_1_780' title='bbox 1835 1373 1928 1408; x_wconf 79' lang='lat' dir='ltr'>Aliqui</span> <span class='ocrx_word' id='word_1_781' title='bbox 1953 1373 2105 1400; x_wconf 84' lang='lat' dir='ltr'>exfimulate</span> <span class='ocrx_word' id='word_1_782' title='bbox 2134 1372 2270 1400; x_wconf 84' lang='lat' dir='ltr'>Christum</span> <span class='ocrx_word' id='word_1_783' title='bbox 2289 1366 2446 1408; x_wconf 65' lang='lat' dir='ltr'>praedicans</span> <span class='ocrx_word' id='word_1_784' title='bbox 2450 1390 2453 1392; x_wconf 93' lang='lat'><em>-</em></span> 
     </span>
     <span class='ocr_line' id='line_1_58' title="bbox 291 1406 2466 1446; baseline -0.001 -9"><span class='ocrx_word' id='word_1_785' title='bbox 291 1420 351 1446; x_wconf 82' lang='lat' dir='ltr'>gem</span> <span class='ocrx_word' id='word_1_786' title='bbox 365 1419 470 1437; x_wconf 92' lang='lat' dir='ltr'>nouam.</span> <span class='ocrx_word' id='word_1_787' title='bbox 495 1409 591 1436; x_wconf 85' lang='lat' dir='ltr'>Festus.</span> <span class='ocrx_word' id='word_1_788' title='bbox 634 1409 692 1436; x_wconf 87' lang='lat' dir='ltr'>Vid.</span> <span class='ocrx_word' id='word_1_789' title='bbox 709 1415 826 1437; x_wconf 84' lang='lat' dir='ltr'>EROGO.</span> <span class='ocrx_word' id='word_1_790' title='bbox 1392 1406 1512 1434; x_wconf 83' lang='lat' dir='ltr'>Tertiill.</span> <span class='ocrx_word' id='word_1_791' title='bbox 1520 1407 1579 1434; x_wconf 88' lang='lat' dir='ltr'>adu.</span> <span class='ocrx_word' id='word_1_792' title='bbox 1588 1408 1671 1434; x_wconf 88' lang='lat' dir='ltr'>Marc.</span> <span class='ocrx_word' id='word_1_793' title='bbox 1685 1415 1759 1441; x_wconf 77' lang='lat'>5,20.</span> <span class='ocrx_word' id='word_1_794' title='bbox 1779 1408 1832 1435; x_wconf 84' lang='lat' dir='ltr'>vid.</span> <span class='ocrx_word' id='word_1_795' title='bbox 1843 1409 1897 1436; x_wconf 84' lang='lat' dir='ltr'>Iun.</span> <span class='ocrx_word' id='word_1_796' title='bbox 1906 1415 1956 1435; x_wconf 87' lang='lat' dir='ltr'>not.</span> <span class='ocrx_word' id='word_1_797' title='bbox 1960 1416 1989 1444; x_wconf 84' lang='lat' dir='ltr'>p.</span> <span class='ocrx_word' id='word_1_798' title='bbox 1996 1413 2049 1442; x_wconf 80' lang='lat'>265.</span> <span class='ocrx_word' id='word_1_799' title='bbox 2057 1410 2090 1435; x_wconf 88' lang='lat' dir='ltr'>al.</span> <span class='ocrx_word' id='word_1_800' title='bbox 2098 1417 2129 1435; x_wconf 88' lang='lat' dir='ltr'>ex</span> <span class='ocrx_word' id='word_1_801' title='bbox 2143 1408 2282 1434; x_wconf 79' lang='lat' dir='ltr'>simultate.</span> <span class='ocrx_word' id='word_1_802' title='bbox 2391 1406 2401 1411; x_wconf 79' lang='lat'><strong><em>‘</em></strong></span> <span class='ocrx_word' id='word_1_803' title='bbox 2418 1413 2419 1416; x_wconf 77' lang='grc'>’</span> <span class='ocrx_word' id='word_1_804' title='bbox 2433 1413 2466 1434; x_wconf 54' lang='grc' dir='ltr'>τὶ,</span> 
     </span>
    </p>
   </div>
   <div class='ocr_carea' id='block_1_7' title="bbox 285 1443 2450 1694">
    <p class='ocr_par' dir='ltr' id='par_1_7' title="bbox 285 1443 2442 1547">
     <span class='ocr_line' id='line_1_59' title="bbox 330 1443 2442 1479; baseline -0.001 -7"><span class='ocrx_word' id='word_1_805' title='bbox 330 1453 347 1473; x_wconf 88' lang='grc' dir='ltr'>Ε</span> <span class='ocrx_word' id='word_1_806' title='bbox 356 1452 374 1472; x_wconf 87' lang='grc' dir='ltr'>Χ</span> <span class='ocrx_word' id='word_1_807' title='bbox 383 1453 403 1472; x_wconf 84' lang='lat' dir='ltr'>R</span> <span class='ocrx_word' id='word_1_808' title='bbox 412 1452 432 1471; x_wconf 93' lang='lat' dir='ltr'>v</span> <span class='ocrx_word' id='word_1_809' title='bbox 442 1452 466 1472; x_wconf 82' lang='lat' dir='ltr'>M</span> <span class='ocrx_word' id='word_1_810' title='bbox 475 1452 485 1472; x_wconf 94' lang='lat'>1</span> <span class='ocrx_word' id='word_1_811' title='bbox 494 1452 557 1476; x_wconf 89' lang='lat' dir='ltr'>No,</span> <span class='ocrx_word' id='word_1_812' title='bbox 577 1449 630 1471; x_wconf 75' lang='lat' dir='ltr'>are.</span> <span class='ocrx_word' id='word_1_813' title='bbox 668 1444 799 1471; x_wconf 86' lang='lat' dir='ltr'>Cochleae</span> <span class='ocrx_word' id='word_1_814' title='bbox 811 1444 1008 1472; x_wconf 85' lang='lat' dir='ltr'>exruininantes</span> <span class='ocrx_word' id='word_1_815' title='bbox 1028 1445 1105 1470; x_wconf 89' lang='lat' dir='ltr'>Varr.</span> <span class='ocrx_word' id='word_1_816' title='bbox 1119 1443 1150 1470; x_wconf 89' lang='lat' dir='ltr'>R.</span> <span class='ocrx_word' id='word_1_817' title='bbox 1164 1443 1196 1469; x_wconf 89' lang='lat' dir='ltr'>R.</span> <span class='ocrx_word' id='word_1_818' title='bbox 1209 1450 1222 1474; x_wconf 83' lang='lat'>3</span> <span class='ocrx_word' id='word_1_819' title='bbox 1231 1462 1239 1475; x_wconf 89' lang='lat'>,</span> <span class='ocrx_word' id='word_1_820' title='bbox 1253 1451 1299 1476; x_wconf 84' lang='lat'>14,</span> <span class='ocrx_word' id='word_1_821' title='bbox 1313 1449 1336 1473; x_wconf 80' lang='lat'>3.</span> <span class='ocrx_word' id='word_1_822' title='bbox 1349 1452 1378 1479; x_wconf 78' lang='lat'>35</span> <span class='ocrx_word' id='word_1_823' title='bbox 1431 1449 1449 1473; x_wconf 80' lang='grc' dir='ltr'>Ε</span> <span class='ocrx_word' id='word_1_824' title='bbox 1461 1449 1479 1469; x_wconf 87' lang='grc' dir='ltr'>Χ</span> <span class='ocrx_word' id='word_1_825' title='bbox 1491 1450 1503 1470; x_wconf 89' lang='lat' dir='ltr'>s</span> <span class='ocrx_word' id='word_1_826' title='bbox 1514 1451 1523 1469; x_wconf 91' lang='lat'>1</span> <span class='ocrx_word' id='word_1_827' title='bbox 1532 1451 1552 1469; x_wconf 99' lang='lat' dir='ltr'>N</span> <span class='ocrx_word' id='word_1_828' title='bbox 1564 1450 1605 1470; x_wconf 69' lang='grc' dir='ltr'>ΟΕ</span> <span class='ocrx_word' id='word_1_829' title='bbox 1615 1450 1633 1470; x_wconf 88' lang='lat' dir='ltr'>R</span> <span class='ocrx_word' id='word_1_830' title='bbox 1643 1450 1665 1470; x_wconf 89' lang='lat' dir='ltr'>A</span> <span class='ocrx_word' id='word_1_831' title='bbox 1675 1449 1698 1469; x_wconf 84' lang='lat' dir='ltr'>&#39;r</span> <span class='ocrx_word' id='word_1_832' title='bbox 1708 1450 1729 1469; x_wconf 90' lang='lat' dir='ltr'>v</span> <span class='ocrx_word' id='word_1_833' title='bbox 1739 1451 1752 1471; x_wconf 87' lang='lat' dir='ltr'>s</span> <span class='ocrx_word' id='word_1_834' title='bbox 1762 1463 1770 1475; x_wconf 88' lang='lat'><em>‚</em></span> <span class='ocrx_word' id='word_1_835' title='bbox 1789 1453 1820 1476; x_wconf 88' lang='lat' dir='ltr'>a,</span> <span class='ocrx_word' id='word_1_836' title='bbox 1838 1453 1892 1470; x_wconf 93' lang='lat' dir='ltr'>um.</span> <span class='ocrx_word' id='word_1_837' title='bbox 1913 1443 1973 1470; x_wconf 79' lang='lat' dir='ltr'>Adi.</span> <span class='ocrx_word' id='word_1_838' title='bbox 2008 1445 2131 1478; x_wconf 82' lang='lat' dir='ltr'>Tergum</span> <span class='ocrx_word' id='word_1_839' title='bbox 2144 1443 2331 1470; x_wconf 82' lang='lat' dir='ltr'>exfincei-atum</span> <span class='ocrx_word' id='word_1_840' title='bbox 2357 1443 2420 1471; x_wconf 88' lang='lat' dir='ltr'>Plau</span> <span class='ocrx_word' id='word_1_841' title='bbox 2440 1443 2442 1446; x_wconf 74' lang='grc'>’</span> 
     </span>
     <span class='ocr_line' id='line_1_60' title="bbox 285 1476 2431 1519; baseline -0.001 -11"><span class='ocrx_word' id='word_1_842' title='bbox 285 1481 337 1519; x_wconf 76' lang='lat' dir='ltr'>sec.</span> <span class='ocrx_word' id='word_1_843' title='bbox 368 1482 458 1517; x_wconf 77' lang='lat' dir='ltr'>Scalig.</span> <span class='ocrx_word' id='word_1_844' title='bbox 491 1487 515 1508; x_wconf 87' lang='lat' dir='ltr'>et</span> <span class='ocrx_word' id='word_1_845' title='bbox 549 1479 657 1508; x_wconf 84' lang='lat' dir='ltr'>Turneb.</span> <span class='ocrx_word' id='word_1_846' title='bbox 717 1481 799 1517; x_wconf 79' lang='lat' dir='ltr'>Vulgo</span> <span class='ocrx_word' id='word_1_847' title='bbox 830 1480 980 1516; x_wconf 85' lang='lat' dir='ltr'>exgrumin.</span> <span class='ocrx_word' id='word_1_848' title='bbox 1033 1479 1133 1517; x_wconf 59' lang='lat' dir='ltr'>Gesner.</span> <span class='ocrx_word' id='word_1_849' title='bbox 1165 1479 1229 1506; x_wconf 84' lang='lat' dir='ltr'>velit</span> <span class='ocrx_word' id='word_1_850' title='bbox 1248 1486 1280 1504; x_wconf 84' lang='lat' dir='ltr'>ex</span> <span class='ocrx_word' id='word_1_851' title='bbox 1310 1477 1337 1504; x_wconf 87' lang='lat' dir='ltr'>se</span> <span class='ocrx_word' id='word_1_852' title='bbox 1396 1478 1476 1506; x_wconf 87' lang='lat' dir='ltr'>Most.</span> <span class='ocrx_word' id='word_1_853' title='bbox 1490 1486 1517 1510; x_wconf 85' lang='lat'>4,</span> <span class='ocrx_word' id='word_1_854' title='bbox 1530 1487 1550 1510; x_wconf 83' lang='grc' dir='ltr'>ι,</span> <span class='ocrx_word' id='word_1_855' title='bbox 1565 1487 1597 1504; x_wconf 91' lang='grc' dir='ltr'>ιι.</span> <span class='ocrx_word' id='word_1_856' title='bbox 1615 1481 1633 1504; x_wconf 85' lang='grc' dir='ltr'>ι’.</span> <span class='ocrx_word' id='word_1_857' title='bbox 1653 1485 1808 1505; x_wconf 79' lang='lat' dir='ltr'>cruentatum</span> <span class='ocrx_word' id='word_1_858' title='bbox 1822 1480 1968 1506; x_wconf 76' lang='lat' dir='ltr'>verberibus.</span> <span class='ocrx_word' id='word_1_859' title='bbox 2015 1480 2064 1508; x_wconf 85' lang='lat' dir='ltr'>Sed</span> <span class='ocrx_word' id='word_1_860' title='bbox 2095 1477 2128 1512; x_wconf 70' lang='lat' dir='ltr'>est</span> <span class='ocrx_word' id='word_1_861' title='bbox 2157 1488 2186 1505; x_wconf 80' lang='lat' dir='ltr'>ex</span> <span class='ocrx_word' id='word_1_862' title='bbox 2214 1476 2356 1506; x_wconf 55' lang='lat' dir='ltr'>comessura</span> <span class='ocrx_word' id='word_1_863' title='bbox 2372 1478 2431 1514; x_wconf 79' lang='lat' dir='ltr'>sola</span> 
     </span>
     <span class='ocr_line' id='line_1_61' title="bbox 291 1513 1865 1547; baseline -0.003 -3"><span class='ocrx_word' id='word_1_864' title='bbox 291 1517 462 1546; x_wconf 79' lang='lat' dir='ltr'>ruminantes.</span> <span class='ocrx_word' id='word_1_865' title='bbox 1393 1513 1463 1542; x_wconf 68' lang='lat' dir='ltr'>Adii.</span> <span class='ocrx_word' id='word_1_866' title='bbox 1481 1514 1584 1540; x_wconf 87' lang='lat' dir='ltr'>Taubm.</span> <span class='ocrx_word' id='word_1_867' title='bbox 1598 1513 1633 1539; x_wconf 88' lang='lat' dir='ltr'>ad</span> <span class='ocrx_word' id='word_1_868' title='bbox 1644 1514 1722 1539; x_wconf 82' lang='lat' dir='ltr'>Poen.</span> <span class='ocrx_word' id='word_1_869' title='bbox 1733 1522 1767 1547; x_wconf 86' lang='lat'>4,</span> <span class='ocrx_word' id='word_1_870' title='bbox 1781 1522 1807 1547; x_wconf 88' lang='lat'>2,</span> <span class='ocrx_word' id='word_1_871' title='bbox 1820 1516 1865 1547; x_wconf 81' lang='lat'>64.</span> 
     </span>
    </p>

    <p class='ocr_par' dir='ltr' id='par_1_8' title="bbox 702 1546 2450 1616">
     <span class='ocr_line' id='line_1_62' title="bbox 702 1546 2450 1584; baseline 0 -8"><span class='ocrx_word' id='word_1_872' title='bbox 702 1553 729 1584; x_wconf 79' lang='grc' dir='ltr'><strong>Ε</strong></span> <span class='ocrx_word' id='word_1_873' title='bbox 825 1552 853 1584; x_wconf 83' lang='grc' dir='ltr'>Χ</span> <span class='ocrx_word' id='word_1_874' title='bbox 929 1553 949 1584; x_wconf 84' lang='lat' dir='ltr'>S</span> <span class='ocrx_word' id='word_1_875' title='bbox 1432 1556 1451 1575; x_wconf 86' lang='grc' dir='ltr'>Ε</span> <span class='ocrx_word' id='word_1_876' title='bbox 1459 1556 1478 1575; x_wconf 89' lang='grc' dir='ltr'>Χ</span> <span class='ocrx_word' id='word_1_877' title='bbox 1488 1555 1501 1575; x_wconf 90' lang='lat' dir='ltr'>s</span> <span class='ocrx_word' id='word_1_878' title='bbox 1512 1555 1522 1574; x_wconf 93' lang='lat'>1</span> <span class='ocrx_word' id='word_1_879' title='bbox 1533 1554 1556 1574; x_wconf 80' lang='lat' dir='ltr'>N</span> <span class='ocrx_word' id='word_1_880' title='bbox 1565 1555 1586 1572; x_wconf 91' lang='lat' dir='ltr'>v</span> <span class='ocrx_word' id='word_1_881' title='bbox 1598 1554 1618 1574; x_wconf 93' lang='lat' dir='ltr'>o</span> <span class='ocrx_word' id='word_1_882' title='bbox 1628 1567 1637 1580; x_wconf 90' lang='lat'>,</span> <span class='ocrx_word' id='word_1_883' title='bbox 1653 1553 1707 1575; x_wconf 79' lang='lat' dir='ltr'>are.</span> <span class='ocrx_word' id='word_1_884' title='bbox 1743 1550 1811 1576; x_wconf 81' lang='lat' dir='ltr'>velut</span> <span class='ocrx_word' id='word_1_885' title='bbox 1824 1549 1860 1575; x_wconf 81' lang='lat' dir='ltr'>Ex</span> <span class='ocrx_word' id='word_1_886' title='bbox 1874 1548 1929 1575; x_wconf 90' lang='lat' dir='ltr'>sinu</span> <span class='ocrx_word' id='word_1_887' title='bbox 1941 1551 2060 1575; x_wconf 80' lang='lat' dir='ltr'>emittere.</span> <span class='ocrx_word' id='word_1_888' title='bbox 2094 1548 2172 1582; x_wconf 85' lang='lat' dir='ltr'>Virg.</span> <span class='ocrx_word' id='word_1_889' title='bbox 2180 1548 2234 1574; x_wconf 84' lang='lat' dir='ltr'>siue</span> <span class='ocrx_word' id='word_1_890' title='bbox 2247 1547 2380 1575; x_wconf 86' lang='lat' dir='ltr'>Auson.in</span> <span class='ocrx_word' id='word_1_891' title='bbox 2387 1546 2450 1576; x_wconf 58' lang='lat' dir='ltr'>Ro:</span> 
     </span>
     <span class='ocr_line' id='line_1_63' title="bbox 1397 1583 2440 1616; baseline 0.001 -5"><span class='ocrx_word' id='word_1_892' title='bbox 1397 1584 1428 1611; x_wconf 85' lang='lat' dir='ltr'>sis</span> <span class='ocrx_word' id='word_1_893' title='bbox 1442 1592 1483 1616; x_wconf 84' lang='lat'>14,</span> <span class='ocrx_word' id='word_1_894' title='bbox 1496 1592 1529 1616; x_wconf 89' lang='lat'>29</span> <span class='ocrx_word' id='word_1_895' title='bbox 1548 1583 1657 1610; x_wconf 84' lang='lat' dir='ltr'>Vertice</span> <span class='ocrx_word' id='word_1_896' title='bbox 1679 1583 1806 1610; x_wconf 62' lang='lat' dir='ltr'>collectos</span> <span class='ocrx_word' id='word_1_897' title='bbox 1839 1584 1886 1610; x_wconf 87' lang='lat' dir='ltr'>illa</span> <span class='ocrx_word' id='word_1_898' title='bbox 1912 1584 2061 1611; x_wconf 80' lang='lat' dir='ltr'>exsinuabat</span> <span class='ocrx_word' id='word_1_899' title='bbox 2080 1584 2208 1616; x_wconf 71' lang='lat' dir='ltr'>amicius,</span> <span class='ocrx_word' id='word_1_900' title='bbox 2241 1584 2296 1610; x_wconf 88' lang='lat' dir='ltr'>Iam</span> <span class='ocrx_word' id='word_1_901' title='bbox 2311 1583 2440 1612; x_wconf 71' lang='lat' dir='ltr'>meditans</span> 
     </span>
    </p>

    <p class='ocr_par' dir='ltr' id='par_1_9' title="bbox 294 1618 2437 1694">
     <span class='ocr_line' id='line_1_64' title="bbox 328 1618 2437 1658; baseline -0.002 -8"><span class='ocrx_word' id='word_1_902' title='bbox 328 1621 495 1650; x_wconf 59' lang='lat' dir='ltr'>EfoCRi</span> <span class='ocrx_word' id='word_1_903' title='bbox 506 1621 607 1653; x_wconf 69' lang='lat' dir='ltr'>fico,</span> <span class='ocrx_word' id='word_1_904' title='bbox 625 1624 679 1649; x_wconf 69' lang='lat' dir='ltr'>are.</span> <span class='ocrx_word' id='word_1_905' title='bbox 715 1620 852 1658; x_wconf 69' lang='grc' dir='ltr'><strong><em>[α’πσθῦω]</em></strong></span> <span class='ocrx_word' id='word_1_906' title='bbox 887 1621 965 1658; x_wconf 78' lang='lat' dir='ltr'>Apud</span> <span class='ocrx_word' id='word_1_907' title='bbox 975 1621 1031 1650; x_wconf 85' lang='lat' dir='ltr'>Cic.</span> <span class='ocrx_word' id='word_1_908' title='bbox 1044 1621 1076 1648; x_wconf 90' lang='lat' dir='ltr'>de</span> <span class='ocrx_word' id='word_1_909' title='bbox 1090 1621 1183 1649; x_wconf 90' lang='lat' dir='ltr'>Diuin.</span> <span class='ocrx_word' id='word_1_910' title='bbox 1198 1629 1219 1653; x_wconf 88' lang='grc' dir='ltr'>ι,</span> <span class='ocrx_word' id='word_1_911' title='bbox 1232 1629 1264 1655; x_wconf 85' lang='lat'>4²</span> <span class='ocrx_word' id='word_1_912' title='bbox 1279 1629 1301 1646; x_wconf 86' lang='lat' dir='ltr'>c.</span> <span class='ocrx_word' id='word_1_913' title='bbox 1310 1627 1379 1653; x_wconf 82' lang='lat'>2140</span> <span class='ocrx_word' id='word_1_914' title='bbox 1398 1618 1474 1646; x_wconf 81' lang='lat' dir='ltr'>foliis</span> <span class='ocrx_word' id='word_1_915' title='bbox 1505 1619 1530 1645; x_wconf 91' lang='lat' dir='ltr'>se</span> <span class='ocrx_word' id='word_1_916' title='bbox 1562 1627 1703 1645; x_wconf 89' lang='lat' dir='ltr'>numerare</span> <span class='ocrx_word' id='word_1_917' title='bbox 1733 1619 1795 1646; x_wconf 86' lang='lat' dir='ltr'>suis.</span> <span class='ocrx_word' id='word_1_918' title='bbox 1832 1619 1986 1646; x_wconf 86' lang='lat' dir='ltr'>Exsinuabat</span> <span class='ocrx_word' id='word_1_919' title='bbox 2015 1619 2144 1652; x_wconf 70' lang='lat' dir='ltr'>amictus,</span> <span class='ocrx_word' id='word_1_920' title='bbox 2167 1622 2185 1645; x_wconf 88' lang='lat' dir='ltr'>i.</span> <span class='ocrx_word' id='word_1_921' title='bbox 2202 1618 2347 1654; x_wconf 50' lang='lat' dir='ltr'>Euplicabat</span> <span class='ocrx_word' id='word_1_922' title='bbox 2357 1619 2437 1656; x_wconf 82' lang='lat' dir='ltr'>solia.</span> 
     </span>
     <span class='ocr_line' id='line_1_65' title="bbox 294 1652 2427 1694; baseline -0.002 -9"><span class='ocrx_word' id='word_1_923' title='bbox 294 1658 333 1685; x_wconf 76' lang='lat' dir='ltr'>Ex</span> <span class='ocrx_word' id='word_1_924' title='bbox 341 1658 435 1687; x_wconf 82' lang='lat' dir='ltr'>Ennio,</span> <span class='ocrx_word' id='word_1_925' title='bbox 447 1656 644 1684; x_wconf 83' lang='lat' dir='ltr'>Exsacrificabat</span> <span class='ocrx_word' id='word_1_926' title='bbox 657 1656 749 1683; x_wconf 72' lang='lat' dir='ltr'>hostiis</span> <span class='ocrx_word' id='word_1_927' title='bbox 761 1656 920 1684; x_wconf 60' lang='lat' dir='ltr'>balantibus</span> <span class='ocrx_word' id='word_1_928' title='bbox 938 1660 957 1684; x_wconf 88' lang='lat' dir='ltr'>i.</span> <span class='ocrx_word' id='word_1_929' title='bbox 969 1660 1080 1689; x_wconf 85' lang='lat' dir='ltr'>multum,</span> <span class='ocrx_word' id='word_1_930' title='bbox 1100 1664 1218 1694; x_wconf 83' lang='lat' dir='ltr'>quantum</span> <span class='ocrx_word' id='word_1_931' title='bbox 1226 1661 1339 1692; x_wconf 77' lang='lat' dir='ltr'>poterat,</span> <span class='ocrx_word' id='word_1_932' title='bbox 1396 1654 1519 1688; x_wconf 85' lang='lat' dir='ltr'>Prudent.</span> <span class='ocrx_word' id='word_1_933' title='bbox 1534 1653 1645 1689; x_wconf 85' lang='lat' dir='ltr'>Hippol.</span> <span class='ocrx_word' id='word_1_934' title='bbox 1659 1663 1702 1681; x_wconf 85' lang='lat'>222</span> <span class='ocrx_word' id='word_1_935' title='bbox 1721 1655 1777 1689; x_wconf 82' lang='lat' dir='ltr'>Qii</span> <span class='ocrx_word' id='word_1_936' title='bbox 1792 1654 1907 1682; x_wconf 88' lang='lat' dir='ltr'>laterum</span> <span class='ocrx_word' id='word_1_937' title='bbox 1920 1656 2016 1682; x_wconf 88' lang='lat' dir='ltr'>seriem</span> <span class='ocrx_word' id='word_1_938' title='bbox 2030 1655 2130 1689; x_wconf 79' lang='lat' dir='ltr'>iugiter</span> <span class='ocrx_word' id='word_1_939' title='bbox 2144 1654 2284 1681; x_wconf 81' lang='lat' dir='ltr'>exsinuent.</span> <span class='ocrx_word' id='word_1_940' title='bbox 2424 1652 2427 1659; x_wconf 70' lang='lat'><strong>⁴</strong></span> 
     </span>
    </p>
   </div>
   <div class='ocr_carea' id='block_1_8' title="bbox 286 1689 2449 2074">
    <p class='ocr_par' dir='ltr' id='par_1_10' title="bbox 286 1689 2449 2074">
     <span class='ocr_line' id='line_1_66' title="bbox 286 1689 2439 1731; baseline -0.002 -12"><span class='ocrx_word' id='word_1_941' title='bbox 286 1692 457 1731; x_wconf 68' lang='lat' dir='ltr'>ficrificabat.</span> <span class='ocrx_word' id='word_1_942' title='bbox 1432 1697 1449 1717; x_wconf 90' lang='grc' dir='ltr'>Ε</span> <span class='ocrx_word' id='word_1_943' title='bbox 1459 1696 1478 1716; x_wconf 97' lang='grc' dir='ltr'>Χ</span> <span class='ocrx_word' id='word_1_944' title='bbox 1488 1696 1500 1716; x_wconf 85' lang='lat' dir='ltr'>s</span> <span class='ocrx_word' id='word_1_945' title='bbox 1511 1698 1520 1716; x_wconf 91' lang='lat'>1</span> <span class='ocrx_word' id='word_1_946' title='bbox 1531 1696 1553 1716; x_wconf 82' lang='lat' dir='ltr'>N</span> <span class='ocrx_word' id='word_1_947' title='bbox 1563 1697 1584 1716; x_wconf 90' lang='lat' dir='ltr'>v</span> <span class='ocrx_word' id='word_1_948' title='bbox 1594 1697 1616 1717; x_wconf 88' lang='lat' dir='ltr'>A</span> <span class='ocrx_word' id='word_1_949' title='bbox 1624 1697 1646 1717; x_wconf 88' lang='lat' dir='ltr'>T</span> <span class='ocrx_word' id='word_1_950' title='bbox 1654 1697 1675 1716; x_wconf 92' lang='lat' dir='ltr'>v</span> <span class='ocrx_word' id='word_1_951' title='bbox 1684 1696 1697 1716; x_wconf 87' lang='lat' dir='ltr'>s</span> <span class='ocrx_word' id='word_1_952' title='bbox 1706 1710 1714 1722; x_wconf 93' lang='lat'>,</span> <span class='ocrx_word' id='word_1_953' title='bbox 1735 1699 1749 1716; x_wconf 91' lang='lat' dir='ltr'>a</span> <span class='ocrx_word' id='word_1_954' title='bbox 1757 1710 1766 1723; x_wconf 88' lang='lat'>‚</span> <span class='ocrx_word' id='word_1_955' title='bbox 1787 1699 1842 1717; x_wconf 90' lang='lat' dir='ltr'>um.</span> <span class='ocrx_word' id='word_1_956' title='bbox 1863 1691 1930 1718; x_wconf 87' lang='lat' dir='ltr'>Part.</span> <span class='ocrx_word' id='word_1_957' title='bbox 1966 1690 2184 1718; x_wconf 84' lang='lat' dir='ltr'>Paullin.Nolan.</span> <span class='ocrx_word' id='word_1_958' title='bbox 2196 1689 2274 1724; x_wconf 79' lang='lat' dir='ltr'>Epist.</span> <span class='ocrx_word' id='word_1_959' title='bbox 2286 1697 2322 1722; x_wconf 88' lang='lat'>49</span> <span class='ocrx_word' id='word_1_960' title='bbox 2331 1697 2359 1715; x_wconf 81' lang='lat' dir='ltr'>n.</span> <span class='ocrx_word' id='word_1_961' title='bbox 2364 1697 2378 1721; x_wconf 85' lang='lat'>3</span> <span class='ocrx_word' id='word_1_962' title='bbox 2387 1689 2439 1715; x_wconf 82' lang='lat' dir='ltr'>Ve-</span> 
     </span>
     <span class='ocr_line' id='line_1_67' title="bbox 332 1725 2437 1763; baseline -0.001 -8"><span class='ocrx_word' id='word_1_963' title='bbox 332 1735 349 1755; x_wconf 83' lang='lat' dir='ltr'>E</span> <span class='ocrx_word' id='word_1_964' title='bbox 360 1735 402 1754; x_wconf 84' lang='lat' dir='ltr'>xs</span> <span class='ocrx_word' id='word_1_965' title='bbox 411 1735 432 1755; x_wconf 79' lang='lat' dir='ltr'>A</span> <span class='ocrx_word' id='word_1_966' title='bbox 442 1734 458 1754; x_wconf 82' lang='grc' dir='ltr'>Ε</span> <span class='ocrx_word' id='word_1_967' title='bbox 466 1733 487 1752; x_wconf 90' lang='lat' dir='ltr'>v</span> <span class='ocrx_word' id='word_1_968' title='bbox 495 1734 505 1753; x_wconf 88' lang='lat'>1</span> <span class='ocrx_word' id='word_1_969' title='bbox 516 1732 536 1752; x_wconf 94' lang='grc' dir='ltr'>ο</span> <span class='ocrx_word' id='word_1_970' title='bbox 544 1746 553 1759; x_wconf 90' lang='grc'><strong><em>,</em></strong></span> <span class='ocrx_word' id='word_1_971' title='bbox 571 1732 594 1752; x_wconf 81' lang='lat' dir='ltr'>et</span> <span class='ocrx_word' id='word_1_972' title='bbox 609 1731 628 1752; x_wconf 83' lang='grc' dir='ltr'>Ε</span> <span class='ocrx_word' id='word_1_973' title='bbox 638 1732 657 1752; x_wconf 89' lang='grc' dir='ltr'>Χ</span> <span class='ocrx_word' id='word_1_974' title='bbox 665 1733 678 1753; x_wconf 92' lang='lat' dir='ltr'>s</span> <span class='ocrx_word' id='word_1_975' title='bbox 687 1731 708 1751; x_wconf 86' lang='lat' dir='ltr'>A</span> <span class='ocrx_word' id='word_1_976' title='bbox 718 1732 741 1751; x_wconf 95' lang='lat' dir='ltr'>N</span> <span class='ocrx_word' id='word_1_977' title='bbox 750 1733 760 1751; x_wconf 95' lang='lat'>1</span> <span class='ocrx_word' id='word_1_978' title='bbox 769 1732 788 1752; x_wconf 93' lang='lat' dir='ltr'>o</span> <span class='ocrx_word' id='word_1_979' title='bbox 796 1745 805 1757; x_wconf 93' lang='lat'>,</span> <span class='ocrx_word' id='word_1_980' title='bbox 821 1735 869 1752; x_wconf 84' lang='lat' dir='ltr'>non</span> <span class='ocrx_word' id='word_1_981' title='bbox 881 1729 962 1753; x_wconf 79' lang='lat' dir='ltr'>minus</span> <span class='ocrx_word' id='word_1_982' title='bbox 974 1736 1045 1763; x_wconf 83' lang='lat' dir='ltr'>quam</span> <span class='ocrx_word' id='word_1_983' title='bbox 1062 1727 1181 1761; x_wconf 84' lang='lat' dir='ltr'>Exsicco,</span> <span class='ocrx_word' id='word_1_984' title='bbox 1199 1727 1335 1760; x_wconf 85' lang='lat' dir='ltr'>Exsequor</span> <span class='ocrx_word' id='word_1_985' title='bbox 1396 1725 1452 1752; x_wconf 89' lang='lat' dir='ltr'>lum</span> <span class='ocrx_word' id='word_1_986' title='bbox 1466 1725 1629 1752; x_wconf 85' lang='lat' dir='ltr'>exsinuatum</span> <span class='ocrx_word' id='word_1_987' title='bbox 1642 1725 1671 1752; x_wconf 89' lang='lat' dir='ltr'>in</span> <span class='ocrx_word' id='word_1_988' title='bbox 1684 1732 1777 1753; x_wconf 82' lang='lat' dir='ltr'>contos</span> <span class='ocrx_word' id='word_1_989' title='bbox 1788 1727 1858 1753; x_wconf 82' lang='lat' dir='ltr'>suOS.</span> <span class='ocrx_word' id='word_1_990' title='bbox 2434 1727 2437 1730; x_wconf 74' lang='grc'>’</span> 
     </span>
     <span class='ocr_line' id='line_1_68' title="bbox 294 1758 2441 1799; baseline -0.001 -10"><span class='ocrx_word' id='word_1_991' title='bbox 294 1763 378 1799; x_wconf 84' lang='lat' dir='ltr'>placet</span> <span class='ocrx_word' id='word_1_992' title='bbox 400 1762 455 1793; x_wconf 85' lang='lat' dir='ltr'>his,</span> <span class='ocrx_word' id='word_1_993' title='bbox 475 1762 522 1796; x_wconf 89' lang='lat' dir='ltr'>qui</span> <span class='ocrx_word' id='word_1_994' title='bbox 541 1761 574 1788; x_wconf 81' lang='lat' dir='ltr'>de</span> <span class='ocrx_word' id='word_1_995' title='bbox 592 1760 781 1796; x_wconf 83' lang='lat' dir='ltr'>orthographia</span> <span class='ocrx_word' id='word_1_996' title='bbox 800 1761 972 1795; x_wconf 85' lang='lat' dir='ltr'>scripserunt,</span> <span class='ocrx_word' id='word_1_997' title='bbox 996 1763 1118 1795; x_wconf 79' lang='lat' dir='ltr'>quamuis</span> <span class='ocrx_word' id='word_1_998' title='bbox 1138 1760 1272 1795; x_wconf 88' lang='lat' dir='ltr'>euphonia</span> <span class='ocrx_word' id='word_1_999' title='bbox 1281 1779 1288 1790; x_wconf 94' lang='lat'><strong><em>‚</em></strong></span> <span class='ocrx_word' id='word_1_1000' title='bbox 1307 1765 1334 1785; x_wconf 87' lang='lat' dir='ltr'>et</span> <span class='ocrx_word' id='word_1_1001' title='bbox 1432 1767 1449 1786; x_wconf 85' lang='lat' dir='ltr'>E</span> <span class='ocrx_word' id='word_1_1002' title='bbox 1460 1767 1478 1785; x_wconf 97' lang='grc' dir='ltr'>Χ</span> <span class='ocrx_word' id='word_1_1003' title='bbox 1490 1767 1503 1786; x_wconf 88' lang='lat' dir='ltr'>s</span> <span class='ocrx_word' id='word_1_1004' title='bbox 1512 1766 1531 1786; x_wconf 93' lang='lat' dir='ltr'>o</span> <span class='ocrx_word' id='word_1_1005' title='bbox 1542 1767 1557 1784; x_wconf 81' lang='grc' dir='ltr'>ι.</span> <span class='ocrx_word' id='word_1_1006' title='bbox 1568 1767 1583 1786; x_wconf 83' lang='grc' dir='ltr'>Ε</span> <span class='ocrx_word' id='word_1_1007' title='bbox 1592 1768 1613 1786; x_wconf 87' lang='grc' dir='ltr'>Ν</span> <span class='ocrx_word' id='word_1_1008' title='bbox 1622 1768 1635 1786; x_wconf 89' lang='lat' dir='ltr'>s</span> <span class='ocrx_word' id='word_1_1009' title='bbox 1644 1780 1652 1792; x_wconf 90' lang='lat'>,</span> <span class='ocrx_word' id='word_1_1010' title='bbox 1692 1761 1769 1787; x_wconf 86' lang='lat' dir='ltr'>entis.</span> <span class='ocrx_word' id='word_1_1011' title='bbox 1823 1761 1991 1789; x_wconf 85' lang='lat' dir='ltr'>Abstinentes</span> <span class='ocrx_word' id='word_1_1012' title='bbox 2019 1761 2086 1788; x_wconf 87' lang='lat' dir='ltr'>vino</span> <span class='ocrx_word' id='word_1_1013' title='bbox 2115 1765 2141 1787; x_wconf 89' lang='lat' dir='ltr'>et</span> <span class='ocrx_word' id='word_1_1014' title='bbox 2170 1758 2330 1787; x_wconf 78' lang='lat' dir='ltr'>animalibus</span> <span class='ocrx_word' id='word_1_1015' title='bbox 2367 1758 2441 1786; x_wconf 67' lang='lat' dir='ltr'>exso&lt;</span> 
     </span>
     <span class='ocr_line' id='line_1_69' title="bbox 294 1793 2435 1857; baseline -0.003 -32"><span class='ocrx_word' id='word_1_1016' title='bbox 294 1798 365 1826; x_wconf 87' lang='lat' dir='ltr'>ratio</span> <span class='ocrx_word' id='word_1_1017' title='bbox 378 1798 453 1830; x_wconf 87' lang='lat' dir='ltr'>supra</span> <span class='ocrx_word' id='word_1_1018' title='bbox 467 1796 537 1822; x_wconf 61' lang='lat' dir='ltr'>dicia</span> <span class='ocrx_word' id='word_1_1019' title='bbox 549 1796 581 1822; x_wconf 90' lang='lat' dir='ltr'>de</span> <span class='ocrx_word' id='word_1_1020' title='bbox 594 1796 678 1823; x_wconf 84' lang='lat' dir='ltr'>literis</span> <span class='ocrx_word' id='word_1_1021' title='bbox 691 1795 832 1822; x_wconf 88' lang='lat' dir='ltr'>secundum</span> <span class='ocrx_word' id='word_1_1022' title='bbox 851 1796 964 1822; x_wconf 89' lang='lat' dir='ltr'>Graecos</span> <span class='ocrx_word' id='word_1_1023' title='bbox 983 1796 1077 1823; x_wconf 85' lang='lat' dir='ltr'>abiicit</span> <span class='ocrx_word' id='word_1_1024' title='bbox 1091 1797 1106 1822; x_wconf 91' lang='lat' dir='ltr'>S</span> <span class='ocrx_word' id='word_1_1025' title='bbox 1119 1795 1288 1821; x_wconf 85' lang='lat' dir='ltr'>antecedente</span> <span class='ocrx_word' id='word_1_1026' title='bbox 1301 1794 1372 1828; x_wconf 79' lang='lat' dir='ltr'>X.45&#39;</span> <span class='ocrx_word' id='word_1_1027' title='bbox 1394 1793 1478 1819; x_wconf 87' lang='lat' dir='ltr'>lentes</span> <span class='ocrx_word' id='word_1_1028' title='bbox 1496 1794 1616 1820; x_wconf 89' lang='lat' dir='ltr'>Tertull.</span> <span class='ocrx_word' id='word_1_1029' title='bbox 1629 1794 1661 1820; x_wconf 87' lang='lat' dir='ltr'>de</span> <span class='ocrx_word' id='word_1_1030' title='bbox 1673 1796 1744 1821; x_wconf 87' lang='lat' dir='ltr'>Cult.</span> <span class='ocrx_word' id='word_1_1031' title='bbox 1756 1796 1820 1821; x_wconf 83' lang='lat' dir='ltr'>fem.</span> <span class='ocrx_word' id='word_1_1032' title='bbox 1833 1806 1855 1822; x_wconf 86' lang='lat' dir='ltr'>c.</span> <span class='ocrx_word' id='word_1_1033' title='bbox 1868 1805 1894 1829; x_wconf 91' lang='lat'>9.</span> <span class='ocrx_word' id='word_1_1034' title='bbox 1909 1799 1928 1823; x_wconf 83' lang='grc' dir='ltr'>ι’.</span> <span class='ocrx_word' id='word_1_1035' title='bbox 1943 1796 2115 1857; x_wconf 48' lang='lat' dir='ltr'>sigile-scentes.</span> <span class='ocrx_word' id='word_1_1036' title='bbox 2142 1796 2195 1822; x_wconf 84' lang='lat' dir='ltr'>vid.</span> <span class='ocrx_word' id='word_1_1037' title='bbox 2207 1797 2264 1822; x_wconf 86' lang='lat' dir='ltr'>Iun.</span> <span class='ocrx_word' id='word_1_1038' title='bbox 2277 1795 2311 1821; x_wconf 82' lang='lat' dir='ltr'>ad</span> <span class='ocrx_word' id='word_1_1039' title='bbox 2327 1793 2352 1820; x_wconf 84' lang='lat' dir='ltr'>h.</span> <span class='ocrx_word' id='word_1_1040' title='bbox 2365 1794 2394 1820; x_wconf 43' lang='lat' dir='ltr'>Is</span> <span class='ocrx_word' id='word_1_1041' title='bbox 2432 1804 2435 1814; x_wconf 68' lang='lat' dir='ltr'>v</span> 
     </span>
     <span class='ocr_line' id='line_1_70' title="bbox 294 1828 2428 1867; baseline -0.002 -7"><span class='ocrx_word' id='word_1_1042' title='bbox 294 1834 364 1860; x_wconf 81' lang='lat' dir='ltr'>Haec</span> <span class='ocrx_word' id='word_1_1043' title='bbox 375 1832 497 1858; x_wconf 86' lang='lat' dir='ltr'>Priscian.</span> <span class='ocrx_word' id='word_1_1044' title='bbox 515 1839 526 1855; x_wconf 78' lang='grc' dir='ltr'>ι</span> <span class='ocrx_word' id='word_1_1045' title='bbox 546 1840 570 1864; x_wconf 92' lang='lat' dir='ltr'>p.</span> <span class='ocrx_word' id='word_1_1046' title='bbox 601 1839 626 1864; x_wconf 82' lang='lat'>71</span> <span class='ocrx_word' id='word_1_1047' title='bbox 641 1838 705 1857; x_wconf 76' lang='lat' dir='ltr'>extr.</span> <span class='ocrx_word' id='word_1_1048' title='bbox 723 1831 869 1866; x_wconf 69' lang='lat' dir='ltr'>respic-itque</span> <span class='ocrx_word' id='word_1_1049' title='bbox 881 1831 915 1857; x_wconf 82' lang='lat' dir='ltr'>ad</span> <span class='ocrx_word' id='word_1_1050' title='bbox 927 1841 951 1866; x_wconf 89' lang='lat' dir='ltr'>p.</span> <span class='ocrx_word' id='word_1_1051' title='bbox 966 1838 1007 1864; x_wconf 80' lang='grc'>558</span> <span class='ocrx_word' id='word_1_1052' title='bbox 1020 1830 1076 1867; x_wconf 77' lang='lat' dir='ltr'>post</span> <span class='ocrx_word' id='word_1_1053' title='bbox 1089 1830 1151 1857; x_wconf 77' lang='lat' dir='ltr'>med.</span> <span class='ocrx_word' id='word_1_1054' title='bbox 1171 1830 1214 1856; x_wconf 79' lang='lat' dir='ltr'>vbi</span> <span class='ocrx_word' id='word_1_1055' title='bbox 1225 1838 1280 1856; x_wconf 86' lang='lat' dir='ltr'>cum</span> <span class='ocrx_word' id='word_1_1056' title='bbox 1289 1835 1335 1863; x_wconf 84' lang='lat' dir='ltr'>po·</span> <span class='ocrx_word' id='word_1_1057' title='bbox 1431 1834 1447 1854; x_wconf 83' lang='lat' dir='ltr'><strong>E</strong></span> <span class='ocrx_word' id='word_1_1058' title='bbox 1458 1834 1475 1853; x_wconf 87' lang='lat' dir='ltr'>X</span> <span class='ocrx_word' id='word_1_1059' title='bbox 1488 1835 1501 1854; x_wconf 89' lang='lat' dir='ltr'>s</span> <span class='ocrx_word' id='word_1_1060' title='bbox 1511 1834 1555 1854; x_wconf 89' lang='lat' dir='ltr'>OL</span> <span class='ocrx_word' id='word_1_1061' title='bbox 1566 1835 1582 1854; x_wconf 83' lang='grc' dir='ltr'>Ε</span> <span class='ocrx_word' id='word_1_1062' title='bbox 1592 1835 1629 1855; x_wconf 89' lang='lat' dir='ltr'>sc</span> <span class='ocrx_word' id='word_1_1063' title='bbox 1639 1834 1659 1854; x_wconf 91' lang='lat' dir='ltr'>o</span> <span class='ocrx_word' id='word_1_1064' title='bbox 1669 1848 1676 1859; x_wconf 89' lang='lat'>‚</span> <span class='ocrx_word' id='word_1_1065' title='bbox 1700 1831 1754 1856; x_wconf 63' lang='lat' dir='ltr'>ere.</span> <span class='ocrx_word' id='word_1_1066' title='bbox 1791 1830 1849 1856; x_wconf 87' lang='lat' dir='ltr'>Nec</span> <span class='ocrx_word' id='word_1_1067' title='bbox 1872 1831 1907 1857; x_wconf 86' lang='lat' dir='ltr'>fic</span> <span class='ocrx_word' id='word_1_1068' title='bbox 1925 1840 1941 1857; x_wconf 82' lang='lat' dir='ltr'>a</span> <span class='ocrx_word' id='word_1_1069' title='bbox 1983 1832 1987 1836; x_wconf 88' lang='lat'>&#39;</span> <span class='ocrx_word' id='word_1_1070' title='bbox 2002 1832 2102 1865; x_wconf 79' lang='lat' dir='ltr'>ciplina</span> <span class='ocrx_word' id='word_1_1071' title='bbox 2117 1830 2259 1856; x_wconf 86' lang='lat' dir='ltr'>velaminis</span> <span class='ocrx_word' id='word_1_1072' title='bbox 2276 1828 2428 1856; x_wconf 83' lang='lat' dir='ltr'>exsolescati</span> 
     </span>
     <span class='ocr_line' id='line_1_71' title="bbox 290 1862 1808 1905; baseline -0.002 -11"><span class='ocrx_word' id='word_1_1073' title='bbox 290 1866 376 1905; x_wconf 70' lang='lat' dir='ltr'>suiſjet</span> <span class='ocrx_word' id='word_1_1074' title='bbox 390 1867 534 1899; x_wconf 83' lang='lat' dir='ltr'>exsequor,</span> <span class='ocrx_word' id='word_1_1075' title='bbox 554 1873 585 1890; x_wconf 83' lang='lat' dir='ltr'>ex</span> <span class='ocrx_word' id='word_1_1076' title='bbox 598 1873 652 1899; x_wconf 83' lang='lat' dir='ltr'>pes,</span> <span class='ocrx_word' id='word_1_1077' title='bbox 668 1865 750 1896; x_wconf 84' lang='lat' dir='ltr'>addit,</span> <span class='ocrx_word' id='word_1_1078' title='bbox 770 1866 798 1891; x_wconf 92' lang='lat' dir='ltr'>in</span> <span class='ocrx_word' id='word_1_1079' title='bbox 814 1874 867 1899; x_wconf 90' lang='lat' dir='ltr'>quo</span> <span class='ocrx_word' id='word_1_1080' title='bbox 879 1866 1002 1892; x_wconf 87' lang='lat' dir='ltr'>videniur</span> <span class='ocrx_word' id='word_1_1081' title='bbox 1014 1872 1106 1892; x_wconf 87' lang='lat' dir='ltr'>contra</span> <span class='ocrx_word' id='word_1_1082' title='bbox 1120 1866 1282 1892; x_wconf 89' lang='lat' dir='ltr'>Graecorum</span> <span class='ocrx_word' id='word_1_1083' title='bbox 1296 1863 1334 1889; x_wconf 93' lang='lat' dir='ltr'>fa-</span> <span class='ocrx_word' id='word_1_1084' title='bbox 1394 1863 1515 1890; x_wconf 88' lang='lat' dir='ltr'>Tertull.</span> <span class='ocrx_word' id='word_1_1085' title='bbox 1529 1862 1561 1889; x_wconf 87' lang='lat' dir='ltr'>de</span> <span class='ocrx_word' id='word_1_1086' title='bbox 1575 1863 1632 1890; x_wconf 88' lang='lat' dir='ltr'>Vel.</span> <span class='ocrx_word' id='word_1_1087' title='bbox 1645 1864 1721 1898; x_wconf 85' lang='lat' dir='ltr'>Virg.</span> <span class='ocrx_word' id='word_1_1088' title='bbox 1733 1873 1755 1891; x_wconf 85' lang='lat' dir='ltr'>c.</span> <span class='ocrx_word' id='word_1_1089' title='bbox 1769 1871 1808 1898; x_wconf 86' lang='lat'>17.</span> 
     </span>
     <span class='ocr_line' id='line_1_72' title="bbox 293 1897 1903 1933; baseline -0.002 -3"><span class='ocrx_word' id='word_1_1090' title='bbox 293 1911 354 1930; x_wconf 82' lang='lat' dir='ltr'>cere</span> <span class='ocrx_word' id='word_1_1091' title='bbox 366 1899 589 1928; x_wconf 82' lang='lat' dir='ltr'>consuetudinem.</span> <span class='ocrx_word' id='word_1_1092' title='bbox 624 1899 669 1924; x_wconf 89' lang='lat' dir='ltr'>Illi</span> <span class='ocrx_word' id='word_1_1093' title='bbox 683 1899 754 1924; x_wconf 87' lang='lat' dir='ltr'>enim</span> <span class='ocrx_word' id='word_1_1094' title='bbox 767 1909 782 1924; x_wconf 77' lang='grc' dir='ltr'><em>σ</em></span> <span class='ocrx_word' id='word_1_1095' title='bbox 794 1900 928 1932; x_wconf 82' lang='lat' dir='ltr'>sequente,</span> <span class='ocrx_word' id='word_1_1096' title='bbox 934 1909 1069 1933; x_wconf 86' lang='lat' dir='ltr'>nunquam</span> <span class='ocrx_word' id='word_1_1097' title='bbox 1082 1901 1099 1930; x_wconf 85' lang='grc' dir='ltr'><em>ξ</em></span> <span class='ocrx_word' id='word_1_1098' title='bbox 1109 1904 1282 1933; x_wconf 86' lang='lat' dir='ltr'>praeponunt,</span> <span class='ocrx_word' id='word_1_1099' title='bbox 1290 1897 1333 1924; x_wconf 88' lang='lat' dir='ltr'>sed</span> <span class='ocrx_word' id='word_1_1100' title='bbox 1430 1905 1448 1924; x_wconf 82' lang='lat' dir='ltr'>E</span> <span class='ocrx_word' id='word_1_1101' title='bbox 1457 1906 1475 1924; x_wconf 89' lang='lat' dir='ltr'>x</span> <span class='ocrx_word' id='word_1_1102' title='bbox 1484 1904 1497 1923; x_wconf 85' lang='lat' dir='ltr'>S</span> <span class='ocrx_word' id='word_1_1103' title='bbox 1506 1905 1525 1924; x_wconf 90' lang='lat'>0</span> <span class='ocrx_word' id='word_1_1104' title='bbox 1534 1905 1550 1924; x_wconf 87' lang='lat'>1.</span> <span class='ocrx_word' id='word_1_1105' title='bbox 1561 1904 1583 1924; x_wconf 93' lang='lat' dir='ltr'>V</span> <span class='ocrx_word' id='word_1_1106' title='bbox 1593 1905 1612 1925; x_wconf 93' lang='lat'>0</span> <span class='ocrx_word' id='word_1_1107' title='bbox 1620 1918 1628 1930; x_wconf 92' lang='lat'><em>‚</em></span> <span class='ocrx_word' id='word_1_1108' title='bbox 1647 1899 1700 1924; x_wconf 81' lang='lat' dir='ltr'>vid.</span> <span class='ocrx_word' id='word_1_1109' title='bbox 1724 1906 1741 1925; x_wconf 81' lang='grc' dir='ltr'>Ε</span> <span class='ocrx_word' id='word_1_1110' title='bbox 1755 1906 1775 1926; x_wconf 98' lang='grc' dir='ltr'>Χ</span> <span class='ocrx_word' id='word_1_1111' title='bbox 1785 1907 1805 1926; x_wconf 86' lang='lat'>0</span> <span class='ocrx_word' id='word_1_1112' title='bbox 1813 1907 1830 1926; x_wconf 69' lang='grc' dir='ltr'>ι.</span> <span class='ocrx_word' id='word_1_1113' title='bbox 1839 1907 1861 1926; x_wconf 83' lang='grc' dir='ltr'><strong><em>ν</em></strong></span> <span class='ocrx_word' id='word_1_1114' title='bbox 1872 1906 1903 1926; x_wconf 93' lang='lat'>0.</span> 
     </span>
     <span class='ocr_line' id='line_1_73' title="bbox 294 1933 2431 1973; baseline -0.002 -9"><span class='ocrx_word' id='word_1_1115' title='bbox 294 1950 310 1965; x_wconf 75' lang='lat' dir='ltr'>a:</span> <span class='ocrx_word' id='word_1_1116' title='bbox 324 1946 372 1973; x_wconf 90' lang='lat' dir='ltr'>pro</span> <span class='ocrx_word' id='word_1_1117' title='bbox 387 1946 416 1964; x_wconf 92' lang='lat' dir='ltr'>ea</span> <span class='ocrx_word' id='word_1_1118' title='bbox 426 1957 433 1969; x_wconf 91' lang='lat'>,</span> <span class='ocrx_word' id='word_1_1119' title='bbox 449 1941 477 1962; x_wconf 89' lang='lat' dir='ltr'>vt</span> <span class='ocrx_word' id='word_1_1120' title='bbox 488 1936 590 1961; x_wconf 67' lang='grc' dir='ltr'>ἒὶιςασις.</span> <span class='ocrx_word' id='word_1_1121' title='bbox 626 1933 723 1959; x_wconf 87' lang='lat' dir='ltr'>Melius</span> <span class='ocrx_word' id='word_1_1122' title='bbox 736 1941 799 1966; x_wconf 87' lang='lat' dir='ltr'>ergo</span> <span class='ocrx_word' id='word_1_1123' title='bbox 812 1941 859 1958; x_wconf 85' lang='lat' dir='ltr'>nos</span> <span class='ocrx_word' id='word_1_1124' title='bbox 873 1942 979 1966; x_wconf 88' lang='lat' dir='ltr'>quoque</span> <span class='ocrx_word' id='word_1_1125' title='bbox 993 1934 1016 1959; x_wconf 89' lang='lat' dir='ltr'>X</span> <span class='ocrx_word' id='word_1_1126' title='bbox 1029 1934 1111 1959; x_wconf 88' lang='lat' dir='ltr'>solam</span> <span class='ocrx_word' id='word_1_1127' title='bbox 1126 1934 1258 1966; x_wconf 78' lang='lat' dir='ltr'>ponimus,</span> <span class='ocrx_word' id='word_1_1128' title='bbox 1266 1940 1333 1965; x_wconf 89' lang='lat' dir='ltr'>quae</span> <span class='ocrx_word' id='word_1_1129' title='bbox 1427 1939 1446 1958; x_wconf 85' lang='grc' dir='ltr'>Ε</span> <span class='ocrx_word' id='word_1_1130' title='bbox 1459 1938 1478 1956; x_wconf 95' lang='grc' dir='ltr'>Χ</span> <span class='ocrx_word' id='word_1_1131' title='bbox 1489 1939 1501 1957; x_wconf 89' lang='lat' dir='ltr'>s</span> <span class='ocrx_word' id='word_1_1132' title='bbox 1511 1939 1530 1957; x_wconf 94' lang='grc' dir='ltr'>ο</span> <span class='ocrx_word' id='word_1_1133' title='bbox 1540 1939 1565 1957; x_wconf 87' lang='grc' dir='ltr'><strong><em>Μ</em></strong></span> <span class='ocrx_word' id='word_1_1134' title='bbox 1575 1939 1596 1957; x_wconf 90' lang='grc' dir='ltr'>Ν</span> <span class='ocrx_word' id='word_1_1135' title='bbox 1605 1939 1615 1957; x_wconf 92' lang='lat'>1</span> <span class='ocrx_word' id='word_1_1136' title='bbox 1626 1939 1638 1958; x_wconf 89' lang='lat' dir='ltr'>s</span> <span class='ocrx_word' id='word_1_1137' title='bbox 1651 1951 1659 1962; x_wconf 95' lang='lat'>‚</span> <span class='ocrx_word' id='word_1_1138' title='bbox 1678 1934 1732 1959; x_wconf 82' lang='lat' dir='ltr'>vid.</span> <span class='ocrx_word' id='word_1_1139' title='bbox 1751 1940 1768 1958; x_wconf 87' lang='grc' dir='ltr'>Ε</span> <span class='ocrx_word' id='word_1_1140' title='bbox 1779 1939 1798 1959; x_wconf 86' lang='grc' dir='ltr'>Χ</span> <span class='ocrx_word' id='word_1_1141' title='bbox 1811 1940 1832 1959; x_wconf 92' lang='lat'><em>0</em></span> <span class='ocrx_word' id='word_1_1142' title='bbox 1844 1941 1869 1960; x_wconf 88' lang='grc' dir='ltr'>Μ</span> <span class='ocrx_word' id='word_1_1143' title='bbox 1878 1943 1900 1960; x_wconf 93' lang='lat' dir='ltr'>N</span> <span class='ocrx_word' id='word_1_1144' title='bbox 1909 1943 1918 1960; x_wconf 92' lang='grc' dir='ltr'>ι</span> <span class='ocrx_word' id='word_1_1145' title='bbox 1927 1942 1950 1961; x_wconf 89' lang='lat' dir='ltr'>s.</span> <span class='ocrx_word' id='word_1_1146' title='bbox 2428 1956 2431 1959; x_wconf 30' lang='lat'><strong>⁴</strong></span> 
     </span>
     <span class='ocr_line' id='line_1_74' title="bbox 294 1964 2449 2001; baseline -0.002 0"><span class='ocrx_word' id='word_1_1147' title='bbox 294 1974 383 2001; x_wconf 83' lang='lat' dir='ltr'>locum</span> <span class='ocrx_word' id='word_1_1148' title='bbox 394 1972 496 1999; x_wconf 85' lang='lat' dir='ltr'>obtinet</span> <span class='ocrx_word' id='word_1_1149' title='bbox 509 1970 562 2001; x_wconf 89' lang='lat' dir='ltr'>CS‚</span> <span class='ocrx_word' id='word_1_1150' title='bbox 584 1968 658 1994; x_wconf 87' lang='lat' dir='ltr'>cuius</span> <span class='ocrx_word' id='word_1_1151' title='bbox 669 1967 801 1994; x_wconf 88' lang='lat' dir='ltr'>rationem</span> <span class='ocrx_word' id='word_1_1152' title='bbox 813 1975 867 1992; x_wconf 92' lang='lat' dir='ltr'>non</span> <span class='ocrx_word' id='word_1_1153' title='bbox 880 1967 965 1993; x_wconf 90' lang='lat' dir='ltr'>solum</span> <span class='ocrx_word' id='word_1_1154' title='bbox 979 1967 1032 2001; x_wconf 89' lang='lat' dir='ltr'>ipse</span> <span class='ocrx_word' id='word_1_1155' title='bbox 1045 1967 1122 1993; x_wconf 85' lang='lat' dir='ltr'>sonus</span> <span class='ocrx_word' id='word_1_1156' title='bbox 1140 1966 1246 1992; x_wconf 87' lang='lat' dir='ltr'>aurium</span> <span class='ocrx_word' id='word_1_1157' title='bbox 1266 1965 1335 1991; x_wconf 91' lang='lat' dir='ltr'>iudi·</span> <span class='ocrx_word' id='word_1_1158' title='bbox 1344 1972 1376 1999; x_wconf 76' lang='lat'>50</span> <span class='ocrx_word' id='word_1_1159' title='bbox 1430 1973 1448 1992; x_wconf 88' lang='grc' dir='ltr'>Ε</span> <span class='ocrx_word' id='word_1_1160' title='bbox 1459 1971 1478 1990; x_wconf 86' lang='grc' dir='ltr'>Χ</span> <span class='ocrx_word' id='word_1_1161' title='bbox 1489 1972 1502 1991; x_wconf 87' lang='lat' dir='ltr'>s</span> <span class='ocrx_word' id='word_1_1162' title='bbox 1512 1964 1561 1992; x_wconf 81' lang='grc' dir='ltr'>ὄΝ</span> <span class='ocrx_word' id='word_1_1163' title='bbox 1572 1971 1592 1991; x_wconf 92' lang='grc'>0</span> <span class='ocrx_word' id='word_1_1164' title='bbox 1601 1985 1610 1997; x_wconf 90' lang='grc'><strong><em>,</em></strong></span> <span class='ocrx_word' id='word_1_1165' title='bbox 1630 1970 1684 1992; x_wconf 68' lang='lat' dir='ltr'>are.</span> <span class='ocrx_word' id='word_1_1166' title='bbox 1718 1967 1823 1993; x_wconf 85' lang='lat' dir='ltr'>Petron.</span> <span class='ocrx_word' id='word_1_1167' title='bbox 1837 1977 1859 1994; x_wconf 87' lang='lat' dir='ltr'>c.</span> <span class='ocrx_word' id='word_1_1168' title='bbox 1874 1977 1902 2000; x_wconf 89' lang='lat'>19</span> <span class='ocrx_word' id='word_1_1169' title='bbox 1923 1967 2022 1994; x_wconf 86' lang='lat' dir='ltr'>Omnia</span> <span class='ocrx_word' id='word_1_1170' title='bbox 2033 1968 2145 1995; x_wconf 85' lang='lat' dir='ltr'>mimico</span> <span class='ocrx_word' id='word_1_1171' title='bbox 2156 1967 2212 1994; x_wconf 85' lang='lat' dir='ltr'>risu</span> <span class='ocrx_word' id='word_1_1172' title='bbox 2225 1969 2407 1998; x_wconf 80' lang='lat' dir='ltr'>exsonueraiit.</span> <span class='ocrx_word' id='word_1_1173' title='bbox 2441 1991 2449 1998; x_wconf 94' lang='lat'>.</span> 
     </span>
     <span class='ocr_line' id='line_1_75' title="bbox 293 2001 2442 2044; baseline -0.003 -8"><span class='ocrx_word' id='word_1_1174' title='bbox 293 2009 338 2037; x_wconf 84' lang='lat' dir='ltr'>cio</span> <span class='ocrx_word' id='word_1_1175' title='bbox 350 2008 422 2044; x_wconf 84' lang='lat' dir='ltr'>poffit</span> <span class='ocrx_word' id='word_1_1176' title='bbox 435 2005 559 2035; x_wconf 86' lang='lat' dir='ltr'>reddere,</span> <span class='ocrx_word' id='word_1_1177' title='bbox 577 2003 620 2030; x_wconf 84' lang='lat' dir='ltr'>sed</span> <span class='ocrx_word' id='word_1_1178' title='bbox 632 2003 711 2030; x_wconf 87' lang='lat' dir='ltr'>etiam</span> <span class='ocrx_word' id='word_1_1179' title='bbox 726 2002 792 2034; x_wconf 87' lang='lat' dir='ltr'>hoc,</span> <span class='ocrx_word' id='word_1_1180' title='bbox 809 2001 882 2037; x_wconf 91' lang='lat' dir='ltr'>quod</span> <span class='ocrx_word' id='word_1_1181' title='bbox 895 2002 1025 2037; x_wconf 82' lang='lat' dir='ltr'>geminari</span> <span class='ocrx_word' id='word_1_1182' title='bbox 1040 2002 1054 2028; x_wconf 89' lang='lat' dir='ltr'>S</span> <span class='ocrx_word' id='word_1_1183' title='bbox 1070 2001 1159 2037; x_wconf 86' lang='lat' dir='ltr'>aliqua</span> <span class='ocrx_word' id='word_1_1184' title='bbox 1175 2002 1334 2028; x_wconf 86' lang='lat' dir='ltr'>consonante</span> <span class='ocrx_word' id='word_1_1185' title='bbox 1435 2006 1453 2027; x_wconf 93' lang='grc' dir='ltr'>Ε</span> <span class='ocrx_word' id='word_1_1186' title='bbox 1464 2005 1483 2026; x_wconf 86' lang='grc' dir='ltr'>Χ</span> <span class='ocrx_word' id='word_1_1187' title='bbox 1493 2007 1507 2039; x_wconf 68' lang='lat' dir='ltr'>s</span> <span class='ocrx_word' id='word_1_1188' title='bbox 1518 2005 1566 2027; x_wconf 86' lang='lat' dir='ltr'>OR</span> <span class='ocrx_word' id='word_1_1189' title='bbox 1577 2006 1596 2026; x_wconf 86' lang='lat' dir='ltr'>D</span> <span class='ocrx_word' id='word_1_1190' title='bbox 1606 2005 1623 2025; x_wconf 87' lang='grc' dir='ltr'>Ε</span> <span class='ocrx_word' id='word_1_1191' title='bbox 1635 2007 1647 2026; x_wconf 86' lang='lat' dir='ltr'>s</span> <span class='ocrx_word' id='word_1_1192' title='bbox 1656 2007 1673 2027; x_wconf 89' lang='lat' dir='ltr'>c</span> <span class='ocrx_word' id='word_1_1193' title='bbox 1682 2007 1701 2028; x_wconf 89' lang='lat' dir='ltr'>o</span> <span class='ocrx_word' id='word_1_1194' title='bbox 1710 2020 1719 2034; x_wconf 90' lang='lat'>‚</span> <span class='ocrx_word' id='word_1_1195' title='bbox 1734 2002 1780 2034; x_wconf 88' lang='lat' dir='ltr'>ui,</span> <span class='ocrx_word' id='word_1_1196' title='bbox 1800 2004 1854 2029; x_wconf 71' lang='lat' dir='ltr'>ere.</span> <span class='ocrx_word' id='word_1_1197' title='bbox 1891 2002 1959 2029; x_wconf 88' lang='lat' dir='ltr'>Gell.</span> <span class='ocrx_word' id='word_1_1198' title='bbox 1973 2011 2000 2035; x_wconf 88' lang='lat'>9,</span> <span class='ocrx_word' id='word_1_1199' title='bbox 2013 2012 2029 2029; x_wconf 88' lang='lat'>2</span> <span class='ocrx_word' id='word_1_1200' title='bbox 2048 2004 2104 2030; x_wconf 89' lang='lat' dir='ltr'>Cur</span> <span class='ocrx_word' id='word_1_1201' title='bbox 2115 2011 2179 2038; x_wconf 86' lang='lat' dir='ltr'>ergo</span> <span class='ocrx_word' id='word_1_1202' title='bbox 2194 2012 2242 2030; x_wconf 90' lang='lat' dir='ltr'>nos</span> <span class='ocrx_word' id='word_1_1203' title='bbox 2252 2005 2369 2039; x_wconf 84' lang='lat' dir='ltr'>patimur</span> <span class='ocrx_word' id='word_1_1204' title='bbox 2379 2004 2442 2033; x_wconf 70' lang='lat' dir='ltr'>Phi.</span> 
     </span>
     <span class='ocr_line' id='line_1_76' title="bbox 292 2034 2305 2074; baseline -0.002 -2"><span class='ocrx_word' id='word_1_1205' title='bbox 292 2044 461 2072; x_wconf 77' lang='lat' dir='ltr'>antecedente</span> <span class='ocrx_word' id='word_1_1206' title='bbox 474 2041 585 2067; x_wconf 82' lang='lat' dir='ltr'>minime</span> <span class='ocrx_word' id='word_1_1207' title='bbox 596 2038 679 2074; x_wconf 87' lang='lat' dir='ltr'>potest</span> <span class='ocrx_word' id='word_1_1208' title='bbox 695 2049 701 2065; x_wconf 79' lang='lat'>2</span> <span class='ocrx_word' id='word_1_1209' title='bbox 735 2037 864 2073; x_wconf 86' lang='lat' dir='ltr'>geminari</span> <span class='ocrx_word' id='word_1_1210' title='bbox 875 2044 963 2064; x_wconf 90' lang='lat' dir='ltr'>autem</span> <span class='ocrx_word' id='word_1_1211' title='bbox 975 2037 1083 2064; x_wconf 88' lang='lat' dir='ltr'>videtur</span> <span class='ocrx_word' id='word_1_1212' title='bbox 1096 2038 1110 2063; x_wconf 91' lang='lat' dir='ltr'>S</span> <span class='ocrx_word' id='word_1_1213' title='bbox 1123 2036 1180 2072; x_wconf 87' lang='lat' dir='ltr'>post</span> <span class='ocrx_word' id='word_1_1214' title='bbox 1192 2037 1336 2063; x_wconf 83' lang='lat' dir='ltr'>consonari·</span> <span class='ocrx_word' id='word_1_1215' title='bbox 1396 2034 1502 2070; x_wconf 82' lang='lat' dir='ltr'>losophi</span> <span class='ocrx_word' id='word_1_1216' title='bbox 1515 2034 1713 2062; x_wconf 82' lang='lat' dir='ltr'>illustriffimum</span> <span class='ocrx_word' id='word_1_1217' title='bbox 1725 2036 1755 2063; x_wconf 88' lang='lat' dir='ltr'>in</span> <span class='ocrx_word' id='word_1_1218' title='bbox 1767 2036 1924 2065; x_wconf 84' lang='lat' dir='ltr'>hominibus</span> <span class='ocrx_word' id='word_1_1219' title='bbox 1931 2038 2083 2066; x_wconf 82' lang='lat' dir='ltr'>deterrimis</span> <span class='ocrx_word' id='word_1_1220' title='bbox 2096 2039 2305 2069; x_wconf 66' lang='lat' dir='ltr'>exsordescerei,</span> 
     </span>
    </p>
   </div>
   <div class='ocr_carea' id='block_1_9' title="bbox 293 2073 2479 2358">
    <p class='ocr_par' dir='ltr' id='par_1_11' title="bbox 294 2073 2436 2111">
     <span class='ocr_line' id='line_1_77' title="bbox 294 2073 2436 2111; baseline -0.001 -6"><span class='ocrx_word' id='word_1_1221' title='bbox 294 2086 364 2111; x_wconf 82' lang='lat' dir='ltr'>tem,</span> <span class='ocrx_word' id='word_1_1222' title='bbox 380 2079 397 2105; x_wconf 88' lang='lat' dir='ltr'>li</span> <span class='ocrx_word' id='word_1_1223' title='bbox 410 2079 432 2105; x_wconf 92' lang='lat' dir='ltr'>X</span> <span class='ocrx_word' id='word_1_1224' title='bbox 445 2075 626 2106; x_wconf 87' lang='lat' dir='ltr'>antecedente,</span> <span class='ocrx_word' id='word_1_1225' title='bbox 644 2082 712 2110; x_wconf 86' lang='lat' dir='ltr'>quae</span> <span class='ocrx_word' id='word_1_1226' title='bbox 725 2073 784 2100; x_wconf 90' lang='lat' dir='ltr'>loco</span> <span class='ocrx_word' id='word_1_1227' title='bbox 804 2074 826 2100; x_wconf 92' lang='lat' dir='ltr'>C</span> <span class='ocrx_word' id='word_1_1228' title='bbox 847 2078 872 2100; x_wconf 88' lang='lat' dir='ltr'>et</span> <span class='ocrx_word' id='word_1_1229' title='bbox 891 2073 907 2100; x_wconf 91' lang='lat' dir='ltr'>S</span> <span class='ocrx_word' id='word_1_1230' title='bbox 925 2073 1062 2107; x_wconf 84' lang='lat' dir='ltr'>fungitur,</span> <span class='ocrx_word' id='word_1_1231' title='bbox 1080 2073 1134 2107; x_wconf 87' lang='lat' dir='ltr'>ipsa</span> <span class='ocrx_word' id='word_1_1232' title='bbox 1151 2073 1335 2107; x_wconf 84' lang='lat' dir='ltr'>consequatur,</span> <span class='ocrx_word' id='word_1_1233' title='bbox 1433 2078 1450 2097; x_wconf 83' lang='lat' dir='ltr'>E</span> <span class='ocrx_word' id='word_1_1234' title='bbox 1461 2077 1480 2097; x_wconf 86' lang='lat' dir='ltr'><strong>x</strong></span> <span class='ocrx_word' id='word_1_1235' title='bbox 1491 2076 1559 2097; x_wconf 85' lang='lat' dir='ltr'>SOR</span> <span class='ocrx_word' id='word_1_1236' title='bbox 1569 2078 1597 2104; x_wconf 89' lang='lat' dir='ltr'>S,</span> <span class='ocrx_word' id='word_1_1237' title='bbox 1616 2077 1632 2097; x_wconf 84' lang='lat' dir='ltr'>E</span> <span class='ocrx_word' id='word_1_1238' title='bbox 1643 2078 1662 2098; x_wconf 90' lang='grc' dir='ltr'>Χ</span> <span class='ocrx_word' id='word_1_1239' title='bbox 1672 2080 1684 2099; x_wconf 89' lang='lat' dir='ltr'>s</span> <span class='ocrx_word' id='word_1_1240' title='bbox 1694 2079 1770 2101; x_wconf 82' lang='grc' dir='ltr'>ΡΑΤ</span> <span class='ocrx_word' id='word_1_1241' title='bbox 1780 2080 1864 2107; x_wconf 84' lang='lat' dir='ltr'>10R,</span> <span class='ocrx_word' id='word_1_1242' title='bbox 1886 2080 1904 2100; x_wconf 85' lang='lat' dir='ltr'>E</span> <span class='ocrx_word' id='word_1_1243' title='bbox 1915 2080 1958 2101; x_wconf 86' lang='lat' dir='ltr'>XS</span> <span class='ocrx_word' id='word_1_1244' title='bbox 1969 2081 1985 2101; x_wconf 77' lang='lat' dir='ltr'>F</span> <span class='ocrx_word' id='word_1_1245' title='bbox 1995 2080 2116 2109; x_wconf 86' lang='lat' dir='ltr'>Ec&#39;ro,</span> <span class='ocrx_word' id='word_1_1246' title='bbox 2142 2081 2159 2101; x_wconf 88' lang='lat' dir='ltr'>E</span> <span class='ocrx_word' id='word_1_1247' title='bbox 2169 2081 2362 2108; x_wconf 81' lang='lat' dir='ltr'>XSPERGO,</span> <span class='ocrx_word' id='word_1_1248' title='bbox 2382 2075 2436 2103; x_wconf 78' lang='lat' dir='ltr'>vid.</span> 
     </span>
    </p>

    <p class='ocr_par' dir='ltr' id='par_1_12' title="bbox 293 2106 2479 2358">
     <span class='ocr_line' id='line_1_78' title="bbox 293 2106 2461 2149; baseline -0.006 -7"><span class='ocrx_word' id='word_1_1249' title='bbox 293 2123 323 2142; x_wconf 88' lang='lat' dir='ltr'>vt</span> <span class='ocrx_word' id='word_1_1250' title='bbox 335 2114 486 2149; x_wconf 84' lang='lat' dir='ltr'>exsequiae,</span> <span class='ocrx_word' id='word_1_1251' title='bbox 506 2111 644 2144; x_wconf 84' lang='lat' dir='ltr'>exsequor.</span> <span class='ocrx_word' id='word_1_1252' title='bbox 677 2108 757 2144; x_wconf 68' lang='lat' dir='ltr'>Quod</span> <span class='ocrx_word' id='word_1_1253' title='bbox 770 2108 787 2135; x_wconf 86' lang='lat' dir='ltr'>si</span> <span class='ocrx_word' id='word_1_1254' title='bbox 801 2109 906 2139; x_wconf 85' lang='lat' dir='ltr'>liceret,</span> <span class='ocrx_word' id='word_1_1255' title='bbox 924 2109 1020 2135; x_wconf 87' lang='lat' dir='ltr'>licebat</span> <span class='ocrx_word' id='word_1_1256' title='bbox 1033 2109 1111 2135; x_wconf 86' lang='lat' dir='ltr'>etiarn</span> <span class='ocrx_word' id='word_1_1257' title='bbox 1126 2108 1182 2142; x_wconf 82' lang='lat' dir='ltr'>post</span> <span class='ocrx_word' id='word_1_1258' title='bbox 1193 2107 1223 2134; x_wconf 89' lang='lat' dir='ltr'>bs</span> <span class='ocrx_word' id='word_1_1259' title='bbox 1241 2107 1283 2134; x_wconf 91' lang='lat' dir='ltr'>vel</span> <span class='ocrx_word' id='word_1_1260' title='bbox 1297 2115 1335 2141; x_wconf 75' lang='lat' dir='ltr'>p8,</span> <span class='ocrx_word' id='word_1_1261' title='bbox 1396 2112 1413 2132; x_wconf 85' lang='lat' dir='ltr'>E</span> <span class='ocrx_word' id='word_1_1262' title='bbox 1424 2112 1444 2132; x_wconf 83' lang='lat' dir='ltr'>X</span> <span class='ocrx_word' id='word_1_1263' title='bbox 1455 2113 1474 2133; x_wconf 95' lang='grc' dir='ltr'><strong>Ο</strong></span> <span class='ocrx_word' id='word_1_1264' title='bbox 1483 2113 1523 2133; x_wconf 85' lang='lat' dir='ltr'>Rs</span> <span class='ocrx_word' id='word_1_1265' title='bbox 1535 2112 1581 2132; x_wconf 80' lang='lat' dir='ltr'>etc.</span> <span class='ocrx_word' id='word_1_1266' title='bbox 1595 2106 1683 2143; x_wconf 82' lang='lat' dir='ltr'>absque</span> <span class='ocrx_word' id='word_1_1267' title='bbox 1696 2108 1721 2136; x_wconf 89' lang='lat' dir='ltr'>S.</span> <span class='ocrx_word' id='word_1_1268' title='bbox 2431 2136 2436 2139; x_wconf 38' lang='grc' dir='ltr'>ι</span> <span class='ocrx_word' id='word_1_1269' title='bbox 2459 2116 2461 2134; x_wconf 85' lang='lat'>:</span> 
     </span>
     <span class='ocr_line' id='line_1_79' title="bbox 294 2140 2479 2186; baseline -0.002 -9"><span class='ocrx_word' id='word_1_1270' title='bbox 294 2160 358 2186; x_wconf 81' lang='lat' dir='ltr'>quas</span> <span class='ocrx_word' id='word_1_1271' title='bbox 383 2151 441 2176; x_wconf 89' lang='lat' dir='ltr'>loco</span> <span class='ocrx_word' id='word_1_1272' title='bbox 461 2148 479 2179; x_wconf 71' lang='grc' dir='ltr'>ψ</span> <span class='ocrx_word' id='word_1_1273' title='bbox 499 2147 612 2182; x_wconf 83' lang='lat' dir='ltr'>duplicis</span> <span class='ocrx_word' id='word_1_1274' title='bbox 632 2145 792 2180; x_wconf 84' lang='lat' dir='ltr'>accipimus,</span> <span class='ocrx_word' id='word_1_1275' title='bbox 811 2144 907 2171; x_wconf 82' lang='lat' dir='ltr'>addere</span> <span class='ocrx_word' id='word_1_1276' title='bbox 920 2145 953 2177; x_wconf 85' lang='lat' dir='ltr'>S,</span> <span class='ocrx_word' id='word_1_1277' title='bbox 972 2149 1001 2171; x_wconf 86' lang='lat' dir='ltr'>vt</span> <span class='ocrx_word' id='word_1_1278' title='bbox 1027 2144 1183 2175; x_wconf 84' lang='lat' dir='ltr'>diceremus,</span> <span class='ocrx_word' id='word_1_1279' title='bbox 1199 2142 1334 2174; x_wconf 80' lang='lat' dir='ltr'>obssessus,</span> <span class='ocrx_word' id='word_1_1280' title='bbox 1349 2143 1378 2171; x_wconf 73' lang='lat'>53</span> <span class='ocrx_word' id='word_1_1281' title='bbox 1432 2148 1448 2168; x_wconf 86' lang='lat' dir='ltr'>E</span> <span class='ocrx_word' id='word_1_1282' title='bbox 1460 2147 1479 2167; x_wconf 87' lang='lat' dir='ltr'><strong>X</strong></span> <span class='ocrx_word' id='word_1_1283' title='bbox 1489 2149 1502 2168; x_wconf 82' lang='lat' dir='ltr'>S</span> <span class='ocrx_word' id='word_1_1284' title='bbox 1511 2148 1568 2169; x_wconf 78' lang='lat' dir='ltr'>PIC</span> <span class='ocrx_word' id='word_1_1285' title='bbox 1577 2150 1587 2168; x_wconf 91' lang='grc'>1</span> <span class='ocrx_word' id='word_1_1286' title='bbox 1598 2148 1617 2168; x_wconf 95' lang='lat' dir='ltr'>O</span> <span class='ocrx_word' id='word_1_1287' title='bbox 1628 2162 1637 2175; x_wconf 90' lang='lat'>,</span> <span class='ocrx_word' id='word_1_1288' title='bbox 1653 2150 1670 2170; x_wconf 89' lang='grc' dir='ltr'>Ε</span> <span class='ocrx_word' id='word_1_1289' title='bbox 1682 2150 1701 2169; x_wconf 92' lang='grc' dir='ltr'>Χ</span> <span class='ocrx_word' id='word_1_1290' title='bbox 1712 2150 1792 2171; x_wconf 79' lang='lat' dir='ltr'>SPIR</span> <span class='ocrx_word' id='word_1_1291' title='bbox 1801 2149 1838 2177; x_wconf 86' lang='grc'>0,</span> <span class='ocrx_word' id='word_1_1292' title='bbox 1861 2149 1879 2171; x_wconf 84' lang='lat'>13</span> <span class='ocrx_word' id='word_1_1293' title='bbox 1892 2150 1913 2171; x_wconf 81' lang='lat' dir='ltr'>X</span> <span class='ocrx_word' id='word_1_1294' title='bbox 1923 2151 2023 2173; x_wconf 81' lang='lat' dir='ltr'>SPVM</span> <span class='ocrx_word' id='word_1_1295' title='bbox 2032 2151 2068 2178; x_wconf 87' lang='lat' dir='ltr'>O,</span> <span class='ocrx_word' id='word_1_1296' title='bbox 2088 2151 2107 2172; x_wconf 83' lang='lat' dir='ltr'>E</span> <span class='ocrx_word' id='word_1_1297' title='bbox 2117 2150 2210 2173; x_wconf 82' lang='lat' dir='ltr'>XSPV</span> <span class='ocrx_word' id='word_1_1298' title='bbox 2220 2152 2258 2178; x_wconf 90' lang='grc' dir='ltr'>ο,</span> <span class='ocrx_word' id='word_1_1299' title='bbox 2282 2152 2300 2173; x_wconf 84' lang='lat' dir='ltr'>E</span> <span class='ocrx_word' id='word_1_1300' title='bbox 2310 2151 2330 2172; x_wconf 84' lang='lat' dir='ltr'>x</span> <span class='ocrx_word' id='word_1_1301' title='bbox 2339 2151 2438 2173; x_wconf 65' lang='lat' dir='ltr'>sTxt-</span> <span class='ocrx_word' id='word_1_1302' title='bbox 2458 2140 2479 2177; x_wconf 70' lang='lat' dir='ltr'>&#39;i‘</span> 
     </span>
     <span class='ocr_line' id='line_1_80' title="bbox 294 2177 2479 2242; baseline -0.003 -29"><span class='ocrx_word' id='word_1_1303' title='bbox 294 2186 424 2214; x_wconf 64' lang='lat' dir='ltr'>absseehis</span> <span class='ocrx_word' id='word_1_1304' title='bbox 432 2204 440 2217; x_wconf 93' lang='lat'>,</span> <span class='ocrx_word' id='word_1_1305' title='bbox 457 2183 529 2218; x_wconf 90' lang='lat' dir='ltr'>quod</span> <span class='ocrx_word' id='word_1_1306' title='bbox 543 2181 655 2208; x_wconf 86' lang='lat' dir='ltr'>minime</span> <span class='ocrx_word' id='word_1_1307' title='bbox 666 2181 736 2208; x_wconf 86' lang='lat' dir='ltr'>licet.</span> <span class='ocrx_word' id='word_1_1308' title='bbox 789 2180 939 2242; x_wconf 44' lang='lat' dir='ltr'>Responderi</span> <span class='ocrx_word' id='word_1_1309' title='bbox 946 2177 1027 2215; x_wconf 76' lang='lat' dir='ltr'>potest</span> <span class='ocrx_word' id='word_1_1310' title='bbox 1040 2179 1172 2206; x_wconf 87' lang='lat' dir='ltr'>Prisciano</span> <span class='ocrx_word' id='word_1_1311' title='bbox 1180 2198 1187 2210; x_wconf 92' lang='lat'>‚</span> <span class='ocrx_word' id='word_1_1312' title='bbox 1202 2177 1265 2204; x_wconf 86' lang='lat' dir='ltr'>illud</span> <span class='ocrx_word' id='word_1_1313' title='bbox 1277 2177 1292 2204; x_wconf 88' lang='lat' dir='ltr'>S</span> <span class='ocrx_word' id='word_1_1314' title='bbox 1305 2180 1334 2203; x_wconf 82' lang='lat' dir='ltr'>in</span> <span class='ocrx_word' id='word_1_1315' title='bbox 1397 2182 1415 2202; x_wconf 88' lang='lat' dir='ltr'>L</span> <span class='ocrx_word' id='word_1_1316' title='bbox 1425 2183 1444 2204; x_wconf 92' lang='grc' dir='ltr'>Ο</span> <span class='ocrx_word' id='word_1_1317' title='bbox 1453 2197 1462 2209; x_wconf 83' lang='grc'><strong><em>,</em></strong></span> <span class='ocrx_word' id='word_1_1318' title='bbox 1480 2183 1496 2203; x_wconf 84' lang='grc' dir='ltr'>Ε</span> <span class='ocrx_word' id='word_1_1319' title='bbox 1507 2184 1524 2203; x_wconf 89' lang='grc' dir='ltr'>Χ</span> <span class='ocrx_word' id='word_1_1320' title='bbox 1534 2184 1547 2204; x_wconf 90' lang='lat' dir='ltr'>s</span> <span class='ocrx_word' id='word_1_1321' title='bbox 1555 2184 1577 2204; x_wconf 92' lang='lat' dir='ltr'>T</span> <span class='ocrx_word' id='word_1_1322' title='bbox 1586 2185 1595 2204; x_wconf 92' lang='lat'>1</span> <span class='ocrx_word' id='word_1_1323' title='bbox 1605 2185 1629 2204; x_wconf 87' lang='lat' dir='ltr'>M</span> <span class='ocrx_word' id='word_1_1324' title='bbox 1639 2186 1660 2205; x_wconf 90' lang='lat' dir='ltr'>v</span> <span class='ocrx_word' id='word_1_1325' title='bbox 1668 2186 1684 2205; x_wconf 80' lang='lat' dir='ltr'>L</span> <span class='ocrx_word' id='word_1_1326' title='bbox 1692 2186 1712 2206; x_wconf 92' lang='lat' dir='ltr'>O</span> <span class='ocrx_word' id='word_1_1327' title='bbox 1720 2199 1729 2212; x_wconf 83' lang='lat'>‚</span> <span class='ocrx_word' id='word_1_1328' title='bbox 1748 2186 1764 2206; x_wconf 86' lang='lat' dir='ltr'>E</span> <span class='ocrx_word' id='word_1_1329' title='bbox 1774 2186 1792 2205; x_wconf 91' lang='grc' dir='ltr'>Χ</span> <span class='ocrx_word' id='word_1_1330' title='bbox 1802 2187 1815 2207; x_wconf 87' lang='lat' dir='ltr'>s</span> <span class='ocrx_word' id='word_1_1331' title='bbox 1823 2185 1863 2206; x_wconf 81' lang='grc' dir='ltr'>ΤΙ</span> <span class='ocrx_word' id='word_1_1332' title='bbox 1873 2186 1895 2206; x_wconf 91' lang='grc' dir='ltr'>Ν</span> <span class='ocrx_word' id='word_1_1333' title='bbox 1904 2187 1926 2207; x_wconf 90' lang='lat' dir='ltr'>G</span> <span class='ocrx_word' id='word_1_1334' title='bbox 1936 2186 1959 2206; x_wconf 93' lang='lat' dir='ltr'>V</span> <span class='ocrx_word' id='word_1_1335' title='bbox 1969 2186 2005 2217; x_wconf 83' lang='lat'>0,</span> <span class='ocrx_word' id='word_1_1336' title='bbox 2025 2187 2042 2207; x_wconf 84' lang='lat' dir='ltr'>E</span> <span class='ocrx_word' id='word_1_1337' title='bbox 2051 2187 2070 2207; x_wconf 85' lang='lat' dir='ltr'>x</span> <span class='ocrx_word' id='word_1_1338' title='bbox 2082 2186 2095 2207; x_wconf 86' lang='lat' dir='ltr'>S</span> <span class='ocrx_word' id='word_1_1339' title='bbox 2106 2187 2128 2208; x_wconf 87' lang='grc' dir='ltr'>Τ</span> <span class='ocrx_word' id='word_1_1340' title='bbox 2136 2187 2172 2208; x_wconf 82' lang='lat' dir='ltr'>1R</span> <span class='ocrx_word' id='word_1_1341' title='bbox 2183 2187 2198 2207; x_wconf 84' lang='lat' dir='ltr'>P</span> <span class='ocrx_word' id='word_1_1342' title='bbox 2208 2187 2227 2208; x_wconf 93' lang='grc' dir='ltr'>ο</span> <span class='ocrx_word' id='word_1_1343' title='bbox 2235 2200 2244 2214; x_wconf 84' lang='grc'><strong><em>,</em></strong></span> <span class='ocrx_word' id='word_1_1344' title='bbox 2263 2187 2308 2208; x_wconf 75' lang='lat' dir='ltr'>tec.</span> <span class='ocrx_word' id='word_1_1345' title='bbox 2323 2187 2437 2214; x_wconf 77' lang='lat' dir='ltr'>Exs&#39;ro,</span> <span class='ocrx_word' id='word_1_1346' title='bbox 2473 2186 2479 2195; x_wconf 90' lang='lat'><strong><em>¹</em></strong></span> 
     </span>
     <span class='ocr_line' id='line_1_81' title="bbox 294 2212 2426 2253; baseline -0.003 -4"><span class='ocrx_word' id='word_1_1347' title='bbox 294 2222 340 2249; x_wconf 89' lang='lat' dir='ltr'>abs</span> <span class='ocrx_word' id='word_1_1348' title='bbox 352 2229 375 2247; x_wconf 78' lang='lat' dir='ltr'>et</span> <span class='ocrx_word' id='word_1_1349' title='bbox 388 2220 436 2248; x_wconf 86' lang='lat' dir='ltr'>obs</span> <span class='ocrx_word' id='word_1_1350' title='bbox 450 2218 492 2253; x_wconf 65' lang='lat' dir='ltr'><em>ff</em></span> <span class='ocrx_word' id='word_1_1351' title='bbox 505 2218 574 2244; x_wconf 79' lang='lat' dir='ltr'>modo</span> <span class='ocrx_word' id='word_1_1352' title='bbox 587 2215 739 2250; x_wconf 62' lang='lat' dir='ltr'>acccffim&#39;um</span> <span class='ocrx_word' id='word_1_1353' title='bbox 753 2222 778 2242; x_wconf 81' lang='lat' dir='ltr'>et</span> <span class='ocrx_word' id='word_1_1354' title='bbox 787 2223 832 2251; x_wconf 83' lang='lat' dir='ltr'>eup</span> <span class='ocrx_word' id='word_1_1355' title='bbox 851 2218 945 2242; x_wconf 81' lang='lat' dir='ltr'>onicurn</span> <span class='ocrx_word' id='word_1_1356' title='bbox 954 2235 963 2248; x_wconf 92' lang='lat'>,</span> <span class='ocrx_word' id='word_1_1357' title='bbox 980 2214 1172 2250; x_wconf 65' lang='lat' dir='ltr'>Praepositiones</span> <span class='ocrx_word' id='word_1_1358' title='bbox 1184 2214 1251 2250; x_wconf 79' lang='lat' dir='ltr'>ipsas</span> <span class='ocrx_word' id='word_1_1359' title='bbox 1265 2212 1298 2239; x_wconf 88' lang='lat' dir='ltr'>ab</span> <span class='ocrx_word' id='word_1_1360' title='bbox 1311 2218 1335 2239; x_wconf 82' lang='lat' dir='ltr'>et</span> <span class='ocrx_word' id='word_1_1361' title='bbox 1396 2218 1413 2238; x_wconf 83' lang='lat' dir='ltr'>E</span> <span class='ocrx_word' id='word_1_1362' title='bbox 1424 2218 1443 2238; x_wconf 89' lang='lat' dir='ltr'>x</span> <span class='ocrx_word' id='word_1_1363' title='bbox 1454 2219 1467 2239; x_wconf 89' lang='lat' dir='ltr'>s</span> <span class='ocrx_word' id='word_1_1364' title='bbox 1475 2219 1498 2239; x_wconf 73' lang='lat' dir='ltr'>‘r</span> <span class='ocrx_word' id='word_1_1365' title='bbox 1506 2219 1525 2239; x_wconf 90' lang='lat' dir='ltr'>R</span> <span class='ocrx_word' id='word_1_1366' title='bbox 1534 2220 1544 2239; x_wconf 90' lang='lat'>1</span> <span class='ocrx_word' id='word_1_1367' title='bbox 1553 2220 1574 2239; x_wconf 86' lang='lat' dir='ltr'>N</span> <span class='ocrx_word' id='word_1_1368' title='bbox 1583 2219 1603 2240; x_wconf 85' lang='lat' dir='ltr'>G</span> <span class='ocrx_word' id='word_1_1369' title='bbox 1612 2220 1648 2246; x_wconf 88' lang='lat'>0,</span> <span class='ocrx_word' id='word_1_1370' title='bbox 1670 2221 1687 2241; x_wconf 84' lang='grc' dir='ltr'>Ε</span> <span class='ocrx_word' id='word_1_1371' title='bbox 1697 2221 1717 2241; x_wconf 89' lang='grc' dir='ltr'>Χ</span> <span class='ocrx_word' id='word_1_1372' title='bbox 1727 2221 1739 2242; x_wconf 84' lang='lat' dir='ltr'>s</span> <span class='ocrx_word' id='word_1_1373' title='bbox 1748 2221 1797 2242; x_wconf 86' lang='lat' dir='ltr'>TR</span> <span class='ocrx_word' id='word_1_1374' title='bbox 1806 2221 1829 2242; x_wconf 95' lang='lat' dir='ltr'>v</span> <span class='ocrx_word' id='word_1_1375' title='bbox 1840 2221 1859 2243; x_wconf 93' lang='lat' dir='ltr'>o</span> <span class='ocrx_word' id='word_1_1376' title='bbox 1867 2235 1877 2249; x_wconf 89' lang='lat'>,</span> <span class='ocrx_word' id='word_1_1377' title='bbox 1896 2222 1915 2243; x_wconf 96' lang='grc' dir='ltr'>Ε</span> <span class='ocrx_word' id='word_1_1378' title='bbox 1924 2223 1944 2243; x_wconf 86' lang='grc' dir='ltr'>Χ</span> <span class='ocrx_word' id='word_1_1379' title='bbox 1956 2223 1969 2243; x_wconf 92' lang='lat' dir='ltr'>s</span> <span class='ocrx_word' id='word_1_1380' title='bbox 1978 2222 2023 2243; x_wconf 88' lang='lat' dir='ltr'>vc</span> <span class='ocrx_word' id='word_1_1381' title='bbox 2032 2222 2050 2243; x_wconf 88' lang='lat' dir='ltr'>c</span> <span class='ocrx_word' id='word_1_1382' title='bbox 2060 2223 2082 2242; x_wconf 92' lang='lat' dir='ltr'><strong>v</strong></span> <span class='ocrx_word' id='word_1_1383' title='bbox 2090 2223 2118 2248; x_wconf 76' lang='lat' dir='ltr'>s,</span> <span class='ocrx_word' id='word_1_1384' title='bbox 2134 2223 2152 2243; x_wconf 84' lang='lat' dir='ltr'>E</span> <span class='ocrx_word' id='word_1_1385' title='bbox 2163 2223 2182 2243; x_wconf 89' lang='grc' dir='ltr'>Χ</span> <span class='ocrx_word' id='word_1_1386' title='bbox 2193 2223 2206 2243; x_wconf 93' lang='lat' dir='ltr'>s</span> <span class='ocrx_word' id='word_1_1387' title='bbox 2215 2223 2236 2244; x_wconf 95' lang='lat' dir='ltr'>v</span> <span class='ocrx_word' id='word_1_1388' title='bbox 2244 2222 2265 2243; x_wconf 81' lang='lat' dir='ltr'>n</span> <span class='ocrx_word' id='word_1_1389' title='bbox 2273 2223 2302 2248; x_wconf 90' lang='lat' dir='ltr'>o,</span> <span class='ocrx_word' id='word_1_1390' title='bbox 2315 2215 2368 2243; x_wconf 78' lang='lat' dir='ltr'>vid.</span> <span class='ocrx_word' id='word_1_1391' title='bbox 2380 2222 2398 2244; x_wconf 92' lang='grc' dir='ltr'>Ε</span> <span class='ocrx_word' id='word_1_1392' title='bbox 2422 2216 2426 2220; x_wconf 90' lang='grc'><strong>”</strong></span> 
     </span>
     <span class='ocr_line' id='line_1_82' title="bbox 295 2221 2436 2358; baseline -0.006 -76"><span class='ocrx_word' id='word_1_1393' title='bbox 295 2257 331 2285; x_wconf 88' lang='lat' dir='ltr'>ob</span> <span class='ocrx_word' id='word_1_1394' title='bbox 341 2255 477 2293; x_wconf 64' lang='lat' dir='ltr'>perfeffas.</span> <span class='ocrx_word' id='word_1_1395' title='bbox 515 2254 565 2283; x_wconf 67' lang='grc' dir='ltr'>Τῆς</span> <span class='ocrx_word' id='word_1_1396' title='bbox 577 2261 608 2279; x_wconf 86' lang='lat' dir='ltr'>ex</span> <span class='ocrx_word' id='word_1_1397' title='bbox 623 2254 698 2278; x_wconf 84' lang='lat' dir='ltr'>aliam</span> <span class='ocrx_word' id='word_1_1398' title='bbox 713 2250 756 2284; x_wconf 72' lang='lat' dir='ltr'>effe</span> <span class='ocrx_word' id='word_1_1399' title='bbox 772 2255 892 2278; x_wconf 84' lang='lat' dir='ltr'>rationem</span> <span class='ocrx_word' id='word_1_1400' title='bbox 907 2261 914 2276; x_wconf 89' lang='lat'><em>:</em></span> <span class='ocrx_word' id='word_1_1401' title='bbox 943 2252 1065 2288; x_wconf 85' lang='lat' dir='ltr'>summum</span> <span class='ocrx_word' id='word_1_1402' title='bbox 1084 2251 1210 2285; x_wconf 88' lang='lat' dir='ltr'>ecsequor</span> <span class='ocrx_word' id='word_1_1403' title='bbox 1222 2248 1334 2288; x_wconf 54' lang='lat' dir='ltr'>sb‘l&#39;bfn‘</span> <span class='ocrx_word' id='word_1_1404' title='bbox 1394 2252 1504 2275; x_wconf 84' lang='lat' dir='ltr'>Plelo</span> <span class='ocrx_word' id='word_1_1405' title='bbox 1520 2254 1564 2274; x_wconf 83' lang='lat' dir='ltr'>etc.</span> <span class='ocrx_word' id='word_1_1406' title='bbox 1571 2248 1627 2283; x_wconf 80' lang='lat' dir='ltr'>fine</span> <span class='ocrx_word' id='word_1_1407' title='bbox 1643 2249 1669 2277; x_wconf 86' lang='lat' dir='ltr'>S.</span> <span class='ocrx_word' id='word_1_1408' title='bbox 2377 2221 2436 2358; x_wconf 51' lang='grc' dir='ltr'>ἐ</span> 
     </span>
    </p>
   </div>
   <div class='ocr_carea' id='block_1_10' title="bbox 293 2282 2466 2399">
    <p class='ocr_par' dir='ltr' id='par_1_13' title="bbox 293 2282 2466 2399">
     <span class='ocr_line' id='line_1_83' title="bbox 296 2282 2457 2323; baseline -0.004 -5"><span class='ocrx_word' id='word_1_1409' title='bbox 296 2293 352 2319; x_wconf 83' lang='lat' dir='ltr'>dum</span> <span class='ocrx_word' id='word_1_1410' title='bbox 361 2312 367 2323; x_wconf 91' lang='lat'>‚</span> <span class='ocrx_word' id='word_1_1411' title='bbox 387 2298 410 2318; x_wconf 78' lang='lat' dir='ltr'>et</span> <span class='ocrx_word' id='word_1_1412' title='bbox 423 2289 542 2316; x_wconf 87' lang='lat' dir='ltr'>ecsaeuio</span> <span class='ocrx_word' id='word_1_1413' title='bbox 555 2296 600 2314; x_wconf 80' lang='lat' dir='ltr'>etc.</span> <span class='ocrx_word' id='word_1_1414' title='bbox 608 2287 633 2322; x_wconf 85' lang='lat' dir='ltr'><strong><em>fi</em></strong></span> <span class='ocrx_word' id='word_1_1415' title='bbox 645 2290 685 2314; x_wconf 83' lang='lat' dir='ltr'>cui</span> <span class='ocrx_word' id='word_1_1416' title='bbox 696 2282 743 2320; x_wconf 79' lang='lat' dir='ltr'>ista</span> <span class='ocrx_word' id='word_1_1417' title='bbox 756 2289 822 2313; x_wconf 81' lang='lat' dir='ltr'>ratio</span> <span class='ocrx_word' id='word_1_1418' title='bbox 830 2288 939 2322; x_wconf 82' lang='lat' dir='ltr'>placeat.</span> <span class='ocrx_word' id='word_1_1419' title='bbox 994 2287 1025 2313; x_wconf 79' lang='lat' dir='ltr'>Et</span> <span class='ocrx_word' id='word_1_1420' title='bbox 1044 2286 1143 2313; x_wconf 74' lang='lat' dir='ltr'>videtur</span> <span class='ocrx_word' id='word_1_1421' title='bbox 1156 2285 1234 2321; x_wconf 82' lang='lat' dir='ltr'>sane,</span> <span class='ocrx_word' id='word_1_1422' title='bbox 1247 2285 1272 2319; x_wconf 79' lang='lat' dir='ltr'>Ji</span> <span class='ocrx_word' id='word_1_1423' title='bbox 1283 2293 1333 2310; x_wconf 86' lang='lat' dir='ltr'>mo·</span> <span class='ocrx_word' id='word_1_1424' title='bbox 1429 2290 1446 2309; x_wconf 85' lang='lat' dir='ltr'>E</span> <span class='ocrx_word' id='word_1_1425' title='bbox 1456 2289 1475 2309; x_wconf 90' lang='lat' dir='ltr'>X</span> <span class='ocrx_word' id='word_1_1426' title='bbox 1487 2290 1499 2310; x_wconf 90' lang='lat' dir='ltr'>s</span> <span class='ocrx_word' id='word_1_1427' title='bbox 1509 2290 1528 2309; x_wconf 88' lang='lat' dir='ltr'>v</span> <span class='ocrx_word' id='word_1_1428' title='bbox 1538 2291 1554 2310; x_wconf 83' lang='lat' dir='ltr'>F</span> <span class='ocrx_word' id='word_1_1429' title='bbox 1564 2291 1603 2311; x_wconf 67' lang='grc' dir='ltr'><strong>ΕΙ.</strong></span> <span class='ocrx_word' id='word_1_1430' title='bbox 1613 2292 1648 2318; x_wconf 89' lang='grc'>0,</span> <span class='ocrx_word' id='word_1_1431' title='bbox 1670 2289 1723 2313; x_wconf 70' lang='lat' dir='ltr'>are.</span> <span class='ocrx_word' id='word_1_1432' title='bbox 1758 2285 1948 2313; x_wconf 80' lang='lat' dir='ltr'>Exorcizantur</span> <span class='ocrx_word' id='word_1_1433' title='bbox 1962 2290 1989 2312; x_wconf 90' lang='lat' dir='ltr'>et</span> <span class='ocrx_word' id='word_1_1434' title='bbox 2002 2285 2170 2312; x_wconf 82' lang='lat' dir='ltr'>exsufflantur</span> <span class='ocrx_word' id='word_1_1435' title='bbox 2181 2284 2294 2312; x_wconf 85' lang='lat' dir='ltr'>infantes</span> <span class='ocrx_word' id='word_1_1436' title='bbox 2301 2285 2378 2321; x_wconf 84' lang='lat' dir='ltr'>Augu</span> <span class='ocrx_word' id='word_1_1437' title='bbox 2451 2295 2457 2310; x_wconf 82' lang='lat' dir='ltr'>i</span> 
     </span>
     <span class='ocr_line' id='line_1_84' title="bbox 295 2315 2462 2360; baseline -0.003 -6"><span class='ocrx_word' id='word_1_1438' title='bbox 295 2334 412 2354; x_wconf 63' lang='lat' dir='ltr'>’iumenta</span> <span class='ocrx_word' id='word_1_1439' title='bbox 430 2327 534 2360; x_wconf 77' lang='lat' dir='ltr'>antiqua</span> <span class='ocrx_word' id='word_1_1440' title='bbox 552 2327 619 2350; x_wconf 80' lang='lat' dir='ltr'>inter</span> <span class='ocrx_word' id='word_1_1441' title='bbox 626 2322 656 2358; x_wconf 74' lang='lat' dir='ltr'><em>fi</em></span> <span class='ocrx_word' id='word_1_1442' title='bbox 667 2328 841 2358; x_wconf 77' lang='lat' dir='ltr'>comparemus,</span> <span class='ocrx_word' id='word_1_1443' title='bbox 848 2323 956 2357; x_wconf 74' lang='lat' dir='ltr'>exempla</span> <span class='ocrx_word' id='word_1_1444' title='bbox 963 2323 1040 2357; x_wconf 79' lang='lat' dir='ltr'>plura</span> <span class='ocrx_word' id='word_1_1445' title='bbox 1046 2320 1165 2358; x_wconf 66' lang='lat' dir='ltr'>supereſje</span> <span class='ocrx_word' id='word_1_1446' title='bbox 1177 2320 1246 2347; x_wconf 86' lang='lat' dir='ltr'>illius</span> <span class='ocrx_word' id='word_1_1447' title='bbox 1258 2320 1374 2346; x_wconf 84' lang='lat' dir='ltr'>ratio-60</span> <span class='ocrx_word' id='word_1_1448' title='bbox 1395 2317 1441 2353; x_wconf 87' lang='lat' dir='ltr'>Ep.</span> <span class='ocrx_word' id='word_1_1449' title='bbox 1457 2318 1609 2355; x_wconf 71' lang='lat' dir='ltr'>105subfin.</span> <span class='ocrx_word' id='word_1_1450' title='bbox 1650 2320 1724 2356; x_wconf 80' lang='lat' dir='ltr'>Conf.</span> <span class='ocrx_word' id='word_1_1451' title='bbox 1736 2321 1781 2356; x_wconf 85' lang='lat' dir='ltr'>Ep.</span> <span class='ocrx_word' id='word_1_1452' title='bbox 1797 2329 1843 2356; x_wconf 88' lang='lat'>170</span> <span class='ocrx_word' id='word_1_1453' title='bbox 1860 2321 2002 2347; x_wconf 86' lang='lat' dir='ltr'>Exsufflant</span> <span class='ocrx_word' id='word_1_1454' title='bbox 2013 2325 2040 2347; x_wconf 83' lang='lat' dir='ltr'>et</span> <span class='ocrx_word' id='word_1_1455' title='bbox 2060 2320 2232 2355; x_wconf 84' lang='lat' dir='ltr'>rebaptizant.</span> <span class='ocrx_word' id='word_1_1456' title='bbox 2303 2320 2343 2354; x_wconf 75' lang='lat' dir='ltr'>Est</span> <span class='ocrx_word' id='word_1_1457' title='bbox 2354 2325 2377 2348; x_wconf 89' lang='lat' dir='ltr'>it</span> <span class='ocrx_word' id='word_1_1458' title='bbox 2420 2315 2429 2324; x_wconf 53' lang='grc'>”</span> <span class='ocrx_word' id='word_1_1459' title='bbox 2451 2334 2462 2348; x_wconf 61' lang='grc' dir='ltr'>ε,</span> 
     </span>
     <span class='ocr_line' id='line_1_85' title="bbox 293 2352 2466 2399; baseline -0.004 -9"><span class='ocrx_word' id='word_1_1460' title='bbox 293 2367 337 2390; x_wconf 68' lang='lat' dir='ltr'>viis</span> <span class='ocrx_word' id='word_1_1461' title='bbox 347 2383 354 2396; x_wconf 88' lang='lat'>,</span> <span class='ocrx_word' id='word_1_1462' title='bbox 373 2371 434 2399; x_wconf 81' lang='lat' dir='ltr'>quae</span> <span class='ocrx_word' id='word_1_1463' title='bbox 447 2361 461 2387; x_wconf 89' lang='lat' dir='ltr'>S</span> <span class='ocrx_word' id='word_1_1464' title='bbox 478 2360 577 2386; x_wconf 77' lang='lat' dir='ltr'>initiale</span> <span class='ocrx_word' id='word_1_1465' title='bbox 592 2357 648 2395; x_wconf 74' lang='lat' dir='ltr'>pqft</span> <span class='ocrx_word' id='word_1_1466' title='bbox 661 2366 693 2384; x_wconf 85' lang='lat' dir='ltr'>ex</span> <span class='ocrx_word' id='word_1_1467' title='bbox 702 2360 777 2393; x_wconf 81' lang='lat' dir='ltr'>ponit</span> <span class='ocrx_word' id='word_1_1468' title='bbox 789 2368 797 2383; x_wconf 92' lang='lat'><em>:</em></span> <span class='ocrx_word' id='word_1_1469' title='bbox 833 2366 904 2393; x_wconf 85' lang='lat' dir='ltr'>quam</span> <span class='ocrx_word' id='word_1_1470' title='bbox 923 2367 976 2383; x_wconf 83' lang='lat' dir='ltr'>uam</span> <span class='ocrx_word' id='word_1_1471' title='bbox 990 2366 1033 2383; x_wconf 83' lang='lat' dir='ltr'>nec</span> <span class='ocrx_word' id='word_1_1472' title='bbox 1044 2359 1124 2384; x_wconf 83' lang='lat' dir='ltr'>altera</span> <span class='ocrx_word' id='word_1_1473' title='bbox 1136 2357 1166 2383; x_wconf 81' lang='lat' dir='ltr'>ab</span> <span class='ocrx_word' id='word_1_1474' title='bbox 1184 2352 1336 2383; x_wconf 61' lang='lat' dir='ltr'>auetoritate</span> <span class='ocrx_word' id='word_1_1475' title='bbox 1392 2360 1457 2389; x_wconf 80' lang='lat' dir='ltr'>pars</span> <span class='ocrx_word' id='word_1_1476' title='bbox 1470 2358 1607 2390; x_wconf 65' lang='lat' dir='ltr'>exorcismi.</span> <span class='ocrx_word' id='word_1_1477' title='bbox 1677 2356 1797 2383; x_wconf 87' lang='lat' dir='ltr'>Tertull.</span> <span class='ocrx_word' id='word_1_1478' title='bbox 1811 2356 1844 2383; x_wconf 88' lang='lat' dir='ltr'>de</span> <span class='ocrx_word' id='word_1_1479' title='bbox 1858 2356 1925 2383; x_wconf 88' lang='lat' dir='ltr'>Idol.</span> <span class='ocrx_word' id='word_1_1480' title='bbox 1935 2365 1963 2383; x_wconf 85' lang='grc' dir='ltr'>,ιι</span> <span class='ocrx_word' id='word_1_1481' title='bbox 1983 2357 2046 2390; x_wconf 82' lang='lat' dir='ltr'>Qio</span> <span class='ocrx_word' id='word_1_1482' title='bbox 2059 2364 2107 2382; x_wconf 85' lang='lat' dir='ltr'>ore</span> <span class='ocrx_word' id='word_1_1483' title='bbox 2120 2357 2249 2381; x_wconf 75' lang='lat' dir='ltr'>fumantes</span> <span class='ocrx_word' id='word_1_1484' title='bbox 2262 2363 2319 2382; x_wconf 82' lang='lat' dir='ltr'>aras</span> <span class='ocrx_word' id='word_1_1485' title='bbox 2331 2353 2436 2392; x_wconf 67' lang='lat' dir='ltr'>despuet</span> <span class='ocrx_word' id='word_1_1486' title='bbox 2456 2378 2466 2388; x_wconf 28' lang='lat' dir='ltr'>,t</span> 
     </span>
    </p>
   </div>
   <div class='ocr_carea' id='block_1_11' title="bbox 295 2389 2437 2642">
    <p class='ocr_par' dir='ltr' id='par_1_14' title="bbox 295 2389 2437 2642">
     <span class='ocr_line' id='line_1_86' title="bbox 295 2389 2433 2432; baseline -0.004 -6"><span class='ocrx_word' id='word_1_1487' title='bbox 295 2397 453 2432; x_wconf 77' lang='lat' dir='ltr'>destituitur,</span> <span class='ocrx_word' id='word_1_1488' title='bbox 469 2403 492 2422; x_wconf 80' lang='lat' dir='ltr'>et</span> <span class='ocrx_word' id='word_1_1489' title='bbox 505 2404 531 2422; x_wconf 87' lang='lat' dir='ltr'>eo</span> <span class='ocrx_word' id='word_1_1490' title='bbox 543 2394 689 2425; x_wconf 84' lang='lat' dir='ltr'>interuallo,</span> <span class='ocrx_word' id='word_1_1491' title='bbox 706 2402 751 2428; x_wconf 86' lang='lat' dir='ltr'>quo</span> <span class='ocrx_word' id='word_1_1492' title='bbox 761 2394 873 2428; x_wconf 75' lang='lat' dir='ltr'>plerique</span> <span class='ocrx_word' id='word_1_1493' title='bbox 880 2394 900 2419; x_wconf 87' lang='lat' dir='ltr'>Ii</span> <span class='ocrx_word' id='word_1_1494' title='bbox 915 2395 940 2419; x_wconf 88' lang='lat' dir='ltr'>ri</span> <span class='ocrx_word' id='word_1_1495' title='bbox 947 2392 1043 2429; x_wconf 73' lang='lat' dir='ltr'>scripti</span> <span class='ocrx_word' id='word_1_1496' title='bbox 1050 2412 1059 2426; x_wconf 92' lang='lat'>‚</span> <span class='ocrx_word' id='word_1_1497' title='bbox 1074 2399 1139 2419; x_wconf 83' lang='lat' dir='ltr'>certe</span> <span class='ocrx_word' id='word_1_1498' title='bbox 1146 2394 1255 2428; x_wconf 78' lang='lat' dir='ltr'>primum</span> <span class='ocrx_word' id='word_1_1499' title='bbox 1267 2392 1338 2425; x_wconf 80' lang='lat' dir='ltr'>typis</span> <span class='ocrx_word' id='word_1_1500' title='bbox 1399 2395 1425 2416; x_wconf 85' lang='lat' dir='ltr'>et</span> <span class='ocrx_word' id='word_1_1501' title='bbox 1444 2391 1607 2424; x_wconf 83' lang='lat' dir='ltr'>exsufflabit,</span> <span class='ocrx_word' id='word_1_1502' title='bbox 1626 2391 1722 2426; x_wconf 85' lang='lat' dir='ltr'>quibus</span> <span class='ocrx_word' id='word_1_1503' title='bbox 1742 2392 1796 2426; x_wconf 90' lang='lat' dir='ltr'>ipse</span> <span class='ocrx_word' id='word_1_1504' title='bbox 1827 2391 1984 2426; x_wconf 71' lang='lat' dir='ltr'>prospexit?</span> <span class='ocrx_word' id='word_1_1505' title='bbox 2019 2392 2080 2424; x_wconf 84' lang='lat' dir='ltr'>Qia</span> <span class='ocrx_word' id='word_1_1506' title='bbox 2104 2389 2245 2417; x_wconf 81' lang='lat' dir='ltr'>constantia</span> <span class='ocrx_word' id='word_1_1507' title='bbox 2273 2391 2433 2418; x_wconf 72' lang='lat' dir='ltr'>exorcizabit</span> 
     </span>
     <span class='ocr_line' id='line_1_87' title="bbox 295 2423 2432 2470; baseline -0.005 -12"><span class='ocrx_word' id='word_1_1508' title='bbox 295 2433 479 2470; x_wconf 53' lang='lat' dir='ltr'>expressi-lunt,</span> <span class='ocrx_word' id='word_1_1509' title='bbox 506 2429 616 2463; x_wconf 66' lang='lat' dir='ltr'>eualuijffi’</span> <span class='ocrx_word' id='word_1_1510' title='bbox 629 2428 729 2455; x_wconf 85' lang='lat' dir='ltr'>videtur</span> <span class='ocrx_word' id='word_1_1511' title='bbox 743 2428 869 2464; x_wconf 86' lang='lat' dir='ltr'>Prisciani</span> <span class='ocrx_word' id='word_1_1512' title='bbox 882 2426 1029 2455; x_wconf 69' lang='lat' dir='ltr'>auHoritas.</span> <span class='ocrx_word' id='word_1_1513' title='bbox 1099 2430 1141 2455; x_wconf 82' lang='lat' dir='ltr'>Ita</span> <span class='ocrx_word' id='word_1_1514' title='bbox 1160 2430 1186 2454; x_wconf 81' lang='lat' dir='ltr'>in</span> <span class='ocrx_word' id='word_1_1515' title='bbox 1200 2423 1338 2462; x_wconf 71' lang='lat' dir='ltr'>Qinfflli-</span> <span class='ocrx_word' id='word_1_1516' title='bbox 1398 2425 1519 2452; x_wconf 82' lang='lat' dir='ltr'>alumnos</span> <span class='ocrx_word' id='word_1_1517' title='bbox 1531 2427 1590 2452; x_wconf 87' lang='lat' dir='ltr'>suos</span> <span class='ocrx_word' id='word_1_1518' title='bbox 1603 2428 1612 2453; x_wconf 78' lang='lat'>3</span> <span class='ocrx_word' id='word_1_1519' title='bbox 1647 2427 1675 2453; x_wconf 82' lang='lat' dir='ltr'>de</span> <span class='ocrx_word' id='word_1_1520' title='bbox 1687 2436 1712 2454; x_wconf 76' lang='lat' dir='ltr'>eo</span> <span class='ocrx_word' id='word_1_1521' title='bbox 1725 2430 1796 2463; x_wconf 81' lang='lat' dir='ltr'>agit,</span> <span class='ocrx_word' id='word_1_1522' title='bbox 1813 2427 1980 2460; x_wconf 78' lang='lat' dir='ltr'>Christianum</span> <span class='ocrx_word' id='word_1_1523' title='bbox 1992 2435 2040 2452; x_wconf 81' lang='lat' dir='ltr'>non</span> <span class='ocrx_word' id='word_1_1524' title='bbox 2048 2424 2114 2461; x_wconf 72' lang='lat' dir='ltr'>pqffe</span> <span class='ocrx_word' id='word_1_1525' title='bbox 2125 2433 2167 2453; x_wconf 82' lang='lat' dir='ltr'>tus</span> <span class='ocrx_word' id='word_1_1526' title='bbox 2179 2425 2295 2458; x_wconf 75' lang='lat' dir='ltr'>vendere,</span> <span class='ocrx_word' id='word_1_1527' title='bbox 2310 2435 2356 2461; x_wconf 77' lang='lat' dir='ltr'>quo</span> <span class='ocrx_word' id='word_1_1528' title='bbox 2371 2426 2432 2453; x_wconf 81' lang='lat' dir='ltr'>cole.</span> 
     </span>
     <span class='ocr_line' id='line_1_88' title="bbox 295 2459 2432 2505; baseline -0.006 -9"><span class='ocrx_word' id='word_1_1529' title='bbox 295 2480 343 2498; x_wconf 81' lang='lat' dir='ltr'>ano</span> <span class='ocrx_word' id='word_1_1530' title='bbox 359 2464 500 2505; x_wconf 62' lang='lat' dir='ltr'>lknjbvziano</span> <span class='ocrx_word' id='word_1_1531' title='bbox 512 2464 543 2499; x_wconf 70' lang='lat' dir='ltr'>esi</span> <span class='ocrx_word' id='word_1_1532' title='bbox 557 2473 681 2497; x_wconf 84' lang='lat' dir='ltr'>execare,</span> <span class='ocrx_word' id='word_1_1533' title='bbox 700 2465 811 2499; x_wconf 85' lang='lat' dir='ltr'>exequi,</span> <span class='ocrx_word' id='word_1_1534' title='bbox 830 2463 970 2498; x_wconf 87' lang='lat' dir='ltr'>exculpere</span> <span class='ocrx_word' id='word_1_1535' title='bbox 989 2470 1034 2490; x_wconf 87' lang='lat' dir='ltr'>etc.</span> <span class='ocrx_word' id='word_1_1536' title='bbox 1104 2463 1159 2499; x_wconf 81' lang='lat' dir='ltr'>Ipse</span> <span class='ocrx_word' id='word_1_1537' title='bbox 1176 2461 1336 2496; x_wconf 68' lang='lat' dir='ltr'>Qiinetilia-</span> <span class='ocrx_word' id='word_1_1538' title='bbox 1397 2459 1488 2487; x_wconf 81' lang='lat' dir='ltr'>bantur</span> <span class='ocrx_word' id='word_1_1539' title='bbox 1500 2462 1682 2498; x_wconf 82' lang='lat' dir='ltr'>alebanturque‚</span> <span class='ocrx_word' id='word_1_1540' title='bbox 1696 2465 1706 2488; x_wconf 88' lang='lat' dir='ltr'>i</span> <span class='ocrx_word' id='word_1_1541' title='bbox 1717 2463 1748 2498; x_wconf 85' lang='lat' dir='ltr'>so</span> <span class='ocrx_word' id='word_1_1542' title='bbox 1761 2465 1950 2498; x_wconf 69' lang='lat' dir='ltr'>interpretante,</span> <span class='ocrx_word' id='word_1_1543' title='bbox 1969 2461 2112 2488; x_wconf 76' lang='lat' dir='ltr'>daemones:</span> <span class='ocrx_word' id='word_1_1544' title='bbox 2147 2461 2191 2488; x_wconf 77' lang='lat' dir='ltr'>hos</span> <span class='ocrx_word' id='word_1_1545' title='bbox 2203 2467 2281 2486; x_wconf 77' lang='lat' dir='ltr'>autem</span> <span class='ocrx_word' id='word_1_1546' title='bbox 2287 2459 2378 2497; x_wconf 75' lang='lat' dir='ltr'>jugan·</span> <span class='ocrx_word' id='word_1_1547' title='bbox 2385 2467 2432 2496; x_wconf 67' lang='lat' dir='ltr'>pu.</span> 
     </span>
     <span class='ocr_line' id='line_1_89' title="bbox 296 2469 2436 2538; baseline -0.002 -10"><span class='ocrx_word' id='word_1_1548' title='bbox 296 2514 346 2533; x_wconf 79' lang='lat' dir='ltr'>nus</span> <span class='ocrx_word' id='word_1_1549' title='bbox 361 2514 380 2537; x_wconf 86' lang='lat'>1,</span> <span class='ocrx_word' id='word_1_1550' title='bbox 393 2512 420 2538; x_wconf 89' lang='lat'>7,</span> <span class='ocrx_word' id='word_1_1551' title='bbox 434 2511 453 2535; x_wconf 82' lang='lat'>4</span> <span class='ocrx_word' id='word_1_1552' title='bbox 473 2511 521 2527; x_wconf 82' lang='lat' dir='ltr'>non</span> <span class='ocrx_word' id='word_1_1553' title='bbox 539 2499 668 2538; x_wconf 66' lang='lat' dir='ltr'>magnifice</span> <span class='ocrx_word' id='word_1_1554' title='bbox 685 2499 786 2527; x_wconf 80' lang='lat' dir='ltr'>videtur</span> <span class='ocrx_word' id='word_1_1555' title='bbox 793 2499 889 2536; x_wconf 72' lang='lat' dir='ltr'>fintire</span> <span class='ocrx_word' id='word_1_1556' title='bbox 906 2499 935 2525; x_wconf 72' lang='lat' dir='ltr'>de</span> <span class='ocrx_word' id='word_1_1557' title='bbox 945 2499 997 2532; x_wconf 85' lang='lat' dir='ltr'>his,</span> <span class='ocrx_word' id='word_1_1558' title='bbox 1011 2501 1054 2535; x_wconf 88' lang='lat' dir='ltr'>qui</span> <span class='ocrx_word' id='word_1_1559' title='bbox 1065 2501 1196 2530; x_wconf 78' lang='lat' dir='ltr'>timerent,</span> <span class='ocrx_word' id='word_1_1560' title='bbox 1216 2506 1245 2523; x_wconf 84' lang='lat' dir='ltr'>ne</span> <span class='ocrx_word' id='word_1_1561' title='bbox 1259 2505 1336 2531; x_wconf 77' lang='lat' dir='ltr'>expe·</span> <span class='ocrx_word' id='word_1_1562' title='bbox 1349 2502 1382 2536; x_wconf 74' lang='lat'>65</span> <span class='ocrx_word' id='word_1_1563' title='bbox 1398 2496 1486 2522; x_wconf 81' lang='lat' dir='ltr'>tabant</span> <span class='ocrx_word' id='word_1_1564' title='bbox 1489 2496 1558 2531; x_wconf 82' lang='lat' dir='ltr'>flatu</span> <span class='ocrx_word' id='word_1_1565' title='bbox 1571 2500 1623 2523; x_wconf 84' lang='lat' dir='ltr'>oris</span> <span class='ocrx_word' id='word_1_1566' title='bbox 1635 2469 1781 2532; x_wconf 61' lang='lat' dir='ltr'>Chrissiani.</span> <span class='ocrx_word' id='word_1_1567' title='bbox 1817 2500 1886 2525; x_wconf 85' lang='lat' dir='ltr'>Hinc</span> <span class='ocrx_word' id='word_1_1568' title='bbox 1899 2501 1972 2524; x_wconf 84' lang='lat' dir='ltr'>etiam</span> <span class='ocrx_word' id='word_1_1569' title='bbox 1984 2497 2041 2524; x_wconf 82' lang='lat' dir='ltr'>illae</span> <span class='ocrx_word' id='word_1_1570' title='bbox 2051 2497 2165 2533; x_wconf 73' lang='lat' dir='ltr'>mulieres</span> <span class='ocrx_word' id='word_1_1571' title='bbox 2181 2495 2339 2522; x_wconf 75' lang='lat' dir='ltr'>fidelissimae</span> <span class='ocrx_word' id='word_1_1572' title='bbox 2351 2500 2436 2523; x_wconf 81' lang='lat' dir='ltr'>etnon</span> 
     </span>
     <span class='ocr_line' id='line_1_90' title="bbox 297 2529 2437 2572; baseline -0.006 -5"><span class='ocrx_word' id='word_1_1573' title='bbox 297 2541 369 2569; x_wconf 68' lang='lat' dir='ltr'>&amp;are</span> <span class='ocrx_word' id='word_1_1574' title='bbox 391 2545 414 2565; x_wconf 81' lang='lat' dir='ltr'>et</span> <span class='ocrx_word' id='word_1_1575' title='bbox 431 2536 568 2572; x_wconf 56' lang='lat' dir='ltr'>expediere</span> <span class='ocrx_word' id='word_1_1576' title='bbox 585 2535 781 2572; x_wconf 60' lang='lat' dir='ltr'>confundantur.</span> <span class='ocrx_word' id='word_1_1577' title='bbox 821 2536 876 2571; x_wconf 64' lang='lat' dir='ltr'>Quo</span> <span class='ocrx_word' id='word_1_1578' title='bbox 895 2537 977 2561; x_wconf 82' lang='lat' dir='ltr'>minus</span> <span class='ocrx_word' id='word_1_1579' title='bbox 996 2535 1150 2571; x_wconf 68' lang='lat' dir='ltr'>accusthitur</span> <span class='ocrx_word' id='word_1_1580' title='bbox 1171 2530 1339 2566; x_wconf 77' lang='lat' dir='ltr'>inconstantia</span> <span class='ocrx_word' id='word_1_1581' title='bbox 1401 2531 1556 2558; x_wconf 85' lang='lat' dir='ltr'>seducibiles</span> <span class='ocrx_word' id='word_1_1582' title='bbox 1568 2532 1634 2567; x_wconf 79' lang='lat' dir='ltr'>apud</span> <span class='ocrx_word' id='word_1_1583' title='bbox 1645 2534 1704 2560; x_wconf 91' lang='lat' dir='ltr'>Vet.</span> <span class='ocrx_word' id='word_1_1584' title='bbox 1717 2534 1830 2567; x_wconf 78' lang='lat' dir='ltr'>interpr.</span> <span class='ocrx_word' id='word_1_1585' title='bbox 1842 2533 1946 2560; x_wconf 73' lang='lat' dir='ltr'>irenaei</span> <span class='ocrx_word' id='word_1_1586' title='bbox 1959 2541 1977 2564; x_wconf 87' lang='lat'>1,</span> <span class='ocrx_word' id='word_1_1587' title='bbox 1990 2541 2007 2565; x_wconf 90' lang='lat'><em>9</em></span> <span class='ocrx_word' id='word_1_1588' title='bbox 2025 2541 2088 2566; x_wconf 88' lang='lat' dir='ltr'>quas</span> <span class='ocrx_word' id='word_1_1589' title='bbox 2100 2531 2221 2558; x_wconf 83' lang='lat' dir='ltr'>similiter</span> <span class='ocrx_word' id='word_1_1590' title='bbox 2233 2538 2262 2564; x_wconf 79' lang='lat' dir='ltr'>vt</span> <span class='ocrx_word' id='word_1_1591' title='bbox 2274 2531 2388 2566; x_wconf 78' lang='lat' dir='ltr'>reliquas</span> <span class='ocrx_word' id='word_1_1592' title='bbox 2398 2529 2437 2562; x_wconf 69' lang='lat' dir='ltr'>af.</span> 
     </span>
     <span class='ocr_line' id='line_1_91' title="bbox 296 2564 2436 2642; baseline -0.003 -42"><span class='ocrx_word' id='word_1_1593' title='bbox 296 2578 382 2637; x_wconf 51' lang='lat' dir='ltr'>algua</span> <span class='ocrx_word' id='word_1_1594' title='bbox 393 2571 493 2606; x_wconf 66' lang='lat' dir='ltr'>nestra,</span> <span class='ocrx_word' id='word_1_1595' title='bbox 509 2572 573 2607; x_wconf 84' lang='lat' dir='ltr'>quod</span> <span class='ocrx_word' id='word_1_1596' title='bbox 586 2575 614 2597; x_wconf 88' lang='lat' dir='ltr'>in</span> <span class='ocrx_word' id='word_1_1597' title='bbox 628 2572 770 2642; x_wconf 51' lang='lat' dir='ltr'>pleriffue,</span> <span class='ocrx_word' id='word_1_1598' title='bbox 791 2579 850 2606; x_wconf 87' lang='lat' dir='ltr'>quae</span> <span class='ocrx_word' id='word_1_1599' title='bbox 862 2570 936 2607; x_wconf 83' lang='lat' dir='ltr'>forte</span> <span class='ocrx_word' id='word_1_1600' title='bbox 955 2573 1069 2606; x_wconf 81' lang='lat' dir='ltr'>requirat</span> <span class='ocrx_word' id='word_1_1601' title='bbox 1086 2571 1196 2605; x_wconf 81' lang='lat' dir='ltr'>aliquis,</span> <span class='ocrx_word' id='word_1_1602' title='bbox 1212 2571 1339 2596; x_wconf 77' lang='lat' dir='ltr'>reiicimus</span> <span class='ocrx_word' id='word_1_1603' title='bbox 1399 2566 1511 2594; x_wconf 71' lang='lat' dir='ltr'>feeiauit</span> <span class='ocrx_word' id='word_1_1604' title='bbox 1523 2566 1646 2594; x_wconf 85' lang='lat' dir='ltr'>seducere</span> <span class='ocrx_word' id='word_1_1605' title='bbox 1662 2569 1767 2595; x_wconf 85' lang='lat' dir='ltr'>Marcus</span> <span class='ocrx_word' id='word_1_1606' title='bbox 1780 2568 1820 2595; x_wconf 80' lang='lat' dir='ltr'>ille</span> <span class='ocrx_word' id='word_1_1607' title='bbox 1831 2567 2138 2602; x_wconf 71' lang='lat' dir='ltr'>Gnqllicus,exsufflantcs</span> <span class='ocrx_word' id='word_1_1608' title='bbox 2152 2573 2178 2594; x_wconf 88' lang='lat' dir='ltr'>et</span> <span class='ocrx_word' id='word_1_1609' title='bbox 2191 2564 2436 2593; x_wconf 63' lang='lat' dir='ltr'>anathematizante·</span> 
     </span>
     <span class='ocr_line' id='line_1_92' title="bbox 296 2613 319 2639; baseline -0.087 0"><span class='ocrx_word' id='word_1_1610' title='bbox 296 2613 319 2639; x_wconf 80' lang='lat' dir='ltr'>le</span> 
     </span>
    </p>
   </div>
   <div class='ocr_carea' id='block_1_12' title="bbox 297 2602 2444 2712">
    <p class='ocr_par' dir='ltr' id='par_1_15' title="bbox 297 2602 2444 2712">
     <span class='ocr_line' id='line_1_93' title="bbox 348 2602 2438 2643; baseline -0.005 -6"><span class='ocrx_word' id='word_1_1611' title='bbox 348 2619 401 2637; x_wconf 84' lang='lat' dir='ltr'>ores</span> <span class='ocrx_word' id='word_1_1612' title='bbox 413 2607 446 2634; x_wconf 76' lang='lat' dir='ltr'>ad</span> <span class='ocrx_word' id='word_1_1613' title='bbox 457 2616 507 2633; x_wconf 86' lang='lat' dir='ltr'>eum</span> <span class='ocrx_word' id='word_1_1614' title='bbox 521 2608 613 2639; x_wconf 86' lang='lat' dir='ltr'>Iocum,</span> <span class='ocrx_word' id='word_1_1615' title='bbox 629 2609 670 2633; x_wconf 85' lang='lat' dir='ltr'>cui</span> <span class='ocrx_word' id='word_1_1616' title='bbox 682 2616 697 2633; x_wconf 84' lang='lat' dir='ltr'>a</span> <span class='ocrx_word' id='word_1_1617' title='bbox 718 2612 789 2643; x_wconf 80' lang='lat' dir='ltr'>ignat</span> <span class='ocrx_word' id='word_1_1618' title='bbox 802 2615 829 2633; x_wconf 83' lang='lat' dir='ltr'>ea</span> <span class='ocrx_word' id='word_1_1619' title='bbox 843 2606 970 2642; x_wconf 84' lang='lat' dir='ltr'>Prisciani</span> <span class='ocrx_word' id='word_1_1620' title='bbox 982 2608 1057 2634; x_wconf 81' lang='lat' dir='ltr'>ratio.</span> <span class='ocrx_word' id='word_1_1621' title='bbox 1094 2607 1158 2642; x_wconf 85' lang='lat' dir='ltr'>Ergo</span> <span class='ocrx_word' id='word_1_1622' title='bbox 1172 2604 1226 2632; x_wconf 84' lang='lat' dir='ltr'>vid.</span> <span class='ocrx_word' id='word_1_1623' title='bbox 1244 2609 1339 2632; x_wconf 77' lang='lat' dir='ltr'>ExAE-</span> <span class='ocrx_word' id='word_1_1624' title='bbox 1400 2610 1477 2635; x_wconf 84' lang='lat' dir='ltr'>eum,</span> <span class='ocrx_word' id='word_1_1625' title='bbox 1497 2603 1647 2637; x_wconf 88' lang='lat' dir='ltr'>separarunt</span> <span class='ocrx_word' id='word_1_1626' title='bbox 1659 2603 1683 2630; x_wconf 88' lang='lat' dir='ltr'>se</span> <span class='ocrx_word' id='word_1_1627' title='bbox 1694 2603 1726 2630; x_wconf 89' lang='lat' dir='ltr'>ab</span> <span class='ocrx_word' id='word_1_1628' title='bbox 1739 2603 1893 2631; x_wconf 88' lang='lat' dir='ltr'>huiusmodi</span> <span class='ocrx_word' id='word_1_1629' title='bbox 1907 2603 1997 2629; x_wconf 88' lang='lat' dir='ltr'>insano</span> <span class='ocrx_word' id='word_1_1630' title='bbox 2008 2621 2017 2634; x_wconf 95' lang='lat'>‚</span> <span class='ocrx_word' id='word_1_1631' title='bbox 2037 2602 2240 2635; x_wconf 65' lang='lat' dir='ltr'>naratvwrimem</span> <span class='ocrx_word' id='word_1_1632' title='bbox 2257 2607 2303 2628; x_wconf 85' lang='lat' dir='ltr'>etc.</span> <span class='ocrx_word' id='word_1_1633' title='bbox 2430 2620 2438 2637; x_wconf 47' lang='grc' dir='ltr'><em>Ι</em></span> 
     </span>
     <span class='ocr_line' id='line_1_94' title="bbox 297 2641 2444 2678; baseline -0.004 -7"><span class='ocrx_word' id='word_1_1634' title='bbox 297 2652 355 2674; x_wconf 85' lang='lat' dir='ltr'>vio</span> <span class='ocrx_word' id='word_1_1635' title='bbox 375 2642 483 2678; x_wconf 81' lang='lat' dir='ltr'>etc.fine</span> <span class='ocrx_word' id='word_1_1636' title='bbox 498 2642 523 2668; x_wconf 89' lang='lat' dir='ltr'>S.</span> <span class='ocrx_word' id='word_1_1637' title='bbox 1438 2643 1455 2664; x_wconf 83' lang='grc' dir='ltr'>Ε</span> <span class='ocrx_word' id='word_1_1638' title='bbox 1468 2644 1487 2664; x_wconf 89' lang='grc' dir='ltr'>Χ</span> <span class='ocrx_word' id='word_1_1639' title='bbox 1499 2644 1615 2670; x_wconf 79' lang='lat' dir='ltr'>SVGo,</span> <span class='ocrx_word' id='word_1_1640' title='bbox 1636 2645 1833 2671; x_wconf 75' lang='lat' dir='ltr'>EXSVLTO,</span> <span class='ocrx_word' id='word_1_1641' title='bbox 1853 2644 2072 2676; x_wconf 77' lang='lat' dir='ltr'>ExstER9‚</span> <span class='ocrx_word' id='word_1_1642' title='bbox 2098 2643 2197 2664; x_wconf 83' lang='lat' dir='ltr'>Exsv</span> <span class='ocrx_word' id='word_1_1643' title='bbox 2209 2644 2301 2669; x_wconf 80' lang='lat' dir='ltr'>RDO,</span> <span class='ocrx_word' id='word_1_1644' title='bbox 2323 2641 2444 2673; x_wconf 45' lang='lat' dir='ltr'>Exsvng</span> 
     </span>
     <span class='ocr_line' id='line_1_95' title="bbox 335 2673 2427 2712; baseline -0.006 -3"><span class='ocrx_word' id='word_1_1645' title='bbox 335 2683 600 2709; x_wconf 81' lang='lat' dir='ltr'>EXSALSESCO,</span> <span class='ocrx_word' id='word_1_1646' title='bbox 620 2676 673 2701; x_wconf 67' lang='lat' dir='ltr'>ere.</span> <span class='ocrx_word' id='word_1_1647' title='bbox 708 2675 923 2703; x_wconf 82' lang='lat' dir='ltr'>Plin.Valerian.</span> <span class='ocrx_word' id='word_1_1648' title='bbox 1033 2686 1038 2692; x_wconf 86' lang='lat'><em>·</em></span> <span class='ocrx_word' id='word_1_1649' title='bbox 1345 2683 1382 2712; x_wconf 79' lang='lat'>70</span> <span class='ocrx_word' id='word_1_1650' title='bbox 1401 2678 1462 2706; x_wconf 86' lang='lat' dir='ltr'>Go,</span> <span class='ocrx_word' id='word_1_1651' title='bbox 1482 2674 1950 2707; x_wconf 73' lang='lat' dir='ltr'>EXSVSc1T0‚vid.EXVGo</span> <span class='ocrx_word' id='word_1_1652' title='bbox 1965 2673 2110 2706; x_wconf 81' lang='lat' dir='ltr'>etc.JmeS.</span> <span class='ocrx_word' id='word_1_1653' title='bbox 2416 2675 2427 2683; x_wconf 65' lang='grc'>-“</span> 
     </span>
    </p>
   </div>
   <div class='ocr_carea' id='block_1_13' title="bbox 298 2706 2429 2894">
    <p class='ocr_par' dir='ltr' id='par_1_16' title="bbox 298 2706 2429 2894">
     <span class='ocr_line' id='line_1_96' title="bbox 335 2706 2429 2745; baseline -0.005 -1"><span class='ocrx_word' id='word_1_1654' title='bbox 335 2721 434 2744; x_wconf 73' lang='lat' dir='ltr'>13st</span> <span class='ocrx_word' id='word_1_1655' title='bbox 446 2718 581 2742; x_wconf 83' lang='lat' dir='ltr'>NGVIS,</span> <span class='ocrx_word' id='word_1_1656' title='bbox 599 2710 651 2736; x_wconf 82' lang='lat' dir='ltr'>vid.</span> <span class='ocrx_word' id='word_1_1657' title='bbox 672 2716 688 2735; x_wconf 97' lang='grc' dir='ltr'>Ε</span> <span class='ocrx_word' id='word_1_1658' title='bbox 700 2716 719 2735; x_wconf 88' lang='grc' dir='ltr'>Χ</span> <span class='ocrx_word' id='word_1_1659' title='bbox 731 2717 894 2737; x_wconf 79' lang='lat' dir='ltr'>ANGVIS.</span> <span class='ocrx_word' id='word_1_1660' title='bbox 1437 2715 1503 2735; x_wconf 80' lang='lat' dir='ltr'>Exs</span> <span class='ocrx_word' id='word_1_1661' title='bbox 1517 2715 1566 2735; x_wconf 78' lang='lat' dir='ltr'>xN</span> <span class='ocrx_word' id='word_1_1662' title='bbox 1579 2714 1766 2742; x_wconf 81' lang='lat' dir='ltr'>CERAST1,</span> <span class='ocrx_word' id='word_1_1663' title='bbox 1784 2710 1851 2745; x_wconf 76' lang='lat' dir='ltr'>apud</span> <span class='ocrx_word' id='word_1_1664' title='bbox 1863 2709 1982 2736; x_wconf 82' lang='lat' dir='ltr'>Plautum</span> <span class='ocrx_word' id='word_1_1665' title='bbox 1996 2707 2075 2734; x_wconf 88' lang='lat' dir='ltr'>Most.</span> <span class='ocrx_word' id='word_1_1666' title='bbox 2090 2706 2165 2741; x_wconf 62' lang='lat'>431,</span> <span class='ocrx_word' id='word_1_1667' title='bbox 2180 2715 2211 2734; x_wconf 88' lang='lat' dir='ltr'>ii.</span> <span class='ocrx_word' id='word_1_1668' title='bbox 2229 2706 2372 2742; x_wconf 82' lang='lat' dir='ltr'>quibusdam</span> <span class='ocrx_word' id='word_1_1669' title='bbox 2388 2707 2429 2734; x_wconf 45' lang='lat' dir='ltr'>di*</span> 
     </span>
     <span class='ocr_line' id='line_1_97' title="bbox 337 2743 2410 2780; baseline -0.003 -3"><span class='ocrx_word' id='word_1_1670' title='bbox 337 2759 354 2779; x_wconf 97' lang='grc' dir='ltr'>Ε</span> <span class='ocrx_word' id='word_1_1671' title='bbox 366 2758 383 2777; x_wconf 93' lang='grc' dir='ltr'>Χ</span> <span class='ocrx_word' id='word_1_1672' title='bbox 392 2757 405 2777; x_wconf 90' lang='lat' dir='ltr'>s</span> <span class='ocrx_word' id='word_1_1673' title='bbox 414 2757 435 2777; x_wconf 84' lang='lat' dir='ltr'>A</span> <span class='ocrx_word' id='word_1_1674' title='bbox 444 2756 464 2776; x_wconf 85' lang='lat' dir='ltr'>R</span> <span class='ocrx_word' id='word_1_1675' title='bbox 473 2754 491 2775; x_wconf 88' lang='lat' dir='ltr'><em>c</em></span> <span class='ocrx_word' id='word_1_1676' title='bbox 503 2756 512 2774; x_wconf 95' lang='lat'>1</span> <span class='ocrx_word' id='word_1_1677' title='bbox 522 2754 541 2774; x_wconf 92' lang='grc' dir='ltr'>ο</span> <span class='ocrx_word' id='word_1_1678' title='bbox 550 2767 558 2779; x_wconf 90' lang='grc'><strong><em>,</em></strong></span> <span class='ocrx_word' id='word_1_1679' title='bbox 572 2749 620 2772; x_wconf 80' lang='lat' dir='ltr'>ire.</span> <span class='ocrx_word' id='word_1_1680' title='bbox 658 2746 695 2779; x_wconf 78' lang='lat' dir='ltr'>Q</span> <span class='ocrx_word' id='word_1_1681' title='bbox 706 2745 762 2771; x_wconf 89' lang='lat' dir='ltr'>Cic.</span> <span class='ocrx_word' id='word_1_1682' title='bbox 776 2744 808 2770; x_wconf 89' lang='lat' dir='ltr'>de</span> <span class='ocrx_word' id='word_1_1683' title='bbox 820 2745 895 2771; x_wconf 88' lang='lat' dir='ltr'>Petit.</span> <span class='ocrx_word' id='word_1_1684' title='bbox 910 2747 988 2772; x_wconf 85' lang='lat' dir='ltr'>Cons.</span> <span class='ocrx_word' id='word_1_1685' title='bbox 1002 2755 1023 2771; x_wconf 85' lang='lat' dir='ltr'>c.</span> <span class='ocrx_word' id='word_1_1686' title='bbox 1044 2754 1071 2772; x_wconf 86' lang='lat'>12</span> <span class='ocrx_word' id='word_1_1687' title='bbox 1089 2746 1157 2772; x_wconf 82' lang='lat' dir='ltr'>Aliis</span> <span class='ocrx_word' id='word_1_1688' title='bbox 1170 2750 1196 2772; x_wconf 86' lang='lat' dir='ltr'>te</span> <span class='ocrx_word' id='word_1_1689' title='bbox 1214 2745 1242 2772; x_wconf 88' lang='lat' dir='ltr'>id</span> <span class='ocrx_word' id='word_1_1690' title='bbox 1260 2745 1339 2772; x_wconf 72' lang='lat' dir='ltr'>rebus</span> <span class='ocrx_word' id='word_1_1691' title='bbox 1402 2743 1534 2775; x_wconf 82' lang='lat' dir='ltr'>videntur,</span> <span class='ocrx_word' id='word_1_1692' title='bbox 1549 2743 1616 2780; x_wconf 81' lang='lat' dir='ltr'>quafi</span> <span class='ocrx_word' id='word_1_1693' title='bbox 1628 2744 1789 2771; x_wconf 80' lang='lat' dir='ltr'>Emedullatos</span> <span class='ocrx_word' id='word_1_1694' title='bbox 1802 2745 1913 2778; x_wconf 81' lang='lat' dir='ltr'>dixeris,</span> <span class='ocrx_word' id='word_1_1695' title='bbox 1930 2750 1954 2772; x_wconf 77' lang='lat' dir='ltr'>et</span> <span class='ocrx_word' id='word_1_1696' title='bbox 1965 2747 2031 2770; x_wconf 83' lang='lat' dir='ltr'>citra</span> <span class='ocrx_word' id='word_1_1697' title='bbox 2045 2743 2119 2770; x_wconf 82' lang='lat' dir='ltr'>vllam</span> <span class='ocrx_word' id='word_1_1698' title='bbox 2130 2743 2311 2779; x_wconf 75' lang='lat' dir='ltr'>pinguedinem.</span> <span class='ocrx_word' id='word_1_1699' title='bbox 2348 2744 2410 2770; x_wconf 83' lang='lat' dir='ltr'>Nem</span> 
     </span>
     <span class='ocr_line' id='line_1_98' title="bbox 299 2778 2411 2817; baseline -0.004 -3"><span class='ocrx_word' id='word_1_1700' title='bbox 299 2788 451 2814; x_wconf 83' lang='lat' dir='ltr'>exsaturum</span> <span class='ocrx_word' id='word_1_1701' title='bbox 465 2784 522 2810; x_wconf 87' lang='lat' dir='ltr'>esse.</span> <span class='ocrx_word' id='word_1_1702' title='bbox 558 2781 604 2809; x_wconf 80' lang='lat' dir='ltr'>Sed</span> <span class='ocrx_word' id='word_1_1703' title='bbox 617 2784 703 2807; x_wconf 81' lang='lat' dir='ltr'>variat</span> <span class='ocrx_word' id='word_1_1704' title='bbox 714 2779 795 2806; x_wconf 60' lang='lat' dir='ltr'>lectio.</span> <span class='ocrx_word' id='word_1_1705' title='bbox 834 2781 865 2806; x_wconf 83' lang='lat' dir='ltr'>Et</span> <span class='ocrx_word' id='word_1_1706' title='bbox 878 2779 946 2806; x_wconf 89' lang='lat' dir='ltr'>Ter.</span> <span class='ocrx_word' id='word_1_1707' title='bbox 959 2782 1056 2806; x_wconf 85' lang='lat' dir='ltr'>Heaut.</span> <span class='ocrx_word' id='word_1_1708' title='bbox 1070 2789 1090 2812; x_wconf 87' lang='lat' dir='ltr'>i,</span> <span class='ocrx_word' id='word_1_1709' title='bbox 1105 2790 1124 2812; x_wconf 89' lang='grc' dir='ltr'>ι,</span> <span class='ocrx_word' id='word_1_1710' title='bbox 1139 2790 1174 2813; x_wconf 89' lang='lat'>90</span> <span class='ocrx_word' id='word_1_1711' title='bbox 1191 2781 1247 2813; x_wconf 84' lang='lat' dir='ltr'>Qi</span> <span class='ocrx_word' id='word_1_1712' title='bbox 1260 2790 1340 2815; x_wconf 90' lang='lat' dir='ltr'>opere</span> <span class='ocrx_word' id='word_1_1713' title='bbox 1400 2779 1474 2805; x_wconf 77' lang='lat' dir='ltr'>iidem</span> <span class='ocrx_word' id='word_1_1714' title='bbox 1485 2779 1665 2811; x_wconf 87' lang='lat' dir='ltr'>Syncerastum</span> <span class='ocrx_word' id='word_1_1715' title='bbox 1678 2779 1812 2807; x_wconf 75' lang='lat' dir='ltr'>Medullum</span> <span class='ocrx_word' id='word_1_1716' title='bbox 1827 2784 2042 2817; x_wconf 73' lang='lat' dir='ltr'>interpretantur,</span> <span class='ocrx_word' id='word_1_1717' title='bbox 2066 2788 2093 2806; x_wconf 87' lang='lat' dir='ltr'>v.</span> <span class='ocrx_word' id='word_1_1718' title='bbox 2105 2787 2131 2815; x_wconf 85' lang='lat' dir='ltr'>g.</span> <span class='ocrx_word' id='word_1_1719' title='bbox 2150 2779 2214 2806; x_wconf 83' lang='lat' dir='ltr'>Cael.</span> <span class='ocrx_word' id='word_1_1720' title='bbox 2234 2778 2316 2807; x_wconf 81' lang='lat' dir='ltr'>Rhod.</span> <span class='ocrx_word' id='word_1_1721' title='bbox 2335 2788 2380 2814; x_wconf 78' lang='lat'>25,</span> <span class='ocrx_word' id='word_1_1722' title='bbox 2395 2788 2411 2806; x_wconf 80' lang='lat'><em>2</em></span> 
     </span>
     <span class='ocr_line' id='line_1_99' title="bbox 299 2814 1822 2852; baseline -0.007 -3"><span class='ocrx_word' id='word_1_1723' title='bbox 299 2822 399 2852; x_wconf 78' lang='lat' dir='ltr'>rustico</span> <span class='ocrx_word' id='word_1_1724' title='bbox 411 2818 533 2846; x_wconf 85' lang='lat' dir='ltr'>faciendo</span> <span class='ocrx_word' id='word_1_1725' title='bbox 545 2816 623 2844; x_wconf 84' lang='lat' dir='ltr'>facile</span> <span class='ocrx_word' id='word_1_1726' title='bbox 636 2816 749 2842; x_wconf 86' lang='lat' dir='ltr'>sumtum</span> <span class='ocrx_word' id='word_1_1727' title='bbox 763 2815 930 2842; x_wconf 81' lang='lat' dir='ltr'>exsarcirent.</span> <span class='ocrx_word' id='word_1_1728' title='bbox 979 2816 1072 2841; x_wconf 83' lang='lat' dir='ltr'>Muret.</span> <span class='ocrx_word' id='word_1_1729' title='bbox 1104 2817 1146 2842; x_wconf 82' lang='lat' dir='ltr'>Ita</span> <span class='ocrx_word' id='word_1_1730' title='bbox 1158 2815 1283 2851; x_wconf 71' lang='lat' dir='ltr'>legendum</span> <span class='ocrx_word' id='word_1_1731' title='bbox 1291 2823 1340 2850; x_wconf 83' lang='lat' dir='ltr'>pro</span> <span class='ocrx_word' id='word_1_1732' title='bbox 1406 2814 1465 2842; x_wconf 81' lang='lat' dir='ltr'>Vid.</span> <span class='ocrx_word' id='word_1_1733' title='bbox 1493 2820 1511 2842; x_wconf 81' lang='grc' dir='ltr'>Ε</span> <span class='ocrx_word' id='word_1_1734' title='bbox 1522 2820 1541 2841; x_wconf 89' lang='grc' dir='ltr'>Χ</span> <span class='ocrx_word' id='word_1_1735' title='bbox 1549 2822 1563 2841; x_wconf 89' lang='lat' dir='ltr'>s</span> <span class='ocrx_word' id='word_1_1736' title='bbox 1572 2822 1582 2842; x_wconf 89' lang='lat'>1</span> <span class='ocrx_word' id='word_1_1737' title='bbox 1591 2822 1613 2840; x_wconf 89' lang='lat' dir='ltr'>N</span> <span class='ocrx_word' id='word_1_1738' title='bbox 1621 2820 1639 2842; x_wconf 91' lang='lat' dir='ltr'>c</span> <span class='ocrx_word' id='word_1_1739' title='bbox 1648 2821 1665 2841; x_wconf 87' lang='grc' dir='ltr'><strong>Ε</strong></span> <span class='ocrx_word' id='word_1_1740' title='bbox 1675 2822 1695 2842; x_wconf 75' lang='lat' dir='ltr'>R</span> <span class='ocrx_word' id='word_1_1741' title='bbox 1703 2822 1727 2843; x_wconf 73' lang='lat' dir='ltr'>A</span> <span class='ocrx_word' id='word_1_1742' title='bbox 1736 2821 1758 2842; x_wconf 84' lang='lat' dir='ltr'>T</span> <span class='ocrx_word' id='word_1_1743' title='bbox 1767 2822 1788 2841; x_wconf 95' lang='lat' dir='ltr'>v</span> <span class='ocrx_word' id='word_1_1744' title='bbox 1798 2822 1822 2842; x_wconf 79' lang='lat' dir='ltr'>s.</span> 
     </span>
     <span class='ocr_line' id='line_1_100' title="bbox 298 2850 1381 2894; baseline -0.007 -10"><span class='ocrx_word' id='word_1_1745' title='bbox 298 2860 402 2894; x_wconf 79' lang='lat' dir='ltr'>vulgato</span> <span class='ocrx_word' id='word_1_1746' title='bbox 414 2856 570 2882; x_wconf 83' lang='lat' dir='ltr'>Exercerent</span> <span class='ocrx_word' id='word_1_1747' title='bbox 583 2851 669 2878; x_wconf 83' lang='lat' dir='ltr'>docent</span> <span class='ocrx_word' id='word_1_1748' title='bbox 682 2857 704 2877; x_wconf 84' lang='lat' dir='ltr'>et</span> <span class='ocrx_word' id='word_1_1749' title='bbox 715 2851 776 2877; x_wconf 85' lang='lat' dir='ltr'>libri</span> <span class='ocrx_word' id='word_1_1750' title='bbox 788 2851 862 2879; x_wconf 88' lang='lat' dir='ltr'>MSS.</span> <span class='ocrx_word' id='word_1_1751' title='bbox 875 2856 899 2876; x_wconf 84' lang='lat' dir='ltr'>et</span> <span class='ocrx_word' id='word_1_1752' title='bbox 911 2850 969 2876; x_wconf 78' lang='lat' dir='ltr'>haec</span> <span class='ocrx_word' id='word_1_1753' title='bbox 981 2851 1111 2884; x_wconf 80' lang='lat' dir='ltr'>explicatio</span> <span class='ocrx_word' id='word_1_1754' title='bbox 1124 2850 1381 2890; x_wconf 79' lang='lat' dir='ltr'>Eiigraphii‚Qii75</span> 
     </span>
    </p>
   </div>
   <div class='ocr_carea' id='block_1_14' title="bbox 301 2884 2479 3207">
    <p class='ocr_par' dir='ltr' id='par_1_17' title="bbox 301 2884 2479 3207">
     <span class='ocr_line' id='line_1_101' title="bbox 302 2884 2061 2927; baseline -0.006 -7"><span class='ocrx_word' id='word_1_1755' title='bbox 302 2902 383 2927; x_wconf 89' lang='lat' dir='ltr'>opere</span> <span class='ocrx_word' id='word_1_1756' title='bbox 397 2892 444 2918; x_wconf 89' lang='lat' dir='ltr'>suo</span> <span class='ocrx_word' id='word_1_1757' title='bbox 464 2890 522 2917; x_wconf 86' lang='lat' dir='ltr'>suos</span> <span class='ocrx_word' id='word_1_1758' title='bbox 543 2889 640 2914; x_wconf 88' lang='lat' dir='ltr'>sumtus</span> <span class='ocrx_word' id='word_1_1759' title='bbox 658 2886 820 2913; x_wconf 88' lang='lat' dir='ltr'>tolerarent:</span> <span class='ocrx_word' id='word_1_1760' title='bbox 854 2893 879 2912; x_wconf 82' lang='lat' dir='ltr'>et</span> <span class='ocrx_word' id='word_1_1761' title='bbox 890 2885 993 2918; x_wconf 78' lang='lat' dir='ltr'>Festus,</span> <span class='ocrx_word' id='word_1_1762' title='bbox 1012 2884 1180 2916; x_wconf 81' lang='lat' dir='ltr'>Exercirent,</span> <span class='ocrx_word' id='word_1_1763' title='bbox 1200 2885 1339 2912; x_wconf 73' lang='lat' dir='ltr'>Sui-citent.</span> <span class='ocrx_word' id='word_1_1764' title='bbox 1779 2887 1806 2919; x_wconf 83' lang='lat' dir='ltr'>E</span> <span class='ocrx_word' id='word_1_1765' title='bbox 1902 2888 1931 2920; x_wconf 84' lang='lat' dir='ltr'>X</span> <span class='ocrx_word' id='word_1_1766' title='bbox 2025 2887 2061 2919; x_wconf 92' lang='lat' dir='ltr'>T</span> 
     </span>
     <span class='ocr_line' id='line_1_102' title="bbox 302 2920 2442 2957; baseline -0.005 -2"><span class='ocrx_word' id='word_1_1767' title='bbox 302 2927 467 2956; x_wconf 88' lang='lat' dir='ltr'>Exsercirent</span> <span class='ocrx_word' id='word_1_1768' title='bbox 499 2925 623 2952; x_wconf 81' lang='lat' dir='ltr'>Bentleius</span> <span class='ocrx_word' id='word_1_1769' title='bbox 649 2928 732 2948; x_wconf 80' lang='lat' dir='ltr'>tuetur</span> <span class='ocrx_word' id='word_1_1770' title='bbox 761 2928 849 2948; x_wconf 83' lang='lat' dir='ltr'>contra</span> <span class='ocrx_word' id='word_1_1771' title='bbox 884 2922 960 2948; x_wconf 84' lang='lat' dir='ltr'>Gron.</span> <span class='ocrx_word' id='word_1_1772' title='bbox 988 2920 1045 2957; x_wconf 84' lang='lat' dir='ltr'>Obs.</span> <span class='ocrx_word' id='word_1_1773' title='bbox 1072 2921 1137 2947; x_wconf 82' lang='lat' dir='ltr'>Eccl.</span> <span class='ocrx_word' id='word_1_1774' title='bbox 1155 2930 1168 2946; x_wconf 82' lang='lat'><em>1</em></span> <span class='ocrx_word' id='word_1_1775' title='bbox 1188 2925 1339 2952; x_wconf 79' lang='lat' dir='ltr'>exercerent</span> <span class='ocrx_word' id='word_1_1776' title='bbox 2071 2942 2077 2943; x_wconf 58' lang='lat'>.</span> <span class='ocrx_word' id='word_1_1777' title='bbox 2102 2935 2105 2937; x_wconf 90' lang='lat'>-</span> <span class='ocrx_word' id='word_1_1778' title='bbox 2427 2934 2442 2944; x_wconf 85' lang='lat'>.-</span> 
     </span>
     <span class='ocr_line' id='line_1_103' title="bbox 301 2951 2479 3001; baseline -0.001 -17"><span class='ocrx_word' id='word_1_1779' title='bbox 301 2963 478 3001; x_wconf 58' lang='lat' dir='ltr'>dg-fffidemem,</span> <span class='ocrx_word' id='word_1_1780' title='bbox 1441 2959 1459 2980; x_wconf 81' lang='lat' dir='ltr'>E</span> <span class='ocrx_word' id='word_1_1781' title='bbox 1467 2960 1485 2980; x_wconf 79' lang='grc' dir='ltr'>Χ</span> <span class='ocrx_word' id='word_1_1782' title='bbox 1493 2961 1516 2981; x_wconf 83' lang='grc' dir='ltr'>Τ</span> <span class='ocrx_word' id='word_1_1783' title='bbox 1525 2961 1546 2982; x_wconf 82' lang='lat' dir='ltr'>A</span> <span class='ocrx_word' id='word_1_1784' title='bbox 1554 2975 1562 2988; x_wconf 93' lang='lat'>,</span> <span class='ocrx_word' id='word_1_1785' title='bbox 1583 2957 1670 2983; x_wconf 70' lang='lat' dir='ltr'>orum.</span> <span class='ocrx_word' id='word_1_1786' title='bbox 1689 2965 1716 2983; x_wconf 89' lang='lat' dir='ltr'>n.</span> <span class='ocrx_word' id='word_1_1787' title='bbox 1732 2957 1770 2984; x_wconf 83' lang='lat' dir='ltr'>Pl.</span> <span class='ocrx_word' id='word_1_1788' title='bbox 1783 2963 1888 2985; x_wconf 84' lang='lat' dir='ltr'>tantum.</span> <span class='ocrx_word' id='word_1_1789' title='bbox 1903 2956 1980 2991; x_wconf 74' lang='grc' dir='ltr'>[ἱεροὶ]</span> <span class='ocrx_word' id='word_1_1790' title='bbox 2016 2957 2119 2990; x_wconf 79' lang='lat' dir='ltr'>Proprie</span> <span class='ocrx_word' id='word_1_1791' title='bbox 2127 2954 2174 2981; x_wconf 82' lang='lat' dir='ltr'>Cor</span> <span class='ocrx_word' id='word_1_1792' title='bbox 2185 2960 2210 2980; x_wconf 84' lang='lat' dir='ltr'>et</span> <span class='ocrx_word' id='word_1_1793' title='bbox 2215 2954 2300 2990; x_wconf 76' lang='lat' dir='ltr'>pulmo</span> <span class='ocrx_word' id='word_1_1794' title='bbox 2312 2951 2438 2989; x_wconf 63' lang='lat' dir='ltr'>dicunturi„</span> <span class='ocrx_word' id='word_1_1795' title='bbox 2478 2959 2479 2970; x_wconf 73' lang='lat'><em>³</em></span> 
     </span>
     <span class='ocr_line' id='line_1_104' title="bbox 340 2989 2443 3028; baseline -0.004 -2"><span class='ocrx_word' id='word_1_1796' title='bbox 340 3006 358 3026; x_wconf 89' lang='grc' dir='ltr'><strong>Ε</strong></span> <span class='ocrx_word' id='word_1_1797' title='bbox 369 3006 385 3025; x_wconf 85' lang='grc' dir='ltr'>Χ</span> <span class='ocrx_word' id='word_1_1798' title='bbox 395 3006 408 3025; x_wconf 90' lang='lat' dir='ltr'>s</span> <span class='ocrx_word' id='word_1_1799' title='bbox 419 3005 439 3024; x_wconf 89' lang='lat' dir='ltr'>A</span> <span class='ocrx_word' id='word_1_1800' title='bbox 447 3004 468 3023; x_wconf 87' lang='lat' dir='ltr'>T</span> <span class='ocrx_word' id='word_1_1801' title='bbox 476 3003 486 3022; x_wconf 92' lang='lat'>1</span> <span class='ocrx_word' id='word_1_1802' title='bbox 495 3002 526 3028; x_wconf 92' lang='lat' dir='ltr'>o,</span> <span class='ocrx_word' id='word_1_1803' title='bbox 540 3000 556 3020; x_wconf 82' lang='lat' dir='ltr'>E</span> <span class='ocrx_word' id='word_1_1804' title='bbox 566 3000 584 3019; x_wconf 87' lang='lat' dir='ltr'>x</span> <span class='ocrx_word' id='word_1_1805' title='bbox 593 3000 606 3020; x_wconf 86' lang='lat' dir='ltr'>s</span> <span class='ocrx_word' id='word_1_1806' title='bbox 615 2999 637 3019; x_wconf 85' lang='lat' dir='ltr'>A</span> <span class='ocrx_word' id='word_1_1807' title='bbox 645 2998 667 3018; x_wconf 86' lang='lat' dir='ltr'>T</span> <span class='ocrx_word' id='word_1_1808' title='bbox 675 2999 697 3018; x_wconf 92' lang='lat' dir='ltr'>v</span> <span class='ocrx_word' id='word_1_1809' title='bbox 704 2999 724 3018; x_wconf 87' lang='lat' dir='ltr'>R</span> <span class='ocrx_word' id='word_1_1810' title='bbox 734 2996 766 3022; x_wconf 94' lang='grc' dir='ltr'>ο,</span> <span class='ocrx_word' id='word_1_1811' title='bbox 774 2998 790 3017; x_wconf 90' lang='grc' dir='ltr'>Ε</span> <span class='ocrx_word' id='word_1_1812' title='bbox 799 2997 817 3017; x_wconf 88' lang='grc' dir='ltr'>Χ</span> <span class='ocrx_word' id='word_1_1813' title='bbox 827 2998 839 3018; x_wconf 84' lang='lat' dir='ltr'>s</span> <span class='ocrx_word' id='word_1_1814' title='bbox 848 2998 864 3018; x_wconf 91' lang='lat' dir='ltr'>c</span> <span class='ocrx_word' id='word_1_1815' title='bbox 873 2998 894 3018; x_wconf 92' lang='lat' dir='ltr'>A</span> <span class='ocrx_word' id='word_1_1816' title='bbox 905 2997 920 3017; x_wconf 81' lang='lat' dir='ltr'>L</span> <span class='ocrx_word' id='word_1_1817' title='bbox 931 2999 945 3018; x_wconf 83' lang='lat' dir='ltr'>P</span> <span class='ocrx_word' id='word_1_1818' title='bbox 955 2997 984 3023; x_wconf 91' lang='lat' dir='ltr'>o,</span> <span class='ocrx_word' id='word_1_1819' title='bbox 991 2990 1045 3018; x_wconf 82' lang='lat' dir='ltr'>vid.</span> <span class='ocrx_word' id='word_1_1820' title='bbox 1052 2997 1069 3018; x_wconf 89' lang='grc' dir='ltr'><strong>Ε</strong></span> <span class='ocrx_word' id='word_1_1821' title='bbox 1077 2997 1097 3018; x_wconf 94' lang='grc' dir='ltr'>Χ</span> <span class='ocrx_word' id='word_1_1822' title='bbox 1104 2998 1126 3018; x_wconf 84' lang='lat' dir='ltr'>A</span> <span class='ocrx_word' id='word_1_1823' title='bbox 1134 2996 1156 3017; x_wconf 84' lang='lat' dir='ltr'>T</span> <span class='ocrx_word' id='word_1_1824' title='bbox 1164 2997 1175 3016; x_wconf 90' lang='lat'><em>1</em></span> <span class='ocrx_word' id='word_1_1825' title='bbox 1184 2996 1203 3017; x_wconf 93' lang='lat' dir='ltr'>o</span> <span class='ocrx_word' id='word_1_1826' title='bbox 1212 2997 1255 3018; x_wconf 81' lang='lat' dir='ltr'>etc.</span> <span class='ocrx_word' id='word_1_1827' title='bbox 1256 2989 1312 3025; x_wconf 78' lang='lat' dir='ltr'>fine</span> <span class='ocrx_word' id='word_1_1828' title='bbox 1318 2991 1343 3019; x_wconf 83' lang='lat' dir='ltr'>S.</span> <span class='ocrx_word' id='word_1_1829' title='bbox 1403 2997 1465 3025; x_wconf 80' lang='lat' dir='ltr'>quae</span> <span class='ocrx_word' id='word_1_1830' title='bbox 1477 2989 1662 3027; x_wconf 75' lang='lat' dir='ltr'>diaphragmate</span> <span class='ocrx_word' id='word_1_1831' title='bbox 1673 2996 1839 3020; x_wconf 76' lang='lat' dir='ltr'>continentur.</span> <span class='ocrx_word' id='word_1_1832' title='bbox 1908 2993 1972 3018; x_wconf 74' lang='lat' dir='ltr'>Exta</span> <span class='ocrx_word' id='word_1_1833' title='bbox 1990 2990 2095 3017; x_wconf 85' lang='lat' dir='ltr'>homini</span> <span class='ocrx_word' id='word_1_1834' title='bbox 2113 2989 2147 3016; x_wconf 88' lang='lat' dir='ltr'>ab</span> <span class='ocrx_word' id='word_1_1835' title='bbox 2167 2990 2295 3018; x_wconf 81' lang='lat' dir='ltr'>inferiore</span> <span class='ocrx_word' id='word_1_1836' title='bbox 2307 2991 2443 3023; x_wconf 69' lang='lat' dir='ltr'>viscerum⁴</span> 
     </span>
     <span class='ocr_line' id='line_1_105' title="bbox 338 3025 2439 3063; baseline -0.003 -4"><span class='ocrx_word' id='word_1_1837' title='bbox 338 3041 356 3062; x_wconf 79' lang='grc' dir='ltr'>Ε</span> <span class='ocrx_word' id='word_1_1838' title='bbox 369 3041 386 3061; x_wconf 89' lang='grc' dir='ltr'>Χ</span> <span class='ocrx_word' id='word_1_1839' title='bbox 397 3041 410 3061; x_wconf 82' lang='lat' dir='ltr'>s</span> <span class='ocrx_word' id='word_1_1840' title='bbox 420 3039 437 3059; x_wconf 90' lang='lat' dir='ltr'>c</span> <span class='ocrx_word' id='word_1_1841' title='bbox 450 3038 500 3058; x_wconf 80' lang='lat' dir='ltr'>A&#39;r</span> <span class='ocrx_word' id='word_1_1842' title='bbox 509 3037 527 3055; x_wconf 80' lang='lat' dir='ltr'>v</span> <span class='ocrx_word' id='word_1_1843' title='bbox 539 3036 557 3055; x_wconf 88' lang='lat' dir='ltr'>R</span> <span class='ocrx_word' id='word_1_1844' title='bbox 566 3037 575 3055; x_wconf 88' lang='lat'>1</span> <span class='ocrx_word' id='word_1_1845' title='bbox 584 3036 619 3059; x_wconf 91' lang='lat' dir='ltr'>o,</span> <span class='ocrx_word' id='word_1_1846' title='bbox 635 3031 683 3054; x_wconf 71' lang='lat' dir='ltr'>fre.</span> <span class='ocrx_word' id='word_1_1847' title='bbox 718 3025 788 3061; x_wconf 75' lang='grc' dir='ltr'>ἐκζὲω</span> <span class='ocrx_word' id='word_1_1848' title='bbox 802 3026 881 3053; x_wconf 80' lang='lat' dir='ltr'>Gloss&#39;.</span> <span class='ocrx_word' id='word_1_1849' title='bbox 896 3027 942 3054; x_wconf 92' lang='lat' dir='ltr'>Gr.</span> <span class='ocrx_word' id='word_1_1850' title='bbox 956 3027 1013 3053; x_wconf 86' lang='lat' dir='ltr'>Lat.</span> <span class='ocrx_word' id='word_1_1851' title='bbox 1149 3032 1152 3036; x_wconf 76' lang='grc'>’</span> <span class='ocrx_word' id='word_1_1852' title='bbox 1353 3033 1386 3059; x_wconf 76' lang='lat'>30</span> <span class='ocrx_word' id='word_1_1853' title='bbox 1405 3030 1477 3059; x_wconf 90' lang='lat' dir='ltr'>parte</span> <span class='ocrx_word' id='word_1_1854' title='bbox 1490 3026 1640 3060; x_wconf 75' lang='lat' dir='ltr'>separantur</span> <span class='ocrx_word' id='word_1_1855' title='bbox 1651 3028 1812 3061; x_wconf 85' lang='lat' dir='ltr'>membrana,</span> <span class='ocrx_word' id='word_1_1856' title='bbox 1831 3035 1898 3062; x_wconf 86' lang='lat' dir='ltr'>quae</span> <span class='ocrx_word' id='word_1_1857' title='bbox 1911 3025 2063 3061; x_wconf 77' lang='lat' dir='ltr'>praecordia</span> <span class='ocrx_word' id='word_1_1858' title='bbox 2075 3025 2206 3059; x_wconf 85' lang='lat' dir='ltr'>appellant</span> <span class='ocrx_word' id='word_1_1859' title='bbox 2222 3026 2439 3063; x_wconf 68' lang='lat' dir='ltr'>Plin.1i,38s.77.</span> 
     </span>
     <span class='ocr_line' id='line_1_106' title="bbox 338 3060 2453 3098; baseline 0 -8"><span class='ocrx_word' id='word_1_1860' title='bbox 338 3078 356 3098; x_wconf 79' lang='lat' dir='ltr'>E</span> <span class='ocrx_word' id='word_1_1861' title='bbox 367 3077 382 3095; x_wconf 80' lang='grc' dir='ltr'>χ</span> <span class='ocrx_word' id='word_1_1862' title='bbox 394 3077 406 3096; x_wconf 79' lang='lat' dir='ltr'><strong>s</strong></span> <span class='ocrx_word' id='word_1_1863' title='bbox 416 3075 448 3096; x_wconf 83' lang='lat' dir='ltr'>cl</span> <span class='ocrx_word' id='word_1_1864' title='bbox 462 3074 483 3093; x_wconf 85' lang='lat' dir='ltr'>N</span> <span class='ocrx_word' id='word_1_1865' title='bbox 492 3073 510 3093; x_wconf 89' lang='lat' dir='ltr'>D</span> <span class='ocrx_word' id='word_1_1866' title='bbox 520 3072 539 3090; x_wconf 82' lang='lat' dir='ltr'>o</span> <span class='ocrx_word' id='word_1_1867' title='bbox 548 3084 556 3097; x_wconf 89' lang='lat'>,</span> <span class='ocrx_word' id='word_1_1868' title='bbox 576 3063 628 3090; x_wconf 82' lang='lat' dir='ltr'>vid.</span> <span class='ocrx_word' id='word_1_1869' title='bbox 643 3070 659 3090; x_wconf 85' lang='grc' dir='ltr'>Ε</span> <span class='ocrx_word' id='word_1_1870' title='bbox 670 3070 686 3089; x_wconf 84' lang='grc' dir='ltr'>Χ</span> <span class='ocrx_word' id='word_1_1871' title='bbox 696 3068 713 3088; x_wconf 91' lang='lat' dir='ltr'>c</span> <span class='ocrx_word' id='word_1_1872' title='bbox 726 3071 734 3089; x_wconf 93' lang='grc' dir='ltr'>ι</span> <span class='ocrx_word' id='word_1_1873' title='bbox 745 3070 765 3088; x_wconf 78' lang='grc' dir='ltr'>Ν</span> <span class='ocrx_word' id='word_1_1874' title='bbox 776 3069 794 3088; x_wconf 81' lang='grc' dir='ltr'>Ι)</span> <span class='ocrx_word' id='word_1_1875' title='bbox 804 3069 834 3088; x_wconf 90' lang='lat' dir='ltr'>o.</span> <span class='ocrx_word' id='word_1_1876' title='bbox 1406 3062 1438 3086; x_wconf 81' lang='lat' dir='ltr'>Et</span> <span class='ocrx_word' id='word_1_1877' title='bbox 1448 3068 1489 3092; x_wconf 81' lang='lat'>30,</span> <span class='ocrx_word' id='word_1_1878' title='bbox 1504 3069 1517 3093; x_wconf 83' lang='lat'>5</span> <span class='ocrx_word' id='word_1_1879' title='bbox 1534 3062 1685 3088; x_wconf 74' lang='lat' dir='ltr'>Pi-accordia</span> <span class='ocrx_word' id='word_1_1880' title='bbox 1699 3072 1822 3089; x_wconf 83' lang='lat' dir='ltr'>vocamus</span> <span class='ocrx_word' id='word_1_1881' title='bbox 1834 3071 1888 3089; x_wconf 88' lang='lat' dir='ltr'>vno</span> <span class='ocrx_word' id='word_1_1882' title='bbox 1902 3062 2010 3088; x_wconf 89' lang='lat' dir='ltr'>nomine</span> <span class='ocrx_word' id='word_1_1883' title='bbox 2027 3062 2090 3087; x_wconf 82' lang='lat' dir='ltr'>Exta</span> <span class='ocrx_word' id='word_1_1884' title='bbox 2105 3062 2133 3087; x_wconf 86' lang='lat' dir='ltr'>in</span> <span class='ocrx_word' id='word_1_1885' title='bbox 2145 3060 2262 3088; x_wconf 86' lang='lat' dir='ltr'>homine.</span> <span class='ocrx_word' id='word_1_1886' title='bbox 2302 3091 2307 3092; x_wconf 22' lang='lat'><em>⁷</em></span> <span class='ocrx_word' id='word_1_1887' title='bbox 2354 3062 2440 3093; x_wconf 61' lang='lat' dir='ltr'>Plaut¹</span> <span class='ocrx_word' id='word_1_1888' title='bbox 2452 3066 2453 3071; x_wconf 63' lang='lat'>¹</span> 
     </span>
     <span class='ocr_line' id='line_1_107' title="bbox 341 3095 2437 3133; baseline -0.003 -1"><span class='ocrx_word' id='word_1_1889' title='bbox 341 3112 358 3132; x_wconf 89' lang='grc' dir='ltr'>Ε</span> <span class='ocrx_word' id='word_1_1890' title='bbox 367 3111 407 3131; x_wconf 82' lang='lat' dir='ltr'>xs</span> <span class='ocrx_word' id='word_1_1891' title='bbox 419 3109 436 3130; x_wconf 88' lang='lat' dir='ltr'>e</span> <span class='ocrx_word' id='word_1_1892' title='bbox 447 3110 463 3130; x_wconf 85' lang='grc' dir='ltr'>Ε</span> <span class='ocrx_word' id='word_1_1893' title='bbox 473 3109 493 3128; x_wconf 90' lang='lat' dir='ltr'>N</span> <span class='ocrx_word' id='word_1_1894' title='bbox 503 3108 521 3128; x_wconf 87' lang='lat' dir='ltr'>D</span> <span class='ocrx_word' id='word_1_1895' title='bbox 532 3107 565 3131; x_wconf 91' lang='lat' dir='ltr'>o,</span> <span class='ocrx_word' id='word_1_1896' title='bbox 578 3102 630 3126; x_wconf 68' lang='lat' dir='ltr'>ere.</span> <span class='ocrx_word' id='word_1_1897' title='bbox 667 3099 688 3123; x_wconf 82' lang='lat' dir='ltr'><em>E</em></span> <span class='ocrx_word' id='word_1_1898' title='bbox 699 3101 758 3124; x_wconf 85' lang='lat' dir='ltr'>naui</span> <span class='ocrx_word' id='word_1_1899' title='bbox 772 3100 799 3123; x_wconf 81' lang='lat' dir='ltr'>in</span> <span class='ocrx_word' id='word_1_1900' title='bbox 811 3104 905 3124; x_wconf 86' lang='lat' dir='ltr'>terram</span> <span class='ocrx_word' id='word_1_1901' title='bbox 917 3096 1064 3133; x_wconf 66' lang='lat' dir='ltr'>defi-nidere.</span> <span class='ocrx_word' id='word_1_1902' title='bbox 1098 3096 1158 3123; x_wconf 88' lang='lat' dir='ltr'>Liu.</span> <span class='ocrx_word' id='word_1_1903' title='bbox 1167 3105 1231 3130; x_wconf 88' lang='lat'>29,9</span> <span class='ocrx_word' id='word_1_1904' title='bbox 1251 3097 1344 3132; x_wconf 88' lang='lat' dir='ltr'>Legati</span> <span class='ocrx_word' id='word_1_1905' title='bbox 1406 3095 1495 3122; x_wconf 88' lang='lat' dir='ltr'>Aulul.</span> <span class='ocrx_word' id='word_1_1906' title='bbox 1508 3105 1529 3128; x_wconf 83' lang='lat'>3,</span> <span class='ocrx_word' id='word_1_1907' title='bbox 1543 3099 1569 3128; x_wconf 88' lang='lat'>6,</span> <span class='ocrx_word' id='word_1_1908' title='bbox 1582 3105 1615 3128; x_wconf 92' lang='lat'>29</span> <span class='ocrx_word' id='word_1_1909' title='bbox 1633 3098 1705 3130; x_wconf 84' lang='lat' dir='ltr'>Qiin</span> <span class='ocrx_word' id='word_1_1910' title='bbox 1718 3105 1776 3125; x_wconf 82' lang='lat' dir='ltr'>exta</span> <span class='ocrx_word' id='word_1_1911' title='bbox 1790 3099 1916 3133; x_wconf 85' lang='lat' dir='ltr'>inspicere</span> <span class='ocrx_word' id='word_1_1912' title='bbox 1931 3098 1959 3123; x_wconf 90' lang='lat' dir='ltr'>in</span> <span class='ocrx_word' id='word_1_1913' title='bbox 1972 3097 2025 3123; x_wconf 87' lang='lat' dir='ltr'>sole</span> <span class='ocrx_word' id='word_1_1914' title='bbox 2037 3097 2116 3122; x_wconf 85' lang='lat' dir='ltr'>etiam</span> <span class='ocrx_word' id='word_1_1915' title='bbox 2130 3097 2195 3123; x_wconf 90' lang='lat' dir='ltr'>viuo</span> <span class='ocrx_word' id='word_1_1916' title='bbox 2209 3096 2287 3129; x_wconf 87' lang='lat' dir='ltr'>licet,</span> <span class='ocrx_word' id='word_1_1917' title='bbox 2305 3097 2342 3124; x_wconf 84' lang='lat' dir='ltr'>ita</span> <span class='ocrx_word' id='word_1_1918' title='bbox 2354 3097 2377 3124; x_wconf 81' lang='lat' dir='ltr'>is</span> <span class='ocrx_word' id='word_1_1919' title='bbox 2384 3097 2437 3133; x_wconf 68' lang='lat' dir='ltr'>pel-⁴</span> 
     </span>
     <span class='ocr_line' id='line_1_108' title="bbox 305 3130 2437 3174; baseline -0.003 -7"><span class='ocrx_word' id='word_1_1920' title='bbox 305 3141 391 3169; x_wconf 86' lang='lat' dir='ltr'>Asiam</span> <span class='ocrx_word' id='word_1_1921' title='bbox 402 3143 517 3174; x_wconf 83' lang='lat' dir='ltr'>petentes</span> <span class='ocrx_word' id='word_1_1922' title='bbox 530 3144 590 3162; x_wconf 87' lang='lat' dir='ltr'>cum</span> <span class='ocrx_word' id='word_1_1923' title='bbox 608 3133 798 3160; x_wconf 84' lang='lat' dir='ltr'>exscendissent.</span> <span class='ocrx_word' id='word_1_1924' title='bbox 838 3132 906 3159; x_wconf 81' lang='lat' dir='ltr'>Vnde</span> <span class='ocrx_word' id='word_1_1925' title='bbox 1406 3130 1476 3157; x_wconf 87' lang='lat' dir='ltr'>lucet</span> <span class='ocrx_word' id='word_1_1926' title='bbox 1498 3131 1568 3166; x_wconf 82' lang='lat' dir='ltr'>quasi</span> <span class='ocrx_word' id='word_1_1927' title='bbox 1590 3131 1689 3159; x_wconf 89' lang='lat' dir='ltr'>laterna</span> <span class='ocrx_word' id='word_1_1928' title='bbox 1711 3135 1815 3167; x_wconf 79' lang='lat' dir='ltr'>punica.</span> <span class='ocrx_word' id='word_1_1929' title='bbox 1921 3131 1993 3167; x_wconf 67' lang='lat' dir='ltr'>Qiod</span> <span class='ocrx_word' id='word_1_1930' title='bbox 2011 3132 2074 3158; x_wconf 82' lang='lat' dir='ltr'>dicit</span> <span class='ocrx_word' id='word_1_1931' title='bbox 2093 3133 2155 3158; x_wconf 86' lang='lat' dir='ltr'>Exta</span> <span class='ocrx_word' id='word_1_1932' title='bbox 2168 3132 2310 3166; x_wconf 84' lang='lat' dir='ltr'>inspicere,</span> <span class='ocrx_word' id='word_1_1933' title='bbox 2328 3133 2394 3160; x_wconf 82' lang='lat' dir='ltr'>illud</span> <span class='ocrx_word' id='word_1_1934' title='bbox 2403 3130 2437 3160; x_wconf 69' lang='lat' dir='ltr'>ud</span> 
     </span>
     <span class='ocr_line' id='line_1_109' title="bbox 342 3166 2435 3207; baseline -0.004 -4"><span class='ocrx_word' id='word_1_1935' title='bbox 342 3184 359 3203; x_wconf 83' lang='grc' dir='ltr'>Ε</span> <span class='ocrx_word' id='word_1_1936' title='bbox 370 3183 408 3202; x_wconf 81' lang='lat' dir='ltr'>xs</span> <span class='ocrx_word' id='word_1_1937' title='bbox 418 3180 434 3200; x_wconf 87' lang='lat' dir='ltr'>C</span> <span class='ocrx_word' id='word_1_1938' title='bbox 444 3181 461 3201; x_wconf 87' lang='grc' dir='ltr'><strong>Ε</strong></span> <span class='ocrx_word' id='word_1_1939' title='bbox 470 3180 490 3199; x_wconf 71' lang='grc' dir='ltr'>Ν</span> <span class='ocrx_word' id='word_1_1940' title='bbox 503 3178 514 3197; x_wconf 86' lang='lat' dir='ltr'>S</span> <span class='ocrx_word' id='word_1_1941' title='bbox 525 3178 543 3194; x_wconf 82' lang='lat' dir='ltr'>v</span> <span class='ocrx_word' id='word_1_1942' title='bbox 554 3178 566 3197; x_wconf 90' lang='lat' dir='ltr'>s</span> <span class='ocrx_word' id='word_1_1943' title='bbox 575 3190 582 3201; x_wconf 91' lang='lat'>,</span> <span class='ocrx_word' id='word_1_1944' title='bbox 603 3169 640 3197; x_wconf 76' lang='lat' dir='ltr'>sis.</span> <span class='ocrx_word' id='word_1_1945' title='bbox 661 3178 696 3195; x_wconf 87' lang='lat' dir='ltr'>in.</span> <span class='ocrx_word' id='word_1_1946' title='bbox 732 3169 792 3195; x_wconf 88' lang='lat' dir='ltr'>Liu.</span> <span class='ocrx_word' id='word_1_1947' title='bbox 805 3176 847 3199; x_wconf 82' lang='lat'>22,</span> <span class='ocrx_word' id='word_1_1948' title='bbox 867 3176 898 3193; x_wconf 84' lang='lat'>20</span> <span class='ocrx_word' id='word_1_1949' title='bbox 929 3169 1020 3202; x_wconf 86' lang='lat' dir='ltr'>Itaque</span> <span class='ocrx_word' id='word_1_1950' title='bbox 1040 3166 1073 3193; x_wconf 88' lang='lat' dir='ltr'>ad</span> <span class='ocrx_word' id='word_1_1951' title='bbox 1096 3167 1248 3193; x_wconf 86' lang='lat' dir='ltr'>Honoseam</span> <span class='ocrx_word' id='word_1_1952' title='bbox 1270 3167 1343 3194; x_wconf 87' lang='lat' dir='ltr'>classe</span> <span class='ocrx_word' id='word_1_1953' title='bbox 1399 3166 1582 3202; x_wconf 81' lang='lat' dir='ltr'>sacrificiorum</span> <span class='ocrx_word' id='word_1_1954' title='bbox 1600 3171 1719 3194; x_wconf 82' lang='lat' dir='ltr'>rationem</span> <span class='ocrx_word' id='word_1_1955' title='bbox 1735 3175 1759 3194; x_wconf 80' lang='lat' dir='ltr'>et</span> <span class='ocrx_word' id='word_1_1956' title='bbox 1778 3167 1959 3207; x_wconf 69' lang='lat' dir='ltr'>haruspicinam</span> <span class='ocrx_word' id='word_1_1957' title='bbox 1968 3170 2087 3203; x_wconf 70' lang='lat' dir='ltr'>pertinet.</span> <span class='ocrx_word' id='word_1_1958' title='bbox 2157 3168 2260 3201; x_wconf 80' lang='lat' dir='ltr'>Festus,</span> <span class='ocrx_word' id='word_1_1959' title='bbox 2279 3168 2344 3195; x_wconf 83' lang='lat' dir='ltr'>Exta</span> <span class='ocrx_word' id='word_1_1960' title='bbox 2357 3168 2435 3201; x_wconf 64' lang='lat' dir='ltr'>difih,</span> 
     </span>
    </p>
   </div>
   <div class='ocr_carea' id='block_1_15' title="bbox 301 3202 2452 3420">
    <p class='ocr_par' dir='ltr' id='par_1_18' title="bbox 301 3202 2452 3420">
     <span class='ocr_line' id='line_1_110' title="bbox 308 3202 2452 3248; baseline -0.004 -11"><span class='ocrx_word' id='word_1_1961' title='bbox 308 3210 444 3248; x_wconf 61' lang='lat' dir='ltr'>proueffi,</span> <span class='ocrx_word' id='word_1_1962' title='bbox 463 3207 583 3235; x_wconf 85' lang='lat' dir='ltr'>exscensu</span> <span class='ocrx_word' id='word_1_1963' title='bbox 598 3215 612 3232; x_wconf 91' lang='lat' dir='ltr'>e</span> <span class='ocrx_word' id='word_1_1964' title='bbox 623 3204 735 3231; x_wconf 87' lang='lat' dir='ltr'>nauibus</span> <span class='ocrx_word' id='word_1_1965' title='bbox 751 3204 888 3231; x_wconf 80' lang='lat' dir='ltr'>interram</span> <span class='ocrx_word' id='word_1_1966' title='bbox 902 3202 988 3234; x_wconf 70' lang='lat' dir='ltr'>fa&amp;0‚</span> <span class='ocrx_word' id='word_1_1967' title='bbox 1008 3211 1090 3237; x_wconf 85' lang='lat' dir='ltr'>quum</span> <span class='ocrx_word' id='word_1_1968' title='bbox 1104 3203 1132 3228; x_wconf 92' lang='lat' dir='ltr'>vi</span> <span class='ocrx_word' id='word_1_1969' title='bbox 1151 3202 1244 3230; x_wconf 88' lang='lat' dir='ltr'>vrbem</span> <span class='ocrx_word' id='word_1_1970' title='bbox 1264 3203 1343 3236; x_wconf 88' lang='lat' dir='ltr'>cepis·</span> <span class='ocrx_word' id='word_1_1971' title='bbox 1357 3212 1385 3241; x_wconf 77' lang='lat'>83</span> <span class='ocrx_word' id='word_1_1972' title='bbox 1406 3203 1477 3237; x_wconf 90' lang='lat' dir='ltr'>quod</span> <span class='ocrx_word' id='word_1_1973' title='bbox 1491 3211 1521 3228; x_wconf 88' lang='lat' dir='ltr'>ea</span> <span class='ocrx_word' id='word_1_1974' title='bbox 1535 3203 1583 3229; x_wconf 87' lang='lat' dir='ltr'>DIs</span> <span class='ocrx_word' id='word_1_1975' title='bbox 1598 3204 1780 3237; x_wconf 81' lang='lat' dir='ltr'>prosecentur,</span> <span class='ocrx_word' id='word_1_1976' title='bbox 1799 3212 1866 3239; x_wconf 89' lang='lat' dir='ltr'>quae</span> <span class='ocrx_word' id='word_1_1977' title='bbox 1878 3211 1990 3229; x_wconf 85' lang='lat' dir='ltr'>maxime</span> <span class='ocrx_word' id='word_1_1978' title='bbox 2004 3209 2090 3229; x_wconf 84' lang='lat' dir='ltr'>extant</span> <span class='ocrx_word' id='word_1_1979' title='bbox 2110 3203 2278 3238; x_wconf 88' lang='lat' dir='ltr'>eminentque</span> <span class='ocrx_word' id='word_1_1980' title='bbox 2291 3214 2299 3234; x_wconf 77' lang='grc' dir='ltr'><strong>ς</strong></span> <span class='ocrx_word' id='word_1_1981' title='bbox 2334 3210 2358 3230; x_wconf 82' lang='lat' dir='ltr'>et</span> <span class='ocrx_word' id='word_1_1982' title='bbox 2386 3204 2434 3231; x_wconf 65' lang='lat' dir='ltr'>Re,-</span> <span class='ocrx_word' id='word_1_1983' title='bbox 2451 3233 2452 3238; x_wconf 22' lang='lat'>¹</span> 
     </span>
     <span class='ocr_line' id='line_1_111' title="bbox 308 3237 2452 3279; baseline -0.002 -8"><span class='ocrx_word' id='word_1_1984' title='bbox 308 3249 377 3276; x_wconf 78' lang='lat' dir='ltr'>sent,</span> <span class='ocrx_word' id='word_1_1985' title='bbox 398 3250 549 3279; x_wconf 81' lang='lat' dir='ltr'>captamque</span> <span class='ocrx_word' id='word_1_1986' title='bbox 566 3241 743 3275; x_wconf 73' lang='lat' dir='ltr'>diripuissent,</span> <span class='ocrx_word' id='word_1_1987' title='bbox 762 3238 947 3273; x_wconf 85' lang='lat' dir='ltr'>Carthaginem</span> <span class='ocrx_word' id='word_1_1988' title='bbox 967 3237 1029 3264; x_wconf 89' lang='lat' dir='ltr'>inde</span> <span class='ocrx_word' id='word_1_1989' title='bbox 1047 3243 1147 3272; x_wconf 89' lang='lat' dir='ltr'>petunt.</span> <span class='ocrx_word' id='word_1_1990' title='bbox 1182 3239 1224 3265; x_wconf 81' lang='lat' dir='ltr'>Ita</span> <span class='ocrx_word' id='word_1_1991' title='bbox 1244 3239 1344 3265; x_wconf 80' lang='lat' dir='ltr'>Gruter.</span> <span class='ocrx_word' id='word_1_1992' title='bbox 1404 3237 1473 3272; x_wconf 83' lang='lat' dir='ltr'>galia</span> <span class='ocrx_word' id='word_1_1993' title='bbox 1487 3245 1544 3265; x_wconf 87' lang='lat' dir='ltr'>exta</span> <span class='ocrx_word' id='word_1_1994' title='bbox 1557 3238 1735 3273; x_wconf 83' lang='lat' dir='ltr'>appellantur,</span> <span class='ocrx_word' id='word_1_1995' title='bbox 1754 3240 1829 3273; x_wconf 83' lang='lat' dir='ltr'>Qiae</span> <span class='ocrx_word' id='word_1_1996' title='bbox 1841 3237 1991 3273; x_wconf 87' lang='lat' dir='ltr'>potentibus</span> <span class='ocrx_word' id='word_1_1997' title='bbox 2005 3238 2160 3272; x_wconf 89' lang='lat' dir='ltr'>insperatum</span> <span class='ocrx_word' id='word_1_1998' title='bbox 2182 3239 2339 3273; x_wconf 87' lang='lat' dir='ltr'>pollicentur</span> <span class='ocrx_word' id='word_1_1999' title='bbox 2352 3238 2435 3269; x_wconf 57' lang='lat' dir='ltr'>bonav</span> <span class='ocrx_word' id='word_1_2000' title='bbox 2451 3242 2452 3273; x_wconf 62' lang='grc' dir='ltr'>ἶ</span> 
     </span>
     <span class='ocr_line' id='line_1_112' title="bbox 301 3273 2452 3319; baseline 0.003 -23"><span class='ocrx_word' id='word_1_2001' title='bbox 301 3282 348 3319; x_wconf 62' lang='lat' dir='ltr'>sed</span> <span class='ocrx_word' id='word_1_2002' title='bbox 361 3284 467 3308; x_wconf 84' lang='lat' dir='ltr'>Gronou.</span> <span class='ocrx_word' id='word_1_2003' title='bbox 480 3276 648 3305; x_wconf 56' lang='lat' dir='ltr'>[ng-censione</span> <span class='ocrx_word' id='word_1_2004' title='bbox 661 3275 739 3302; x_wconf 57' lang='grc' dir='ltr'>ἠὸὶᾶ,</span> <span class='ocrx_word' id='word_1_2005' title='bbox 1405 3282 1462 3300; x_wconf 85' lang='lat' dir='ltr'>rem</span> <span class='ocrx_word' id='word_1_2006' title='bbox 1476 3283 1482 3300; x_wconf 84' lang='lat'>:</span> <span class='ocrx_word' id='word_1_2007' title='bbox 1517 3273 1627 3308; x_wconf 85' lang='lat' dir='ltr'>priuatis</span> <span class='ocrx_word' id='word_1_2008' title='bbox 1640 3280 1665 3300; x_wconf 87' lang='lat' dir='ltr'>et</span> <span class='ocrx_word' id='word_1_2009' title='bbox 1680 3274 1870 3301; x_wconf 85' lang='lat' dir='ltr'>humilioribus</span> <span class='ocrx_word' id='word_1_2010' title='bbox 1884 3273 2053 3300; x_wconf 86' lang='lat' dir='ltr'>hereditates:</span> <span class='ocrx_word' id='word_1_2011' title='bbox 2085 3273 2264 3301; x_wconf 82' lang='lat' dir='ltr'>filiofamiliae</span> <span class='ocrx_word' id='word_1_2012' title='bbox 2276 3273 2433 3302; x_wconf 83' lang='lat' dir='ltr'>dominatio-</span> <span class='ocrx_word' id='word_1_2013' title='bbox 2450 3288 2452 3291; x_wconf 54' lang='grc'><em>’</em></span> 
     </span>
     <span class='ocr_line' id='line_1_113' title="bbox 346 3307 2451 3344; baseline -0.006 5"><span class='ocrx_word' id='word_1_2014' title='bbox 346 3324 363 3344; x_wconf 70' lang='grc' dir='ltr'><strong>Β</strong></span> <span class='ocrx_word' id='word_1_2015' title='bbox 377 3324 393 3343; x_wconf 85' lang='grc' dir='ltr'>Χ</span> <span class='ocrx_word' id='word_1_2016' title='bbox 405 3323 417 3341; x_wconf 75' lang='lat' dir='ltr'>S</span> <span class='ocrx_word' id='word_1_2017' title='bbox 429 3322 446 3342; x_wconf 83' lang='lat' dir='ltr'>C</span> <span class='ocrx_word' id='word_1_2018' title='bbox 457 3323 473 3342; x_wconf 78' lang='grc' dir='ltr'><strong>Ε</strong></span> <span class='ocrx_word' id='word_1_2019' title='bbox 484 3321 503 3339; x_wconf 73' lang='lat' dir='ltr'>N</span> <span class='ocrx_word' id='word_1_2020' title='bbox 515 3320 532 3340; x_wconf 81' lang='lat' dir='ltr'>D</span> <span class='ocrx_word' id='word_1_2021' title='bbox 542 3320 558 3340; x_wconf 86' lang='lat' dir='ltr'>E</span> <span class='ocrx_word' id='word_1_2022' title='bbox 568 3318 589 3337; x_wconf 72' lang='lat' dir='ltr'>N</span> <span class='ocrx_word' id='word_1_2023' title='bbox 600 3318 612 3337; x_wconf 87' lang='lat' dir='ltr'><strong>S</strong></span> <span class='ocrx_word' id='word_1_2024' title='bbox 621 3331 628 3342; x_wconf 62' lang='grc' dir='ltr'>ν</span> <span class='ocrx_word' id='word_1_2025' title='bbox 647 3311 723 3337; x_wconf 66' lang='lat' dir='ltr'>emis·</span> <span class='ocrx_word' id='word_1_2026' title='bbox 742 3310 808 3336; x_wconf 65' lang='lat' dir='ltr'>Part·</span> <span class='ocrx_word' id='word_1_2027' title='bbox 848 3308 908 3336; x_wconf 75' lang='lat' dir='ltr'>Liu·</span> <span class='ocrx_word' id='word_1_2028' title='bbox 924 3315 967 3341; x_wconf 76' lang='lat'>45,</span> <span class='ocrx_word' id='word_1_2029' title='bbox 1003 3327 1010 3335; x_wconf 93' lang='lat'><strong>·</strong></span> <span class='ocrx_word' id='word_1_2030' title='bbox 1049 3327 1056 3334; x_wconf 89' lang='lat'>-</span> <span class='ocrx_word' id='word_1_2031' title='bbox 1354 3326 1357 3330; x_wconf 47' lang='grc' dir='ltr'>ι</span> <span class='ocrx_word' id='word_1_2032' title='bbox 1404 3317 1474 3335; x_wconf 88' lang='lat' dir='ltr'>nem.</span> <span class='ocrx_word' id='word_1_2033' title='bbox 1545 3309 1591 3336; x_wconf 80' lang='lat' dir='ltr'>Sed</span> <span class='ocrx_word' id='word_1_2034' title='bbox 1602 3311 1628 3335; x_wconf 82' lang='lat' dir='ltr'>in</span> <span class='ocrx_word' id='word_1_2035' title='bbox 1641 3313 1736 3335; x_wconf 82' lang='lat' dir='ltr'>ratione</span> <span class='ocrx_word' id='word_1_2036' title='bbox 1749 3313 1816 3336; x_wconf 84' lang='lat' dir='ltr'>iecur</span> <span class='ocrx_word' id='word_1_2037' title='bbox 1826 3310 1867 3335; x_wconf 86' lang='lat' dir='ltr'>vel</span> <span class='ocrx_word' id='word_1_2038' title='bbox 1876 3312 1979 3335; x_wconf 74' lang='lat' dir='ltr'>maxime</span> <span class='ocrx_word' id='word_1_2039' title='bbox 1993 3309 2212 3344; x_wconf 70' lang='lat' dir='ltr'>comprehenditur.</span> <span class='ocrx_word' id='word_1_2040' title='bbox 2244 3310 2300 3336; x_wconf 86' lang='lat' dir='ltr'>Cic.</span> <span class='ocrx_word' id='word_1_2041' title='bbox 2314 3309 2346 3336; x_wconf 87' lang='lat' dir='ltr'>de</span> <span class='ocrx_word' id='word_1_2042' title='bbox 2358 3309 2434 3337; x_wconf 72' lang='lat' dir='ltr'>Diui-i</span> <span class='ocrx_word' id='word_1_2043' title='bbox 2450 3307 2451 3311; x_wconf 36' lang='lat'>¹</span> 
     </span>
     <span class='ocr_line' id='line_1_114' title="bbox 346 3341 2433 3380; baseline -0.003 -2"><span class='ocrx_word' id='word_1_2044' title='bbox 346 3359 363 3378; x_wconf 85' lang='grc' dir='ltr'>Ε</span> <span class='ocrx_word' id='word_1_2045' title='bbox 374 3359 390 3377; x_wconf 85' lang='grc' dir='ltr'>Χ</span> <span class='ocrx_word' id='word_1_2046' title='bbox 400 3358 490 3378; x_wconf 71' lang='lat' dir='ltr'>SCEN</span> <span class='ocrx_word' id='word_1_2047' title='bbox 500 3357 512 3376; x_wconf 90' lang='lat' dir='ltr'>s</span> <span class='ocrx_word' id='word_1_2048' title='bbox 521 3357 531 3375; x_wconf 92' lang='lat'>1</span> <span class='ocrx_word' id='word_1_2049' title='bbox 541 3347 648 3380; x_wconf 58' lang='lat' dir='ltr'>monis.</span> <span class='ocrx_word' id='word_1_2050' title='bbox 668 3346 688 3372; x_wconf 87' lang='lat' dir='ltr'>s.</span> <span class='ocrx_word' id='word_1_2051' title='bbox 724 3345 783 3371; x_wconf 88' lang='lat' dir='ltr'>Liu.</span> <span class='ocrx_word' id='word_1_2052' title='bbox 793 3350 830 3375; x_wconf 87' lang='lat'>28,</span> <span class='ocrx_word' id='word_1_2053' title='bbox 843 3349 856 3374; x_wconf 81' lang='lat'>8</span> <span class='ocrx_word' id='word_1_2054' title='bbox 874 3343 937 3370; x_wconf 88' lang='lat' dir='ltr'>Inde</span> <span class='ocrx_word' id='word_1_2055' title='bbox 950 3341 1188 3378; x_wconf 83' lang='lat' dir='ltr'>quinqueremibus</span> <span class='ocrx_word' id='word_1_2056' title='bbox 1201 3344 1340 3377; x_wconf 82' lang='lat' dir='ltr'>septem‚et</span> <span class='ocrx_word' id='word_1_2057' title='bbox 1405 3349 1458 3370; x_wconf 86' lang='lat' dir='ltr'>nat.</span> <span class='ocrx_word' id='word_1_2058' title='bbox 1473 3353 1493 3376; x_wconf 87' lang='lat'>1,</span> <span class='ocrx_word' id='word_1_2059' title='bbox 1508 3346 1536 3371; x_wconf 85' lang='lat'>16</span> <span class='ocrx_word' id='word_1_2060' title='bbox 1547 3353 1568 3370; x_wconf 92' lang='lat' dir='ltr'>c.</span> <span class='ocrx_word' id='word_1_2061' title='bbox 1584 3353 1612 3371; x_wconf 93' lang='lat'>10</span> <span class='ocrx_word' id='word_1_2062' title='bbox 1631 3345 1703 3378; x_wconf 71' lang='lat' dir='ltr'>Quid</span> <span class='ocrx_word' id='word_1_2063' title='bbox 1717 3345 1799 3371; x_wconf 86' lang='lat' dir='ltr'>fissum</span> <span class='ocrx_word' id='word_1_2064' title='bbox 1814 3345 1842 3371; x_wconf 88' lang='lat' dir='ltr'>in</span> <span class='ocrx_word' id='word_1_2065' title='bbox 1854 3344 1935 3376; x_wconf 81' lang='lat' dir='ltr'>extis,</span> <span class='ocrx_word' id='word_1_2066' title='bbox 1955 3345 2019 3378; x_wconf 88' lang='lat' dir='ltr'>quid</span> <span class='ocrx_word' id='word_1_2067' title='bbox 2032 3345 2098 3372; x_wconf 84' lang='lat' dir='ltr'>fibra</span> <span class='ocrx_word' id='word_1_2068' title='bbox 2109 3345 2193 3372; x_wconf 89' lang='lat' dir='ltr'>valeat</span> <span class='ocrx_word' id='word_1_2069' title='bbox 2202 3365 2210 3377; x_wconf 95' lang='lat'>,</span> <span class='ocrx_word' id='word_1_2070' title='bbox 2226 3345 2326 3379; x_wconf 82' lang='lat' dir='ltr'>accipio</span> <span class='ocrx_word' id='word_1_2071' title='bbox 2337 3356 2342 3372; x_wconf 93' lang='lat'>:</span> <span class='ocrx_word' id='word_1_2072' title='bbox 2366 3352 2433 3380; x_wconf 65' lang='lat' dir='ltr'>quae</span> 
     </span>
     <span class='ocr_line' id='line_1_115' title="bbox 311 3378 2443 3420; baseline -0.002 -8"><span class='ocrx_word' id='word_1_2073' title='bbox 311 3387 404 3413; x_wconf 87' lang='lat' dir='ltr'>lembis</span> <span class='ocrx_word' id='word_1_2074' title='bbox 418 3385 514 3420; x_wconf 80' lang='lat' dir='ltr'>viginti</span> <span class='ocrx_word' id='word_1_2075' title='bbox 528 3383 656 3418; x_wconf 80' lang='lat' dir='ltr'>amplius,</span> <span class='ocrx_word' id='word_1_2076' title='bbox 673 3381 807 3416; x_wconf 68' lang='lat' dir='ltr'>proscenis</span> <span class='ocrx_word' id='word_1_2077' title='bbox 819 3379 851 3406; x_wconf 88' lang='lat' dir='ltr'>ad</span> <span class='ocrx_word' id='word_1_2078' title='bbox 871 3378 994 3412; x_wconf 88' lang='lat' dir='ltr'>Erythras</span> <span class='ocrx_word' id='word_1_2079' title='bbox 1011 3378 1181 3411; x_wconf 88' lang='lat' dir='ltr'>Aetolorum,</span> <span class='ocrx_word' id='word_1_2080' title='bbox 1202 3379 1342 3405; x_wconf 87' lang='lat' dir='ltr'>exscensio-</span> <span class='ocrx_word' id='word_1_2081' title='bbox 1352 3388 1388 3412; x_wconf 92' lang='lat'>90</span> <span class='ocrx_word' id='word_1_2082' title='bbox 1405 3380 1477 3405; x_wconf 91' lang='lat' dir='ltr'>causa</span> <span class='ocrx_word' id='word_1_2083' title='bbox 1491 3379 1537 3413; x_wconf 82' lang='lat' dir='ltr'>sit,</span> <span class='ocrx_word' id='word_1_2084' title='bbox 1555 3380 1651 3406; x_wconf 86' lang='lat' dir='ltr'>nescio.</span> <span class='ocrx_word' id='word_1_2085' title='bbox 1698 3381 1783 3415; x_wconf 82' lang='lat' dir='ltr'>Atque</span> <span class='ocrx_word' id='word_1_2086' title='bbox 1795 3379 1890 3406; x_wconf 91' lang='lat' dir='ltr'>horum</span> <span class='ocrx_word' id='word_1_2087' title='bbox 1904 3379 2011 3414; x_wconf 76' lang='lat' dir='ltr'>quidem</span> <span class='ocrx_word' id='word_1_2088' title='bbox 2025 3380 2099 3414; x_wconf 90' lang='lat' dir='ltr'>plena</span> <span class='ocrx_word' id='word_1_2089' title='bbox 2113 3381 2167 3407; x_wconf 91' lang='lat' dir='ltr'>vita</span> <span class='ocrx_word' id='word_1_2090' title='bbox 2180 3380 2225 3407; x_wconf 86' lang='lat' dir='ltr'>est.</span> <span class='ocrx_word' id='word_1_2091' title='bbox 2277 3380 2348 3407; x_wconf 79' lang='lat' dir='ltr'>Extis</span> <span class='ocrx_word' id='word_1_2092' title='bbox 2361 3379 2443 3408; x_wconf 55' lang='lat' dir='ltr'>enini«</span> 
     </span>
    </p>
   </div>
   <div class='ocr_carea' id='block_1_16' title="bbox 309 3413 2466 3805">
    <p class='ocr_par' dir='ltr' id='par_1_19' title="bbox 309 3413 2466 3805">
     <span class='ocr_line' id='line_1_116' title="bbox 311 3413 2432 3452; baseline -0.004 -4"><span class='ocrx_word' id='word_1_2093' title='bbox 311 3430 371 3448; x_wconf 86' lang='lat' dir='ltr'>nem</span> <span class='ocrx_word' id='word_1_2094' title='bbox 385 3422 456 3447; x_wconf 87' lang='lat' dir='ltr'>fecit.</span> <span class='ocrx_word' id='word_1_2095' title='bbox 524 3419 598 3446; x_wconf 84' lang='lat' dir='ltr'>Idem</span> <span class='ocrx_word' id='word_1_2096' title='bbox 611 3425 654 3452; x_wconf 87' lang='lat'>27,</span> <span class='ocrx_word' id='word_1_2097' title='bbox 669 3425 710 3449; x_wconf 91' lang='lat'>29.</span> <span class='ocrx_word' id='word_1_2098' title='bbox 752 3415 808 3442; x_wconf 71' lang='lat' dir='ltr'>Vitl.</span> <span class='ocrx_word' id='word_1_2099' title='bbox 822 3417 918 3441; x_wconf 86' lang='lat' dir='ltr'>omnino</span> <span class='ocrx_word' id='word_1_2100' title='bbox 930 3416 1006 3441; x_wconf 87' lang='lat' dir='ltr'>Gron.</span> <span class='ocrx_word' id='word_1_2101' title='bbox 1019 3421 1042 3440; x_wconf 86' lang='lat' dir='ltr'>et</span> <span class='ocrx_word' id='word_1_2102' title='bbox 1055 3413 1179 3441; x_wconf 76' lang='lat' dir='ltr'>Drakenb.</span> <span class='ocrx_word' id='word_1_2103' title='bbox 1192 3414 1226 3440; x_wconf 86' lang='lat' dir='ltr'>ad</span> <span class='ocrx_word' id='word_1_2104' title='bbox 1237 3420 1262 3446; x_wconf 80' lang='lat'>8,</span> <span class='ocrx_word' id='word_1_2105' title='bbox 1269 3424 1308 3449; x_wconf 88' lang='lat'>17,</span> <span class='ocrx_word' id='word_1_2106' title='bbox 1315 3423 1340 3449; x_wconf 88' lang='lat'>9.</span> <span class='ocrx_word' id='word_1_2107' title='bbox 1404 3423 1494 3441; x_wconf 90' lang='lat' dir='ltr'>ornnes</span> <span class='ocrx_word' id='word_1_2108' title='bbox 1508 3415 1564 3441; x_wconf 84' lang='lat' dir='ltr'>fere</span> <span class='ocrx_word' id='word_1_2109' title='bbox 1576 3420 1695 3442; x_wconf 89' lang='lat' dir='ltr'>vtuntur.</span> <span class='ocrx_word' id='word_1_2110' title='bbox 1798 3416 1828 3441; x_wconf 83' lang='lat' dir='ltr'>Et</span> <span class='ocrx_word' id='word_1_2111' title='bbox 1841 3423 1865 3446; x_wconf 84' lang='lat'>2,</span> <span class='ocrx_word' id='word_1_2112' title='bbox 1879 3423 1912 3447; x_wconf 82' lang='lat'>29</span> <span class='ocrx_word' id='word_1_2113' title='bbox 1928 3424 1948 3441; x_wconf 87' lang='lat' dir='ltr'>c.</span> <span class='ocrx_word' id='word_1_2114' title='bbox 1963 3424 1989 3442; x_wconf 88' lang='lat'>12</span> <span class='ocrx_word' id='word_1_2115' title='bbox 2009 3417 2045 3443; x_wconf 93' lang='lat' dir='ltr'>Vt</span> <span class='ocrx_word' id='word_1_2116' title='bbox 2058 3415 2148 3442; x_wconf 87' lang='lat' dir='ltr'>ordiar</span> <span class='ocrx_word' id='word_1_2117' title='bbox 2162 3415 2194 3442; x_wconf 94' lang='lat' dir='ltr'>ab</span> <span class='ocrx_word' id='word_1_2118' title='bbox 2208 3415 2374 3450; x_wconf 86' lang='lat' dir='ltr'>haruspicina</span> <span class='ocrx_word' id='word_1_2119' title='bbox 2387 3429 2432 3440; x_wconf 55' lang='grc' dir='ltr'>-ε</span> 
     </span>
     <span class='ocr_line' id='line_1_117' title="bbox 309 3439 2452 3502; baseline -0.002 -19"><span class='ocrx_word' id='word_1_2120' title='bbox 309 3459 341 3483; x_wconf 72' lang='lat' dir='ltr'>it.</span> <span class='ocrx_word' id='word_1_2121' title='bbox 355 3466 394 3487; x_wconf 83' lang='lat'>22,</span> <span class='ocrx_word' id='word_1_2122' title='bbox 408 3465 444 3482; x_wconf 80' lang='lat'>20.</span> <span class='ocrx_word' id='word_1_2123' title='bbox 480 3455 547 3481; x_wconf 75' lang='lat' dir='ltr'>Add.</span> <span class='ocrx_word' id='word_1_2124' title='bbox 567 3455 647 3480; x_wconf 86' lang='lat' dir='ltr'>Dares</span> <span class='ocrx_word' id='word_1_2125' title='bbox 660 3451 753 3486; x_wconf 82' lang='lat' dir='ltr'>Phryg.</span> <span class='ocrx_word' id='word_1_2126' title='bbox 767 3459 788 3476; x_wconf 84' lang='lat' dir='ltr'>c.</span> <span class='ocrx_word' id='word_1_2127' title='bbox 803 3458 840 3483; x_wconf 86' lang='lat'>19.</span> <span class='ocrx_word' id='word_1_2128' title='bbox 993 3484 998 3489; x_wconf 36' lang='grc' dir='ltr'><em>Π</em></span> <span class='ocrx_word' id='word_1_2129' title='bbox 1321 3483 1328 3489; x_wconf 43' lang='grc'><strong>.</strong></span> <span class='ocrx_word' id='word_1_2130' title='bbox 1402 3450 1572 3483; x_wconf 86' lang='lat' dir='ltr'>Inspiciamus</span> <span class='ocrx_word' id='word_1_2131' title='bbox 1594 3456 1662 3477; x_wconf 89' lang='lat' dir='ltr'>exta.</span> <span class='ocrx_word' id='word_1_2132' title='bbox 1697 3464 1743 3470; x_wconf 88' lang='lat'>-—</span> <span class='ocrx_word' id='word_1_2133' title='bbox 1777 3450 1926 3477; x_wconf 87' lang='lat' dir='ltr'>Persuaderi</span> <span class='ocrx_word' id='word_1_2134' title='bbox 1948 3451 2029 3485; x_wconf 87' lang='lat' dir='ltr'>igitur</span> <span class='ocrx_word' id='word_1_2135' title='bbox 2043 3452 2165 3485; x_wconf 90' lang='lat' dir='ltr'>cuiquam</span> <span class='ocrx_word' id='word_1_2136' title='bbox 2188 3450 2287 3486; x_wconf 80' lang='lat' dir='ltr'>potest,</span> <span class='ocrx_word' id='word_1_2137' title='bbox 2305 3459 2352 3483; x_wconf 84' lang='lat' dir='ltr'>ea,</span> <span class='ocrx_word' id='word_1_2138' title='bbox 2364 3439 2452 3502; x_wconf 27' lang='lat' dir='ltr'>quaet]⁴</span> 
     </span>
     <span class='ocr_line' id='line_1_118' title="bbox 349 3483 2431 3523; baseline -0.001 -7"><span class='ocrx_word' id='word_1_2139' title='bbox 349 3497 365 3516; x_wconf 82' lang='grc' dir='ltr'>Ε</span> <span class='ocrx_word' id='word_1_2140' title='bbox 377 3498 392 3515; x_wconf 65' lang='grc' dir='ltr'>Χ</span> <span class='ocrx_word' id='word_1_2141' title='bbox 403 3498 415 3516; x_wconf 83' lang='lat' dir='ltr'>s</span> <span class='ocrx_word' id='word_1_2142' title='bbox 425 3497 441 3516; x_wconf 85' lang='lat' dir='ltr'>c</span> <span class='ocrx_word' id='word_1_2143' title='bbox 450 3497 467 3516; x_wconf 86' lang='lat' dir='ltr'>R</span> <span class='ocrx_word' id='word_1_2144' title='bbox 476 3497 518 3516; x_wconf 87' lang='grc' dir='ltr'>ΕΟ</span> <span class='ocrx_word' id='word_1_2145' title='bbox 527 3510 535 3522; x_wconf 87' lang='grc'><strong><em>,</em></strong></span> <span class='ocrx_word' id='word_1_2146' title='bbox 555 3494 607 3516; x_wconf 65' lang='lat' dir='ltr'>are.</span> <span class='ocrx_word' id='word_1_2147' title='bbox 647 3488 680 3515; x_wconf 93' lang='lat' dir='ltr'>Vi</span> <span class='ocrx_word' id='word_1_2148' title='bbox 692 3486 796 3523; x_wconf 82' lang='lat' dir='ltr'>quadam</span> <span class='ocrx_word' id='word_1_2149' title='bbox 810 3484 931 3519; x_wconf 84' lang='lat' dir='ltr'>exspuere.</span> <span class='ocrx_word' id='word_1_2150' title='bbox 966 3483 1114 3512; x_wconf 77' lang='lat' dir='ltr'>Difficulter</span> <span class='ocrx_word' id='word_1_2151' title='bbox 1124 3485 1258 3511; x_wconf 86' lang='lat' dir='ltr'>exscreare</span> <span class='ocrx_word' id='word_1_2152' title='bbox 1275 3484 1342 3510; x_wconf 84' lang='lat' dir='ltr'>Scri·</span> <span class='ocrx_word' id='word_1_2153' title='bbox 1403 3483 1543 3517; x_wconf 85' lang='lat' dir='ltr'>significari</span> <span class='ocrx_word' id='word_1_2154' title='bbox 1563 3485 1687 3512; x_wconf 87' lang='lat' dir='ltr'>dicuntur</span> <span class='ocrx_word' id='word_1_2155' title='bbox 1709 3484 1792 3518; x_wconf 81' lang='lat' dir='ltr'>extis,</span> <span class='ocrx_word' id='word_1_2156' title='bbox 1815 3487 1919 3519; x_wconf 81' lang='lat' dir='ltr'>cognita</span> <span class='ocrx_word' id='word_1_2157' title='bbox 1939 3489 1987 3513; x_wconf 79' lang='lat' dir='ltr'>ess‘e</span> <span class='ocrx_word' id='word_1_2158' title='bbox 2001 3486 2180 3521; x_wconf 86' lang='lat' dir='ltr'>haruspicibus</span> <span class='ocrx_word' id='word_1_2159' title='bbox 2214 3500 2259 3505; x_wconf 89' lang='lat'>—</span> <span class='ocrx_word' id='word_1_2160' title='bbox 2294 3495 2362 3521; x_wconf 93' lang='lat' dir='ltr'>quae</span> <span class='ocrx_word' id='word_1_2161' title='bbox 2374 3484 2431 3521; x_wconf 66' lang='lat' dir='ltr'>pars</span> 
     </span>
     <span class='ocr_line' id='line_1_119' title="bbox 312 3519 2446 3558; baseline -0.001 -7"><span class='ocrx_word' id='word_1_2162' title='bbox 312 3525 375 3551; x_wconf 87' lang='lat' dir='ltr'>bon.</span> <span class='ocrx_word' id='word_1_2163' title='bbox 389 3533 432 3557; x_wconf 88' lang='lat'>94.</span> <span class='ocrx_word' id='word_1_2164' title='bbox 502 3525 656 3558; x_wconf 82' lang='lat' dir='ltr'>Sanguinem</span> <span class='ocrx_word' id='word_1_2165' title='bbox 668 3523 800 3549; x_wconf 81' lang='lat' dir='ltr'>exscreare</span> <span class='ocrx_word' id='word_1_2166' title='bbox 815 3521 868 3551; x_wconf 81' lang='lat'><em>¹69-</em></span> <span class='ocrx_word' id='word_1_2167' title='bbox 937 3519 1016 3546; x_wconf 83' lang='lat' dir='ltr'>Plaut.</span> <span class='ocrx_word' id='word_1_2168' title='bbox 1030 3519 1123 3555; x_wconf 85' lang='lat' dir='ltr'>Amph.</span> <span class='ocrx_word' id='word_1_2169' title='bbox 1132 3520 1231 3554; x_wconf 88' lang='lat' dir='ltr'>suppos.</span> <span class='ocrx_word' id='word_1_2170' title='bbox 1246 3519 1342 3546; x_wconf 87' lang='lat' dir='ltr'>Tuum</span> <span class='ocrx_word' id='word_1_2171' title='bbox 1403 3519 1523 3552; x_wconf 83' lang='lat' dir='ltr'>inimici,</span> <span class='ocrx_word' id='word_1_2172' title='bbox 1537 3529 1604 3554; x_wconf 84' lang='lat' dir='ltr'>quae</span> <span class='ocrx_word' id='word_1_2173' title='bbox 1619 3530 1677 3555; x_wconf 76' lang='lat' dir='ltr'>pars</span> <span class='ocrx_word' id='word_1_2174' title='bbox 1689 3520 1828 3547; x_wconf 83' lang='lat' dir='ltr'>familiaris</span> <span class='ocrx_word' id='word_1_2175' title='bbox 1840 3522 1913 3553; x_wconf 71' lang='lat' dir='ltr'>css‘et,</span> <span class='ocrx_word' id='word_1_2176' title='bbox 1931 3522 2001 3557; x_wconf 86' lang='lat' dir='ltr'>quod</span> <span class='ocrx_word' id='word_1_2177' title='bbox 2014 3522 2097 3549; x_wconf 85' lang='lat' dir='ltr'>fissum</span> <span class='ocrx_word' id='word_1_2178' title='bbox 2109 3520 2263 3557; x_wconf 84' lang='lat' dir='ltr'>periculum,</span> <span class='ocrx_word' id='word_1_2179' title='bbox 2271 3521 2351 3556; x_wconf 89' lang='lat' dir='ltr'>quod,</span> <span class='ocrx_word' id='word_1_2180' title='bbox 2363 3529 2446 3554; x_wconf 56' lang='lat' dir='ltr'>coms,</span> 
     </span>
     <span class='ocr_line' id='line_1_120' title="bbox 315 3554 2432 3592; baseline -0.001 -7"><span class='ocrx_word' id='word_1_2181' title='bbox 315 3560 460 3585; x_wconf 84' lang='lat' dir='ltr'>diminuam</span> <span class='ocrx_word' id='word_1_2182' title='bbox 472 3566 589 3592; x_wconf 85' lang='lat' dir='ltr'>caput,vt</span> <span class='ocrx_word' id='word_1_2183' title='bbox 603 3569 662 3585; x_wconf 90' lang='lat' dir='ltr'>curn</span> <span class='ocrx_word' id='word_1_2184' title='bbox 676 3556 798 3585; x_wconf 82' lang='lat' dir='ltr'>dentibus</span> <span class='ocrx_word' id='word_1_2185' title='bbox 810 3555 926 3589; x_wconf 79' lang='lat' dir='ltr'>linguam</span> <span class='ocrx_word' id='word_1_2186' title='bbox 939 3556 1060 3582; x_wconf 78' lang='lat' dir='ltr'>exscrees.</span> <span class='ocrx_word' id='word_1_2187' title='bbox 1132 3555 1343 3589; x_wconf 78' lang='lat' dir='ltr'>Ouid.Epist.2i,</span> <span class='ocrx_word' id='word_1_2188' title='bbox 1352 3562 1386 3590; x_wconf 77' lang='lat'>95</span> <span class='ocrx_word' id='word_1_2189' title='bbox 1404 3554 1511 3581; x_wconf 88' lang='lat' dir='ltr'>modum</span> <span class='ocrx_word' id='word_1_2190' title='bbox 1530 3555 1639 3590; x_wconf 90' lang='lat' dir='ltr'>aliquod</span> <span class='ocrx_word' id='word_1_2191' title='bbox 1658 3555 1804 3582; x_wconf 85' lang='lat' dir='ltr'>ostenderet</span> <span class='ocrx_word' id='word_1_2192' title='bbox 1819 3557 1827 3582; x_wconf 79' lang='lat'>3</span> <span class='ocrx_word' id='word_1_2193' title='bbox 1860 3572 1904 3577; x_wconf 82' lang='lat'>—-</span> <span class='ocrx_word' id='word_1_2194' title='bbox 1939 3558 2006 3584; x_wconf 90' lang='lat' dir='ltr'>alios</span> <span class='ocrx_word' id='word_1_2195' title='bbox 2025 3558 2080 3584; x_wconf 84' lang='lat' dir='ltr'>alio</span> <span class='ocrx_word' id='word_1_2196' title='bbox 2099 3557 2180 3584; x_wconf 85' lang='lat' dir='ltr'>modo</span> <span class='ocrx_word' id='word_1_2197' title='bbox 2191 3556 2311 3583; x_wconf 87' lang='lat' dir='ltr'>videmus</span> <span class='ocrx_word' id='word_1_2198' title='bbox 2321 3563 2379 3584; x_wconf 87' lang='lat' dir='ltr'>exta</span> <span class='ocrx_word' id='word_1_2199' title='bbox 2392 3557 2432 3584; x_wconf 66' lang='lat' dir='ltr'>iii-3</span> 
     </span>
     <span class='ocr_line' id='line_1_121' title="bbox 313 3590 2449 3628; baseline -0 -8"><span class='ocrx_word' id='word_1_2200' title='bbox 313 3603 349 3627; x_wconf 83' lang='lat'>24</span> <span class='ocrx_word' id='word_1_2201' title='bbox 369 3595 486 3620; x_wconf 84' lang='lat' dir='ltr'>Exscrcat</span> <span class='ocrx_word' id='word_1_2202' title='bbox 499 3599 524 3619; x_wconf 91' lang='lat' dir='ltr'>et</span> <span class='ocrx_word' id='word_1_2203' title='bbox 535 3594 592 3620; x_wconf 68' lang='lat' dir='ltr'>fifia</span> <span class='ocrx_word' id='word_1_2204' title='bbox 605 3595 648 3621; x_wconf 88' lang='lat' dir='ltr'>dat</span> <span class='ocrx_word' id='word_1_2205' title='bbox 662 3593 730 3621; x_wconf 89' lang='lat' dir='ltr'>mihi</span> <span class='ocrx_word' id='word_1_2206' title='bbox 744 3591 814 3626; x_wconf 84' lang='lat' dir='ltr'>signa</span> <span class='ocrx_word' id='word_1_2207' title='bbox 823 3596 894 3617; x_wconf 87' lang='lat' dir='ltr'>nota.</span> <span class='ocrx_word' id='word_1_2208' title='bbox 935 3590 992 3616; x_wconf 81' lang='lat' dir='ltr'>Vid.</span> <span class='ocrx_word' id='word_1_2209' title='bbox 1006 3591 1073 3617; x_wconf 88' lang='lat' dir='ltr'>Cels.</span> <span class='ocrx_word' id='word_1_2210' title='bbox 1087 3599 1113 3623; x_wconf 88' lang='lat'>2,</span> <span class='ocrx_word' id='word_1_2211' title='bbox 1129 3598 1155 3625; x_wconf 89' lang='lat'>7.</span> <span class='ocrx_word' id='word_1_2212' title='bbox 1191 3597 1214 3616; x_wconf 87' lang='lat' dir='ltr'>et</span> <span class='ocrx_word' id='word_1_2213' title='bbox 1227 3599 1254 3622; x_wconf 80' lang='lat'>3,</span> <span class='ocrx_word' id='word_1_2214' title='bbox 1268 3599 1305 3617; x_wconf 82' lang='grc'>22.</span> <span class='ocrx_word' id='word_1_2215' title='bbox 1405 3590 1560 3625; x_wconf 62' lang='lat' dir='ltr'>tei-pietati,</span> <span class='ocrx_word' id='word_1_2216' title='bbox 1579 3600 1625 3617; x_wconf 86' lang='lat' dir='ltr'>nec</span> <span class='ocrx_word' id='word_1_2217' title='bbox 1638 3591 1686 3616; x_wconf 77' lang='lat' dir='ltr'>effe</span> <span class='ocrx_word' id='word_1_2218' title='bbox 1699 3599 1776 3618; x_wconf 88' lang='lat' dir='ltr'>vnam</span> <span class='ocrx_word' id='word_1_2219' title='bbox 1789 3591 1906 3618; x_wconf 88' lang='lat' dir='ltr'>omnium</span> <span class='ocrx_word' id='word_1_2220' title='bbox 1921 3592 2094 3628; x_wconf 88' lang='lat' dir='ltr'>disciplinam.</span> <span class='ocrx_word' id='word_1_2221' title='bbox 2140 3593 2170 3618; x_wconf 85' lang='lat' dir='ltr'>Et</span> <span class='ocrx_word' id='word_1_2222' title='bbox 2183 3597 2252 3618; x_wconf 90' lang='lat' dir='ltr'>certe</span> <span class='ocrx_word' id='word_1_2223' title='bbox 2265 3591 2282 3618; x_wconf 86' lang='lat' dir='ltr'>fi</span> <span class='ocrx_word' id='word_1_2224' title='bbox 2297 3592 2332 3618; x_wconf 82' lang='lat' dir='ltr'>est</span> <span class='ocrx_word' id='word_1_2225' title='bbox 2346 3592 2374 3619; x_wconf 87' lang='lat' dir='ltr'>in</span> <span class='ocrx_word' id='word_1_2226' title='bbox 2387 3600 2432 3619; x_wconf 73' lang='lat' dir='ltr'>ex-v</span> <span class='ocrx_word' id='word_1_2227' title='bbox 2448 3596 2449 3603; x_wconf 67' lang='lat'>¹</span> 
     </span>
     <span class='ocr_line' id='line_1_122' title="bbox 351 3625 2431 3663; baseline -0 -8"><span class='ocrx_word' id='word_1_2228' title='bbox 351 3636 391 3655; x_wconf 82' lang='grc' dir='ltr'>ΕΧ</span> <span class='ocrx_word' id='word_1_2229' title='bbox 402 3636 413 3654; x_wconf 80' lang='lat' dir='ltr'>s</span> <span class='ocrx_word' id='word_1_2230' title='bbox 422 3635 466 3655; x_wconf 85' lang='lat' dir='ltr'>CR</span> <span class='ocrx_word' id='word_1_2231' title='bbox 476 3630 584 3654; x_wconf 80' lang='grc' dir='ltr'><strong>ΕΑΒϊι.</strong></span> <span class='ocrx_word' id='word_1_2232' title='bbox 594 3637 603 3655; x_wconf 85' lang='lat' dir='ltr'>i</span> <span class='ocrx_word' id='word_1_2233' title='bbox 612 3637 642 3661; x_wconf 87' lang='lat' dir='ltr'>s,</span> <span class='ocrx_word' id='word_1_2234' title='bbox 660 3638 684 3656; x_wconf 88' lang='lat' dir='ltr'>e.</span> <span class='ocrx_word' id='word_1_2235' title='bbox 718 3627 778 3654; x_wconf 90' lang='lat' dir='ltr'>Adi.</span> <span class='ocrx_word' id='word_1_2236' title='bbox 814 3626 972 3653; x_wconf 88' lang='lat' dir='ltr'>Pulmonum</span> <span class='ocrx_word' id='word_1_2237' title='bbox 997 3626 1064 3653; x_wconf 86' lang='lat' dir='ltr'>vitia</span> <span class='ocrx_word' id='word_1_2238' title='bbox 1090 3625 1259 3653; x_wconf 84' lang='lat' dir='ltr'>exscreabilia</span> <span class='ocrx_word' id='word_1_2239' title='bbox 1276 3626 1341 3653; x_wconf 77' lang='lat' dir='ltr'>facit</span> <span class='ocrx_word' id='word_1_2240' title='bbox 1405 3625 1439 3653; x_wconf 82' lang='lat' dir='ltr'>tis</span> <span class='ocrx_word' id='word_1_2241' title='bbox 1453 3625 1540 3660; x_wconf 89' lang='lat' dir='ltr'>aliqua</span> <span class='ocrx_word' id='word_1_2242' title='bbox 1551 3625 1608 3658; x_wconf 85' lang='lat' dir='ltr'>vis,</span> <span class='ocrx_word' id='word_1_2243' title='bbox 1628 3635 1694 3660; x_wconf 91' lang='lat' dir='ltr'>quae</span> <span class='ocrx_word' id='word_1_2244' title='bbox 1707 3627 1820 3653; x_wconf 88' lang='lat' dir='ltr'>declaret</span> <span class='ocrx_word' id='word_1_2245' title='bbox 1834 3627 1922 3654; x_wconf 86' lang='lat' dir='ltr'>sutura</span> <span class='ocrx_word' id='word_1_2246' title='bbox 1956 3644 2002 3648; x_wconf 97' lang='lat'><strong>—</strong></span> <span class='ocrx_word' id='word_1_2247' title='bbox 2036 3637 2090 3654; x_wconf 90' lang='lat' dir='ltr'>non</span> <span class='ocrx_word' id='word_1_2248' title='bbox 2103 3627 2186 3653; x_wconf 90' lang='lat' dir='ltr'>dicam</span> <span class='ocrx_word' id='word_1_2249' title='bbox 2207 3627 2376 3660; x_wconf 83' lang='lat' dir='ltr'>gallinaceum</span> <span class='ocrx_word' id='word_1_2250' title='bbox 2388 3626 2431 3663; x_wconf 71' lang='lat' dir='ltr'>fel</span> 
     </span>
     <span class='ocr_line' id='line_1_123' title="bbox 312 3661 2434 3697; baseline 0 -8"><span class='ocrx_word' id='word_1_2251' title='bbox 312 3664 377 3691; x_wconf 84' lang='lat' dir='ltr'>Plin.</span> <span class='ocrx_word' id='word_1_2252' title='bbox 393 3672 432 3695; x_wconf 78' lang='lat'>39,</span> <span class='ocrx_word' id='word_1_2253' title='bbox 446 3672 483 3695; x_wconf 82' lang='lat'>¹4·</span> <span class='ocrx_word' id='word_1_2254' title='bbox 1406 3662 1483 3693; x_wconf 86' lang='lat' dir='ltr'>(sunt</span> <span class='ocrx_word' id='word_1_2255' title='bbox 1493 3662 1563 3688; x_wconf 88' lang='lat' dir='ltr'>enim</span> <span class='ocrx_word' id='word_1_2256' title='bbox 1573 3681 1581 3694; x_wconf 93' lang='lat'>,</span> <span class='ocrx_word' id='word_1_2257' title='bbox 1597 3663 1643 3696; x_wconf 91' lang='lat' dir='ltr'>qui</span> <span class='ocrx_word' id='word_1_2258' title='bbox 1656 3662 1697 3688; x_wconf 88' lang='lat' dir='ltr'>vel</span> <span class='ocrx_word' id='word_1_2259' title='bbox 1710 3662 1865 3696; x_wconf 81' lang='lat' dir='ltr'>argutissima</span> <span class='ocrx_word' id='word_1_2260' title='bbox 1878 3663 1940 3690; x_wconf 88' lang='lat' dir='ltr'>hacc</span> <span class='ocrx_word' id='word_1_2261' title='bbox 1953 3669 2012 3690; x_wconf 82' lang='lat' dir='ltr'>exta</span> <span class='ocrx_word' id='word_1_2262' title='bbox 2023 3664 2071 3690; x_wconf 76' lang='lat' dir='ltr'>esse</span> <span class='ocrx_word' id='word_1_2263' title='bbox 2083 3662 2186 3693; x_wconf 81' lang='lat' dir='ltr'>dicant)</span> <span class='ocrx_word' id='word_1_2264' title='bbox 2204 3662 2246 3688; x_wconf 90' lang='lat' dir='ltr'>sed</span> <span class='ocrx_word' id='word_1_2265' title='bbox 2259 3663 2328 3689; x_wconf 85' lang='lat' dir='ltr'>tauri</span> <span class='ocrx_word' id='word_1_2266' title='bbox 2346 3661 2434 3697; x_wconf 78' lang='lat' dir='ltr'>opimi·</span> 
     </span>
     <span class='ocr_line' id='line_1_124' title="bbox 347 3695 2458 3732; baseline -0.001 -6"><span class='ocrx_word' id='word_1_2267' title='bbox 347 3702 622 3726; x_wconf 65' lang='lat' dir='ltr'>EXSCREAT102,</span> <span class='ocrx_word' id='word_1_2268' title='bbox 647 3697 714 3724; x_wconf 74' lang='lat' dir='ltr'>onis.</span> <span class='ocrx_word' id='word_1_2269' title='bbox 748 3698 768 3724; x_wconf 88' lang='lat' dir='ltr'>f.</span> <span class='ocrx_word' id='word_1_2270' title='bbox 803 3695 952 3724; x_wconf 87' lang='lat' dir='ltr'>Exscreatio</span> <span class='ocrx_word' id='word_1_2271' title='bbox 981 3695 1113 3730; x_wconf 84' lang='lat' dir='ltr'>sanguinis</span> <span class='ocrx_word' id='word_1_2272' title='bbox 1133 3696 1199 3723; x_wconf 85' lang='lat' dir='ltr'>Plin.</span> <span class='ocrx_word' id='word_1_2273' title='bbox 1231 3704 1285 3730; x_wconf 83' lang='lat'>24,</span> <span class='ocrx_word' id='word_1_2274' title='bbox 1304 3705 1343 3731; x_wconf 87' lang='lat'>¹4·</span> <span class='ocrx_word' id='word_1_2275' title='bbox 1405 3699 1485 3728; x_wconf 80' lang='lat' dir='ltr'>iecur,</span> <span class='ocrx_word' id='word_1_2276' title='bbox 1502 3702 1548 3723; x_wconf 90' lang='lat' dir='ltr'>aut</span> <span class='ocrx_word' id='word_1_2277' title='bbox 1571 3706 1627 3729; x_wconf 87' lang='lat' dir='ltr'>cor,</span> <span class='ocrx_word' id='word_1_2278' title='bbox 1643 3703 1687 3723; x_wconf 91' lang='lat' dir='ltr'>aut</span> <span class='ocrx_word' id='word_1_2279' title='bbox 1706 3700 1805 3732; x_wconf 81' lang='lat' dir='ltr'>pulmo,</span> <span class='ocrx_word' id='word_1_2280' title='bbox 1824 3698 1889 3732; x_wconf 86' lang='lat' dir='ltr'>quid</span> <span class='ocrx_word' id='word_1_2281' title='bbox 1913 3698 1992 3726; x_wconf 87' lang='lat' dir='ltr'>habet</span> <span class='ocrx_word' id='word_1_2282' title='bbox 2009 3697 2126 3725; x_wconf 85' lang='lat' dir='ltr'>naturale</span> <span class='ocrx_word' id='word_1_2283' title='bbox 2160 3711 2206 3717; x_wconf 90' lang='lat'>—-</span> <span class='ocrx_word' id='word_1_2284' title='bbox 2239 3697 2287 3724; x_wconf 89' lang='lat' dir='ltr'>Sed</span> <span class='ocrx_word' id='word_1_2285' title='bbox 2307 3698 2325 3724; x_wconf 91' lang='lat' dir='ltr'>si</span> <span class='ocrx_word' id='word_1_2286' title='bbox 2340 3697 2428 3725; x_wconf 85' lang='lat' dir='ltr'>eadem</span> <span class='ocrx_word' id='word_1_2287' title='bbox 2448 3716 2458 3729; x_wconf 25' lang='grc' dir='ltr'>η,</span> 
     </span>
     <span class='ocr_line' id='line_1_125' title="bbox 310 3730 2458 3769; baseline -0.001 -7"><span class='ocrx_word' id='word_1_2288' title='bbox 310 3735 382 3762; x_wconf 85' lang='lat' dir='ltr'>Idem</span> <span class='ocrx_word' id='word_1_2289' title='bbox 402 3743 450 3765; x_wconf 86' lang='lat'>20,</span> <span class='ocrx_word' id='word_1_2290' title='bbox 467 3741 508 3759; x_wconf 80' lang='lat'>22.</span> <span class='ocrx_word' id='word_1_2291' title='bbox 1348 3743 1396 3762; x_wconf 90' lang='lat' dir='ltr'>ioo</span> <span class='ocrx_word' id='word_1_2292' title='bbox 1405 3731 1471 3759; x_wconf 86' lang='lat' dir='ltr'>hora</span> <span class='ocrx_word' id='word_1_2293' title='bbox 1484 3732 1551 3759; x_wconf 91' lang='lat' dir='ltr'>aliae</span> <span class='ocrx_word' id='word_1_2294' title='bbox 1565 3731 1671 3766; x_wconf 86' lang='lat' dir='ltr'>pecudis</span> <span class='ocrx_word' id='word_1_2295' title='bbox 1684 3735 1750 3759; x_wconf 74' lang='lat' dir='ltr'>iecur</span> <span class='ocrx_word' id='word_1_2296' title='bbox 1759 3733 1872 3760; x_wconf 87' lang='lat' dir='ltr'>nitidum</span> <span class='ocrx_word' id='word_1_2297' title='bbox 1885 3740 1963 3769; x_wconf 89' lang='lat' dir='ltr'>atque</span> <span class='ocrx_word' id='word_1_2298' title='bbox 1975 3734 2079 3769; x_wconf 89' lang='lat' dir='ltr'>plenum</span> <span class='ocrx_word' id='word_1_2299' title='bbox 2092 3732 2145 3763; x_wconf 85' lang='lat' dir='ltr'>est,</span> <span class='ocrx_word' id='word_1_2300' title='bbox 2164 3732 2230 3759; x_wconf 83' lang='lat' dir='ltr'>aliae</span> <span class='ocrx_word' id='word_1_2301' title='bbox 2243 3732 2382 3761; x_wconf 88' lang='lat' dir='ltr'>horridum</span> <span class='ocrx_word' id='word_1_2302' title='bbox 2401 3735 2432 3759; x_wconf 64' lang='lat' dir='ltr'>et&gt;</span> <span class='ocrx_word' id='word_1_2303' title='bbox 2452 3730 2458 3754; x_wconf 64' lang='lat' dir='ltr'>&#39;l</span> 
     </span>
     <span class='ocr_line' id='line_1_126' title="bbox 347 3764 2466 3805; baseline -0.001 -8"><span class='ocrx_word' id='word_1_2304' title='bbox 347 3777 363 3797; x_wconf 82' lang='grc' dir='ltr'>Ε</span> <span class='ocrx_word' id='word_1_2305' title='bbox 376 3777 391 3795; x_wconf 78' lang='grc' dir='ltr'>Χ</span> <span class='ocrx_word' id='word_1_2306' title='bbox 401 3776 414 3796; x_wconf 90' lang='lat' dir='ltr'>s</span> <span class='ocrx_word' id='word_1_2307' title='bbox 423 3775 466 3794; x_wconf 79' lang='lat' dir='ltr'>CR</span> <span class='ocrx_word' id='word_1_2308' title='bbox 478 3774 491 3793; x_wconf 83' lang='grc' dir='ltr'>Ε</span> <span class='ocrx_word' id='word_1_2309' title='bbox 502 3774 520 3793; x_wconf 84' lang='lat' dir='ltr'>A</span> <span class='ocrx_word' id='word_1_2310' title='bbox 529 3771 578 3790; x_wconf 79' lang='lat' dir='ltr'>&#39;rv</span> <span class='ocrx_word' id='word_1_2311' title='bbox 587 3773 599 3792; x_wconf 88' lang='lat' dir='ltr'>s</span> <span class='ocrx_word' id='word_1_2312' title='bbox 608 3784 615 3796; x_wconf 92' lang='lat'>,</span> <span class='ocrx_word' id='word_1_2313' title='bbox 631 3764 670 3791; x_wconf 75' lang='lat' dir='ltr'>sis.</span> <span class='ocrx_word' id='word_1_2314' title='bbox 689 3775 725 3793; x_wconf 88' lang='lat' dir='ltr'>m.</span> <span class='ocrx_word' id='word_1_2315' title='bbox 762 3767 834 3793; x_wconf 86' lang='lat' dir='ltr'>Cael.</span> <span class='ocrx_word' id='word_1_2316' title='bbox 849 3766 940 3794; x_wconf 81' lang='lat' dir='ltr'>Aurel.</span> <span class='ocrx_word' id='word_1_2317' title='bbox 953 3765 1039 3794; x_wconf 88' lang='lat' dir='ltr'>Tard.</span> <span class='ocrx_word' id='word_1_2318' title='bbox 1055 3774 1086 3797; x_wconf 82' lang='lat'>2,</span> <span class='ocrx_word' id='word_1_2319' title='bbox 1105 3773 1127 3792; x_wconf 88' lang='lat' dir='ltr'>ii</span> <span class='ocrx_word' id='word_1_2320' title='bbox 1145 3766 1212 3793; x_wconf 89' lang='lat' dir='ltr'>Cum</span> <span class='ocrx_word' id='word_1_2321' title='bbox 1224 3767 1342 3802; x_wconf 86' lang='lat' dir='ltr'>quodam</span> <span class='ocrx_word' id='word_1_2322' title='bbox 1405 3768 1474 3793; x_wconf 85' lang='lat' dir='ltr'>exile</span> <span class='ocrx_word' id='word_1_2323' title='bbox 1486 3768 1599 3803; x_wconf 69' lang='lat' dir='ltr'>etasunt</span> <span class='ocrx_word' id='word_1_2324' title='bbox 1611 3770 1673 3793; x_wconf 80' lang='lat' dir='ltr'>enim</span> <span class='ocrx_word' id='word_1_2325' title='bbox 1680 3769 1765 3803; x_wconf 76' lang='lat' dir='ltr'>plura.</span> <span class='ocrx_word' id='word_1_2326' title='bbox 1802 3769 1874 3805; x_wconf 64' lang='lat' dir='ltr'>Coris.</span> <span class='ocrx_word' id='word_1_2327' title='bbox 1889 3776 2017 3796; x_wconf 80' lang='lat' dir='ltr'>ARV1GA</span> <span class='ocrx_word' id='word_1_2328' title='bbox 2030 3775 2054 3795; x_wconf 85' lang='lat' dir='ltr'>et</span> <span class='ocrx_word' id='word_1_2329' title='bbox 2065 3773 2242 3794; x_wconf 74' lang='lat' dir='ltr'>HARVSPEX.</span> <span class='ocrx_word' id='word_1_2330' title='bbox 2290 3767 2425 3804; x_wconf 79' lang='lat' dir='ltr'>Num-for·</span> <span class='ocrx_word' id='word_1_2331' title='bbox 2458 3776 2466 3803; x_wconf 61' lang='lat'>¹,</span> 
     </span>
    </p>
   </div>
   <div class='ocr_carea' id='block_1_17' title="bbox 307 3801 2426 3972">
    <p class='ocr_par' dir='ltr' id='par_1_20' title="bbox 307 3801 2426 3972">
     <span class='ocr_line' id='line_1_127' title="bbox 311 3801 2426 3838; baseline -0.002 -6"><span class='ocrx_word' id='word_1_2332' title='bbox 311 3806 440 3832; x_wconf 86' lang='lat' dir='ltr'>exscreatu</span> <span class='ocrx_word' id='word_1_2333' title='bbox 461 3801 603 3836; x_wconf 86' lang='lat' dir='ltr'>despuitur.</span> <span class='ocrx_word' id='word_1_2334' title='bbox 1401 3804 1479 3828; x_wconf 79' lang='lat' dir='ltr'>mulas</span> <span class='ocrx_word' id='word_1_2335' title='bbox 1487 3803 1663 3838; x_wconf 82' lang='lat' dir='ltr'>persequemur.</span> <span class='ocrx_word' id='word_1_2336' title='bbox 1732 3804 1839 3831; x_wconf 83' lang='lat' dir='ltr'>Atrocia</span> <span class='ocrx_word' id='word_1_2337' title='bbox 1862 3810 1935 3836; x_wconf 84' lang='lat' dir='ltr'>exta,</span> <span class='ocrx_word' id='word_1_2338' title='bbox 1959 3803 2037 3831; x_wconf 89' lang='lat' dir='ltr'>cruda</span> <span class='ocrx_word' id='word_1_2339' title='bbox 2061 3806 2239 3837; x_wconf 78' lang='lat' dir='ltr'>interpretatur</span> <span class='ocrx_word' id='word_1_2340' title='bbox 2257 3803 2329 3830; x_wconf 93' lang='lat' dir='ltr'>Non.</span> <span class='ocrx_word' id='word_1_2341' title='bbox 2349 3812 2381 3835; x_wconf 85' lang='lat'>2,</span> <span class='ocrx_word' id='word_1_2342' title='bbox 2398 3802 2426 3828; x_wconf 74' lang='lat'>62</span> 
     </span>
     <span class='ocr_line' id='line_1_128' title="bbox 346 3833 2424 3874; baseline -0.001 -8"><span class='ocrx_word' id='word_1_2343' title='bbox 346 3848 362 3867; x_wconf 85' lang='grc' dir='ltr'>Ε</span> <span class='ocrx_word' id='word_1_2344' title='bbox 373 3846 410 3866; x_wconf 79' lang='lat' dir='ltr'>xs</span> <span class='ocrx_word' id='word_1_2345' title='bbox 420 3845 437 3866; x_wconf 89' lang='lat' dir='ltr'>c</span> <span class='ocrx_word' id='word_1_2346' title='bbox 448 3839 488 3865; x_wconf 76' lang='lat' dir='ltr'>Ri</span> <span class='ocrx_word' id='word_1_2347' title='bbox 499 3844 515 3864; x_wconf 85' lang='grc' dir='ltr'>Β</span> <span class='ocrx_word' id='word_1_2348' title='bbox 524 3843 559 3868; x_wconf 91' lang='lat'>0,</span> <span class='ocrx_word' id='word_1_2349' title='bbox 578 3835 611 3869; x_wconf 86' lang='lat' dir='ltr'>psi</span> <span class='ocrx_word' id='word_1_2350' title='bbox 621 3855 629 3867; x_wconf 94' lang='lat'>,</span> <span class='ocrx_word' id='word_1_2351' title='bbox 649 3840 737 3868; x_wconf 85' lang='lat' dir='ltr'>ptum,</span> <span class='ocrx_word' id='word_1_2352' title='bbox 753 3836 806 3862; x_wconf 68' lang='lat' dir='ltr'>ere.</span> <span class='ocrx_word' id='word_1_2353' title='bbox 841 3835 1014 3871; x_wconf 58' lang='grc' dir='ltr'>[ἀπογράφω]</span> <span class='ocrx_word' id='word_1_2354' title='bbox 1049 3833 1091 3868; x_wconf 81' lang='lat' dir='ltr'>Est</span> <span class='ocrx_word' id='word_1_2355' title='bbox 1109 3845 1138 3861; x_wconf 82' lang='lat' dir='ltr'>ex</span> <span class='ocrx_word' id='word_1_2356' title='bbox 1149 3837 1198 3863; x_wconf 84' lang='lat' dir='ltr'>alio</span> <span class='ocrx_word' id='word_1_2357' title='bbox 1215 3837 1279 3864; x_wconf 80' lang='lat' dir='ltr'>libro</span> <span class='ocrx_word' id='word_1_2358' title='bbox 1299 3837 1341 3865; x_wconf 76' lang='lat' dir='ltr'>ve!</span> <span class='ocrx_word' id='word_1_2359' title='bbox 1402 3837 1501 3864; x_wconf 85' lang='lat' dir='ltr'>Naeuii</span> <span class='ocrx_word' id='word_1_2360' title='bbox 1514 3837 1579 3864; x_wconf 84' lang='lat' dir='ltr'>Belli</span> <span class='ocrx_word' id='word_1_2361' title='bbox 1593 3838 1655 3864; x_wconf 89' lang='lat' dir='ltr'>Pun.</span> <span class='ocrx_word' id='word_1_2362' title='bbox 1669 3847 1682 3870; x_wconf 81' lang='lat'>3</span> <span class='ocrx_word' id='word_1_2363' title='bbox 1701 3839 1782 3865; x_wconf 89' lang='lat' dir='ltr'>Simul</span> <span class='ocrx_word' id='word_1_2364' title='bbox 1796 3840 1894 3866; x_wconf 90' lang='lat' dir='ltr'>atrocia</span> <span class='ocrx_word' id='word_1_2365' title='bbox 1906 3839 2059 3874; x_wconf 84' lang='lat' dir='ltr'>proficerent</span> <span class='ocrx_word' id='word_1_2366' title='bbox 2071 3838 2123 3872; x_wconf 85' lang='lat' dir='ltr'>(an</span> <span class='ocrx_word' id='word_1_2367' title='bbox 2138 3838 2310 3873; x_wconf 87' lang='lat' dir='ltr'>prosicarent,</span> <span class='ocrx_word' id='word_1_2368' title='bbox 2330 3841 2348 3865; x_wconf 84' lang='lat' dir='ltr'>i.</span> <span class='ocrx_word' id='word_1_2369' title='bbox 2368 3844 2424 3872; x_wconf 78' lang='lat' dir='ltr'>pro·</span> 
     </span>
     <span class='ocr_line' id='line_1_129' title="bbox 308 3870 2423 3911; baseline -0.001 -9"><span class='ocrx_word' id='word_1_2370' title='bbox 308 3876 412 3911; x_wconf 79' lang='lat' dir='ltr'>exemplo</span> <span class='ocrx_word' id='word_1_2371' title='bbox 425 3873 564 3910; x_wconf 70' lang='lat' dir='ltr'>describere.</span> <span class='ocrx_word' id='word_1_2372' title='bbox 599 3871 686 3909; x_wconf 80' lang='lat' dir='ltr'>Varro</span> <span class='ocrx_word' id='word_1_2373' title='bbox 698 3870 729 3909; x_wconf 79' lang='lat' dir='ltr'>de</span> <span class='ocrx_word' id='word_1_2374' title='bbox 744 3871 774 3896; x_wconf 79' lang='lat' dir='ltr'>R.</span> <span class='ocrx_word' id='word_1_2375' title='bbox 789 3870 819 3897; x_wconf 82' lang='lat' dir='ltr'>R.</span> <span class='ocrx_word' id='word_1_2376' title='bbox 833 3879 856 3902; x_wconf 85' lang='lat'>2,</span> <span class='ocrx_word' id='word_1_2377' title='bbox 871 3880 893 3902; x_wconf 92' lang='grc'>5,</span> <span class='ocrx_word' id='word_1_2378' title='bbox 906 3874 933 3897; x_wconf 86' lang='grc' dir='ltr'>ι6</span> <span class='ocrx_word' id='word_1_2379' title='bbox 953 3873 991 3898; x_wconf 93' lang='lat' dir='ltr'>De</span> <span class='ocrx_word' id='word_1_2380' title='bbox 1004 3871 1112 3898; x_wconf 85' lang='lat' dir='ltr'>sanitate</span> <span class='ocrx_word' id='word_1_2381' title='bbox 1126 3872 1184 3897; x_wconf 90' lang='lat' dir='ltr'>sunt</span> <span class='ocrx_word' id='word_1_2382' title='bbox 1204 3872 1339 3907; x_wconf 89' lang='lat' dir='ltr'>complura</span> <span class='ocrx_word' id='word_1_2383' title='bbox 1400 3873 1529 3904; x_wconf 88' lang='lat' dir='ltr'>secarent,</span> <span class='ocrx_word' id='word_1_2384' title='bbox 1548 3882 1579 3898; x_wconf 87' lang='lat' dir='ltr'>an</span> <span class='ocrx_word' id='word_1_2385' title='bbox 1594 3874 1756 3906; x_wconf 86' lang='lat' dir='ltr'>porricerent</span> <span class='ocrx_word' id='word_1_2386' title='bbox 1769 3876 1778 3901; x_wconf 77' lang='lat'>3</span> <span class='ocrx_word' id='word_1_2387' title='bbox 1791 3878 1801 3906; x_wconf 94' lang='lat'><em>)</em></span> <span class='ocrx_word' id='word_1_2388' title='bbox 1820 3881 1877 3901; x_wconf 89' lang='lat' dir='ltr'>exta</span> <span class='ocrx_word' id='word_1_2389' title='bbox 1890 3874 2086 3901; x_wconf 81' lang='lat' dir='ltr'>ministratores.</span> <span class='ocrx_word' id='word_1_2390' title='bbox 2154 3873 2269 3899; x_wconf 85' lang='lat' dir='ltr'>Fatidica</span> <span class='ocrx_word' id='word_1_2391' title='bbox 2289 3880 2347 3900; x_wconf 81' lang='lat' dir='ltr'>exta</span> <span class='ocrx_word' id='word_1_2392' title='bbox 2364 3874 2423 3900; x_wconf 82' lang='lat' dir='ltr'>Am-</span> 
     </span>
     <span class='ocr_line' id='line_1_130' title="bbox 307 3904 2422 3947; baseline -0.002 -8"><span class='ocrx_word' id='word_1_2393' title='bbox 307 3920 374 3947; x_wconf 85' lang='lat' dir='ltr'>quae</span> <span class='ocrx_word' id='word_1_2394' title='bbox 392 3909 521 3944; x_wconf 81' lang='lat' dir='ltr'>exscripta</span> <span class='ocrx_word' id='word_1_2395' title='bbox 538 3916 553 3934; x_wconf 89' lang='lat' dir='ltr'>e</span> <span class='ocrx_word' id='word_1_2396' title='bbox 571 3907 692 3941; x_wconf 83' lang='lat' dir='ltr'>Magonis</span> <span class='ocrx_word' id='word_1_2397' title='bbox 710 3904 787 3933; x_wconf 73' lang='lat' dir='ltr'>libris</span> <span class='ocrx_word' id='word_1_2398' title='bbox 803 3906 990 3934; x_wconf 82' lang='lat' dir='ltr'>armentarium</span> <span class='ocrx_word' id='word_1_2399' title='bbox 1009 3915 1096 3934; x_wconf 86' lang='lat' dir='ltr'>meum</span> <span class='ocrx_word' id='word_1_2400' title='bbox 1116 3906 1209 3935; x_wconf 86' lang='lat' dir='ltr'>crebro</span> <span class='ocrx_word' id='word_1_2401' title='bbox 1227 3913 1256 3935; x_wconf 89' lang='lat' dir='ltr'>vt</span> <span class='ocrx_word' id='word_1_2402' title='bbox 1269 3907 1388 3947; x_wconf 75' lang='lat' dir='ltr'>legat105</span> <span class='ocrx_word' id='word_1_2403' title='bbox 1399 3908 1478 3935; x_wconf 84' lang='lat' dir='ltr'>mian.</span> <span class='ocrx_word' id='word_1_2404' title='bbox 1491 3907 1607 3936; x_wconf 85' lang='lat' dir='ltr'>Marcell.</span> <span class='ocrx_word' id='word_1_2405' title='bbox 1621 3917 1656 3940; x_wconf 82' lang='lat'>21,</span> <span class='ocrx_word' id='word_1_2406' title='bbox 1669 3917 1687 3936; x_wconf 91' lang='lat' dir='ltr'>i.</span> <span class='ocrx_word' id='word_1_2407' title='bbox 1759 3910 1834 3946; x_wconf 78' lang='lat' dir='ltr'>Virg.</span> <span class='ocrx_word' id='word_1_2408' title='bbox 1848 3911 1944 3945; x_wconf 78' lang='lat' dir='ltr'>Georg.</span> <span class='ocrx_word' id='word_1_2409' title='bbox 1957 3917 1981 3941; x_wconf 76' lang='lat'>2,</span> <span class='ocrx_word' id='word_1_2410' title='bbox 1999 3917 2047 3941; x_wconf 82' lang='lat'>194</span> <span class='ocrx_word' id='word_1_2411' title='bbox 2085 3908 2214 3936; x_wconf 83' lang='lat' dir='ltr'>Lancibus</span> <span class='ocrx_word' id='word_1_2412' title='bbox 2232 3916 2257 3935; x_wconf 84' lang='lat' dir='ltr'>et</span> <span class='ocrx_word' id='word_1_2413' title='bbox 2272 3909 2362 3944; x_wconf 76' lang='lat' dir='ltr'>pandis</span> <span class='ocrx_word' id='word_1_2414' title='bbox 2374 3908 2422 3947; x_wconf 68' lang='lat' dir='ltr'>Fu-</span> 
     </span>
     <span class='ocr_line' id='line_1_131' title="bbox 2326 3945 2421 3972; baseline -0.021 0"><span class='ocrx_word' id='word_1_2415' title='bbox 2326 3945 2421 3972; x_wconf 66' lang='lat' dir='ltr'>manti!</span> 
     </span>
    </p>
   </div>
  </div>
 </body>
</html>
