2479 4225
83 118 129 164 65
458 110 728 152 DEL

121 208 139 227 n
148 208 164 228 Ε
173 206 189 228 1.
198 207 208 227 1
217 207 232 227 B
241 198 257 227 ἕ
267 207 284 227 R
293 207 312 227 o
322 220 330 233 ,
358 204 409 227 ire.
673 199 813 236 Considtare
826 217 835 231 ,
866 196 989 232 consilium
1008 200 1113 234 agitare.

84 237 106 264 Α
123 236 224 262 Libella
242 236 342 263 dicium
363 234 412 266 est,
432 234 531 261 ‹iuHore
552 236 641 268 Festo,
663 245 713 270 qua
731 234 795 269 quid
815 233 992 268 perpenditur.
1046 234 1114 260 Ter.

84 271 194 305 Adelph.
208 280 234 303 2,
248 280 267 304 1,
279 280 311 304 42
331 270 454 297 Delibera
470 269 530 303 hoc,
543 271 605 298 dum
621 280 670 305 ego
683 268 764 296 redeo
780 270 848 295 leno.
919 270 957 295 Re
971 268 1115 295 deliberata

83 307 156 333 Caes.
170 307 197 332 B.
214 307 245 332 G.
259 315 286 339 4,
299 315 324 339 9.
354 313 377 332 et
391 307 418 332 B.
433 307 462 332 C.
479 314 498 338 1,
514 315 550 332 io.
639 306 692 332 Cic.
708 305 779 330 Fam.
800 312 834 336 12,
872 323 878 330 .
918 324 923 329 .
961 304 1115 331 Deliberent

83 349 172 368 vtruin
185 342 318 368 traiiciant
331 341 449 375 legiones
461 349 492 366 ex
508 341 612 374 Africa,
631 348 720 366 necne.

84 382 152 404 certe
167 377 293 404 Statuerat
306 385 334 403 ac
349 376 539 403 deliberauerat
552 386 605 403 non
616 374 697 401 adesse
711 384 717 400 ε
742 376 787 409 qui
799 374 1013 404 delibci·auit‚iLle
1026 375 1116 409 diffinit

84 413 203 438 dubitare.
273 412 329 439 Cic.
345 421 393 446 pro
407 413 480 437 Rosc.
488 413 563 439 Com.
577 417 609 444 45
627 409 698 441 Tibi
711 418 776 436 vero
789 409 846 436 Piso
859 409 905 435 diu
919 409 1115 437 deliberandum

83 455 109 473 et
123 447 341 481 concoquendum
353 447 405 478 est,
419 454 506 473 vtrum
519 447 614 482 potius,
630 450 674 470 etc.
782 445 902 479 Amplius
917 445 1114 472 deliberandum

83 482 174 508 censeo
189 483 257 509 Ter,
269 482 374 509 Phorm.
390 491 411 512 ρ,
425 491 446 514 3,
460 491 496 517 ¹7-
518 513 521 518 .
568 486 572 489 ’
600 479 716 505 Νοὸὶεηι
734 479 783 506 fibi
800 480 831 506 ad
848 481 1047 507 deliberandum
1070 490 1115 515 po-

81 518 188 544 stulauit
208 518 263 544 Cic.
281 517 337 552 post
352 517 428 544 redit.
445 519 478 544 ad
489 515 588 550 Qiirit.
609 523 636 540 12
662 524 683 540 c.
697 523 719 548 ς.

84 552 181 579 habere
200 554 271 579 Ideni
290 553 342 579 Off.
358 562 366 579 1
394 563 414 579 c.
434 562 469 585 33.
573 550 718 582 Delibero,
745 550 846 586 Confido
860 554 981 587 aliqurm:
1006 551 1062 577 Cic.
1083 552 1114 577 dc

85 588 140 614 Fin.
155 597 170 614 2
191 598 211 614 c.
225 597 255 622 34
275 595 339 614 extr.
367 589 420 622 Qui
434 587 591 620 voluptatem
605 587 734 611 summum
747 585 847 612 bouum
862 588 909 613 ess'e
923 587 1048 618 decernit,
1060 596 1114 612 non

85 631 144 649 cum
158 632 187 649 ea
200 630 271 658 parte
285 624 383 656 animi,
404 625 430 649 in
441 630 492 656 qua
509 620 573 646 inest
585 621 654 646 ratio
674 627 752 655 atque
770 622 923 655 consilium,
941 622 985 647 scd
1000 631 1058 648 cum
1072 632 1114 648 cu-

84 658 210 694 piditate,
229 658 257 685 id
271 659 320 691 est,
338 669 396 685 cum
410 655 491 684 animi
502 655 628 682 leuiffima
645 663 716 689 parte
732 655 869 684 deliberat.
960 657 1114 684 Deliberat-e

84 703 143 720 cuin
158 694 249 720 amicis
263 695 317 721 Cic.
334 694 366 720 de
381 693 435 720 rin.
449 700 475 724 2,
512 711 519 716 .
556 711 562 716 .

84 730 131 755 nio
145 729 201 756 Cic.
215 731 289 756 Verr.
304 739 325 762 3,
339 734 368 759 28
387 734 430 754 etc.
502 726 538 752 Ex
553 726 594 752 his
612 726 706 753 delecti
720 727 837 762 Delphos
855 727 1030 756 deliberatum
1051 729 1115 755 milli

84 766 157 796 sunt,
179 765 225 799 qui
239 765 399 791 consulerent
412 761 564 796 Apollinem
581 763 649 796 Nep.
663 771 682 794 1,
698 771 717 795 1,
732 772 752 788 2.
856 764 986 790 Miserunt
999 764 1115 798 Delphos

84 800 231 826 consultum
243 811 248 826 :
278 797 482 826 deliberantibus
496 796 587 828 Pythia
600 797 734 832 respondit
748 798 819 824 Idem
833 807 857 828 2,
871 807 895 828 2,
910 800 934 826 6.
1057 797 1079 835 ἦ
1101 808 1116 826 2

85 837 133 862 Pro
145 836 270 865 dubitas-s,
283 833 429 865 σκέκτιιθαι,
443 836 517 867 ponit
531 834 629 859 Minuc.
646 834 700 859 fel.
715 839 751 866 38,
766 842 782 868 7
806 834 946 865 Art-enias,
967 839 993 861 et
1005 834 1117 861 Carnea-

83 870 142 902 des,
160 877 185 897 et
204 869 320 903 Pyrrho,
344 875 369 894 et
390 869 476 894 omnis
494 868 710 895 Academicorum
733 869 876 894 multitudo
893 869 1031 896 deliberet.

83 915 120 940 35,
134 916 152 939 4
187 907 236 932 Eos
257 911 342 932 autem
370 903 466 930 merito
490 904 627 938 torqueri,
646 905 693 938 qui
714 905 799 933 Deum
814 905 949 937 nesciunt,
966 913 995 931 vt
1009 906 1116 939 impios,

82 948 111 968 vt
134 941 254 971 iniustos,
272 939 320 966 nili
339 939 465 973 profanus
483 948 562 966 nemo
584 939 720 966 deliberat.
916 939 936 974 ’ἢ
964 949 976 972 3
1014 942 1115 978 Impers.

83 978 154 1004 Caes.
171 977 197 1004 B.
209 977 240 1002 G.
261 983 292 1009 7,
314 982 338 1006 15
367 974 536 1002 Deliberatur
555 974 587 1001 de
599 975 713 1002 Auarico
731 974 759 1000 in
778 974 1057 1008 comuiuni'confilio,
1076 978 1116 1003 in-

83 1013 157 1039 cendi
175 1011 285 1046 placeret
302 1018 334 1035 an
358 1009 474 1036 defendi.
582 1012 643 1037 Vtri
669 1010 855 1036 consulendum
883 1010 930 1043 sit,
954 1011 1116 1039 deliberetur

83 1049 139 1074 Cic.
154 1048 185 1073 de
198 1047 300 1077 Inuent,
314 1052 338 1076 2,
375 1064 381 1071 .
419 1065 425 1072 .

82 1084 155 1110 Idem
168 1083 243 1108 Verr.
257 1089 280 1114 5,
316 1100 322 1106 .
359 1100 366 1106 .
425 1082 531 1115 Nempe,
548 1088 577 1108 vt
589 1081 657 1108 modo
671 1079 781 1113 dicium,
799 1084 844 1117 qui
856 1081 1028 1111 deliberauit.
1041 1090 1064 1108 ct
1078 1084 1115 1109 dc-

82 1119 244 1145 liberationem
258 1115 377 1151 abfhliii‘t,
395 1115 436 1142 ille
449 1126 497 1142 non
511 1118 615 1152 amplius
627 1117 735 1143 dubitat.
829 1118 937 1143 Certum
951 1117 1002 1150 est,
1019 1118 1116 1145 delibe-

81 1159 218 1187 ratumque
231 1151 286 1177 Cic.
301 1160 348 1185 pro
362 1152 436 1177 Rosc.
449 1152 536 1178 Amcr.
549 1161 583 1184 3¹·
680 1152 753 1179 Idem
767 1152 820 1178 Att.
836 1161 871 1185 15,
902 1173 909 1179 .
935 1173 941 1179 .
966 1153 1037 1180 Mihi
1051 1163 1116 1181 vcro

81 1188 254 1214 deliberatum
273 1187 325 1219 est,
346 1193 374 1213 vt
392 1195 460 1213 nunc
475 1187 582 1222 quidem
598 1187 648 1218 est,
665 1188 748 1214 abesse
761 1195 793 1213 ex
806 1196 836 1214 ea
849 1187 932 1220 vrbe,
951 1189 979 1215 in
1000 1198 1051 1224 qua
1068 1198 1114 1216 etc.

450 198 462 233 [
469 197 603 231 ἔελεῦομαι
616 203 627 233 ]

81 1223 206 1250 Statutum
222 1231 280 1248 cum
294 1222 400 1255 animo,
420 1231 448 1249 ac
468 1223 642 1249 deliberatum
658 1223 755 1250 habere
776 1223 831 1249 Cic.
846 1225 921 1250 Verr.
936 1232 962 1256 3,
982 1233 1012 1257 95
1034 1235 1055 1251 c.
1074 1235 1115 1259 41.
1129 1229 1160 1254 30

80 1259 153 1285 Idem
166 1258 197 1284 dc
211 1258 280 1292 Lege
292 1259 353 1292 Agr.
371 1267 396 1290 1,
409 1266 439 1290 25
460 1267 481 1284 c.
496 1263 509 1288 8
539 1259 693 1285 Praesertim
713 1268 794 1294 quum
814 1258 882 1285 mihi
898 1259 1073 1287 deliberatum
1092 1266 1119 1287 et

79 1292 307 1363 {?¹i?g{‡{uggt¹g[t}'
328 1293 363 1319 ita
376 1302 467 1328 gerere
481 1294 651 1321 Consulatum
661 1314 669 1327 ,
686 1304 741 1329 quo
756 1303 810 1321 vno
824 1294 906 1321 inodo
925 1296 983 1329 geri
1001 1296 1118 1330 grauiter

115 1370 134 1390 D
143 1371 160 1391 ε
170 1371 185 1390 L
196 1372 205 1390 1
214 1371 229 1391 B
239 1371 255 1390 12
264 1371 282 1391 R
292 1372 314 1390 A
322 1370 343 1389 Τ
351 1371 371 1390 ν
380 1372 393 1391 s
402 1384 411 1397 ,
434 1373 448 1391 a
456 1385 464 1396 ‚
482 1373 535 1390 um.
573 1365 666 1391 Partic.
702 1364 916 1400 [ξιέὅλευμένος]
951 1367 1045 1393 Horat.
1067 1367 1118 1393 Od.

80 1407 101 1432 1,
114 1407 154 1434 37,
167 1408 199 1432 29
219 1399 370 1426 Deliberata
382 1406 470 1426 morte
483 1400 618 1433 ferocior,
639 1403 657 1426 i.
673 1404 731 1435 quia
746 1405 810 1428 mori
822 1401 971 1427 decreuerat.
1007 1403 1119 1437 Compar.
1135 1405 1163 1432 ὃς

77 1435 133 1461 Cic.
148 1435 219 1462 Fam.
234 1442 255 1467 5,
268 1444 284 1461 2
303 1436 398 1470 Neque
413 1436 454 1462 illi
469 1435 615 1470 quidquam
628 1436 799 1463 deliberatius
811 1437 881 1468 fuit,
897 1446 977 1471 quam
992 1447 1051 1469 me,
1071 1445 1117 1463 etc.

76 1468 202 1502 Substant.
220 1471 294 1498 Caes.
306 1472 333 1497 Β.
351 1472 381 1497 C.
400 1479 427 1503 1,
464 1490 471 1497 .
508 1490 515 1497 .
551 1471 595 1498 Illi
613 1471 756 1499 deliberata
778 1472 953 1507 respondent,
971 1473 1119 1508 scriptaque

76 1505 109 1532 ad
123 1514 183 1532 eum
196 1506 315 1533 mandata
335 1515 380 1541 per
395 1515 439 1533 eon
453 1507 602 1534 remittunt.

114 1547 133 1567 1)
143 1549 184 1568 EL
196 1549 204 1568 1
214 1543 312 1569 131311,ιί
322 1549 370 1569 'ro
380 1549 397 1568 R
407 1563 415 1575 ,
443 1543 507 1569 oris.
544 1552 579 1569 m.
617 1541 739 1568 Verbale.
775 1544 788 1576 [
801 1541 919 1572 4⁰.-saturi).-
931 1543 944 1576 J
991 1544 1047 1570 Cic.
1069 1553 1118 1578 pro

77 1576 167 1603 Sextio
192 1586 213 1603 c.
232 1586 265 1610 34
288 1584 352 1604 extr.
378 1578 421 1604 Illi
439 1578 542 1605 interea
551 1577 725 1604 deliberatori
738 1587 852 1610 merces,
873 1578 952 1611 longa
970 1579 1163 1612 interposita4o

76 1612 170 1644 nocte,
192 1613 324 1648 duplicata
342 1612 397 1639 cst:
431 1616 475 1649 qui
488 1613 539 1647 stlat
554 1614 610 1649 fimi
624 1621 677 1639 erat
696 1612 790 1638 not‘iem
809 1614 842 1638 ad
854 1613 1043 1639 deliberandum.

114 1655 132 1673 1)
141 1655 157 1674 E
166 1655 182 1674 L
192 1656 201 1674 1
210 1655 226 1675 B
234 1655 249 1675 Ε
260 1656 278 1675 R
287 1655 308 1675 Α
317 1656 337 1675 Τ
348 1657 357 1675 1
368 1656 387 1675 O
397 1668 405 1680 ‚
426 1649 492 1675 bnis.
523 1650 542 1675 f.
569 1647 692 1674 Verbalc.
725 1646 883 1680 [ovacrum
897 1646 1029 1682 βέλευσις]
1062 1649 1118 1675 Cic.

78 1681 131 1708 Off·
147 1690 167 1711 Ι,
189 1691 206 1714 9
235 1683 351 1717 Triplex
371 1684 452 1717 igitur
469 1684 520 1716 est,
541 1690 570 1710 vt
587 1683 710 1709 Panaetio
730 1682 853 1713 videtur,
873 1682 976 1707 consilii
997 1682 1120 1715 capiendi

77 1716 244 1744 deliberatio.
317 1718 372 1744 Cic.
386 1718 437 1745 Ost:
452 1727 474 1750 3,
489 1726 520 1750 50
547 1719 695 1750 Sapientem
715 1723 740 1741 et
758 1717 859 1741 bonum
880 1716 969 1741 virum
984 1716 1119 1749 fingimus,

78 1751 111 1776 de
125 1753 182 1777 eius
196 1752 388 1778 deliberatione
403 1760 428 1778 ct
441 1753 633 1778 consultatione
653 1751 812 1783 quaerimus.

77 1785 242 1811 medicorum
258 1786 375 1811 Scribon.
385 1787 430 1819 Ep.
445 1787 482 1812 in.
510 1790 511 1793 ’
587 1785 752 1810 Deliberatio
765 1790 791 1809 ct
804 1783 994 1811 demonstratio
1004 1805 1011 1817 ,
1025 1795 1121 1820 genera

77 1820 135 1846 sunt
148 1821 282 1847 causarum
297 1821 351 1846 Cic.
367 1819 398 1845 dc
410 1821 511 1845 Inuent.
529 1828 548 1851 1,
561 1828 597 1846 12.
671 1817 795 1845 Difficilis
809 1819 969 1846 deliberatio
982 1821 1054 1847 Idem
1069 1831 1118 1856 pro

77 1856 146 1890 Lege
159 1855 251 1883 Manil.
266 1863 310 1890 27.
380 1855 420 1881 Ad
433 1855 638 1881 deliberationes
649 1855 752 1889 aliquos
765 1854 892 1881 adhibere
909 1856 965 1882 Cic.
978 1856 1090 1891 Philipp.
1109 1867 1119 1884 1

78 1900 98 1917 c.
112 1900 131 1917 1.
185 1892 216 1918 In
228 1891 448 1917 deliberationem
462 1890 529 1917 illud
543 1889 611 1916 cadit
622 1890 677 1917 Cic.
691 1890 742 1917 off.
758 1899 778 1922 1,
791 1899 817 1923 9.
878 1891 914 1916 Ex
927 1891 1119 1919 deliberatione

58 1943 60 1945 -
77 1926 195 1953 constans
216 1927 306 1958 causa,
325 1932 354 1952 vt
377 1925 444 1952 belli
462 1926 518 1952 Cic.
542 1926 574 1952 de
597 1926 671 1952 Orat.
695 1935 721 1957 2,
749 1935 767 1952 1.

78 1962 180 1995 Qirit.
218 1984 224 1989 .
262 1982 269 1988 .
307 1982 314 1989 .
350 1963 425 1995 Qiae
437 1961 598 1988 deliberatio
611 1971 666 1988 non
681 1962 709 1987 in
723 1960 872 1992 reddenda,
893 1970 936 1988 etc.
960 1962 1003 1988 sed
1024 1964 1051 1988 in
1074 1972 1119 1989 au-

78 1998 159 2032 genda
172 1998 292 2024 mercede
307 1999 442 2024 consumta
472 1998 516 2024 est.
588 1998 620 2023 In
639 1997 878 2023 deliberationibus
897 2006 1004 2023 omnem
1020 1999 1120 2025 oratio-

77 2043 137 2060 nem
151 2035 305 2060 consumere
325 2033 381 2060 Cic.
396 2032 428 2058 de
444 2033 508 2059 Fato
521 2042 545 2059 2.
635 2031 743 2058 Habere
761 2032 835 2058 domi
851 2033 1071 2059 deliberationem
1085 2033 1118 2060 de

53 2070 55 2073 ’
77 2069 165 2104 aliqua
179 2079 208 2096 re
230 2069 286 2096 Cic.
299 2068 411 2103 Philipp.
428 2077 448 2101 i,
463 2077 484 2094 2.
556 2067 594 2094 Id.
612 2069 665 2093 Att.

78 2105 195 2137 tionem,
210 2105 254 2131 etfi
270 2113 301 2131 ex
314 2110 387 2138 parte
402 2112 495 2138 magna
507 2102 559 2129 tibi
572 2104 689 2129 anenno.

80 2140 152 2166 ditur
165 2141 236 2168 enim
256 2141 342 2166 omnis
358 2140 413 2166 iam
428 2139 602 2171 deliberatio,
622 2138 640 2165 si
660 2139 821 2173 intelligitur
833 2149 886 2165 non
900 2140 969 2173 poii'e
982 2140 1055 2171 fieri,
1075 2145 1120 2166 aut

78 2175 96 2202 fi
110 2182 154 2201 etc.
224 2175 393 2202 introducere
409 2175 628 2201 deliberationem
641 2175 757 2210 aliquam
778 2176 832 2202 Cic.
846 2175 899 2201 Off.
912 2183 934 2207 3,
950 2182 988 2209 17.
1079 2175 1120 2202 ld.

78 2211 132 2237 Ait.
147 2219 186 2244 14,
201 2218 224 2242 13
254 2211 358 2245 Suscipe
383 2220 452 2238 nunc
470 2219 556 2237 meam
579 2210 815 2243 deliberationem,
835 2219 887 2245 qua
906 2211 1047 2239 solicitor:
1084 2212 1122 2238 ita

78 2245 160 2279 multa
174 2246 285 2273 veniunt
298 2247 326 2272 in
338 2253 452 2273 mentem
466 2247 494 2273 in
509 2253 648 2281 Vtramque
662 2253 772 2281 partem.

112 2284 458 2314 DELiBERATivvs,
477 2292 508 2315 a,
529 2292 583 2313 um.
601 2282 663 2308 Adi.

77 2317 227 2344 beratiuum
240 2326 321 2352 genus
335 2318 465 2344 orationis
486 2319 541 2345 Cic.
556 2318 588 2344 de
601 2319 702 2344 Inuent.
721 2325 766 2353 1,7
780 2325 829 2350 c.5.
866 2324 888 2344 ct
903 2317 1065 2350 Qiinc'til.3,
1087 2336 1093 2342 .
1115 2337 1121 2343 .

75 2353 144 2388 Ergo
157 2362 213 2388 pars
227 2353 417 2385 deliberatum,
437 2361 505 2388 quae
519 2353 610 2380 eadem
623 2354 738 2380 suasoria
757 2353 864 2380 dicitur.
928 2353 985 2379 lsai.
1001 2361 1027 2384 2,
1041 2362 1069 2386 4,
1083 2360 1120 2385 25.

77 2394 100 2422 8,
113 2398 136 2421 5,
151 2398 182 2416 11.
218 2397 246 2423 7,
260 2398 288 2422 4,
303 2398 327 2416 z.
388 2390 482 2416 ¹Causa
505 2389 682 2416 deliberatiua
707 2389 762 2416 Cic.
785 2389 817 2415 de
837 2390 940 2415 Inuent.
955 2397 976 2420 1,
992 2395 1031 2421 155
1045 2397 1066 2414 c.
1080 2395 1117 2421 55.

76 2425 205 2452 Materiae
219 2424 426 2457 deliberatiuac,
442 2425 635 2459 iudicialesque
656 2425 819 2458 Qiinsiila,
834 2433 860 2456 i,
875 2433 887 2449 2
901 2430 945 2450 etc.

679 2076 706 2102 7,
719 2077 732 2100 3
754 2068 840 2094 Habet
853 2068 923 2094 enim
937 2077 977 2094 res
991 2069 1119 2095 delibera-

826 338 898 366 Idcm
911 340 986 365 Verr.
1000 348 1019 372 1,
1034 349 1042 365 1
1066 340 1115 366 lite
1138 347 1151 373 5

637 692 790 718 Deliberare
811 693 843 719 dc
858 692 1019 719 absoluendo
1032 696 1116 728 Apro·
1132 701 1157 726 15

1087 872 1116 896 Et
1129 881 1163 899 20

495 1045 674 1072 Deliberatum
693 1045 745 1076 est,
771 1055 789 1072 1.
794 1046 878 1081 fixum
898 1053 921 1072 et
940 1046 1062 1073 decretum
1082 1046 1158 1080 1]ὶέιὶ

905 1750 1117 1776 Deliberationes
1127 1760 1160 1786 45

761 2103 817 2130 Cic.
831 2104 863 2129 de
876 2104 949 2130 Orat.
958 2112 980 2136 2,
989 2107 1034 2136 336
1052 2105 1119 2130 Inci-
1136 2106 1164 2132 55
1186 2109 1315 2138 nequeunt.

700 2281 934 2315 [σνμβελευτικός]
975 2282 1024 2313 Vt,
1048 2281 1120 2307 Deli-
1129 2282 1163 2307 60
1187 2280 1294 2306 licatum
1308 2280 1370 2313 litus
1392 2280 1447 2306 Cic.
1462 2281 1539 2306 Vct-r.
1554 2287 1577 2312 5,
1613 2298 1620 2305 .

1572 114 1609 154 D
1702 117 1735 156 E
1828 118 1862 158 L
2159 122 2211 159 ⁶6

1183 200 1306 240 Legatum
1321 200 1356 226 est
1370 200 1497 242 deliba-tio
1510 202 1677 234 hereditatis,
1698 214 1747 239 qua
1762 205 1867 233 testator
1878 216 1908 234 cx
1922 216 1964 239 eo,
1978 208 2049 243 quod
2063 209 2216 237 vniuersum

1183 234 1287 261 liercdis
1319 235 1389 262 foret
1399 256 1406 267 ,
1427 238 1506 264 alictii
1537 239 1601 273 quid
1635 241 1758 267 collatum
1789 243 1862 270 velit.
1909 244 1981 280 (lons.
2014 245 2132 270 'set-mii.
2157 244 2216 271 adu.

1183 272 1265 297 Marc.
1283 280 1302 303 1,
1315 279 1356 296 22.

1204 313 1542 346 '1713⁴I.1.13ATOR1N·'M‚
1561 309 1580 335 i.
1603 318 1628 335 n.
1650 311 1727 336 Locus
1746 311 1788 337 vbi
1810 311 1931 338 delibatur
1965 313 2030 340 Plin.
2054 317 2092 346 16,
2119 323 2163 350 40.
2183 315 2217 341 al.

1182 340 1376 382 diribitoriuni.

1218 383 1349 416 11111111
1363 381 1435 416 To,
1452 380 1503 404 are.
1542 379 1607 406 Idem
1624 379 1689 415 quod
1706 380 1799 407 Delibn.
1835 382 1890 408 Cic.
1913 383 1984 408 Fam.
2003 392 2028 416 9,
2051 386 2078 409 16
2098 384 2219 412 Solebam

1182 420 1253 437 cmm
1266 418 1340 438 antea
1354 410 1490 452 delibitati
1503 413 1567 453 olcis
1580 422 1604 441 et
1619 415 1743 442 lucanicis
1758 417 1810 442 tuis
1819 437 1827 449 ,
1837 424 1881 444 etc.
1918 419 1959 444 Sic
1971 428 2033 444 emm
2046 421 2106 455 legi!
2125 422 2219 447 Turne-

1181 447 1224 473 bus
1234 467 1240 477 ,
1260 457 1308 473 mm
1322 446 1448 473 delectari
1458 467 1464 477 ‚
1484 448 1527 474 hoc
1535 451 1621 485 Jrujii,
1646 452 1685 478 Tu
1699 461 1733 477 uie
1746 459 1789 478 iim
1797 452 1943 488 promulside
1958 460 2029 479 antea
2043 455 2172 485 dclrbabur,
2190 466 2219 482 ac

1180 492 1255 508 mmm
1263 483 1358 518 famem
1372 481 1521 509 diminuebas
1534 487 1584 510 illis
1595 486 1814 522 [it-imitfirciili's,
1833 497 1904 523 quam
1923 489 1970 514 ti‘bi‘
1985 492 2109 524 ,integram
2128 498 2150 516 ct
2169 491 2219 517 illi-

814 517 930 550 Spatium
951 516 1115 542 deliberandi
1132 527 1161 544 10
1180 518 1261 543 binam
1283 517 1316 544 ad
1335 521 1416 544 omnia
1434 528 1518 544 coenae
1531 520 1632 554 serrula
1651 522 1768 555 afferam,
1790 532 1861 558 nsque
1879 526 1971 558 primis
1983 524 2033 549 illis
2047 525 2152 555 millibus
2168 536 2219 552 eam

1176 553 1282 592 sici-ihm
1302 560 1324 579 e!
1343 553 1494 588 consumam,
1517 564 1545 580 ac
1562 555 1690 582 delibabo:
1722 557 1769 593 sed
1787 565 1814 584 ut
1833 562 1929 595 integer
1948 565 1970 584 ct
1982 569 2063 585 recens
2078 560 2110 585 aa!
2124 562 2220 597 reliqua

1173 590 1276 624 jercula
1289 590 1384 614 veniam
1393 608 1401 619 ,
1413 592 1542 623 principio
1560 600 1643 616 cornaz·
1655 590 1783 626 abstinebo,
1845 595 1879 620 Vt
1890 601 1970 620 arcicm
1982 594 2012 620 ab
2027 595 2127 629 Appello
2140 597 2219 630 appel-

1179 625 1225 649 lim
1235 643 1242 654 ‚
1258 633 1273 649 a
1287 624 1361 649 Coeno
1374 626 1467 649 evcnito
1482 624 1625 664 (subicitur,
1640 631 1701 662 pari
1714 631 1809 655 »uitione
1821 637 1837 654 a
1850 629 1948 655 Delibo
1959 629 2069 656 delibito
2083 630 2219 657 ilci-maiar.

1182 660 1249 699 'Ifffif
1275 658 1403 699 Tiff‘lf'lfflf
1413 659 1526 699 Affers.
1547 664 1576 691 ὅ,
1596 671 1615 687 ¹·
1687 665 1717 689 Et
1735 664 1798 698 sane
1815 663 1951 691 delibitari
1963 664 2005 697 effi*
2018 668 2044 690 in
2059 668 2171 700 antiquis
2182 675 2219 692 co-

1180 694 1291 725 dicibus,
1317 691 1445 720 metamus
1457 693 1573 727 inflatur,
1592 696 1655 731 quod
1667 700 1693 724 in
1708 699 1842 726 debilitari
1854 700 1954 736 quidam
1970 707 2105 726 raucarum.
2177 702 2220 728 Sic

1183 731 1256 755 ctiam
1272 730 1364 755 Parcus
1377 730 1435 755 Lex.
1449 729 1512 756 Crit.
1528 737 1554 765 p.
1570 734 1627 765 674.

1218 770 1236 790 D
1247 770 1262 789 13
1272 762 1361 790 LsBR
1371 770 1405 795 O,
1424 769 1475 790 firc.
1511 766 1687 800 [αἰποφλοιᾶω]
1723 768 1838 801 Librum,
1857 766 1940 802 idest,
1959 770 2078 796 Corti‘ccm
2086 769 2170 797 arbori
2182 770 2221 797 de-

1182 799 1288 826 trahere.
1324 800 1455 825 Columel.
1468 809 1495 832 4,
1509 810 1553 834 24,
1568 805 1583 827 6
1600 803 1697 828 Cortex
1712 811 1818 837 quoquc
1832 805 1935 837 aridus,
1955 804 2074 839 filiusque
2087 815 2133 839 per
2154 807 2220 832 sum-

1182 843 1224 861 ma
1237 834 1323 860 trunci
1337 834 1498 873 depensum,
1519 846 1630 870 torpore
1644 843 1718 863 tenus
1733 838 1899 865 delibrandus
1912 840 1956 866 en.
2026 842 2173 876 Antequam
2182 851 2222 868 ra-

1182 870 1227 896 dix
1241 870 1308 895 vlmi
1323 870 1350 895 in
1363 871 1502 897 eximendo
1516 871 1679 904 delibretur,
1696 872 1766 898 reete
1781 874 1875 900 seritur
1895 876 1998 901 Colum.
2013 884 2034 908 5,
2047 878 2074 908 6,
2087 885 2112 908 9.
2155 878 2222 904 Cor-

1182 906 1261 932 ticem
1294 904 1453 931 delibratam
1487 906 1597 934 abiicito
1636 907 1740 934 Colum.
1767 917 1800 939 12,
1824 911 1863 941 56,
1886 918 1904 934 1.
1975 911 2043 937 Acid.
2065 910 2103 937 ld.
2117 919 2140 945 5,
2154 920 2187 945 11,
2203 921 2222 938 1.

1181 939 1277 968 Pallad.
1291 949 1313 972 3,
1328 949 1367 975 17,
1382 949 1407 975 7.

1217 983 1235 1002 D
1246 983 1261 1002 E
1271 983 1286 1001 L
1298 977 1309 1001 i
1320 982 1336 1002 Β
1346 983 1363 1001 R
1373 984 1392 1001 O
1402 995 1410 1008 ,
1429 985 1454 1002 as
1463 996 1471 1008 ,
1491 980 1543 1002 are.
1561 987 1576 1002 a
1591 976 1671 1003 Libra
1686 976 1847 1012 conipofitiim.
1866 977 2055 1013 [ςαθμοῖομαι]
2075 981 2221 1008 Pondcrare.

1182 1012 1250 1038 Gell.
1267 1020 1300 1043 ις,
1314 1017 1327 1041 8
1346 1011 1419 1044 Qiid
1431 1012 1609 1046 relinquitur,
1628 1012 1676 1038 nisi
1692 1019 1719 1039 vt
1734 1012 1862 1039 dclibrari
1876 1012 1923 1039 fibi
1937 1023 2029 1040 coenas
2043 1015 2166 1048 iubeant,
2189 1026 2224 1042 ne

1183 1046 1286 1073 edendo
1316 1047 1491 1080 defatigemur
1507 1049 1516 1073 ’ἐ
1547 1049 1659 1083 plerique
1689 1057 1769 1074 omnes
1802 1049 1850 1083 lcg.
1883 1048 2006 1076 delibari.
2077 1050 2224 1083 Delibrare,

1181 1084 1284 1118 Aquam
1299 1082 1369 1108 sulco
1384 1082 1515 1108 desinare.
1533 1082 1630 1109 Festus.

1218 1124 1481 1150 DELiBRATm,
1500 1118 1568 1144 onis.
1606 1118 1626 1146 f.

1181 1163 1239 1180 vcro
1253 1152 1388 1188 prandiam.

1219 1195 1237 1215 D
1248 1196 1262 1214 Β
1273 1195 1287 1213 1.
1298 1195 1330 1215 113
1340 1195 1357 1213 R
1367 1195 1388 1214 A
1398 1195 1418 1214 T
1428 1193 1446 1211 ο
1457 1195 1474 1214 R
1483 1208 1490 1219 ‚
1511 1187 1575 1215 oris.
1599 1197 1634 1214 ni.
1672 1187 1808 1222 Augustin.

1220 1231 1237 1249 D
1247 1231 1262 1250 Ε
1274 1230 1289 1249 L
1300 1232 1308 1249 1
1318 1230 1334 1250 Β
1343 1230 1362 1248 V
1371 1230 1390 1250 Ο
1398 1243 1406 1255 ,
1426 1226 1479 1250 ere.
1517 1223 1685 1259 Madqfacerss
1694 1227 1819 1259 inungere.
1854 1224 2004 1259 καταβρέχω
2012 1243 2020 1257 ,
2030 1224 2112 1257 ,ἐλαίῳ
2130 1225 2226 1260 βρίχω,

1184 1259 1281 1292 Cyrilli
1295 1259 1375 1285 Gloff.
1391 1259 1473 1285 Solin.
1487 1264 1511 1288 18
1530 1259 1675 1293 Vnguentis
1688 1259 1767 1285 etiam
1783 1258 1906 1285 delibuit.

1220 1302 1239 1322 D
1248 1302 1264 1322 Ε
1275 1301 1291 1321 1.
1305 1301 1336 1321 [Β
1345 1296 1364 1320 ’ξ’
1374 1302 1394 1321 T
1405 1301 1424 1319 V
1435 1302 1447 1321 S
1457 1314 1463 1324 ,
1483 1303 1497 1320 a
1505 1314 1513 1326 ‚
1534 1304 1587 1320 um.
1608 1294 1668 1320 Adi.
1706 1293 1922 1328 [οἷληλειμμένω]
1962 1292 2067 1326 VnHus,
2083 1293 2150 1330 quasi
2158 1295 2227 1326 Olco,

1184 1338 1228 1357 συί
1240 1333 1289 1359 alio
1303 1332 1396 1365 liquore
1409 1330 1522 1355 imbutus.
1558 1329 1690 1356 Columel.
1704 1338 1736 1364 7,
1756 1339 1784 1362 4,
1799 1335 1812 1359 8
1830 1330 1883 1355 Vbi
1894 1337 1949 1363 ,per
1967 1330 2086 1356 triduum
2107 1329 2227 1357 delibuto

1184 1372 1290 1401 tergore
1313 1365 1488 1392 medicamina
1512 1365 1667 1398 perbiberit.
1741 1364 1855 1391 Martial.
1883 1373 1915 1396 11,
1931 1373 1973 1397 99.
2043 1366 2097 1392 Cic.
2112 1365 2143 1390 de
2157 1365 2227 1392 Clar.

1185 1403 1259 1428 Orat.
1275 1411 1297 1427 c.
1314 1404 1348 1427 60
1386 1401 1441 1434 Q¹i
1462 1400 1601 1426 deuinelus
1620 1407 1675 1428 erat
1695 1400 1794 1431 fasciis,
1813 1406 1837 1426 et
1852 1401 1941 1426 multis
1955 1399 2153 1427 medicamentis
2167 1410 2227 1435 pro-

1185 1444 1244 1472 pter
1256 1437 1377 1463 dolorem
1390 1443 1496 1463 artuum
1511 1435 1653 1463 delibutus.
1749 1436 1804 1461 Cic.
1817 1444 1866 1469 pro
1884 1436 1958 1461 Rose.
1972 1437 2059 1461 Aruer.
2081 1444 2102 1461 c.
2117 1438 2153 1469 46
2169 1437 2226 1470 Ipse

1184 1482 1252 1499 vcro
1272 1471 1494 1507 quemadmodum
1512 1471 1673 1505 compotito‚
1691 1476 1717 1497 et
1737 1470 1855 1496 delibuto
1871 1470 1965 1503 capillo
1979 1470 2064 1504 paffim
2078 1479 2124 1505 per
2136 1471 2228 1497 forum

1185 1509 1280 1534 volitet
1304 1517 1364 1533 cum
1387 1515 1481 1540 magna
1507 1512 1610 1532 caterua
1633 1512 1799 1539 togatorum,
1819 1505 1916 1531 videtis
1926 1506 2050 1531 'Iudices
2123 1507 2228 1532 Cruore

1187 1543 1257 1570 Nem
1273 1542 1405 1568 delibutus
1419 1541 1545 1567 Hercules
1565 1542 1632 1567 Hor.
1651 1540 1731 1574 Epod.
1746 1547 1783 1574 17.
1797 1548 1831 1571 31.
1905 1540 2020 1566 Rubrica
2033 1539 2150 1565 delibuta
2164 1541 2229 1566 ima-

1186 1587 1220 1612 go
1241 1577 1342 1603 Auc'ior
1355 1575 1387 1601 ad
1402 1577 1519 1602 Herenn.
1532 1585 1555 1608 3,
1592 1595 1599 1602 .
1636 1595 1642 1601 .
1679 1575 1754 1601 Sanie
1768 1574 1916 1600 delibutum
1937 1574 1992 1600 Cic.
2002 1575 2174 1604 Tusc.i,106.
2199 1584 2228 1601 ex

1184 1615 1286 1648 antiquo
1299 1614 1384 1638 Poeta.
1455 1612 1594 1644 Vnguento
1607 1609 1739 1636 delibutus
1760 1608 1867 1635 Phaedr.
1882 1617 1904 1640 ς,
1919 1617 1939 1640 1,
1952 1617 1989 1635 iz.
2064 1610 2132 1635 Hor.
2146 1610 2228 1644 Epod.

1185 1656 1208 1680 3,
1223 1657 1247 1679 13
1267 1648 1326 1673 Hoc
1339 1645 1465 1672 delibutis
1477 1646 1531 1671 vlta
1546 1645 1623 1671 donis
1636 1645 1756 1679 pellicem
1792 1645 1916 1678 Serpente
1929 1644 1998 1677 sugit
2011 1643 2083 1670 alite.
2174 1646 2230 1672 Me-

1184 1683 1284 1716 taphor.
1305 1681 1445 1708 Delibutus
1461 1680 1558 1715 gaudio
1584 1681 1652 1706 Ter.
1666 1679 1772 1706 Phorm.
1788 1687 1817 1712 5,
1831 1686 1857 1711 o,
1873 1687 1910 1713 17.
1966 1679 2117 1706 Transtulit
2129 1680 2160 1706 ad
2174 1681 2230 1706 ani-

1185 1725 1257 1742 mum
1272 1716 1344 1750 quod
1358 1717 1394 1742 est
1406 1715 1538 1750 corporis,
1557 1718 1640 1750 inquit
1656 1716 1782 1741 Donatus.
1852 1714 1952 1740 Sallust.
1967 1715 1997 1740 in
2012 1715 2067 1741 Cic.
2082 1725 2103 1741 c.
2118 1724 2127 1741 1
2156 1717 2230 1743 onr

1185 1750 1326 1784 sacrilega,
1346 1760 1375 1777 ac
1401 1751 1526 1785 periuriis
1549 1750 1677 1778 delibuta.
1748 1749 1816 1778 Add.
1838 1750 1918 1777 Plaut.
1933 1750 2039 1777 Poenul.
2055 1759 2075 1783 i,
2089 1759 2115 1783 2,
2129 1753 2168 1784 56.
2205 1758 2230 1778 et

1188 1786 1302 1812 Trucul.
1315 1796 1341 1819 4,
1356 1794 1384 1818 4,
1404 1795 1422 1812 1.

1220 1822 1388 1847 DELICART
1398 1828 1417 1847 v
1429 1829 1457 1854 s,
1475 1830 1506 1853 a,
1525 1830 1578 1847 uni.
1600 1819 1660 1846 Adi.
1697 1818 1847 1855 [τρυφερός,
1863 1819 1955 1854 α’βρός]
1991 1820 2048 1845 Cum
2060 1819 2167 1846 hominis
2180 1823 2231 1855 epi-

1184 1857 1269 1883 theton
1282 1855 1332 1889 est,
1350 1856 1461 1889 mollem,
1481 1857 1579 1883 deliciis
1591 1855 1716 1887 deditum,
1733 1856 1800 1881 nihil
1811 1855 1870 1880 dari
1881 1861 1925 1880 aut
1938 1854 2031 1887 molesti
2050 1863 2174 1889 expertum
2187 1866 2230 1882 no-

1184 1899 1224 1918 tat
1241 1902 1248 1916 .·
1283 1902 1337 1918 cum
1351 1901 1442 1925 rerum,
1454 1902 1495 1918 eas
1507 1899 1592 1923 notat,
1617 1900 1676 1926 quae
1690 1890 1809 1916 delicatos
1823 1889 1931 1921 homines
1943 1893 2031 1916 iuuant
2044 1896 2067 1915 et
2080 1892 2231 1925 voluptatem

1678 1118 1843 1145 Columellae
1870 1117 2000 1145 tribuitur.
2058 1121 2117 1146 Non
2149 1119 2225 1154 aufim

841 1926 898 1952 Cic.
913 1926 969 1960 poli
983 1927 1070 1953 Redit.
1085 1927 1118 1953 ad
1131 1937 1162 1961 50
1180 1930 1296 1962 pariunt.
1333 1927 1434 1953 Festus:
1454 1927 1573 1954 Delicata
1584 1925 1706 1951 dicebant
1718 1929 1835 1956 veteres,
1851 1933 1918 1958 quae
1931 1933 2000 1950 nunc
2013 1924 2147 1951 Dedicata.
2178 1927 2230 1952 Vn-

1186 1962 1218 1987 de
1232 1962 1316 1988 adhuc
1330 1969 1418 1988 manet
1431 1962 1580 1994 Delicatus,
1599 1960 1670 1995 quali
1683 1961 1771 1986 Luxui
1783 1959 1897 1985 deditus.
1968 1960 2024 1986 Cic.
2040 1961 2115 1987 Verr.
2129 1970 2155 1993 4,
2186 1981 2192 1987 .
2222 1981 2229 1987 .

1186 1998 1315 2024 Nostrum
1334 1998 1405 2024 enim
1427 1998 1624 2032 vnusquisque,
1645 1996 1693 2029 qui
1715 2001 1767 2021 tani
1788 1994 1876 2026 beati,
1894 2003 1973 2028 quam
1987 1995 2034 2020 iste
2048 1995 2102 2027 est,
2121 2005 2175 2022 non
2188 1998 2229 2022 su-

1185 2042 1259 2064 inus,
1280 2039 1333 2059 tam
1345 2032 1451 2058 delicati
1466 2034 1514 2058 css'e
1529 2041 1582 2058 non
1596 2030 1734 2064 possumus.
1806 2030 1837 2055 Et
1850 2028 1882 2055 de
1896 2031 1970 2056 Orat.
1983 2038 2008 2063 2,
2022 2033 2069 2063 196
2089 2031 2172 2058 Filius
2187 2032 2230 2058 de-

1185 2068 1301 2094 licatior.
1373 2068 1484 2094 Delicati
1501 2068 1558 2093 Sen.
1580 2065 1613 2092 de
1632 2065 1719 2092 Const.
1741 2064 1798 2098 Sap.
1818 2074 1839 2090 c.
1852 2073 1871 2097 4
1888 2066 1965 2101 sunt,
1984 2069 2027 2101 qui
2039 2067 2230 2103 iniurias-ferre

1388 2102 1507 2136 Agrestia
1518 2110 1598 2136 opera
1610 2100 1749 2127 delicatior
1767 2100 1903 2134 aggrediar
1917 2102 1927 2128 3
1960 2101 2011 2127 hoc
2026 2110 2040 2127 a
2054 2102 2162 2128 fortuna
2175 2112 2230 2129 non

1187 2137 1269 2164 didici
1291 2137 1422 2171 Qiinchl.
1444 2137 1514 2164 Decl.
1534 2146 1559 2171 9.
1582 2139 1599 2163 i.
1617 2140 1751 2172 impatiens
1769 2137 1870 2162 limeris.
1978 2136 2094 2163 Delicata
2107 2147 2152 2170 ea,
2171 2147 2230 2174 quae

1188 2172 1326 2206 ostentandi
1338 2177 1424 2210 gratia
1430 2174 1500 2209 siunt
1514 2183 1523 2202 ,·
1559 2172 1612 2198 vid.
1628 2173 1716 2207 Caper.
1732 2169 1788 2206 Obs
1803 2181 1825 2203 1,
1836 2181 1859 2202 3.
1964 2171 2121 2199 Adolescens
2135 2174 2230 2200 delica-

1184 2217 1227 2236 tus
1248 2209 1304 2235 Cic.
1320 2208 1351 2235 de
1365 2209 1435 2235 Clar.
1447 2210 1520 2235 Orat.
1534 2217 1555 2234 c.
1569 2216 1595 2241 53
1606 2211 1692 2243 princ.
1762 2206 1961 2233 Delicatissimus
1976 2209 2077 2241 amnis,
2102 2212 2121 2236 i.
2141 2210 2231 2236 leniter

1180 2244 1281 2280 fluens,
1302 2248 1341 2270 cui
1354 2248 1485 2279 opponitur
1499 2244 1614 2278 Rapidus
1625 2250 1649 2269 ct
1662 2243 1793 2269 violentus.
1830 2242 1895 2268 Plin.
1905 2240 1988 2277 Epist.
2002 2249 2023 2274 8,
2037 2252 2075 2278 17,
2088 2250 2101 2276 3
2125 2244 2166 2271 Sic
2180 2246 2231 2271 De-

1695 2285 1744 2313 pro
1757 2287 1863 2304 amoeno.
1935 2278 2066 2306 Audentia
2086 2288 2141 2306 non
2165 2280 2230 2306 deli-

1187 2323 1243 2342 cata
1257 2314 1300 2342 sed
1313 2316 1451 2342 neceffaria
1465 2315 1514 2348 (in
1524 2313 1652 2350 fingendis*
1663 2314 1761 2347 verbis)
1776 2314 1842 2339 Plin.
1856 2314 1901 2347 Ep.
1915 2318 1944 2345 ε,
1956 2324 1992 2348 4,
2003 2325 2031 2348 4.
2093 2315 2174 2341 Cibus
2188 2315 2232 2341 de.

1186 2351 1293 2377 licatior
1313 2350 1378 2376 Plin.
1395 2358 1433 2385 17,
1446 2359 1489 2384 24.
1562 2348 1703 2376 Muliebris
1715 2356 1740 2375 et
1754 2348 1879 2375 delicatus
1893 2350 2059 2382 ancillarum,
2073 2359 2230 2384 puerorum-

1188 2396 1239 2422 que
1257 2386 1396 2412 comitatus
1417 2386 1473 2412 Cic.
1487 2394 1535 2420 pro
1550 2385 1645 2412 Milon.
1658 2389 1698 2414 28.
1767 2384 1915 2411 Delicatum
1929 2386 2083 2411 conuiuium
2104 2386 2160 2411 Cic.
2173 2386 2228 2411 Att.

1181 2431 1209 2454 2,
1224 2431 1261 2455 14.
1333 2421 1447 2448 Debitor
1467 2419 1593 2448 delicatus
1616 2420 1720 2455 leian.
1741 2419 1758 2445 l.
1771 2428 1798 2453 25
1812 2419 1843 2445 dc
1857 2420 2013 2454 pignoratic.
2028 2420 2078 2445 aei.
2093 2427 2157 2446 extr.
2176 2420 2230 2454 igi-

114 2466 132 2485 D
142 2466 158 2486 Ε
167 2467 183 2486 L
192 2468 201 2486 1
211 2467 309 2487 BERA
319 2467 334 2486 Β
343 2467 364 2485 V
373 2467 394 2486 Ν
403 2467 421 2486 D
430 2466 472 2487 vs
481 2480 488 2492 ,
504 2469 533 2492 a,
554 2470 608 2486 um.
628 2460 688 2486 Adi.
725 2461 737 2493 [
750 2459 928 2493 βκλευόμενης]
965 2457 1119 2485 Debboram.
1133 2465 1164 2497 63
1186 2464 1228 2485 tur
1241 2457 1305 2484 haec
1318 2467 1332 2484 a
1346 2456 1434 2483 iudice
1446 2463 1523 2483 erunt
1537 2456 1713 2491 dispicienda,
1732 2461 1760 2481 vt
1774 2464 1860 2488 neque
1873 2454 1998 2479 delicatus
2013 2453 2129 2487 debitor,
2141 2463 2229 2490 neque

77 2494 137 2522 Liu.
163 2504 190 2527 2,
223 2503 256 2529 45
283 2496 410 2522 Consules
441 2496 514 2522 velut
544 2495 749 2522 deliberabundi
777 2495 860 2530 capita
891 2494 1048 2526 conferunt,
1075 2493 1120 2520 diu

73 2530 268 2566 colloquuntur.

89 2564 95 2570 '
113 2573 197 2593 DELI
207 2574 294 2594 BERI
305 2573 374 2598 VM,
392 2567 421 2593 ii.
442 2576 469 2593 n.
507 2566 585 2593 Gloss'.
601 2567 657 2593 Lat.
671 2567 718 2593 Gr.
755 2566 820 2592 idem
833 2566 897 2601 quod
910 2564 1050 2599 Confilium.

112 2606 180 2627 DEL
191 2603 271 2631 ἶΒΟ,
290 2606 341 2627 fise.
377 2602 487 2634 [λέβιῃ
514 2601 682 2634 οἷπογεύομαι]
719 2600 872 2637 ὓέὲζιςβαιέ,
892 2608 916 2626 el
929 2604 1023 2635 primis
1044 2598 1123 2625 labris

78 2639 209 2662 attinrrere.
245 2637 404 2669 Summaque
419 2645 465 2669 per
478 2637 576 2669 galeam
592 2636 814 2664 delibans-oscula
842 2636 917 2670 Virg.
932 2637 997 2661 Aen.
1013 2643 1049 2664 12,
1058 2642 1162 2670 434.70

146 2659 160 2672 b

78 2672 226 2697 Contentus
238 2670 358 2696 deliball'e
371 2670 445 2696 cibos
473 2671 566 2697 Claud.
586 2670 618 2696 de
632 2672 660 2696 B.
672 2672 730 2696 Get.
746 2673 789 2702 26,
826 2690 831 2695 .
870 2690 876 2695 .
948 2669 1119 2702 Meeaphorice

71 2705 202 2742 fignificat
214 2708 303 2732 leuiter
317 2704 428 2731 tractare
441 2712 464 2730 et
477 2707 544 2731 velut
555 2709 687 2741 attingere.
725 2704 806 2731 Ouid.
820 2705 885 2731 Fast.
902 2713 921 2735 1,
931 2707 976 2736 169
998 2703 1120 2737 Qiisque

77 2741 133 2767 suas
145 2747 213 2767 artes
227 2741 262 2767 ob
276 2741 345 2767 idem
360 2740 458 2767 delibat
472 2740 573 2773 agendo
585 2752 591 2766 :
628 2744 646 2766 i.
666 2742 753 2766 leuiter
767 2743 873 2775 attingit
885 2747 908 2765 et
927 2746 1021 2764 exercet
1036 2745 1119 2772 primo

76 2780 138 2803 anni
152 2776 208 2808 di'e,
227 2776 317 2802 Totus
338 2776 372 2802 ab
393 2775 509 2810 auspicio
533 2784 565 2800 με
579 2776 651 2801 foret
663 2783 744 2801 annus
758 2775 836 2800 iners.
909 2774 1019 2799 Nouum
1035 2773 1119 2798 hono-

78 2820 134 2839 rem
154 2813 213 2839 Liu.
223 2819 244 2844 5,
266 2831 272 2837 .

77 2854 137 2874 tum.
214 2847 323 2873 Causam
335 2847 486 2873 narratione
505 2846 613 2879 Qun&
629 2855 657 2879 4,
670 2854 694 2876 2,
707 2853 743 2878 55.
812 2844 953 2876 Delibare,
966 2851 1015 2879 pro
1028 2845 1117 2869 Decer-

75 2890 143 2919 pere.
179 2883 234 2909 Cic.
247 2882 279 2908 de
294 2881 394 2909 Sene-et.
410 2887 440 2916 78
459 2881 608 2908 Audiebam
628 2881 800 2915 Pythagoram
816 2880 1062 2914 Pythagoreosque,
1079 2879 1118 2904 in-

79 2918 147 2946 colas
166 2927 248 2953 paene
265 2918 385 2950 nostros,
404 2918 451 2952 qui
468 2918 545 2944 essent
564 2917 650 2944 Italici
664 2916 818 2950 Philosophi
830 2915 964 2950 quondam
976 2915 1117 2947 nominati,

78 2963 212 2989 nunquam
227 2953 362 2985 dubitasse,
370 2953 435 2988 quin
444 2962 475 2979 ex
490 2953 611 2980 vniuersa
622 2960 709 2978 mente
722 2951 813 2978 diuina
827 2952 956 2978 delibatos
964 2952 1066 2977 animos
1075 2950 1118 2976 ha-

78 2990 214 3021 beremus,
233 2992 251 3016 i.
265 2989 399 3025 decerptos.

79 3034 140 3060 pere
161 3025 218 3052 Cic.
232 3034 280 3060 pro
292 3025 381 3051 Sextio
395 3032 436 3057 119
450 3033 472 3050 c.
485 3027 524 3058 56.
596 3024 720 3051 Delibare
732 3023 763 3049 de
778 3023 864 3058 gloria
883 3023 991 3049 alterius
1016 3023 1072 3049 Cic.
1086 3021 1118 3047 de

78 3061 181 3087 quent.
196 3070 207 3087 2
221 3070 243 3087 c.
257 3069 295 3093 39.
318 3063 336 3086 ι’.
355 3060 476 3096 Auferre.
547 3060 602 3087 Cic.
626 3060 657 3086 de
671 3061 773 3086 Inuent.
787 3068 814 3091 2,
828 3057 876 3093 1734
889 3068 910 3084 c.
922 3060 1015 3093 penult.
1036 3057 1118 3091 Quod

79 3096 109 3123 fit
122 3097 149 3122 in
162 3096 307 3131 praesentia
319 3096 352 3123 de
366 3095 498 3122 honestate
512 3094 667 3128 delibatum,
681 3096 781 3122 virtute
795 3095 938 3129 aliquando
952 3101 977 3120 ct
991 3093 1119 3120 industria

79 3138 254 3166 recuperetur.
325 3132 365 3158 De
382 3131 458 3158 laude
479 3131 564 3157 ieiuni
577 3131 693 3159 hominis
706 3131 852 3166 quidquam
871 3130 926 3156 Cic.
941 3130 1011 3156 Fam.
1025 3138 1067 3161 10,
1083 3137 1119 3155 21.

55 3194 57 3196 ,
81 3166 144 3193 l'liu.
159 3168 186 3194 in
200 3169 292 3202 Paneg.
307 3172 344 3199 38,
360 3176 369 3193 1
389 3166 518 3194 Delibafl'c
539 3166 678 3202 quaedam,
692 3168 735 3193 seu
756 3166 844 3201 potius
864 3164 1045 3192 demonstrasse
1058 3174 1118 3190 con·
1132 3166 1161 3195 85

83 3207 180 3235 tentus,
198 3203 295 3237 largam
310 3212 338 3229 ac
350 3211 431 3237 prope
445 3202 570 3229 intaoam
582 3202 766 3229 benefaciendi
779 3201 916 3228 materiam
930 3201 988 3227 filio
1001 3201 1118 3233 reserua-

84 3237 132 3262 vit.
159 3254 160 3257 ,
301 3236 323 3275 fl
344 3247 360 3265 2
395 3238 535 3270 Delibare,
559 3240 673 3270 Violarc,
692 3237 939 3271 destruere,v1‘tiare.
974 3237 1018 3263 Nc
1032 3237 1121 3270 cogni-

84 3278 110 3298 ta
128 3271 177 3297 filii
192 3279 276 3300 morte
292 3274 376 3300 animi
396 3274 578 3301 delibarentur
595 3274 713 3301 militum
733 3273 802 3308 Nep.
818 3281 863 3306 14,
875 3275 901 3304 6,
916 3281 934 3298 1.
953 3275 971 3298 i.
985 3275 1120 3298 minueren-

82 3314 124 3332 tut·
137 3317 145 3335 ,·
180 3308 212 3334 al.
234 3309 444 3336 debilitarentur.
480 3309 554 3346 Cous.
574 3311 645 3336 Flor.
666 3318 689 3342 ε,
703 3312 735 3340 6,
747 3319 793 3342 40.
866 3308 996 3334 Columel.
1009 3316 1035 3340 2,
1050 3316 1073 3340 2,
1086 3308 1118 3333 :6

82 3343 160 3369 Neue
181 3348 224 3367 aut
242 3353 323 3372 cornu
343 3345 390 3372 bos
410 3345 442 3372 ad
462 3345 577 3379 stipitem
590 3345 772 3372 vehementius
784 3343 914 3376 offendat,
934 3349 979 3370 aut
997 3349 1115 3369 extremo
1127 3351 1162 3376 90

82 3378 144 3411 iugo
159 3383 277 3405 truncum
290 3380 401 3411 delibet,
419 3390 574 3415 ramumque
588 3381 728 3416 deplantet.
797 3379 864 3407 Add.
877 3389 913 3411 12,
923 3390 943 3411 1,
952 3383 971 3405 6
987 3379 1030 3405 vbi
1041 3382 1116 3404 etiam

82 3413 211 3452 delibatus
229 3411 261 3444 Ψ
277 3423 339 3442 ’toxa
357 3426 497 3453 quacunque
515 3416 632 3450 affeffus.
703 3418 788 3443 Varro
809 3415 841 3442 de
861 3416 892 3441 R.
907 3416 937 3442 R.
952 3424 976 3447 2,
988 3423 1014 3447 2,
1029 3423 1053 3447 15
1073 3415 1116 3441 Ne

81 3455 140 3476 (oto
155 3448 198 3488 dre
211 3448 334 3476 cursantes
346 3451 415 3478 inter
427 3454 454 3479 se·
466 3452 550 3478 teneri
562 3452 681 3479 delibent
696 3449 798 3486 aliquid
814 3450 1006 3477 membrorum.
1062 3451 1117 3476 Itu-

82 3493 128 3512 rea
139 3483 237 3510 delibat
249 3484 350 3517 cuspide
362 3487 476 3515 frontem
494 3489 573 3514 Iscan.
586 3488 617 3514 de
633 3487 705 3514 Bello
718 3486 800 3514 Τι-ὸὶ.
816 3494 838 3520 5,
852 3495 908 3519 322.
981 3485 1046 3512 Gell.
1069 3493 1088 3517 1,
1102 3493 1115 3517 3

83 3519 246 3554 Rependitur
259 3520 353 3553 quippe
365 3529 390 3548 et
402 3525 583 3558 compensatur
595 3524 654 3550 leue
670 3524 795 3550 damnum
814 3522 944 3548 delibatae
964 3521 1115 3549 honestatis.
1128 3529 1159 3554 9,

83 3555 202 3589 Affertur
219 3561 242 3581 et
263 3555 329 3581 Puer
340 3555 466 3585 delibatus
484 3559 566 3586 Plaut.
585 3559 662 3586 Most.
683 3568 711 3592 4,
725 3568 750 3591 2,
764 3567 802 3590 32.
816 3562 842 3584 in
855 3557 970 3593 obscenis.
1024 3556 1070 3583 Sed
1082 3556 1118 3582 ibi

82 3591 215 3618 BelicamS
228 3587 270 3622 Ψ·
459 3592 479 3630 q
499 3603 511 3627 3
550 3595 610 3621 Flos
623 3595 751 3621 delibatus
763 3593 856 3628 Populi
868 3591 951 3619 dicius
970 3590 1003 3626 qli
1023 3592 1053 3618 ab
1067 3593 1116 3618 En-

83 3628 131 3654 nio
155 3626 302 3659 Cethegus,
319 3632 362 3651 aut
381 3629 465 3660 potius
488 3639 503 3656 a
529 3632 589 3666 Pop.
611 3632 682 3658 Rom.
752 3630 808 3657 Cic.
827 3628 859 3655 de
872 3629 943 3655 Clar.
957 3629 1032 3654 Orat.
1046 3637 1066 3654 c.
1081 3635 1115 3659 15.

84 3664 134 3689 HIC
141 3681 148 3692 1
160 3661 186 3695 fi
199 3670 256 3687 '08¹‘ss
267 3659 300 3694 Ψ
314 3658 533 3691 12·Hio,Delibatus
547 3666 594 3692 flos
608 3676 656 3692 non
670 3668 732 3692 vitii
742 3672 785 3691 aut
799 3666 965 3699 corruptionis·
978 3672 1062 3689 nomen
1070 3662 1116 3698 fu-

294 2831 300 2837 .
318 2811 364 2838 hoc
373 2810 415 2844 ςβ,
424 2813 490 2838 uelut
497 2809 633 2847 Degustare
639 2810 744 2846 gerendo
753 2807 923 2845 magistratum
931 2818 1015 2834 recens
1022 2807 1120 2840 institu-
1130 2810 1162 2838 75

470 2988 602 3015 Flosculos
617 2988 745 3014 orationis
759 2988 866 3014 alterius
886 2987 1004 3013 delibare
1025 2993 1050 3013 et
1065 2995 1118 3012 car·
1130 2987 1162 3012 80

1188 2494 1316 2520 onerosus
1331 2492 1448 2519 creditor
1462 2492 1592 2518 audiatur.
1628 2491 1762 2517 Delicatus
1774 2492 1848 2514 nimis
1861 2491 1972 2524 elegans,
1989 2493 2029 2515 cui
2046 2492 2110 2516 nihil
2120 2492 2229 2525 placeat.

1187 2528 1299 2556 Delicati
1312 2534 1335 2554 et
1347 2527 1472 2554 delicatae
1485 2527 1513 2552 dc
1527 2525 1683 2553 concubinis,
1701 2524 1754 2549 vid.
1772 2523 1878 2550 Turneb.
1895 2524 1961 2550 Actu.
1980 2533 2018 2555 22,
2035 2535 2068 2559 15·
2110 2527 2230 2553 'lorum‘-

1186 2565 1219 2590 ad
1232 2565 1300 2590 Suet.
1315 2563 1392 2596 Vesp.
1406 2571 1427 2587 c.
1442 2571 1454 2593 3
1469 2568 1492 2586 et
1506 2569 1532 2594 7.
1601 2559 1808 2591 Dfficafissimus,
1818 2559 1847 2584 de
1858 2559 1985 2594 muliero-fo
2004 2559 2060 2586 Cic.
2070 2561 2144 2587 Verr.
2154 2568 2228 2597 c.2.7.

1185 2599 1234 2626 Sed
1246 2601 1318 2624 ctiam
1333 2598 1410 2623 Pueri
1424 2603 1447 2622 et
1459 2595 1570 2622 ancillae
1584 2594 1691 2620 delicati
1701 2595 1791 2629 pudice
1804 2594 1922 2621 dicuntur
1937 2603 1946 2618 :
1976 2595 2029 2621 vid.
2044 2597 2129 2622 Burni.
2141 2597 2174 2622 ad
2185 2599 2228 2623 Pe-

1185 2641 1254 2660 tron.
1268 2642 1289 2659 c.
1303 2635 1331 2663 63
1346 2642 1371 2666 p.
1386 2634 1438 2664 316.
1474 2630 1575 2666 (3αρκῦ-
1589 2630 1622 2655 ad
1635 2629 1716 2663 Spart.
1733 2628 1815 2655 Hadr.
1830 2639 1851 2655 c.
1865 2638 1905 2663 41.
1976 2631 2032 2657 Cic.
2049 2632 2079 2657 de
2091 2632 2149 2658 fin.
2163 2641 2182 2664 1,
2196 2639 2228 2668 37

1184 2670 1219 2695 Vt
1233 2668 1340 2694 tollatur
1358 2667 1446 2693 omnis
1460 2674 1535 2692 error
1553 2665 1758 2699 imperitorum,
1779 2665 1996 2700 intelligaturque
2015 2675 2055 2698 ea,
2072 2676 2139 2701 quae
2152 2668 2229 2694 volu-

1184 2704 1283 2738 ptaria,
1302 2702 1428 2734 delicata,
1447 2701 1538 2727 mollis
1550 2701 1677 2727 habeatur
1692 2699 1845 2734 disciplina,
1866 2710 1943 2735 quam
1957 2702 2059 2736 grauis,
2077 2712 2227 2737 quanmon.

1184 2739 1285 2768 tineus,
1305 2746 1384 2772 quam
1397 2738 1487 2763 seuera
1500 2736 1538 2762 fit.
1608 2737 1708 2762 Domus
1727 2736 1781 2763 Seu.
1797 2737 1906 2771 Hippoi.
1927 2745 1983 2763 210.
2053 2738 2109 2764 Cic.
2123 2739 2156 2764 de
2170 2740 2227 2765 Fin-

1185 2782 1194 2799 1
1210 2782 1232 2799 c.
1247 2782 1259 2798 2
1281 2772 1383 2799 Rudem
1406 2773 1477 2798 enim
1504 2773 1553 2798 ess‘e
1572 2773 1683 2798 omnino
1708 2772 1736 2797 in
1754 2772 1848 2798 nostris
1868 2773 1970 2805 Poetis,
1995 2778 2039 2799 aut
2061 2774 2227 2802 inertislimae

1184 2808 1310 2843 segnitiae
1324 2808 1376 2841 est,
1396 2813 1440 2834 aut
1453 2807 1553 2834 fastidii
1567 2806 1747 2834 delicatiffimi.
1802 2807 1958 2834 Libidinosa
1972 2815 1997 2834 et
2012 2809 2121 2836 delicata
2135 2810 2228 2836 iuuen-

1184 2850 1225 2871 tus
1247 2845 1301 2871 Cie.
1315 2844 1369 2871 Att.
1385 2853 1405 2876 1,
1420 2846 1457 2870 16.
1528 2844 1599 2869 Oues
1613 2842 1805 2869 delicatissimae
1826 2844 1944 2877 Plin.Ep.
1960 2852 1982 2876 2,
1996 2852 2027 2870 11.
2045 2848 2063 2870 ι’.
2077 2845 2172 2872 nitidae
2185 2855 2225 2872 ue-

1183 2887 1305 2916 getaeque.
1377 2879 1464 2906 Puella
1478 2878 1603 2905 tenellulo
1619 2878 1758 2905 delicatior
1771 2878 1856 2905 haedo
1882 2879 1968 2905 Catul.
1982 2879 2015 2905 ad
2029 2880 2171 2908 Coloniam
2185 2889 2225 2916 17,

1186 2923 1220 2948 15.
1292 2914 1348 2941 Cic.
1361 2915 1389 2941 in
1405 2914 1512 2942 Catilin.
1526 2923 1552 2946 z,
1565 2922 1595 2946 23
1616 2915 1653 2941 Hi
1665 2914 1742 2949 pueri
1755 2920 1808 2941 tam
1830 2914 1911 2949 lepidi
1929 2923 1957 2940 ac
1976 2914 2097 2948 delicati,
2114 2925 2167 2942 non
2188 2918 2227 2942 so-

1185 2952 1240 2977 lum
1254 2959 1341 2977 amare
1351 2958 1377 2976 et
1389 2951 1488 2982 amari,
1508 2959 1594 2985 neque
1607 2956 1710 2977 cantare
1723 2956 1748 2976 ct
1761 2950 1886 2984 psallere,
1906 2949 1949 2976 sed
1963 2951 2042 2977 etiam
2056 2951 2116 2977 ficas
2137 2951 2226 2978 vibra-

1184 2997 1222 3019 re,
1239 2993 1265 3013 et
1278 2987 1397 3021 spargere
1412 2995 1513 3013 venena
1525 2985 1682 3012 didicerunt.
1752 2985 1899 3012 Delicatior
1911 2992 1936 3012 et
1950 2986 2059 3013 mollior
2071 2987 2150 3013 Ratio
2169 2988 2224 3014 Cic.

1184 3023 1216 3048 de
1229 3023 1286 3049 Fin.
1301 3031 1324 3054 5,
1362 3042 1368 3048 .
1407 3042 1413 3048 .
1470 3022 1597 3048 Delicatas
1611 3022 1660 3048 Res
1680 3019 1843 3053 defiderare,
1861 3021 1980 3047 luxuriae
1995 3022 2030 3047 est
2057 3022 2114 3048 Sen.
2132 3023 2175 3056 Ep.
2201 3029 2223 3054 5.

1184 3058 1268 3084 Scelus
1283 3057 1426 3084 delicatum
1444 3057 1575 3092 Qiinc‘til.
1590 3057 1662 3083 Decl.
1679 3065 1699 3089 1,
1711 3066 1738 3089 4.
1757 3060 1774 3082 i.
1789 3060 1815 3082 in
1834 3060 1883 3082 otio
1901 3057 2065 3093 commodeque
2077 3057 2224 3092 peractum:

1183 3093 1236 3119 vid.
1253 3095 1374 3128 Burmp.
1385 3102 1421 3125 33.
1492 3093 1638 3120 Delicatior
1652 3093 1778 3118 sententia
1797 3092 1862 3118 Plin.
1877 3100 1935 3124 15‚2
1946 3093 1964 3117 s.
1980 3101 2000 3124 3.
2073 3093 2126 3119 Cic.
2139 3091 2190 3118 Off.
2201 3100 2223 3124 1,

1230 3149 1236 3155 .
1274 3130 1369 3163 Turpe
1384 3130 1455 3155 enim
1470 3128 1600 3163 valdeque
1614 3128 1756 3160 vitiosum,
1777 3129 1805 3153 in
1817 3136 1846 3154 re
1859 3128 1948 3154 seuera
1963 3128 2090 3154 conuiuio
2111 3127 2222 3162 dignum

1184 3171 1228 3191 aut
1243 3163 1384 3191 delicatum
1397 3165 1514 3199 aliquem
1528 3165 1628 3190 inferre
1645 3165 1798 3191 sermonem.
1903 3163 2092 3189 Delicatissimis
2105 3162 2222 3189 versibus

1185 3201 1333 3234 exprimere
1360 3201 1451 3227 onmia
1473 3199 1661 3227 conuiuiorum
1689 3207 1799 3233 genera,
1819 3207 2026 3233 coenarumque,
2046 3204 2070 3224 et
2095 3199 2223 3225 adulteria

1184 3237 1240 3263 Cic.
1256 3236 1284 3262 in
1297 3236 1382 3263 Pison.
1396 3243 1439 3270 70.
1510 3236 1626 3262 Delicata
1639 3235 1694 3261 vita
1714 3235 1769 3261 Cic.
1783 3234 1866 3260 Tusc.
1881 3243 1896 3260 2
1912 3244 1932 3260 c.
1948 3243 1978 3260 11.
2048 3233 2181 3260 Delicatae
2195 3239 2221 3260 et

1183 3271 1309 3298 obscenae
1321 3271 1470 3306 voluptates
1508 3272 1565 3298 Cic.
1578 3269 1610 3296 de
1625 3271 1687 3297 Nat.
1703 3270 1782 3296 Deor.
1799 3278 1817 3301 1,
1831 3278 1862 3295 111
1878 3278 1898 3295 c.
1911 3278 1955 3303 40.
2026 3268 2122 3295 Molles
2140 3276 2165 3296 et
2179 3269 2223 3296 de-

1183 3308 1274 3334 licatae
1287 3307 1435 3341 voluptates
1455 3307 1509 3333 Cic.
1523 3307 1555 3332 de
1568 3306 1629 3332 Nat.
1639 3306 1719 3332 Deor.
1736 3314 1753 3336 1,
1766 3314 1802 3335 113
1815 3314 1835 3330 c.
1844 3314 1888 3337 40.

1220 3349 1238 3368 D
1247 3350 1263 3370 E
1272 3349 1289 3368 L
1299 3351 1307 3369 1
1319 3349 1335 3369 c
1345 3350 1425 3370 ATv
1435 3349 1452 3368 1.
1465 3349 1485 3368 v
1496 3350 1525 3374 s,
1540 3351 1554 3368 a
1563 3361 1571 3374 ‚
1591 3351 1645 3368 um.
1676 3340 1736 3367 Adi.
1772 3340 1887 3374 Apuleio
1903 3338 2023 3365 tribuitur
2036 3350 2043 3364 :
2079 3346 2154 3377 negat
2178 3342 2222 3367 In-

1181 3378 1228 3405 dcx
1243 3378 1346 3405 Floridi.

1218 3420 1236 3440 D
1245 3421 1262 3441 Ε
1270 3422 1286 3440 L
1298 3421 1307 3440 1
1317 3420 1333 3440 c
1343 3414 1391 3440 ᾹΤ
1400 3420 1426 3439 E.
1447 3411 1515 3438 Adu.
1553 3413 1564 3443 [
1571 3412 1708 3446 τρυφερῶς]
1744 3411 1860 3437 Delicate
1868 3409 2000 3436 coenitare
2021 3411 2098 3438 Varr.
2108 3410 2139 3437 de
2148 3412 2178 3437 R.
2188 3411 2219 3438 R.

1181 3458 1205 3482 3,
1219 3458 1245 3482 4.
1316 3449 1453 3476 Recubare
1467 3447 1586 3474 molliter
1599 3454 1624 3474 et
1637 3448 1746 3473 delicate
1767 3447 1821 3472 Cic.
1836 3445 1867 3471 de
1879 3446 1953 3471 Orat.
1966 3455 1989 3478 3,
2004 3447 2047 3472 60.
2102 3447 2222 3473 Delicate

1182 3492 1208 3511 et
1219 3484 1338 3511 molliter
1350 3485 1444 3511 viuere
1463 3484 1518 3510 Cic.
1534 3483 1585 3509 Off.
1600 3492 1609 3508 1
1624 3492 1645 3508 c.
1658 3491 1698 3514 30.
1770 3479 1900 3507 Columel.
1915 3489 1947 3513 11,
1962 3489 1981 3511 i,
1995 3490 2022 3507 21
2046 3481 2162 3514 Cultam,
2176 3491 2219 3508 ve-

1183 3520 1323 3555 stitamque
1340 3520 1468 3547 familiam
1488 3519 1591 3545 Vtiliter
1610 3519 1693 3552 magis
1707 3516 1815 3548 habeat,
1836 3524 1915 3551 quam
1927 3517 2046 3543 delicate.
2117 3518 2220 3544 Delica-

1182 3557 1235 3582 tius
1254 3556 1310 3582 Sen.
1323 3555 1356 3581 de
1369 3556 1410 3582 Ira
1423 3564 1446 3588 3,
1459 3564 1475 3589 9
1485 3562 1530 3590 pr.

1219 3591 1479 3622 DEL101VM‚ii.
1500 3599 1525 3615 n.
1546 3591 1769 3619 inormem,
1789 3594 1826 3613 ae.
1845 3586 1865 3612 f.
1883 3595 1913 3613 ac
1937 3588 2177 3620 DELiciiss,ei.
2198 3588 2219 3614 f.

1182 3633 1206 3653 et
1218 3625 1369 3661 vfitatfflime
1382 3630 1408 3652 in
1422 3628 1490 3661 plur.
1511 3629 1716 3654 D13L1C1AE,
1734 3630 1816 3648 arum.
1837 3620 1974 3657 [παιὲᾶκοέ]
2011 3622 2220 3649 oblectamentum

1182 3662 1247 3698 quod
1260 3656 1328 3688 nobis
1341 3664 1464 3697 voluptati
1477 3659 1519 3693 ‹jlse
1525 3660 1588 3694 solet
1596 3678 1603 3690 ,
1623 3657 1699 3692 estque
1712 3658 1832 3684 hominum
1842 3677 1849 3688 ‚
1866 3666 1888 3683 ei
1901 3658 2021 3693 quidquid
2037 3660 2069 3690 est
2078 3678 2086 3690 ,
2105 3668 2150 3694 quo
2164 3661 2219 3694 quii·

81 3701 147 3730 erit,
160 3696 207 3733 scd
217 3696 354 3732 Iausflori's
368 3704 389 3721 ct
402 3699 498 3728 virtus,
515 3700 658 3728 delibatum
673 3699 724 3735 effe.
762 3700 808 3727 Sed
822 3707 903 3735 nempe
913 3697 1024 3733 praestat
1038 3700 1171 3726 alter-amo
1182 3696 1332 3729 obleciaticr,
1351 3699 1489 3733 appellatio.
1526 3693 1639 3720 Martial.
1652 3701 1685 3724 13,
1697 3698 1729 3725 98
1742 3693 1796 3726 (al.
1810 3696 1863 3725 99)
1885 3694 2018 3719 Delicium
2037 3703 2119 3727 paruo
2139 3693 2218 3719 dona-

82 3733 155 3760 lestio
165 3752 174 3765 ,
192 3733 303 3759 Merulae
317 3735 389 3758 etiam
404 3731 519 3765 laudata,
532 3735 660 3763 Illibatus.

83 3769 151 3802 nor)
173 3765 288 3795 Iutae—ius
300 3770 458 3802 incorruptus
467 3787 475 3799 ,
492 3768 608 3797 illibatus.

118 3810 289 3830 DELIBAM
300 3809 346 3829 EN
357 3810 407 3830 rrv
416 3810 456 3835 M,
477 3803 495 3829 i.
513 3812 540 3830 n.
573 3806 630 3832 Val.
649 3807 721 3834 Max.
739 3815 765 3839 2,
784 3809 811 3838 6,
825 3811 838 3836 8
863 3804 964 3832 Defufis
977 3803 1114 3832 Mercurio

82 3837 271 3865 delibamentis,
287 3841 305 3865 i.
320 3839 485 3865 libaminibus.

733 3735 879 3767 Delibutus,
898 3735 942 3762 hoc
955 3732 988 3767 est
1003 3734 1054 3768 (vt
1066 3736 1118 3769 opi-

117 3879 136 3901 B
145 3880 185 3901 Et..
194 3879 305 3901 1ΒΑΤ1
318 3880 336 3900 ο
347 3894 355 3906 ,
375 3874 442 3902 onis.
457 3874 480 3903 f.
516 3874 631 3902 Florent.
641 3864 678 3902 *in
695 3876 713 3904 l.
734 3877 861 3911 Legatum
879 3876 915 3904 est
934 3875 967 3902 D.
981 3874 1012 3902 de
1025 3875 1087 3910 ch.
1102 3883 1165 3914 1105
1177 3885 1197 3908 2,
1211 3884 1239 3909 4,
1252 3884 1275 3908 13
1296 3875 1390 3903 Otium
1402 3872 1449 3900 vbi
1462 3871 1523 3934 eqit,
1538 3876 1595 3899 tum
1610 3871 1661 3898 tibi
1674 3880 1781 3906 operam
1795 3870 1858 3898 ludo
1872 3877 1898 3897 et
1911 3870 2018 3897 deueiae
2032 3868 2109 3896 dabo.
2162 3868 2219 3895 Pia„

231 3916 313 3938 vot..
334 3911 372 3938 11.

1512 3729 1626 3755 Martial.
1640 3736 1664 3762 7,
1679 3737 1714 3761 49
1733 3729 1882 3765 insontem,
1899 3729 1992 3755 Gloria
2006 3730 2158 3761 conspicuae
2175 3729 2218 3754 de-

1180 3770 1326 3803 liciumque
1338 3768 1439 3794 domus.
1510 3764 1641 3790 Delicium
1650 3764 1794 3797 digamma,
1813 3765 1876 3799 qimi!
1887 3765 2003 3790 laudatur
2016 3774 2044 3790 ex
2057 3766 2111 3790 Cic.
2126 3766 2178 3790 Att.
2192 3773 2220 3796 9,

1182 3815 1198 3837 9
1219 3805 1309 3830 nullum
1323 3804 1364 3837 ist.
1411 3804 1514 3836 Legitur
1535 3810 1613 3830 cmm,
1633 3800 1694 3825 Deli
1719 3806 1792 3826 tuum
1817 3801 1969 3833 Digamma,
1990 3810 2014 3825 υ.
2038 3810 2063 3827 υ,
2134 3800 2216 3825 Plaut.

1181 3839 1295 3867 Trucul.
1310 3848 1332 3871 5.
1346 3848 1365 3870 i,
1379 3846 1412 3869 29
1436 3839 1467 3862 At
1481 3843 1530 3869 ego
1541 3834 1573 3862 ad
1587 3842 1611 3861 te
1626 3834 1706 3861 ibam.
1744 3843 1765 3862 s.
1786 3834 1817 3861 ad
1833 3844 1874 3860 nie
1888 3834 1982 3861 delicia
1997 3836 2005 3860 ἓ
2061 3833 2216 3860 Ρ13111.Κ11ἀ.

1183 3733 1223 3760 bis
1238 3732 1356 3760 Dorcada
1372 3741 1441 3759 nato.

2160 3904 2216 3931 enit
