2479 4225
18 169 241 255 ,ὅσς’
419 188 692 230 FAR
953 236 960 239 8
1507 183 1783 225 FAS
2093 190 2173 228 60⁶

17 258 19 279 Α

16 284 19 351 Ι
45 289 127 311 tuum.
196 279 344 311 Ordeaeea,
364 276 417 305 vid.
438 283 459 304 0
470 284 488 304 R
498 283 517 304 D
526 285 542 305 E
551 285 573 304 A
582 283 599 304 c
609 272 686 305 isv's.
756 275 881 310 Siliginea
913 272 979 300 Plin.
994 277 1029 306 ¹8,
1048 283 1072 307 9.
1138 274 1205 301 folia
1220 274 1312 301 fai-feri
1336 288 1382 294 --
1401 282 1434 299 ne
1446 272 1477 300 ad
1492 272 1584 300 fundas
1597 273 1682 300 viscus
1694 271 1896 300 adhaeresceret.
1967 274 2085 310 Vir-gulti
2094 283 2175 309 genus

46 315 192 347 Martial.8',
205 317 233 341 16
257 315 289 340 Et
300 321 392 348 panem
405 313 484 346 facis,
503 319 529 340 ct
541 314 605 340 facis
619 313 741 340 farinam.
888 306 908 344 ff
928 318 941 334 2
978 309 1074 335 Farina
1139 311 1191 341 est,
1217 313 1299 345 inlinit
1315 309 1410 336 Festus.
1474 309 1548 344 Conf.
1570 310 1676 335 Tui-neb.
1696 307 1799 344 Aduersl
1818 318 1857 341 15,
1876 319 1901 342 7.
1943 317 1966 335 ct
1987 311 2051 337 Plin.
2073 320 2120 343 24,
2142 318 2175 343 15.

45 357 116 381 esiam
127 351 241 378 Aliarum
253 359 335 375 rerum
342 350 429 384 puluis
441 358 489 375 non
504 350 628 375 Frumenti
642 355 748 379 tamum,
766 346 867 372 dicitur.
939 345 989 374 Sic,
1003 345 1073 371 Mar·
1139 346 1157 371 F
1161 346 1215 371 ulia
1234 347 1291 372 suut
1310 344 1404 372 farferi
1424 349 1449 370 ct
1466 353 1549 378 nugae
1570 353 1657 371 merae
1686 344 1755 378 Lips.
1769 343 1848 377 Epist.
1862 344 1914 376 Qi-
1934 353 1959 375 2,
1981 354 2021 372 22.
2057 347 2107 382 legi
2120 348 2175 372 vult

45 388 126 416 moris
138 385 221 412 farina
244 385 309 411 Plin.
323 393 361 416 3²,
373 392 399 418 7.
471 384 582 411 Pumicis
594 384 679 410 farina
703 382 741 409 Id.
757 390 795 415 14,
808 388 850 406 22.
876 385 908 419 *ct
923 387 966 411 23,
978 388 995 412 9
1023 380 1073 405 Fo-
1138 381 1216 415 Apul.
1230 382 1311 407 Mem
1324 390 1348 414 p.
1359 381 1412 410 106,
1427 384 1440 408 8
1473 379 1520 406 Sed
1531 383 1679 416 ineptiarum
1689 377 1829 415 postulatur
1841 378 1871 404 ab
1886 379 1992 405 elmenh.
2013 384 2054 416 qui
2067 385 2176 414 retinet,

45 423 83 450 lia
100 421 211 454 (myrti)
231 419 355 446 siccantur
369 420 396 446 in
409 420 532 452 farinam,
552 428 618 454 quae
632 418 788 453 inspergitur
801 414 942 441 vlceribus.
994 415 1075 441 Semi·
1097 419 1111 446 5
1140 416 1217 442 Folia
1231 417 1288 442 sunt
1302 416 1379 446 ariis,
1404 417 1423 441 i.
1438 423 1478 440 rci-
1494 415 1584 441 nullius
1594 418 1673 450 pretii
1691 421 1737 441 etc.

44 459 85 486 nis
95 457 142 486 lini
153 455 238 482 farina
261 455 380 482 Scribon.
395 461 445 489 187.
516 454 669 482 Prouerbiale
681 452 713 486 cst
725 451 787 479 illud
798 450 865 476 Pers.
877 456 907 482 5,
920 456 958 482 115
990 450 1017 477 Si
1030 456 1074 483 tu,
1179 457 1194 477 F
1206 459 1227 478 A
1238 458 1255 477 R
1265 458 1281 478 Γ
1291 459 1309 477 v
1319 458 1339 478 G
1350 459 1358 476 1
1368 458 1386 477 v
1396 456 1420 476 M
1429 469 1438 481 ‚
1457 450 1476 475 i.
1501 458 1526 475 n.
1570 452 1663 483 Arbor,
1676 459 1734 486 quae
1743 456 1766 476 et
1772 449 1938 477 Chamaeleuce
1950 448 2051 476 dicitur.
2107 452 2174 479 Plin.

45 502 103 521 eum
115 492 195 518 fueris
209 491 310 518 nostrae
324 490 414 525 paullo
427 497 486 517 ante
500 491 608 517 farinae.
634 493 652 515 i.
663 490 774 525 generis,
790 488 882 521 gregis·
1140 494 1187 520 24,
1209 495 1232 519 15
1272 486 1480 513 Chamaeleucen
1503 485 1571 518 apud
1591 495 1637 512 nos
1657 487 1790 512 fari-anum
1807 484 1860 511 siue
1884 484 2041 519 Farfugiuui
2065 494 2173 513 vocant:

79 525 123 555 1³‘A
132 534 150 553 R
160 534 169 553 1
179 532 200 552 N
209 533 229 552 V
240 533 255 551 L
265 533 286 553 A
295 546 303 559 ,
323 535 361 552 ae.
383 526 403 552 f.
439 526 540 553 Dimin.
595 525 672 558 Vulg.
686 524 796 556 Interpr.
814 529 823 547 1
839 522 902 554 Reg.
918 527 955 582 ᾖ,
968 529 1001 553 13.
1140 522 1254 548 nascitur
1267 523 1338 548 secus
1349 521 1446 547 fluuios
1460 520 1528 546 solio
1541 521 1652 555 Populi,
1672 521 1713 547 scd
1728 520 1866 555 ampliore.

51 580 62 594 a
78 567 257 590 FAR1NAc
268 568 351 594 Evs,
366 570 397 594 a,
417 570 471 588 um.
508 561 568 588 Adi.
603 555 768 594 [α’λευρώδης]
806 555 917 592 Qodfa
947 566 985 582 um
999 554 1032 590 est
1044 566 1073 583 ex
1177 564 1193 583 F
1202 565 1222 584 A
1233 564 1308 589 R1s,
1326 558 1366 583 vel
1377 556 1449 587 fare,
1469 555 1556 587 fatur,
1568 556 1636 591 sari.
1673 556 1750 591 wis,
1769 555 1845 591 φησί]
1889 556 1975 591 Loqui.
2030 554 2176 590 Quanquam

37 597 140 636 jarina.
183 598 240 623 Vct.
255 597 389 623 Onomast.
1093 603 1121 622 10
1140 594 1226 619 Varro
1240 592 1267 618 de
1280 593 1309 619 L.
1319 593 1348 618 L.
1363 600 1386 625 5,
1397 599 1413 625 7
1426 600 1449 624 p.
1465 598 1512 622 54,
1529 598 1550 616 ιι
1583 594 1649 617 inter
1667 592 1727 618 Fari
1745 598 1769 617 et
1783 591 1870 626 Loqui
1889 591 1933 617 boc
1952 589 2061 623 interesse
2068 589 2177 625 scribit,-

79 639 200 660 FARIN
211 639 231 659 A
242 638 261 658 R
271 640 280 658 1
291 638 311 658 V
321 639 350 665 s,
368 641 397 663 a,
414 641 469 658 um.
506 630 564 658 Adi.
600 626 786 663 [οἶλενριτικᾶς]
833 626 907 662 Qud
918 626 1076 662 adfarinam
1139 628 1203 664 quod
1218 629 1296 654 Fatur
1310 628 1348 660 is,
1372 626 1426 659 Qui
1446 626 1561 660 primum
1580 626 1662 653 honio
1673 626 1870 661 significabilem
1890 635 1937 653 ore
1957 625 2055 652 emittit
2069 633 2177 655 voccm;

0 669 12 701 k
37 671 155 706 pertinet.
227 667 292 694 Plin.
307 673 347 700 18,
366 676 389 694 11
421 667 559 694 Farinario
576 664 665 690 cribro
681 663 848 689 subcernunt.
904 663 985 688 Habet
1001 665 1074 688 etiam
1141 663 1181 690 Ab
1194 671 1236 695 eo,
1248 669 1307 689 ante
1321 671 1400 696 quam
1417 661 1454 687 ita
1477 661 1591 694 faciant,
1611 662 1687 696 pueri
1705 662 1829 688 dicuntur
1847 661 1970 688 Infantes.
2004 667 2028 687 et
2047 670 2072 695 p.
2087 668 2129 693 55,
2147 669 2176 686 10

0 706 4 712 ’
46 705 111 732 Cato
124 703 155 730 de
168 703 238 730 R.R.
251 706 294 737 76,
309 712 331 736 3.
491 699 512 737 ff
533 709 546 726 2
578 697 702 732 Substant.
738 699 919 729 Farinarium,
942 698 1020 724 Locus
1033 698 1076 724 vbi
1140 699 1230 733 Loqui
1242 697 1275 724 ab
1290 698 1350 724 loco
1370 696 1487 728 dietum,
1508 697 1581 731 quod
1595 698 1642 732 qui
1655 698 1743 732 primo
1757 698 1855 724 dicitur
1869 698 1936 729 fari,
1960 702 1985 723 et
2003 695 2132 724 vocabula
2152 702 2178 722 et

43 738 289 774 affirmaturfarina.
326 736 529 771 Vet,Ouoinast-
1140 735 1244 768 reliqua
1263 733 1344 759 verba
1362 732 1444 764 dicit,
1472 737 1611 766 antequam
1633 733 1680 759 suo
1703 733 1820 768 quidque
1841 733 1901 759 loco
1923 741 1954 758 ea
1977 732 2063 758 dicere
2085 731 2178 766 potest.

80 781 96 801 F
105 781 126 801 A
135 781 153 801 R
162 781 171 800 1
181 774 251 801 N6s
261 780 281 799 v
290 781 303 801 s
312 793 321 806 ,
336 783 366 806 a,
390 782 443 800 um.
479 771 540 797 Adi.
596 770 689 804 chet.
704 777 727 801 2,
741 777 782 801 3ο,
794 777 804 795 1
827 767 973 795 Atheroma
987 768 1023 795 est
1035 773 1075 795 tu-
1094 779 1119 805 15
1141 770 1229 804 Paffim
1241 775 1322 795 tamen
1335 768 1396 794 Fari
1409 767 1486 801 loqui
1498 768 1542 793 cst.
1613 768 1688 803 Virg.
1704 770 1767 794 Aen.
1782 771 1799 794 6
1811 775 1855 803 pr.
1890 768 1931 794 Sic
1943 768 2013 793 fatur
2025 767 2177 799 lacrimans,

45 809 92 837 ber
103 809 131 835 in
143 818 196 844 quo
210 810 229 836 F
231 810 333 836 arinosa
344 807 477 843 congeries
491 805 631 840 reperitur.
656 808 675 831 ι’.
686 804 793 840 farinae
798 803 900 838 fimilis.
1140 805 1258 839 clamque
1271 804 1394 830 immittit
1407 802 1528 829 habenas.
1601 803 1656 830 Cic.
1671 804 1701 830 T
1704 804 1754 830 use.
1769 812 1791 837 2,
1804 812 1835 836 39
1847 812 1869 830 c.
1883 811 1912 838 ¹7
1942 803 2006 829 Non
2019 802 2102 837 potest
2115 802 2179 829 haec

77 851 94 871 F
103 851 125 872 A
134 851 153 871 R
164 851 173 871 1
184 852 206 871 N
215 853 235 872 ν
245 851 286 872 LE
296 852 318 871 N
329 851 397 871 Tvs
408 862 416 873 ,
435 851 466 874 a,
485 850 538 867 um.
558 840 618 867 Adi.
651 840 726 867 Idem.
762 839 911 874 Apul.Met.
920 847 935 871 9
950 848 975 873 p.
983 847 1074 873 222,34
1141 841 1193 867 fari
1207 844 1307 867 tantum
1320 838 1414 870 dietis,
1432 845 1559 873 quantum
1567 839 1644 866 faffls
1658 839 1769 874 suppetit
1782 839 1890 865 laboris.
1945 839 1981 864 Ex
1993 837 2085 872 vetusto
2098 838 2179 864 codice

41 879 213 908 Farinuiento
226 881 314 907 cinere
327 877 432 906 sordide
445 875 586 903 candidati.
619 875 647 902 de
654 876 739 912 struit
753 878 780 901 in
791 876 855 901 mola
867 874 1031 910 versantibus.
1141 876 1266 912 legendum
1280 874 1373 901 chari.
1426 874 1516 901 Editur
1529 874 1608 900 Effari
1629 875 1686 901 Cic.
1706 875 1737 901 de
1750 875 1871 901 Vniuers.
1884 881 1912 906 35
1946 873 2021 900 Tum
2041 873 2073 899 ad
2091 882 2137 900 cos
2156 873 2179 899 is

77 921 180 942 FARC
192 922 247 949 10,
266 915 301 948 fl,
319 920 388 944 tum,
411 913 452 939 vel
467 918 497 938 vt
514 913 561 939 alii
579 912 678 943 volunt,
701 910 788 943 cium,
813 913 861 937 ire.
897 910 1075 945 [ἕμπλοίττω]
1142 913 1229 943 Deus,
1247 911 1294 945 qui
1307 910 1398 936 omnia
1412 909 1519 943 genuit,
1539 910 1625 942 fatur,
1642 911 1715 936 Haec
1731 919 1795 942 vos,
1814 917 1860 936 etc.
1931 908 1970 935 Id.
1989 910 2072 936 Tusc.
2092 916 2119 941 5,
2138 909 2179 935 116

41 951 146 987 Proprie
159 949 192 985 est
204 952 335 981 Saturam,
361 947 429 984 quafi
447 948 526 974 Farre
545 947 670 982 implere,
684 946 716 982 sa
735 949 821 978 inare,
834 948 928 981 pingue
944 952 967 971 et
985 946 1075 981 obesam
1088 961 1124 979 20
1140 947 1264 981 Epicurei
1276 945 1360 972 nostri
1372 945 1470 971 Graece
1484 945 1535 971 fari
1547 946 1681 978 nesciunt,
1705 953 1752 971 nec
1772 945 1867 971 Graeci
1878 944 1980 970 Latine.
2052 946 2108 979 Age
2124 944 2179 970 fare

33 985 134 1023 facere.
203 985 331 1014 Columel.
347 988 370 1016 8,
384 991 411 1017 7,
424 991 442 1016 4
468 984 538 1010 Nam
550 983 599 1014 illi,
613 982 661 1017 qui
679 955 771 1008 voiimt
789 989 843 1007 non
861 981 945 1007 solum
958 982 1073 1015 opimas,
1140 981 1249 1009 viciffim
1280 982 1356 1015 Virg.
1375 981 1440 1006 Aen.
1460 983 1492 1012 6,
1513 989 1561 1013 531.
1634 981 1698 1007 Fare
1710 989 1757 1015 age
1790 980 1829 1006 Id.
1844 978 1909 1005 ibid.
1921 988 1948 1011 3,
1967 981 2024 1011 360.
2078 981 2178 1006 Auson.

41 1021 85 1048 sed
97 1022 177 1049 etiam
190 1028 289 1049 teneras
298 1027 359 1045 aues
372 1017 491 1051 efficere,
517 1018 615 1045 mulsea
635 1023 738 1045 recente
750 1025 817 1051 aqua
830 1015 960 1051 praediciti
973 1017 1074 1050 generis
1141 1019 1241 1044 Parent.
1254 1024 1283 1049 5,
1302 1025 1321 1043 ι.
1391 1016 1458 1043 Puer
1470 1016 1571 1042 nescius
1583 1015 1636 1043 fari
1668 1017 1734 1042 Hor.
1748 1016 1836 1041 Carm.
1849 1025 1876 1049 4,
1890 1016 1916 1045 6,
1929 1020 1963 1044 18.
2111 1013 2142 1051 fl
2162 1024 2178 1041 2

40 1056 155 1083 farinam
168 1058 355 1091 conspergunt,
375 1060 400 1080 et
412 1054 449 1081 ita
462 1054 585 1081 farciunt.
656 1054 698 1081 Sic
716 1053 791 1079 Varr.
804 1052 837 1078 de
857 1053 888 1078 R.
904 1052 935 1078 R.
955 1060 986 1084 2,
998 1060 1027 1085 5,
1045 1061 1073 1078 ιο
1141 1052 1198 1089 Obs.
1235 1053 1288 1079 For
1314 1052 1364 1086 (in
1377 1055 1462 1086 prima
1480 1051 1607 1086 persona)
1634 1059 1696 1078 raro
1720 1050 1857 1077 inuenitur
1901 1048 2024 1075 Diomed.
2044 1057 2053 1074 1
2075 1058 2100 1083 p.
2123 1057 2178 1084 375.

39 1092 147 1119 Parcite
159 1092 268 1127 pecudes
279 1090 311 1116 ad
325 1089 454 1116 vioimas.
527 1090 558 1116 Et
570 1090 636 1116 Cato
651 1098 672 1115 c.
680 1093 720 1121 89.
755 1091 786 1114 it.
799 1096 842 1120 90.
867 1090 898 1113 it.
915 1088 1001 1114 Varro
1013 1097 1036 1120 3,
1048 1096 1074 1120 9.
1140 1087 1206 1121 Paff.
1243 1088 1348 1115 Sueton.
1361 1087 1426 1122 apuli
1439 1087 1560 1114 Priscian.
1573 1092 1586 1116 8
1600 1095 1623 1121 p.
1637 1093 1686 1121 793
1706 1092 1770 1113 extr.
1795 1085 1862 1112 Fasti
1876 1083 1930 1110 dies
1945 1085 2003 1110 sunt
2012 1104 2020 1115 ,
2039 1084 2068 1110 in
2081 1085 2178 1119 quibus

39 1134 84 1155 20.
222 1124 251 1188 Ξ
271 1135 283 1152 2
318 1126 377 1152 Cum
389 1125 531 1161 quibusdam
545 1124 692 1151 animalibus
702 1123 769 1150 cibus
781 1123 928 1150 intrudatur
938 1142 948 1155 ,
967 1130 995 1149 vt
1008 1124 1075 1159 anse—
1091 1135 1124 1162 23
1141 1125 1182 1151 ius
1195 1123 1281 1156 fatur,
1303 1123 1330 1149 id
1343 1122 1379 1148 est
1387 1141 1395 1153 ,
1413 1122 1510 1149 dicitur
1519 1142 1527 1155 ,
1546 1127 1576 1148 vt
1594 1121 1687 1148 nefasti
1701 1121 1730 1148 in
1743 1121 1840 1155 quibus
1852 1128 1907 1146 non
1919 1117 2025 1145 dicitur.
2108 1132 2109 1135 =

39 1161 125 1194 ribus,
143 1161 227 1189 binc-a
256 1164 308 1188 vim
313 1161 418 1194 similem
437 1161 558 1197 refertur.
593 1169 618 1186 υ.
633 1169 658 1196 g.
677 1159 735 1185 Sen.
748 1159 827 1199 Epist.
841 1167 870 1193 71
902 1159 1014 1192 Lignum
1034 1165 1074 1185 to·
1177 1165 1193 1185 F
1204 1165 1346 1191 ARlOR,
1367 1157 1421 1190 firi,
1457 1158 1538 1184 etiam
1555 1166 1604 1192 pro
1625 1157 1686 1184 Fari
1708 1162 1810 1183 veteres
1830 1155 1867 1183 vfi
1888 1156 1960 1185 sunt,
1980 1153 2038 1187 teste
2050 1154 2179 1181 Diomede

40 1202 96 1225 tum
106 1197 135 1223 in
148 1197 236 1231 gulam
249 1196 336 1228 farsit,
360 1203 385 1223 et
404 1196 432 1222 in
450 1194 587 1231 praeclusis
605 1194 724 1221 faucibus
745 1194 867 1229 spiritum
888 1194 963 1220 elifit.
1032 1195 1075 1222 Sic
1133 1194 1231 1230 fifides
1245 1194 1328 1220 Paullo
1350 1194 1461 1220 Merulae
1474 1194 1501 1219 de
1515 1193 1598 1229 Legib.
1611 1194 1681 1220 Rom.
1693 1202 1729 1224 12,
1740 1202 1755 1224 3
1768 1199 1797 1228 p.
1812 1202 1858 1226 ¹47
1893 1190 1937 1217 vbi
1956 1190 1984 1216 in
2003 1190 2060 1224 lege
2080 1190 2180 1216 decem-

40 1233 154 1262 Pannum
167 1233 262 1259 farcire
276 1233 304 1258 in
317 1241 362 1264 os,
381 1239 429 1267 pra
443 1232 552 1268 Infirere
583 1231 641 1257 Sen.
660 1229 692 1256 de
712 1231 753 1256 Ira
765 1238 794 1262 3,
807 1238 844 1263 19.
914 1230 979 1256 Plin.
995 1230 1072 1264 Epist.
1140 1230 1221 1257 virali
1235 1229 1302 1265 apud
1315 1230 1345 1255 A.
1359 1229 1426 1255 Gell.
1441 1236 1463 1261 15
1475 1249 1485 1261 ,
1507 1237 1531 1261 13
1566 1230 1628 1265 legit
1648 1228 1677 1255 ni
1700 1228 1883 1255 testimonium
1906 1226 2031 1257 fariatur,
2065 1228 2084 1252 i.
2092 1226 2180 1262 fatur.

0 1269 3 1301 ᾗ
41 1277 81 1301 10,
92 1272 135 1301 48,
147 1276 166 1301 4
198 1268 311 1295 Parietes
324 1267 406 1294 medii
418 1273 552 1294 caemento
565 1266 636 1292 farti.
705 1266 812 1292 Vitruu.
825 1274 855 1298 2,
869 1271 882 1294 8
916 1265 964 1291 Sed
976 1266 1076 1298 nostri,
1140 1266 1187 1294 Sed
1201 1267 1277 1292 locum
1294 1264 1421 1292 Diomedis
1434 1274 1480 1290 non
1494 1267 1608 1296 inuenio,
1630 1270 1653 1290 et
1667 1270 1723 1290 eunt
1739 1267 1766 1289 in
1776 1270 1864 1299 partes
1876 1261 1910 1289 ad
1925 1261 2027 1287 Gellium
2034 1261 2135 1288 Critici.

41 1303 167 1331 celeritati
174 1303 318 1334 studentes,
335 1303 421 1330 ereeh
435 1302 591 1329 collocantes
604 1300 739 1328 frontibus
751 1301 884 1333 seruiunt,
902 1306 928 1327 et
942 1302 970 1327 in
983 1301 1074 1327 medio
1092 1312 1125 1337 30
1178 1307 1195 1327 F
1207 1308 1228 1327 A
1237 1308 1257 1327 N
1269 1307 1298 1333 S,
1314 1301 1346 1327 is.
1383 1300 1476 1326 Partic.
1512 1298 1600 1334 [φοὶς]
1637 1300 1753 1334 Propert.
1768 1308 1791 1332 3,
1805 1307 1832 1334 7,
1846 1301 1880 1325 62
1905 1296 2040 1323 Subtrahit
2052 1296 2115 1323 haec
2126 1297 2180 1324 fan-

5 1340 10 1347 ‘
25 1347 29 1350 ’
42 1339 168 1371 farciunt,
182 1338 274 1366 fai-&is
286 1338 424 1373 separatim
437 1347 496 1365 cum
503 1337 614 1365 materia
627 1337 776 1364 caementis.
828 1338 920 1370 Itaque
934 1343 984 1363 tres
998 1337 1075 1372 susci·
1141 1343 1194 1364 tem
1208 1342 1279 1363 torta
1293 1336 1424 1370 vertigine
1439 1334 1540 1362 fludius.

0 1386 2 1390 ³
42 1379 128 1403 untur
138 1373 167 1401 in
180 1383 210 1401 ea
222 1374 350 1403 struetura
362 1373 475 1406 crustae,
495 1373 562 1400 duae
574 1372 716 1405 frontium,
733 1379 759 1399 et
772 1381 822 1399 vna
835 1371 922 1399 media
935 1372 1074 1399 fareiurae.
1176 1378 1193 1399 F
1203 1378 1256 1400 AT
1265 1379 1286 1398 v
1295 1378 1323 1403 s,
1339 1380 1370 1404 a,
1390 1380 1444 1397 uin.
1479 1369 1560 1397 Aliud
1570 1369 1665 1396 Partic.
1702 1368 1808 1404 [εἰπὼν]
1850 1367 1926 1403 Virg.
1936 1368 2000 1394 Aen.
2014 1376 2047 1400 2,
2061 1376 2110 1401 392

0 1425 2 1428 ν
47 1409 113 1439 Add.
125 1409 157 1436 ih.
165 1416 222 1446 pa.
283 1409 332 1437 Sed
342 1409 406 1445 quod
416 1409 532 1436 laudatur
545 1409 627 1435 Plaut.
643 1407 718 1442 Epid.
731 1416 755 1441 3,
766 1417 795 1440 4,
808 1416 837 1440 19
861 1407 936 1442 Quin
949 1413 977 1434 tu
991 1408 1074 1435 alium
1297 1407 1339 1434 Sic
1357 1407 1440 1439 fatus,
1456 1405 1551 1432 deinde
1570 1411 1719 1432 comantem

0 1457 3 1462 ³
46 1453 158 1481 quaeras,
174 1446 221 1480 qui
234 1450 356 1472 centones
370 1444 475 1477 sarcias,
487 1444 614 1481 legendum
627 1444 728 1470 sarcias.
770 1444 828 1470 Vid.
843 1450 913 1470 CEN
923 1450 944 1470 T
954 1450 983 1470 ο.
1295 1442 1431 1476 Androgei
1450 1441 1566 1476 galeam,
1584 1441 1722 1475 clypeique
1740 1439 1839 1474 infigne
1859 1438 1985 1466 decorum

60 1485 62 1487 ’
77 1485 121 1507 FA
129 1487 147 1506 R
155 1487 204 1507 TV
212 1488 225 1508 s
233 1500 241 1512 ,
257 1480 311 1515 fiue
331 1487 347 1507 F
355 1487 403 1507 AR
411 1487 428 1508 C
437 1486 458 1506 T
467 1487 488 1507 v
496 1487 509 1507 s
517 1500 526 1512 ,
549 1489 579 1512 a,
602 1489 657 1505 um.
695 1479 787 1506 Partic.
815 1479 1075 1514 „[i,‹mn>.oee‚m'v0;]
1092 1490 1122 1518 35
1294 1478 1426 1505 Induitur.
1757 1476 1798 1502 Sic
1810 1475 1862 1501 fata
1873 1476 1989 1501 euaserat
2022 1473 2097 1508 Virg.
2113 1474 2180 1501 Aen.

40 1514 96 1541 Cic.
109 1516 185 1543 Verr.
198 1523 227 1549 5,
240 1524 275 1551 27
294 1525 316 1542 c.
332 1524 353 1542 ιι
383 1516 487 1542 Lectica
506 1514 657 1549 oetophoro
677 1514 827 1545 ferebatur,
846 1514 876 1540 in
887 1523 938 1549 qua
952 1515 1077 1550 puluinus
1141 1525 1160 1549 4
1170 1533 1179 1547 ,
1201 1515 1256 1546 685.
1328 1514 1449 1540 Breuiter
1463 1513 1515 1539 fata
1528 1511 1564 1538 est
1598 1510 1636 1538 Id.
1650 1510 1716 1537 ibid.
1731 1514 1746 1537 6
1756 1531 1765 1544 ,
1787 1519 1838 1543 321.
1933 1509 2085 1536 Doc‘tiffima
2107 1509 2181 1536 fandi

0 1559 2 1563 ’
35 1556 93 1577 erat
105 1551 254 1585 perlucidus
267 1551 397 1578 Melitenfi
411 1552 468 1578 rosa
482 1550 590 1577 fai-etus.
660 1549 775 1576 Martial.
790 1554 812 1582 8,
826 1559 864 1583 44
894 1551 986 1576 Fartus
1001 1559 1078 1585 papy-
1140 1550 1178 1577 Id.
1192 1549 1260 1576 ibid.
1276 1558 1314 1582 10,
1327 1557 1383 1582 225.
1454 1549 1593 1582 Tempora
1605 1546 1678 1573 fandi
1692 1546 1839 1572 mollissima
1865 1545 1904 1571 Id.
1920 1544 1987 1571 ibid.
2001 1554 2035 1577 4,
2049 1553 2103 1578 293.

37 1594 70 1613 ro
84 1586 146 1613 dum
158 1587 210 1614 tibi
222 1593 294 1614 torus
307 1587 406 1612 crescit.
474 1585 513 1612 Id.
525 1594 537 1617 3
546 1605 554 1618 ,
568 1590 595 1615 58
622 1585 674 1611 Hic
689 1585 755 1611 farta
769 1586 899 1619 premitur
911 1585 1009 1619 angulo
1027 1588 1076 1613 Ce-
1177 1591 1193 1611 F
1202 1592 1224 1611 A
1234 1591 1256 1611 T
1268 1591 1288 1610 V
1301 1592 1313 1610 s
1324 1604 1332 1617 ,
1353 1584 1392 1612 fis.
1417 1593 1452 1610 m.
1488 1585 1562 1617 Virg.
1575 1584 1639 1609 Aen.
1653 1591 1686 1613 12,
1699 1589 1729 1614 25
1753 1581 1831 1607 Haud
1845 1581 1938 1606 mollia
1952 1581 2016 1606 fatu.
2086 1579 2182 1605 Paulli-

37 1630 79 1648 res
92 1623 176 1648 omni.
247 1622 359 1648 Parietes
379 1621 433 1647 sine
452 1627 586 1647 caemento
603 1620 686 1647 medii
698 1620 762 1646 farti
795 1621 861 1646 Plin.
877 1620 954 1654 Epist.
969 1630 1013 1654 10,
1033 1627 1076 1656 48.
1141 1630 1190 1647 nus
1205 1620 1326 1647 Nolanus
1338 1620 1371 1646 ad
1383 1620 1506 1646 Nicetam
1520 1620 1650 1650 Poem.17,
1665 1619 1724 1649 246.
1758 1624 1781 1642 et
1794 1616 1885 1642 Sidon.
1898 1615 1976 1649 Epist.
1992 1623 2017 1646 9,
2033 1622 2065 1645 13.

37 1657 208 1684 Ventriculus
220 1657 302 1684 fartus
315 1656 457 1683 coriandro
481 1656 519 1683 Id.
532 1664 575 1688 29,
587 1664 614 1688 4.
683 1655 702 1681 F
704 1661 758 1682 arta
771 1656 864 1690 opimo
878 1656 982 1688 iecore,
998 1662 1024 1683 et
1039 1658 1074 1683 sa·
1083 1667 1121 1692 40
1176 1662 1193 1682 1³
1203 1663 1255 1683 AN
1264 1662 1283 1682 D
1292 1661 1313 1680 V
1323 1662 1351 1687 S,
1371 1664 1401 1687 a,
1421 1664 1474 1682 um.
1511 1654 1572 1680 Adi.
1614 1653 1740 1686 [φα-νέος]
1796 1650 1934 1686 Qcodfari
1948 1650 2049 1684 dignum
2059 1646 2096 1687 cst
2108 1654 2132 1674 et
2146 1651 2184 1674 iu-

0 1712 2 1717 .
39 1691 103 1718 tiata
116 1693 215 1718 affatim
244 1693 299 1718 Cic.
313 1692 396 1718 Tusc.
410 1700 442 1724 2,
453 1700 498 1725 24.
535 1693 572 1717 Ex
589 1693 678 1722 Poeta,
701 1690 730 1717 de
749 1693 833 1726 aquila
852 1692 990 1718 Promethei
1008 1695 1076 1719 iecur
1133 1689 1210 1724 stum.
1280 1691 1342 1717 Liu.
1358 1698 1401 1722 ιο,
1414 1699 1444 1722 41
1471 1690 1510 1715 Ita
1525 1689 1664 1722 Respersae
1678 1687 1771 1716 fando,
1795 1685 1962 1718 nefandoque
1975 1685 2100 1717 sanguine
2113 1692 2182 1710 arae.

38 1726 187 1763 depascente.
241 1727 288 1755 Sed
300 1730 372 1753 etiam
385 1728 476 1754 Fartus
488 1727 585 1753 semine
600 1726 733 1758 cucumis,
759 1729 777 1752 i.
787 1727 876 1761 plenus
889 1727 948 1752 Col.
963 1735 1007 1759 10,
1021 1736 1073 1759 393.
1140 1727 1212 1759 Virg.
1225 1727 1288 1751 Aen.
1304 1734 1329 1756 1,
1348 1733 1395 1759 543
1429 1726 1463 1750 At
1474 1725 1574 1763 sperate
1592 1722 1655 1747 deos
1672 1728 1802 1746 memores
1819 1719 1892 1745 fandi
1913 1726 1991 1753 atque
2011 1718 2125 1744 nefandi.
2162 1722 2182 1744 i.

78 1767 95 1787 F
106 1764 154 1789 AR
164 1769 227 1789 svs
237 1782 246 1795 ,
264 1771 277 1788 a
287 1782 296 1795 ,
314 1771 368 1788 um.
403 1762 494 1788 Partic.
531 1761 607 1788 Idem.
643 1762 865 1795 Hygin.Fab.126
884 1761 979 1786 ViGtor
991 1762 1076 1794 capiet
1138 1759 1203 1785 Iusti
1217 1766 1243 1784 et
1257 1759 1366 1790 iniusti,
1386 1762 1423 1785 ait
1436 1759 1551 1784 Seruius.
1622 1756 1677 1782 Cic.
1690 1756 1723 1781 de
1737 1755 1829 1780 Diuin.
1845 1763 1865 1786 1,
1879 1757 1914 1780 66
1928 1763 1949 1780 c.
1963 1762 1997 1785 29
2029 1754 2126 1789 Neque
2140 1762 2183 1780 me

0 1799 6 1818 ἱ
38 1798 218 1823 ventriculum
230 1798 344 1829 farsum,
368 1796 411 1823 vbi
427 1798 503 1832 plura
520 1797 595 1822 hm'ur
607 1795 709 1831 formae
726 1795 795 1821 dedit
811 1794 971 1821 Munckerus.
1043 1796 1075 1820 Ec
1138 1793 1237 1826 Apollo
1251 1793 1314 1818 fatis
1323 1793 1409 1819 fandis
1422 1794 1534 1818 inuitam
1547 1791 1614 1820 ciet,
1633 1794 1651 1816 i.
1672 1790 1832 1816 enuntiandis
1844 1790 1914 1816 rebus
1922 1790 2034 1825 futuris.
2091 1789 2182 1816 Fando

36 1831 112 1865 Apic.
126 1836 149 1863 8,
163 1838 177 1861 8
209 1832 293 1865 Lepus
305 1832 395 1857 farsus.
1088 1839 1123 1865 45
1138 1830 1261 1862 eleganter
1274 1828 1409 1863 inarpatur
1433 1828 1489 1853 Cic.
1504 1825 1536 1853 de
1543 1827 1578 1853 N.
1594 1827 1626 1852 D.
1641 1834 1660 1858 1,
1674 1831 1702 1855 82
1715 1836 1737 1852 c.
1751 1834 1781 1857 29
1814 1827 1847 1851 At
1860 1834 1922 1851 vere
1935 1834 1968 1851 ne
1981 1824 2089 1859 quidem
2101 1825 2181 1851 fando

76 1871 93 1892 1³
105 1872 153 1892 AR
163 1872 180 1892 c
190 1867 306 1896 iMEN,
323 1865 384 1890 i'nis.
410 1873 436 1890 n.
473 1861 607 1898 [ἄλλοις]
661 1859 807 1895 ΙηιςΙῖὶιιιιηι
826 1864 900 1888 varia
915 1871 947 1888 ac
957 1864 1074 1889 minutim
1137 1862 1258 1889 auditum
1272 1862 1324 1895 cst,
1342 1862 1523 1895 crocodilum,
1544 1861 1679 1893 autibini‚
1699 1867 1743 1887 aut
1757 1861 1834 1886 felem
1848 1860 1978 1886 violatum
1994 1861 2026 1886 ab
2041 1860 2181 1894 Aegyptio,

35 1901 132 1937 concita
144 1909 217 1927 carne
229 1899 359 1935 refertum.
431 1899 507 1925 Varr·
520 1897 552 1924 de
564 1899 594 1924 L·
603 1898 633 1923 L·
645 1906 673 1931 4,
687 1906 720 1924 22
734 1903 796 1932 1³·28
804 1898 840 1932 sq.
866 1897 906 1923 Ab
920 1897 1011 1924 eadem
1019 1898 1072 1925 far-
1137 1901 1157 1925 i.
1179 1899 1239 1925 Alio
1253 1897 1357 1924 dicente.
1431 1899 1460 1924 Et
1474 1898 1547 1932 Virg.
1561 1900 1625 1923 Aen.
1633 1905 1657 1927 2,
1673 1902 1698 1926 81
1730 1897 1819 1922 Fando
1832 1895 1934 1929 aliquid
1946 1895 1964 1921 fi
1976 1895 2045 1921 forte
2056 1902 2111 1921 tuas
2125 1904 2182 1930 per-

36 1942 96 1963 tura
105 1936 245 1962 farcimina
258 1935 325 1962 extis
337 1933 476 1970 appellata:
509 1941 523 1959 a
541 1942 612 1969 quo,
630 1932 702 1967 quod
722 1932 751 1959 in
767 1941 800 1959 eo
817 1933 992 1960 tenuissimum
1007 1933 1073 1960 inte·
1138 1935 1227 1964 venit,
1246 1934 1291 1959 etc.
1322 1933 1371 1969 sed
1384 1933 1451 1959 Ibid.
1467 1942 1492 1959 v.
1502 1937 1517 1958 6
1543 1934 1611 1966 Quis
1624 1932 1686 1958 talia
1700 1930 1780 1957 fando
1805 1931 1952 1965 Temperat
1965 1939 1979 1956 a
1993 1930 2126 1957 lacrimis?
2161 1934 2181 1958 i.

38 1972 134 2004 stipum
147 1971 259 2002 fartum,
285 1969 348 1997 Hila
365 1970 398 1996 ab
417 1969 475 1995 hilo
487 1968 574 2001 dieta,
601 1969 628 1995 id
646 1968 682 1994 cst
701 1968 832 2000 minimo,
858 1974 887 1994 vt
905 1970 942 1995 ait
960 1969 1072 1995 Ennius:
1139 1970 1205 1995 Dum
1218 1968 1267 2003 ipse
1280 1968 1359 2000 dicit,
1382 1970 1422 1994 vel
1433 1974 1531 1994 narrat.

40 2008 135 2042 Neque
157 2005 295 2040 dispendei
319 2005 383 2032 facit
401 2004 497 2031 hilum.
553 2003 634 2037 Qiod
656 2004 685 2030 in
706 2003 756 2030 hoc
778 2003 918 2030 sarcimine
940 2006 1071 2030 summum
1087 2014 1119 2040 50
1175 2009 1327 2035 PAMEN,
1348 2004 1408 2029 ¹inis,
1434 2013 1460 2029 n.
1496 2002 1573 2038 Apud
1587 2003 1758 2033 memorares,
1777 2008 1806 2028 vt
1819 2000 1967 2028 Theodulf.
1982 2009 2008 2034 2,
2023 2004 2076 2034 633.
2132 2003 2182 2029 Eu-

0 2040 3 2069 ἶ
41 2042 172 2078 quiddam*
181 2042 297 2073 eminet,
326 2041 358 2067 ab
379 2049 427 2074 eo,
453 2039 525 2074 quod
542 2046 571 2066 vt
593 2040 622 2066 in
642 2039 726 2074 capite
743 2047 823 2073 apex,
844 2038 971 2074 Apexabo
992 2038 1071 2066 dieia.
1138 2039 1246 2073 genium
1264 2039 1481 2065 Tolet.Carm.1.
1534 2038 1750 2067 Gu.Briton.l.8.
1791 2037 2181 2072 Vid.Daun1.adCaton.p.23,-.

40 2077 139 2106 Amob.
151 2078 210 2104 adu.
223 2082 317 2112 gent.7
332 2085 355 2111 p.
364 2084 414 2108 229
421 2074 472 2112 jin.
499 2075 573 2109 Qud
586 2075 634 2102 fibi
648 2075 710 2101 haec
724 2076 818 2101 volunt
849 2090 894 2095 -—
918 2083 984 2110 quae
997 2076 1026 2101 in
1037 2076 1074 2102 sa·
1175 2080 1191 2100 F
1202 2081 1223 2100 A
1233 2080 1252 2099 R
1262 2081 1271 2100 1
1282 2081 1318 2106 o,
1340 2074 1408 2100 onis.
1428 2084 1464 2100 m.
1504 2075 1600 2109 szcis,
1616 2076 1661 2108 qui
1671 2076 1736 2099 alias
1755 2073 1849 2099 Trutta
1862 2072 1964 2098 dicitur.
2006 2073 2104 2100 Auson.
2122 2075 2181 2100 Mo-

41 2122 146 2155 *erorum
170 2112 315 2153 reconditis
335 2112 436 2146 legibus
456 2110 617 2146 pontificalia
633 2110 770 2152 restituere
792 2109 928 2150 mysteria,
953 2116 978 2136 et
995 2110 1073 2151 rebus
1140 2109 1201 2136 sella
1221 2119 1246 2135 v.
1262 2118 1304 2141 130
1335 2110 1483 2150 Amborum
1498 2108 1588 2135 medio
1601 2108 1671 2135 fario
1686 2109 1828 2143 intercepte
1840 2108 1887 2135 sub
1902 2116 1977 2148 aeuo.

46 2150 172 2176 inseruere
192 2149 310 2175 diuinis?
345 2163 390 2167 —
417 2146 603 2181 Apexaboncs,
632 2146 747 2177 hirciae,
772 2145 916 2178 silicernia,
949 2146 1074 2179 longam?
1177 2150 1194 2171 F
1205 2151 1227 2171 A
1238 2150 1336 2170 RNVS
1346 2162 1354 2175 ,
1373 2155 1392 2171 1.
1414 2148 1433 2171 t.
1470 2145 1554 2171 Arbor
1567 2144 1595 2170 de
1605 2153 1690 2180 genere
1703 2153 1840 2180 quercuum.
1893 2145 1999 2169 Vitruu.
2013 2149 2044 2177 7,
2058 2152 2067 2169 ι
2100 2144 2183 2169 Nam-

48 2185 189 2220 quaesunt
207 2184 315 2210 nomina
335 2189 361 2209 et
382 2183 551 2209 farciminum
574 2190 685 2215 genera,
713 2181 842 2215 hirquino
862 2181 914 2206 alia
931 2181 1072 2215 sanguine,
1091 2188 1120 2215 55
1139 2188 1190 2214 que
1203 2180 1235 2206 de
1249 2188 1342 2211 cerro,
1360 2185 1404 2206 aut
1417 2182 1493 2214 tago,
1514 2180 1558 2206 seu
1570 2180 1662 2211 farno,
1691 2179 1779 2205 nullus
1799 2180 1831 2206 ad
1851 2179 2004 2206 vetustatem
2023 2178 2106 2213 potest
2125 2187 2183 2213 per·

47 2220 208 2247 comminutis
220 2219 270 2246 alia
286 2219 413 2245 inculcata
431 2217 609 2252 pulmonibus.
665 2216 738 2253 Conf.
753 2215 821 2243 Geli.
836 2217 878 2248 16,
897 2224 915 2251 7
946 2216 1074 2244 Laberius
1139 2215 1240 2243 venire.
1295 2216 1362 2242 ΑΜ.
1376 2215 1470 2242 Pallad.
1487 2224 1506 2247 1,
1521 2224 1536 2247 9
1570 2215 1695 2251 Hodieque
1705 2225 1789 2242 nomen
1797 2215 1885 2251 seruat
1898 2217 1925 2240 in
1940 2215 2026 2240 Italia.

46 2269 91 2276 —
108 2254 225 2282 botulum
239 2264 287 2290 pro
302 2254 441 2281 sarcimine
455 2252 577 2288 appellat.
1174 2257 1195 2281 Σ
1205 2259 1226 2278 Α
1236 2258 1255 2278 R
1265 2257 1287 2276 N
1297 2257 1342 2278 ἓν
1352 2259 1365 2278 s
1374 2272 1383 2284 ‚
1399 2261 1413 2278 a
1422 2272 1429 2284 ,
1450 2260 1504 2277 uin.
1537 2250 1597 2277 Adi.
1635 2251 1721 2285 Fungi
1733 2251 1819 2277 sarnei
1844 2250 1918 2285 Apic.
1932 2257 1958 2284 7,
1974 2258 2008 2281 13.

78 2290 396 2322 FAR01M1nvM,i.
413 2298 440 2316 n.
475 2289 761 2316 Morbusiumentorum.
801 2286 1074 2316 Affe&usfatcimino
1175 2293 1433 2319 FARRAcEvs,
1468 2292 1685 2319 FARRAGO,
1713 2291 2060 2318 FARRAGINARiA,
2095 2291 2181 2313 PAR-

41 2324 234 2361 Veget.i,7,2.
288 2327 357 2353 Hinc
928 2326 931 2329 ’
1138 2327 1847 2355 REATIO,FARREVM,FARR1CVLVM,
1874 2327 2049 2353 FARiNA,
2075 2327 2182 2348 FAM—

74 2364 319 2395 FAROEMINosvs,
336 2370 364 2393 a,
382 2371 435 2388 um.
472 2360 532 2388 Adi.
566 2359 851 2397 laboramsarcimino.
886 2361 977 2395 Veget.
991 2369 1010 2393 1,
1023 2368 1076 2396 7,1.
1093 2363 1128 2389 6ο
1141 2366 1162 2385 N
1171 2365 1193 2385 A
1203 2365 1220 2383 R
1234 2365 1274 2384 1V
1285 2366 1297 2384 S
1307 2378 1315 2390 ‚
1350 2358 1402 2385 vid·
1425 2364 1442 2384 F
1453 2365 1473 2384 Α
1483 2365 1512 2384 R·

8 2413 9 2422 1
37 2395 109 2424 Idem
124 2406 143 2429 1,
158 2406 201 2431 14,
216 2407 226 2425 1
252 2398 445 2424 Farciminosus
458 2396 568 2423 morbus
581 2405 595 2422 a
609 2395 781 2422 similitudine
799 2395 946 2423 farciminis
961 2398 1073 2431 appella·
1175 2399 1193 2420 F
1204 2401 1226 2420 A
1235 2401 1254 2420 R
1265 2399 1287 2419 Τ
1299 2400 1308 2419 1
1318 2401 1334 2420 L
1343 2401 1374 2420 IS
1383 2411 1391 2423 ι
1411 2400 1427 2420 F
1439 2400 1461 2420 A
1471 2399 1489 2418 R
1498 2399 1520 2419 Τ
1530 2399 1538 2418 1
1548 2399 1589 2426 M,
1611 2399 1628 2419 F
1639 2399 1660 2419 A
1669 2399 1689 2419 R
1698 2398 1721 2420 Τ
1733 2398 1753 2419 0
1766 2399 1802 2425 R,
1825 2398 2011 2425 FARTVM,
2032 2397 2079 2419 FA
2090 2397 2110 2419 R
2120 2399 2181 2420 Tv-

8 2442 24 2455 z-
37 2436 79 2459 tus
92 2432 150 2459 estr
174 2434 236 2468 quia
249 2433 322 2459 velut
333 2441 379 2466 per
394 2432 487 2458 fistulas
502 2432 625 2466 quasdam
638 2431 708 2457 inter
721 2437 806 2457 cutem
825 2438 852 2458 et
865 2440 968 2459 carnem
982 2441 1073 2459 corru-
1138 2436 1206 2463 RA,
1229 2434 1246 2456 F
1255 2436 1305 2457 AR
1316 2435 1338 2457 Τ
1348 2437 1368 2458 V
1378 2437 1391 2457 S
1400 2449 1409 2462 ,
1443 2428 1499 2456 vid.
1521 2434 1538 2455 F
1547 2435 1597 2456 AR
1608 2434 1626 2456 C
1639 2436 1649 2456 1
1660 2435 1692 2456 Ο.

0 2476 9 2487 ¹¹
35 2473 94 2502 ptus
105 2466 203 2494 humor
215 2473 359 2498 emanat‚et
372 2476 418 2501 per
429 2472 516 2492 totuin
529 2475 622 2500 corpus
636 2466 806 2493 collectiones
818 2467 943 2501 plurimas
956 2468 1072 2495 facitetc.

74 2508 176 2564 FdAtizc
186 2503 198 2529 i
205 2509 272 2534 No,
291 2507 344 2528 are.
397 2502 475 2528 Mart.
488 2502 586 2537 Capell.
598 2509 616 2534 9
647 2502 734 2529 carm.
747 2502 794 2529 vlt.
813 2512 839 2537 p.
852 2506 898 2535 336
927 2503 1022 2530 Fandis
1037 2510 1073 2531 ta·
1531 2503 1556 2535 F
1651 2504 1679 2535 A
1776 2501 1795 2533 S

34 2546 92 2598 cen?
102 2543 296 2599 ῗκιῗιιξιιωιὲιὸΜ
305 2579 342 2604 Α,
359 2572 416 2600 ¹atis.
434 2581 461 2599 n.
498 2573 587 2608 Veget.
596 2579 617 2603 8,
629 2577 668 2606 28,
681 2582 697 2600 2
722 2573 903 2603 Farcinomata
916 2575 1074 2610 praecidere.
1089 2543 1120 2576 6³
1177 2580 1194 2601 Ρ
1208 2581 1228 2602 A
1240 2582 1263 2602 s.
1290 2584 1317 2601 n.
1375 2574 1482 2607 [3έμις,
1499 2570 1619 2606 θεμιτόν,
1638 2571 1781 2604 θέσφατον]
1836 2567 1929 2597 Indecl.
1942 2568 1987 2596 hoc
2006 2574 2104 2596 tantum
2117 2568 2179 2605 Cafic

0 2610 1 2615 ¹
35 2607 86 2636 Sed
95 2617 124 2633 ex
135 2608 192 2635 MS.
203 2608 327 2644 legendum
340 2609 534 2641 Carcinomata,
554 2609 617 2645 quod
625 2608 786 2641 restituimus.
1137 2613 1280 2638 inuenitur-,⁴
1316 2610 1389 2644 Qiod
1396 2613 1466 2644 pium
1479 2607 1528 2641 est,
1548 2614 1571 2634 et
1588 2607 1742 2642 religioficm,
1768 2612 1791 2631 et
1799 2604 1861 2641 fari
1874 2606 1975 2641 dignum
1992 2612 2016 2631 et
2026 2604 2061 2630 ud
2075 2605 2130 2631 deos
2142 2615 2181 2631 re-

0 2646 2 2652 “
71 2649 118 2669 FA
128 2650 146 2669 R
156 2650 177 2670 T
189 2648 208 2669 O
219 2649 254 2676 R,
268 2645 332 2670 oris.
359 2653 394 2671 in.
429 2645 557 2678 [σιτευταὶ
569 2646 627 2671 Vet.
641 2644 703 2678 GL]
745 2646 797 2680 ρέα·
808 2654 865 2671 aues
872 2645 960 2679 farcit
973 2651 997 2670 et
1003 2645 1074 2680 sagi·
1132 2645 1238 2680 firtur,
1251 2644 1319 2677 ficut
1332 2644 1423 2677 Iustum
1436 2643 1470 2669 ad
1481 2644 1599 2669 homines.
1689 2642 1764 2676 Virg.
1777 2641 1876 2676 Georg.
1891 2649 1914 2673 1,
1933 2642 1981 2670 268
2019 2641 2067 2666 Fas
2081 2646 2107 2666 et
2121 2640 2180 2666 iura

35 2685 91 2706 nat.
161 2678 290 2705 Columel.
308 2684 337 2711 8,
350 2686 382 2713 7,
398 2688 407 2705 1
436 2680 562 2714 Pinguem
574 2687 682 2714 quoque
694 2680 779 2705 facere
792 2680 931 2712 gallinam,
950 2680 1073 2713 quamuis
1139 2678 1242 2710 linunt,
1269 2682 1288 2704 i.
1310 2681 1405 2705 Diuina
1423 2686 1446 2705 et
1464 2680 1571 2706 humana
1582 2681 1639 2703 iura
1647 2680 1807 2712 permittunt.
1878 2676 1951 2702 Idem
1968 2676 2065 2710 Georg.
2083 2684 2093 2702 1
2105 2695 2112 2707 ,
2135 2683 2181 2708 505

34 2712 160 2747 sartoris,
184 2723 239 2740 non
251 2714 342 2741 rustici
355 2714 385 2741 sit
396 2713 524 2740 officium.
594 2715 625 2740 Et
644 2717 671 2739 in
689 2714 774 2740 veteri
791 2714 978 2747 inscriptione,
1001 2722 1073 2748 quam
1088 2722 1124 2748 70
1139 2714 1246 2748 Qiippe
1260 2714 1307 2740 vbi
1319 2715 1357 2741 fas
1370 2715 1473 2740 versum
1488 2720 1566 2748 atque
1578 2713 1651 2739 nefas
1661 2732 1669 2743 ‚
1694 2719 1740 2738 etc.
1796 2711 1844 2738 Vbi
1865 2711 1984 2737 Seruius:
2005 2712 2135 2745 Spei-nunt
2149 2711 2181 2737 li-

35 2750 159 2776 Gruterus
165 2756 194 2785 p.
201 2756 246 2784 580
259 2760 284 2775 n.
293 2760 318 2784 15
329 2749 450 2780 adduxit,
469 2751 488 2776 F
497 2750 518 2776 A
527 2749 646 2776 RTOR
667 2750 766 2775 AVIV
775 2749 806 2775 M
823 2751 934 2785 legimui.
1004 2750 1075 2776 Ter.
1138 2750 1189 2775 cita
1197 2768 1205 2781 ,
1225 2756 1376 2783 appetentes
1390 2749 1493 2776 illicita.
1565 2750 1612 2775 Per
1621 2747 1821 2783 prosopopoeiam
1834 2747 1929 2773 Liuius
1942 2746 2009 2782 quast
2022 2749 2098 2773 Deam
2107 2747 2182 2782 facit

0 2793 1 2807 ³
35 2785 101 2813 Eun.
116 2793 146 2817 2,
159 2794 191 2817 Ζ,
203 2789 237 2811 26
266 2786 402 2816 Fartores,
421 2786 575 2820 piscatores,
595 2792 723 2818 aucupes,
747 2791 793 2810 etc.
864 2785 982 2810 Donatus
998 2786 1076 2810 inter—
1140 2793 1165 2816 1,
1180 2793 1210 2816 32
1227 2788 1255 2810 in
1263 2785 1379 2820 formula
1396 2786 1513 2817 Fetialr's,
1534 2784 1632 2810 Audiat
1646 2784 1706 2809 Fas!
1796 2783 1844 2808 Fas
1860 2782 1929 2808 mihi
1949 2781 1979 2809 sit
1999 2782 2087 2809 audita
2105 2782 2182 2817 loqui

30 2826 166 2857 pretatur,
183 2821 231 2855 qui
238 2820 328 2847 inficia
341 2827 366 2847 et
378 2821 516 2847 farcimina
527 2820 636 2846 faciunt.
688 2819 736 2847 Sed
746 2819 875 2854 Eugraph.
889 2820 937 2854 qui
950 2819 1074 2851 farciunt,
1139 2820 1214 2854 Virg.
1227 2821 1291 2846 Aen.
1305 2824 1321 2846 6
1331 2840 1337 2851 ‚
1363 2823 1423 2847 266.
1513 2820 1678 2853 Abrumpere
1691 2827 1769 2845 omne
1784 2818 1823 2844 fas
1861 2817 1899 2844 Id.
1918 2817 1985 2844 ibid.
2002 2828 2012 2849 3
2027 2837 2036 2850 ,
2053 2825 2089 2851 55.
2125 2817 2180 2844 vid.

35 2862 66 2884 vt
78 2856 106 2883 in
119 2856 260 2883 meliorem
273 2857 388 2891 saginam
401 2857 576 2891 pinguescant.
648 2855 741 2882 Fartor
758 2859 832 2881 etiam
845 2854 879 2888 est
895 2856 962 2881 Hor.
977 2855 1026 2881 Sat.
1042 2864 1074 2887 2,
1139 2862 1161 2882 A
1171 2862 1214 2882 BR
1224 2862 1244 2880 V
1254 2862 1278 2881 Μ
1290 2861 1305 2881 i>
1316 2863 1345 2883 o.
1416 2857 1541 2890 Magnum
1555 2855 1593 2881 fas
1605 2854 1730 2889 nefasque
1762 2855 1831 2881 Hor.
1843 2853 1923 2888 Epod.
1939 2862 1965 2886 5,
1980 2859 2021 2888 87.
2092 2854 2134 2879 Ius
2155 2859 2180 2879 et

37 2900 70 2924 3,
84 2900 141 2925 229.
176 2892 219 2918 vbi
239 2893 297 2918 Vet.
319 2891 404 2918 Schol.
440 2892 495 2926 Qi
513 2891 599 2918 suillas
618 2890 725 2923 vendit,
743 2897 769 2917 et
784 2899 816 2917 ex
831 2891 864 2916 iis
878 2890 940 2917 facit
958 2890 1072 2917 salfitias.
1092 2896 1123 2924 75
1139 2891 1178 2917 fas
1191 2899 1271 2918 omne
1285 2891 1373 2917 delere
1408 2892 1464 2918 Cic.
1480 2892 1531 2917 Att.
1549 2899 1573 2922 1,
1593 2898 1626 2922 ι3.
1698 2889 1725 2916 Si
1739 2889 1777 2916 fas
1791 2889 1884 2916 dixisse
1913 2889 1975 2916 Stat.
1989 2888 2074 2915 Achil.
2088 2897 2118 2919 2,
2133 2897 2181 2915 221.

37 2924 61 2965 q
80 2935 96 2953 2
132 2927 252 2954 Fartores
276 2928 335 2961 (ait
354 2927 461 2960 Festus)
487 2926 718 2959 Nomenclatores,
742 2926 790 2961 qui
803 2926 870 2952 clam
883 2926 956 2952 velut
968 2926 1075 2953 infarci-
1138 2926 1229 2953 Tacit.
1243 2927 1310 2953 Hist.
1323 2936 1346 2959 3,
1361 2934 1373 2960 5
1400 2927 1437 2953 Ac
1451 2926 1553 2953 maiore
1566 2935 1597 2952 ex
1612 2925 1719 2952 diuerso
1732 2925 1867 2956 mercede,
1887 2924 1929 2951 ius
1943 2924 2034 2959 fasque
2047 2929 2181 2951 exuerent.

37 2967 99 2990 tent
109 2964 216 2989 nomina
228 2963 398 2990 salutatorum
410 2964 439 2990 in
451 2972 543 2990 aurem
559 2962 696 2989 candidati.
1138 2964 1239 2997 Contra
1253 2962 1306 2995 fas,
1330 2968 1421 2989 contra
1434 2962 1563 2997 auspicia,
1587 2968 1678 2988 contra
1691 2969 1782 2987 omnes
1794 2961 1899 2987 diuinas
1912 2966 1990 2995 atque
2003 2959 2129 2986 humanas
2142 2968 2182 2986 re-

76 3002 210 3025 PARsiL
219 3006 228 3024 1
240 3005 269 3032 S,
287 3008 310 3026 e.
348 2999 408 3025 Adi.
443 2998 510 3026 Idem
524 2999 589 3034 quod
600 2998 691 3024 Farsus
703 2998 744 3024 vel
755 2998 854 3024 Fartus.
910 2997 1018 3033 Apicius
1026 3002 1047 3029 8,
1057 3005 1075 3033 7
1138 2998 1251 3032 ligiones
1265 2998 1368 3033 aliquid
1381 2998 1467 3024 facere
1499 2998 1555 3024 Cic.
1568 2998 1646 3023 Vei-r.
1663 3005 1676 3030 5
1696 3006 1717 3023 c.
1732 3005 1765 3028 ¹3·
1841 2996 1880 3022 Id.
1894 3004 1943 3030 pro
1963 2997 2051 3022 Domo
2063 3003 2091 3028 35
2119 2996 2181 3022 Iure

41 3031 172 3058 Porcellus
182 3033 281 3061 farsilis.
322 3034 380 3061 Vid.
390 3042 413 3068 5,
425 3043 446 3066 3.
459 3041 483 3061 et
496 3040 523 3066 8,
536 3040 558 3063 8.
610 3034 683 3069 Conf.
698 3033 813 3060 Borrich.
826 3034 906 3068 Cogit.
914 3040 943 3069 p.
956 3043 1004 3066 ¹⁰5·
1140 3034 1280 3067 Qniritum
1293 3034 1414 3068 legitimo
1433 3033 1577 3060 tutelarum
1595 3039 1621 3059 et
1634 3032 1811 3059 hereditatum
1832 3031 1943 3062 relieto,
1966 3030 2050 3056 faetus
2070 3039 2096 3056 es
2109 3030 2181 3056 filiu·

77 3071 99 3105 Ῥ
109 3068 290 3102 ARTlLiA,
305 3079 392 3097 orum.
410 3079 436 3097 n.
456 3072 495 3097 Pl.
537 3069 686 3102 Turundae,
704 3068 782 3102 cibus,
794 3078 840 3104 quo
841 3070 994 3105 sarciuntur
1010 3078 1076 3099 aues,
1086 3071 1118 3096 80
1140 3075 1232 3095 contra
1245 3069 1298 3100 fas,
1326 3070 1401 3095 cuius
1414 3078 1460 3103 per
1479 3075 1590 3095 aetatem
1601 3074 1677 3102 pater
1690 3069 1739 3094 esse
1756 3067 1872 3094 voluisti.
1927 3065 1955 3091 de
1978 3065 2094 3100 adoptiuo
2111 3065 2180 3100 filio.

43 3100 113 3130 le.
127 3109 170 3133 ιο,
182 3110 214 3129 22
244 3105 336 3132 Nostri
353 3106 537 3140 sapientiores,
559 3105 607 3140 qui
621 3113 665 3131 eos
685 3105 826 3140 (austres)
845 3105 943 3132 iecoris
956 3104 1075 3132 bonitate
1141 3105 1241 3131 Contra
1255 3105 1295 3131 ius
1308 3105 1400 3139 fasque
1417 3104 1554 3132 interfec‘li
1574 3110 1694 3131 oratores
1732 3103 1787 3129 Cic.
1803 3103 1835 3128 de
1848 3102 1939 3135 Arusp.
1955 3101 2028 3135 Resp.
2049 3109 2082 3133 34
2108 3109 2129 3126 c.
2143 3102 2180 3131 16.

44 3144 154 3162 nouere.
206 3138 342 3177 Fartilibus
365 3141 394 3168 in
413 3150 534 3177 magnam
557 3139 762 3176 amplitudinem
779 3140 873 3167 crescit
898 3147 945 3167 etc.
1001 3140 1076 3177 Conf.
1140 3141 1188 3167 Fas
1201 3140 1253 3172 est,
1272 3143 1290 3172 i.
1311 3141 1428 3167 Licitum.
1501 3140 1583 3167 Plaut.
1595 3139 1664 3166 Asin.
1678 3148 1698 3171 3,
1714 3147 1741 3171 1,
1755 3147 1776 3164 11
1805 3138 1900 3172 Neque
1914 3136 1957 3171 pol
1971 3142 1996 3162 te
2010 3136 2115 3166 accuso,
2135 3143 2180 3168 ne-

45 3171 164 3200 Tertull.
177 3171 234 3199 adu.
244 3175 345 3204 Valent.
358 3185 427 3212 c.27.
1140 3184 1192 3210 que
1207 3175 1235 3201 id
1249 3184 1292 3201 me
1305 3175 1393 3202 facere
1406 3176 1444 3202 fas
1456 3176 1587 3202 existimo.
1659 3176 1746 3201 Varro
1760 3173 1792 3199 de
1808 3174 1838 3199 L.
1847 3173 1877 3199 L.
1892 3181 1914 3205 5,
1923 3181 1941 3205 4
1954 3181 1978 3206 p.
1987 3179 2028 3204 50,
2044 3173 2072 3197 16
2096 3172 2180 3197 Inter-

84 3212 101 3234 1²
112 3213 134 3249 A
144 3213 163 3232 R
173 3212 191 3233 C
201 3213 222 3234 T
230 3215 251 3235 v
260 3216 272 3236 s
290 3213 329 3238 vel
342 3219 359 3239 F
369 3220 390 3240 A
398 3220 417 3240 R
426 3220 447 3240 Τ
457 3218 478 3238 v
488 3220 501 3240 s
509 3232 518 3245 ,
536 3211 576 3239 sis.
601 3221 638 3238 m.
699 3221 727 3237 uo
740 3210 802 3247 quid
808 3209 927 3247 sardium
935 3212 976 3238 vel
976 3212 1076 3247 plenum
1140 3211 1184 3237 cili
1197 3211 1252 3237 dies
1268 3212 1325 3237 sunt
1338 3220 1384 3246 per
1398 3220 1464 3246 quos
1476 3220 1553 3238 mane
1568 3216 1594 3238 et
1607 3210 1709 3244 vesperi
1721 3208 1757 3235 est
1769 3209 1842 3235 nefas
1862 3208 1961 3242 (intell.
1973 3209 2087 3233 Praetori
2098 3206 2180 3233 dicere

45 3240 79 3276 ²st
86 3262 94 3273 ‚
113 3241 234 3283 'umsssg
296 3247 424 3275 Columel.
436 3255 460 3282 5,
473 3257 515 3279 10,
528 3257 550 3275 ιι
577 3248 612 3274 Ea
624 3255 664 3274 res
676 3255 689 3272 c
721 3247 756 3274 cit
774 3246 928 3274 vberiorem
942 3246 1075 3279 fruEhim,
1093 3247 1122 3276 85
1137 3250 1191 3273 tria
1204 3247 1293 3277 verba,
1320 3247 1374 3273 vid.
1395 3254 1463 3274 FAs
1472 3250 1523 3274 T'v
1533 3250 1565 3279 S)
1598 3247 1689 3273 medio
1700 3251 1818 3279 tempore
1831 3244 1899 3270 inter
1912 3242 2024 3269 hostiam
2042 3242 2141 3268 caesam
2153 3246 2180 3268 et

44 3283 71 3305 et
85 3277 182 3303 fartum
193 3277 238 3320 fiel·
248 3279 403 3316 pleniorem,
421 3293 449 3310 ac
460 3283 610 3310 meliorem.
664 3283 771 3309 Fartiim
790 3282 834 3309 fici
855 3281 982 3309 Palladius
1001 3289 1075 3309 vocat
1140 3290 1199 3309 eXta
1213 3282 1335 3316 porred’ta
1347 3283 1401 3309 fas:
1436 3292 1451 3310 a
1464 3292 1534 3318 quo,
1553 3282 1625 3316 quod
1643 3281 1681 3307 fas
1708 3281 1750 3314 (i.
1764 3286 1858 3315 tempus
1871 3288 1916 3315 quo
1924 3278 1973 3314 sas
1986 3276 2041 3311 est)
2069 3283 2127 3304 tum
2140 3277 2180 3303 in-

43 3313 156 3348 Pulpam-
210 3313 251 3340 S1c
263 3319 323 3342 enim
334 3321 369 3345 ait
376 3323 403 3345 in
415 3320 514 3346 Martio
527 3328 566 3351 10,
578 3327 606 3352 35
628 3317 744 3345 Subinde
758 3318 839 3353 ficus,
855 3318 918 3344 sicut
931 3318 966 3344 est
979 3318 1074 3351 diuisa,
1138 3318 1249 3345 tercedit
1262 3318 1376 3345 intercisi
1391 3318 1462 3351 dies,
1478 3323 1523 3345 aut
1537 3317 1609 3352 quod
1622 3322 1679 3343 tum
1692 3315 1846 3342 intercisum
1857 3315 1929 3341 nefas
1947 3312 2108 3348 (interposito
2121 3319 2180 3339 tem-

43 3354 179 3388 Vertfftffl',
202 3354 232 3375 vt
245 3348 350 3389 ficprum
361 3355 431 3381 coria
444 3355 586 3387 siccentur,
612 3360 638 3380 et
651 3354 745 3389 pulpae
758 3359 821 3380 tunc
834 3353 979 3388 duplicatae
992 3354 1021 3379 in
1039 3354 1074 3379 ci-
1133 3361 1195 3390 pore
1209 3363 1254 3389 quo
1267 3354 1326 3380 licet
1339 3355 1519 3389 interpellatum
1533 3360 1556 3379 et
1569 3355 1735 3387 interruptum
1746 3351 1809 3378 illud
1835 3360 1865 3377 uo
1879 3359 1926 3376 non
1938 3349 2018 3382 licet)
2050 3348 2112 3374 Dies
2132 3348 2181 3382 qui

43 3384 125 3424 stellls
141 3384 295 3426 seruentur,
316 3393 360 3423 aut
380 3390 480 3417 loculis.
552 3391 660 3417 Fartum
684 3390 771 3416 facere
789 3398 820 3415 ex
846 3388 964 3416 hostibus
989 3389 1073 3416 Plaut.
1138 3396 1248 3416 vocatur
1262 3389 1309 3420 sic,
1327 3390 1441 3424 Qiando
1455 3398 1502 3416 rex
1516 3387 1682 3420 comitiauit,
1699 3388 1752 3413 fas:
1786 3387 1814 3413 di
1843 3395 1871 3412 us
1889 3385 1922 3412 ab
1935 3392 1982 3416 ee,
2003 3383 2075 3418 quod
2088 3392 2121 3410 eo
2136 3384 2181 3410 die

43 3419 105 3460 Mu-
120 3427 139 3451 Ι,
154 3427 175 3451 1,
186 3424 208 3448 8·
243 3421 289 3445 ‘²¹1¹
300 3421 372 3449 aliter
383 3425 473 3461 legunt.
523 3426 610 3453 Offam
622 3428 724 3452 coniicit
739 3426 845 3452 Gronau.
917 3425 1074 3451 Fartumve-
1091 3433 1127 3459 90
1138 3426 1193 3452 Rex
1206 3425 1365 3451 sacrificulus
1378 3424 1447 3451 dicat
1462 3425 1495 3451 ad
1513 3423 1667 3456 comitium,
1687 3423 1727 3449 Ad
1740 3422 1813 3457 quod
1824 3428 1925 3455 tempus
1938 3419 1974 3445 est
1986 3419 2075 3451 nefas,
2100 3418 2134 3445 ab
2147 3428 2181 3446 eo

43 3454 104 3486 stis,
119 3461 169 3494 pr?
183 3454 238 3494 Ipsi>
251 3461 349 3490 corpore
362 3458 427 3486 dixit
439 3460 518 3488 Plaut.
532 3462 561 3488 in
573 3461 651 3488 Most.
665 3470 684 3492 1,
697 3469 721 3494 3,
735 3469 759 3493 13
789 3461 854 3487 Non
867 3460 964 3487 vestem
977 3466 1076 3487 amato·
1139 3461 1186 3487 fas.
1238 3462 1329 3495 Itaque
1347 3461 1403 3495 post
1421 3460 1448 3487 id
1465 3467 1567 3495 tempus
1587 3460 1645 3494 lege
1663 3458 1750 3485 ac‘tum
1771 3459 1852 3491 saepe.
1908 3455 1969 3481 Dies
1988 3454 2035 3489 qui
2052 3460 2181 3487 vocatur,

43 3499 84 3518 res
98 3489 218 3530 mulieri—s
230 3496 333 3523 amant,
350 3492 392 3519 sed
403 3496 477 3522 vestis
489 3496 595 3524 sai-tum.
1140 3495 1255 3529 Qiando
1268 3496 1363 3522 stercus
1377 3496 1492 3522 delatum
1501 3516 1510 3528 ‚
1528 3496 1580 3522 fas:
1617 3494 1649 3521 ab
1662 3503 1695 3520 eo
1706 3493 1863 3527 appellatus,
1882 3490 1954 3525 quod
1966 3499 1999 3516 eo
2013 3490 2057 3517 die
2069 3499 2101 3516 ex
2115 3490 2181 3517 aede

80 3531 211 3553 FARTV
220 3532 269 3552 RA
278 3546 287 3558 ,
305 3527 346 3552 υθΙ
360 3533 376 3552 F
386 3535 585 3565 ARCTVRA,
606 3540 644 3558 ae.
669 3531 688 3557 f.
734 3531 792 3558 Vid.
808 3531 928 3562 Parcite,
941 3537 989 3567 per
1003 3537 1076 3558 meta·
1140 3531 1232 3557 Vestae
1246 3531 1341 3558 stercus
1350 3533 1493 3564 euerritur,
1506 3537 1531 3558 et
1545 3540 1592 3566 pei·
1603 3529 1784 3564 Capitolinum
1798 3527 1899 3553 cliuum
1912 3526 1941 3552 in
1953 3526 2042 3552 locum
2061 3525 2181 3553 defertur

41 3560 154 3601 phot-am.
224 3561 356 3602 Columel-
370 3567 394 3594 8,
407 3570 439 3597 7.
450 3574 468 3598 4
493 3567 540 3594 Sed
554 3568 572 3594 si
585 3566 703 3594 fastidiet
717 3567 824 3599 cibum,
848 3567 962 3594 totidem
980 3566 1075 3592 diebus
1140 3572 1249 3593 certum.
1321 3569 1389 3593 Hinc
1402 3570 1567 3603 intelligitur,
1591 3567 1651 3602 quid
1657 3565 1706 3599 Jibi
1719 3565 1797 3590 velint
1811 3572 1835 3588 υ.
1849 3570 1875 3597 g.
1889 3564 1915 3588 in
1936 3562 1994 3588 Vet.
2010 3561 2065 3588 Kal.
2079 3561 2178 3588 Maffei.

46 3604 165 3623 minuere
177 3597 327 3632 oportebit,
347 3604 412 3632 quot
425 3599 477 3626 iam
486 3601 598 3630 farturae
609 3603 798 3637 praecesserint.
852 3603 920 3629 Add.
935 3609 962 3633 8,
976 3610 1007 3634 9,
1020 3610 1039 3627 1.
1088 3612 1121 3639 95
1138 3607 1210 3627 notae
1223 3604 1261 3635 Q
1271 3609 1290 3628 R
1300 3609 1317 3628 E
1327 3609 1345 3628 x
1359 3604 1389 3629 C.
1405 3603 1433 3629 F.
1490 3605 1581 3637 Nempe
1590 3600 1702 3635 Quando
1717 3599 1771 3624 Rex
1786 3597 1936 3624 comitiauit
1946 3597 1985 3623 fas
1994 3618 2002 3629 ‚
2019 3597 2096 3633 menfi
2111 3597 2180 3624 Mar-

26 3643 30 3646 ·
86 3637 286 3672 ξΑΙζςνΚΑ,
301 3641 339 3659 ae.
361 3633 381 3659 s.
418 3634 492 3661 Idem.
523 3638 639 3665 Tertull.
654 3638 713 3664 adu.
727 3638 830 3664 Valent.
844 3647 864 3665 c.
874 3646 908 3673 27
940 3635 1076 3663 Macrescit
1139 3637 1195 3668 tio,
1211 3644 1235 3662 et
1247 3638 1323 3672 mense
1336 3639 1431 3670 Iunio,
1462 3640 1500 3673 Q
1516 3639 1570 3664 ST.
1591 3638 1643 3663 DF.
1665 3634 1777 3667 Qiando
1790 3633 1886 3660 stercus
1899 3632 2026 3659 defertur.
2097 3631 2179 3659 Ouid.

45 3666 147 3702 reliqua
159 3668 267 3695 farsura.
322 3668 363 3695 Sic
375 3670 448 3694 etiam
460 3670 554 3704 quidam
566 3674 625 3700 libri
638 3675 724 3700 Varro
738 3674 768 3700 R.
776 3674 807 3699 R.
821 3682 845 3706 3,
857 3682 884 3707 9,
900 3682 919 3699 1.
1140 3673 1205 3698 Met.
1220 3680 1244 3704 ις
1254 3691 1261 3703 ,
1274 3675 1324 3706 867
1362 3675 1489 3708 Qiosque
1513 3674 1579 3700 alios
1603 3670 1715 3705 (Deos)
1748 3669 1804 3695 vati
1827 3669 1864 3695 fas
1887 3677 1902 3695 a
1922 3668 2021 3703 pellare
2042 3668 2178 3703 piumque.

81 3708 252 3730 FARTIM.
288 3703 355 3730 Adu·
391 3702 526 3740 [σωρηδῖν]
570 3709 662 3744 Denfiz,
681 3708 824 3745 confertim.
896 3707 975 3742 Apul.
988 3707 1074 3734 Miles.
1140 3707 1195 3733 Cic.
1209 3716 1258 3740 pro
1271 3708 1368 3735 Milon.
1382 3718 1419 3743 44
1450 3708 1577 3736 Clodium
1596 3705 1664 3732 nihil
1685 3704 1812 3736 delcetat,
1841 3713 1895 3739 quo
1931 3710 1977 3730 aut
1995 3712 2042 3738 per
2060 3709 2179 3730 naturam

47 3744 61 3769 3
73 3746 97 3772 p.
105 3746 156 3771 130,
170 3747 210 3780 12„
227 3740 258 3766 Et
272 3739 371 3766 te&um
386 3748 464 3766 omne
478 3740 567 3767 fartim
578 3743 746 3777 stipauerunt.
1141 3742 1180 3768 fas
1193 3742 1238 3774 fit,
1257 3749 1302 3769 aut
1315 3752 1362 3777 per
1375 3744 1443 3779 leges
1457 3745 1541 3770 liceat.
1612 3741 1650 3766 Id·
1665 3746 1756 3766 consta
1769 3739 1838 3766 Rull·
1854 3749 1879 3772 2,
1894 3748 1921 3772 19
1936 3749 1957 3765 C·
1967 3747 1984 3774 7
2010 3740 2046 3765 Vt
2059 3739 2085 3765 id
2092 3737 2179 3771 quoad

82 3779 129 3800 ΡΑ
138 3781 157 3800 R
166 3780 307 3809 FARVS,
325 3775 343 3802 i.
363 3784 399 3802 m.
438 3776 546 3805 Flauius,
559 3780 600 3810 qui
607 3785 653 3812 per
665 3780 766 3806 Sabinos
778 3778 883 3813 transit:
906 3778 935 3804 de
958 3787 986 3804 uo
994 3777 1131 3808 Ouid.100
1142 3778 1230 3812 posset,
1249 3779 1336 3812 quoad
1351 3779 1389 3805 sas
1405 3781 1474 3811 effer,
1491 3776 1577 3814 quoad
1591 3776 1696 3807 liceret,
1712 3775 1804 3810 populi
1817 3775 1850 3802 ad
1863 3782 1948 3810 partes
1961 3776 2042 3801 daret.
2096 3773 2179 3798 Plaut-

48 3805 110 3834 Met·
122 3817 166 3842 142
179 3818 224 3842 330
261 3811 292 3837 Et
312 3819 438 3838 amoenae
460 3810 582 3837 Farfarus
600 3813 691 3839 vndae.
742 3817 846 3842 Dicitur
863 3820 887 3840 et
905 3786 1029 3846 Riguis,
1048 3821 1077 3840 vt
1142 3813 1272 3839 Trinuin.
1286 3822 1311 3844 2,
1325 3823 1351 3846 2,
1367 3823 1387 3841 11
1417 3815 1495 3848 Quod
1510 3822 1587 3839 manu
1601 3821 1654 3838 non
1669 3819 1767 3846 queunt
1779 3818 1901 3845 tangere,
1921 3816 2022 3837 tantum
2034 3809 2070 3834 fas
2080 3807 2178 3833 habent

6 3846 7 3862 ἲ
48 3840 154 3878 obseruat
164 3845 235 3872 Seru.
249 3846 283 3872 ad
295 3847 370 3882 Virg.
385 3848 450 3873 Aen.
465 3854 498 3885 7,
511 3852 556 3880 713
588 3846 643 3878 Qui
655 3847 767 3876 Tibrim
780 3850 956 3884 Fabarimque
972 3849 1077 3876 bibunt.
1141 3858 1195 3883 quo
1210 3857 1300 3874 manus
1312 3849 1466 3876 abstineant.
1557 3847 1687 3881 Quinctil.
1703 3856 1724 3879 3,
1739 3852 1753 3878 8
1784 3848 1815 3874 In
1835 3846 1942 3873 iudiciis
1962 3846 2032 3872 enim
2045 3843 2126 3876 vulgo
2140 3841 2178 3867 fas

84 3883 155 3906 FAR
166 3886 183 3906 F
196 3887 213 3907 Ε
226 3887 308 3907 RVM
322 3901 331 3915 2
358 3882 419 3918 quid
440 3881 508 3916 estet,
539 3881 669 3921 quaerendi
690 3884 831 3917 occafionem
852 3885 921 3911 dedit
946 3886 1026 3911 Plaut.
1048 3885 1077 3911 in
1143 3884 1256 3911 habetur
1269 3884 1405 3919 indulgere
1419 3883 1520 3918 ailquid
1538 3881 1624 3910 studio
1638 3884 1694 3909 suo.

45 3910 122 3952 '’92¹¹-
135 3923 202 3955 2232
225 3917 268 3943 vbi
282 3917 311 3943 de
325 3918 465 3944 hominibus
475 3917 597 3956 volaticis
610 3925 625 3942 α
633 3916 661 3951 se
673 3919 811 3946 intereuntis
822 3930 920 3956 nugam
933 3920 1077 3946 Anthemo-
1182 3925 1198 3945 12
1209 3927 1230 3946 A
1238 3926 1251 3945 s
1263 3926 1279 3946 c
1291 3926 1307 3945 E
1316 3926 1333 3944 L
1344 3928 1353 3946 1
1363 3928 1383 3946 N
1393 3927 1413 3946 A
1422 3940 1430 3951 ‚
1457 3921 1498 3945 vel
1517 3925 1533 3945 r
1542 3926 1564 3946 A
1572 3926 1584 3945 s
1592 3925 1609 3945 c
1619 3926 1635 3945 E
1643 3926 1660 3945 L
1669 3926 1678 3944 1
1687 3925 1700 3945 s
1721 3917 1805 3945 Diana
1813 3937 1821 3950 ,
1856 3916 1909 3943 vid.
1930 3921 1946 3941 Ρ
1956 3920 1976 3939 A
1984 3920 2000 3939 c
2009 3919 2024 3938 E
2034 3918 2050 3937 1-
2060 3918 2069 3937 1
2079 3918 2103 3937 N
2112 3918 2144 3937 A·

43 3947 115 3975 mdes
135 3950 258 3984 Viscum,
285 3955 384 3989 inquit,
409 3953 510 3989 legioni
530 3951 592 3978 dedi
613 3950 776 3987 fundasque,
812 3963 844 3981 eo
865 3955 1131 3991 praesternebantio5
1177 3961 1337 4015 FASC13,
1356 3964 1395 3981 ae.
1415 3956 1434 3980 f.
1468 3953 1624 3988 [ἐπίδεσμοὴ
1639 3952 1789 3989 σπάργανον,
1805 3951 1916 3988 spelman]
1951 3950 2064 3974 Linteum
2075 3945 2180 4017 Ψίῃξὲι

1333 3998 1349 4024 ss
1368 4000 1384 4025 g
1398 3999 1414 4025 Β
1450 3997 1466 4016 ²
1728 4004 1739 4006 '⁷
2170 3995 2179 4002 ¹
