2479 4225
294 182 361 224 715
689 172 723 213 F
800 172 837 212 o
919 168 952 208 R
1324 227 1326 229 ‚
1769 164 1803 205 F
1890 165 1928 206 0
2007 166 2047 220 „R
2361 157 2479 220 :ne-

296 259 326 287 in
337 260 410 287 Orat.
423 265 464 294 37.
532 259 624 288 Officii
635 260 722 288 forma
751 260 805 287 Cic.
818 257 870 285 Off.
886 265 912 288 1,
935 264 988 289 103.
1094 252 1223 290 Propositi
1241 253 1332 288 operia
1391 256 1487 290 pressae
1500 255 1557 283 sunt
1569 255 1641 282 enim
1654 261 1686 281 ex
1698 253 1904 290 vniuscuiusque
1917 254 2028 289 damno,
2046 255 2139 284 dolore
2150 277 2159 290 ‚
2178 256 2367 288 incommodo,
2388 266 2428 285 ea-

295 296 385 322 forma
402 296 498 321 Patere.
512 304 532 326 1,
544 299 582 329 16,
596 305 615 324 1.
635 303 659 323 et
672 305 702 327 2,
714 298 765 327 66,
777 304 797 326 3.
843 291 917 328 Conf.
930 291 1004 319 Idem
1016 299 1042 324 2,
1054 299 1107 325 49,
1122 300 1141 317 1.
1160 297 1183 316 et
1196 298 1226 320 2,
1242 292 1291 321 96,
1308 296 1331 320 3·
1393 292 1525 324 lamitate‚
1542 291 1656 322 iniuria,
1681 289 1803 325 publicae
1823 299 1839 317 a
1857 297 1978 325 praetore
1991 291 2138 326 formulae,
2156 293 2188 320 ad
2201 301 2266 328 quas
2278 292 2379 327 priuata
2393 293 2427 319 lii

296 331 396 357 Rerum
409 329 574 364 publicarum
588 332 675 358 forma
702 331 756 356 Cic.
770 330 822 354 Att.
837 329 867 358 6,
882 335 903 359 3.
972 326 1033 353 Liu.
1048 337 1068 359 3,
1081 336 1100 360 4
1114 332 1177 352 extr.
1209 325 1331 351 Tantum
1392 327 1614 354 accommodatur.
1668 326 1795 353 Formula
1807 328 1888 362 igitur
1907 325 1941 359 est
1962 327 2047 363 regula
2068 328 2185 363 quaedam
2212 335 2236 355 et
2252 327 2426 363 praescriptio.

296 370 426 392 terrorem
439 366 564 393 incussere
575 367 710 397 Patribus,
734 370 762 390 vt
782 366 868 397 (quae
880 362 968 389 forma
981 360 1200 389 Senatusconsulti
1220 360 1330 386 vltimae
1392 362 1487 390 Patere.
1500 371 1531 395 2,
1545 368 1572 395 38
1588 369 1631 398 pr.
1672 361 1750 388 Haud
1769 360 1911 388 absurdum
1928 362 2048 393 videtur,
2067 365 2154 397 paucis
2170 371 2342 399 percurrere,
2360 371 2439 397 quae.

295 402 398 435 semper
409 400 560 429 neceffitatis
574 401 661 428 habita
682 399 745 430 est,)
775 398 908 425 Postumio
929 398 1006 425 alteri
1027 397 1172 425 Consulum
1193 395 1330 430 negotium
1352 401 1367 428 ς
1391 397 1516 433 cuiusque
1529 398 1609 425 duflu
1624 406 1686 432 gens
1698 405 1726 423 ac
1739 397 1812 423 natio
1827 397 1930 424 redariia
1948 397 1977 424 in
1990 397 2132 424 formulam
2146 399 2317 434 prouinciae,
2336 396 2426 432 stipen-

296 435 414 469 daretur‚
432 436 543 468 videret,
556 435 658 471 nequid
665 434 816 460 detrimenti
824 433 899 468 Resp.
913 438 1024 468 caperet.
1094 433 1163 458 Haec
1169 430 1331 467 frequentius
1392 431 1435 459 dia
1447 433 1521 467 paEta
1538 434 1577 460 sit.
1633 432 1707 468 Canf.
1727 432 1765 458 Id.
1785 440 1818 464 z,
1837 439 1873 467 97
1892 439 1956 459 extr.
2007 433 2076 459 Suet.
2090 433 2140 459 Iul.
2155 444 2176 461 c.
2190 442 2229 468 23.
2296 433 2426 460 Censendi

295 479 400 499 vocatur
412 473 544 499 Formula.
636 469 804 503 Temporum
816 474 842 495 et
854 469 977 503 Reipubl.
990 469 1077 496 forma
1100 467 1157 494 Cic.
1170 467 1243 493 Fam.
1258 475 1281 498 3,
1296 474 1329 492 ιι.
1390 467 1506 495 formula
1537 469 1597 495 Liu.
1610 476 1645 501 4,
1660 473 1682 498 8.
1757 466 1830 494 Idem
1844 476 1897 501 40,
1913 477 1937 494 12
1968 468 2015 494 Vis
2029 467 2094 495 hanc
2106 468 2250 496 formulam
2263 467 2426 504 cognitionis

296 507 489 540 Tyrannorum
502 506 597 533 habere
610 504 724 530 formam
737 509 764 531 et
777 505 890 539 speciem
903 505 985 540 ipsam
1002 503 1076 531 Idem
1089 511 1138 538 pro
1145 503 1175 529 L.
1189 503 1250 537 Agr.
1258 509 1328 533 2,32.
1390 503 1454 536 esse,
1472 510 1500 531 vt
1513 510 1572 531 vter
1584 503 1719 536 timuerit,
1737 512 1770 530 ne
1782 503 1848 530 alter
1861 502 1998 531 videretur
2011 503 2118 538 dignior
2130 513 2226 539 regno,
2250 506 2273 531 is
2285 502 2423 531 consilium

295 539 318 605 p
337 550 349 576 ς
384 544 478 578 Species
494 540 559 576 apud
569 538 686 565 rhetores.
740 540 797 566 Cic.
811 540 885 575 Top.
899 548 931 572 30
952 550 973 567 c.
989 547 1007 575 7
1039 541 1070 566 In
1082 538 1213 565 diuisione
1226 537 1329 564 formae
1390 539 1556 573 opprimendi
1569 539 1657 566 fratris
1670 539 1804 565 iudicetur
1817 539 1927 573 cepisse?
2019 539 2057 565 Id.
2073 548 2092 571 1,
2106 545 2133 571 38
2142 546 2186 575 pr.
2217 540 2329 566 Deditos
2342 538 2437 571 Colla-⁴

309 584 371 610 unt,
388 586 450 612 quas
463 574 552 602 Graeci
565 572 627 599 ἰδέας
639 580 749 606 vocant,
767 575 866 608 nostri,
882 575 900 602 si
915 575 961 611 qui
974 575 1038 602 haec
1051 575 1122 603 forte
1134 573 1256 605 trat‘Jant,
1272 573 1328 606 spe·
1345 581 1374 600 ιο
1390 574 1460 600 tinos
1472 574 1509 601 ita
1520 575 1636 610 accipio,
1651 582 1761 609 eamque
1774 573 1918 601 deditionis
1932 573 2075 601 formulam
2087 575 2152 605 esse,
2172 576 2227 601 Rex
2241 574 2432 613 imenogauie·

297 614 350 640 cies
361 612 494 647 appellant.
539 608 598 635 Vid.
617 616 744 637 SPECIES.
814 610 946 645 QiincStil.
959 618 991 646 7,
1010 618 1023 644 ς
1053 609 1259 637 Abdicationum
1273 608 1328 634 for·
1388 609 1504 642 Estisne,
1524 617 1569 637 etc.
1638 610 1694 636 Cic.
1706 611 1778 636 Fam.
1791 617 1818 644 7,
1833 618 1861 636 12
1889 609 1943 636 Vbi
1954 618 2036 645 porro
2050 610 2096 636 illa
2108 611 2159 637 erit
2172 610 2286 637 formula
2300 608 2425 642 fiduciae,
2450 609 2453 614 ⁴

295 657 355 676 mae
372 649 428 674 sunt
445 646 524 671 duae:
559 644 641 672 altera
666 645 787 673 criminis
818 646 945 680 perfecti,
976 646 1059 673 altera
1084 644 1250 680 imperfecti,
1281 650 1326 669 etc·
1388 651 1417 671 vt
1431 646 1502 672 Inter
1513 645 1597 672 bonos
1609 645 1675 672 bene
1694 645 1768 679 agier
1787 651 1903 680 oportet.
1975 645 2048 672 Idem
2069 645 2101 672 de
2121 647 2195 673 Orat.
2210 654 2223 672 2
2235 666 2244 679 ,
2268 651 2315 680 ¹78
2350 645 2431 675 Plura,
2455 654 2458 682 3

295 684 363 711 Add.
378 691 400 715 ς,
415 689 450 711 ιο,
463 682 505 705 62.
542 681 568 712 6,
585 688 607 712 2,
620 682 646 707 6.
716 681 848 708 Scelerum
873 690 965 708 omnes
985 680 1205 716 comprehendere
1229 679 1329 706 formas
1386 681 1458 707 enim
1471 680 1556 708 multo
1570 681 1691 708 homines
1703 680 1820 707 iudicant
1839 680 1920 711 odio,
1938 686 1985 707 aut
2001 689 2109 713 amore,
2133 687 2178 708 aut
2194 681 2356 716 cupiditate,
2383 686 2430 716 aut,
2454 710 2457 711 .

294 719 369 752 Virg.
383 719 446 742 Aen.
460 716 478 740 6
485 734 494 755 3
514 717 572 741 626.
745 715 766 754 ff
792 719 809 743 6
843 718 945 753 Regula.
981 718 1057 751 Virg.
1074 719 1137 744 Aen.
1154 718 1185 746 6,
1205 717 1249 747 615
1283 715 1327 741 Ne
1388 715 1539 748 iracundia,
1558 723 1602 743 aut
1616 716 1725 748 dolore,
1745 723 1790 743 aut
1803 716 1920 748 laetitia,
1940 721 1986 742 aut
1998 716 2057 750 spe,
2077 722 2122 743 aut
2135 717 2249 749 timore,
2267 721 2315 743 aut
2326 724 2426 749 errore,
2444 748 2446 751 .

315 760 388 780 uaere
403 750 509 780 doceri,
529 752 617 784 Q1am
631 759 757 785 poenam,
775 757 820 779 aut
832 761 899 787 quae
911 753 998 779 forma
1009 753 1093 785 viros,
1111 752 1327 778 fortunauemer-
1345 761 1370 788 ις
1387 757 1433 778 aut
1445 751 1532 787 aliqua
1546 752 1713 787 permotione
1727 753 1838 782 mentis;
1876 759 1955 786 quam
1972 752 2100 784 veritate,
2125 759 2170 779 aut
2186 751 2363 787 praescripto,
2382 752 2435 778 autv'
2446 755 2452 759 ’

293 763 332 815 sqit.
392 785 439 813 Vbi
453 785 573 812 Seruius:
610 787 721 818 Forma,
740 787 856 822 Regula;
893 787 999 823 singulis
1012 788 1083 815 enim
1097 787 1237 814 sceleribus
1250 785 1327 812 statu·
1387 787 1454 814 iuris
1468 796 1561 814 norma
1573 787 1678 822 aliqua,
1704 793 1748 813 aut
1767 786 1862 814 iudicii
1876 786 2009 819 formula,
2035 793 2080 814 aut
2099 787 2213 822 legibus.
2320 786 2361 813 ld.
2378 795 2433 821 proi

292 830 318 850 ta
329 822 386 848 sunt
399 821 525 855 supplicia
537 830 569 848 ex
581 830 656 848 more
668 822 805 855 Romano,
822 832 902 857 quem
916 823 1044 858 sequitur.
1115 822 1244 857 Qiinffll.
1259 829 1284 854 9,
1298 829 1326 853 4,
1388 822 1491 850 Caecin.
1512 831 1538 856 51
1573 825 1648 857 Qiae
1660 822 1718 853 leX‚
1735 822 1806 857 quod
1822 822 2092 853 Senatusconsultum,
2115 823 2187 858 quod
2199 822 2364 857 magistratus
2374 820 2431 858 ειὶίῳν
2450 854 2453 855 .

290 866 315 889 13
346 857 436 883 Celsus
448 865 526 883 vnam
539 857 669 892 quandam
683 857 745 884 huic
758 858 826 893 parti
845 859 988 893 (exordio)
1014 859 1128 886 formam
1145 857 1225 884 dedit.
1296 857 1328 882 Et
1388 857 1475 891 etum,
1495 858 1567 893 quod
1580 858 1673 885 foedus
1687 863 1732 884 aut
1745 858 1849 892 pactio,
1867 858 1939 893 quod
1952 857 2150 890 testamentum,
2168 867 2235 893 quae
2249 857 2367 893 iudicia,
2383 862 2442 891 auti*

290 902 310 923 1,
322 893 348 923 6,
362 894 389 918 16
424 892 489 919 Non
511 894 583 919 enim
606 892 734 928 Analogia
755 893 860 920 demissa
879 894 951 921 caelo
969 894 1083 921 formam
1102 893 1228 929 loquendi
1244 891 1326 918 dedit.
1387 893 1584 928 stipulationes,
1601 900 1646 921 aut
1677 893 1729 920 aeci
1743 900 1770 919 et
1784 894 1909 920 conuenti
1923 893 2055 925 formula,
2080 902 2135 921 non
2151 893 2283 921 infirmari
2301 899 2348 920 aut
2367 901 2447 920 eon-r*

289 929 328 955 De
340 928 436 958 Forma
447 928 701 989 {grimerzsoriasaeis
714 932 762 956 erit
770 928 873 965 posuiffi’
886 930 964 956 locum
976 929 1057 956 Siculi
1070 930 1155 956 Flacci
1167 939 1191 964 p.
1206 930 1234 955 16
1258 927 1326 962 Goqs-
1340 938 1375 957 20
1388 929 1453 956 velli
1474 930 1571 965 potest,
1599 930 1616 956 si
1636 903 1675 956 adp
1687 928 1769 956 verba
1786 937 1842 955 rem
1861 928 1999 956 deflectere
2016 929 2147 960 velimus3
2182 928 2320 956 consilium
2339 930 2436 958 auteml

290 964 425 997 Agrorum
471 963 602 991 iuisorum
641 979 687 985 ——-
720 964 822 991 formae
850 965 935 992 varias
969 966 1157 1000 appellationes
1186 963 1328 998 accipiunt.
1390 973 1492 997 eorum,
1503 966 1550 1000 qui
1564 965 1733 1000 scripserunt,
1752 969 1778 990 et
1785 965 1916 991 rationem
1926 964 2124 1000 relinquamus?
2217 964 2400 991 Postulationu
2423 967 2427 971 ’

290 998 408 1032 Q1idam
420 998 528 1025 arbores
553 997 673 1033 (Goifius
686 1002 787 1027 coniicit
798 1000 894 1028 arbore
908 1003 967 1032 res)
992 1001 1081 1027 finales
1112 1001 1132 1034 (
1133 1004 1151 1027 i.
1160 999 1225 1036 fines
1243 1000 1328 1026 ter-mi·
1388 1000 1517 1028 formulae
1528 1000 1634 1028 vsitatae
1662 1001 1718 1026 Cic.
1732 1000 1809 1026 Verr.
1823 1008 1847 1030 2,
1863 1007 1919 1035 147.
1987 999 2137 1034 Sponfionis
2151 999 2269 1026 formula
2292 998 2368 1026 Idem
2379 972 2438 1037 ριῧ

289 1042 379 1070 nosque
388 1032 575 1069 pffffianum)
595 1034 641 1061 alii
657 1035 685 1061 in
698 1036 773 1062 venis
792 1039 802 1067 (
809 1036 900 1063 ahenis
912 1036 1058 1063 conficiebat
1068 1037 1160 1073 aliquis
1170 1035 1236 1072 apud
1243 1034 1330 1071 Rigal-
1389 1035 1464 1062 Rosc.
1477 1037 1554 1063 Com.
1563 1045 1596 1063 12.
1665 1035 1899 1062 Testamentorum
1911 1035 2043 1062 formulae
2061 1035 2100 1062 Id.
2116 1035 2148 1062 de
2160 1036 2236 1062 Orat.
2250 1044 2271 1067 1,
2285 1040 2340 1065 180-
2389 1036 2432 1062 De«

289 1072 369 1098 tium1·
405 1070 471 1096 ceris
483 1069 628 1106 suspicatur
643 1071 832 1098 Schwartzius:
867 1071 963 1106 Goestus
980 1080 1058 1098 venas
1075 1073 1200 1107 lapidum,
1225 1079 1327 1097 marmo—
1389 1071 1532 1099 foederibus
1545 1079 1568 1098 ee
1575 1070 1663 1108 pac‘l'is
1674 1074 1798 1108 gentium,
1808 1071 1883 1107 saepe
1892 1070 1939 1097 hac
1952 1079 2009 1097 voce
2023 1074 2105 1097 utitur
2117 1071 2176 1097 Liu.
2197 1077 2227 1097 vt
2240 1073 2289 1104 26,
2300 1079 2346 1104 24.
2383 1071 2432 1104 32}

289 1114 373 1133 eumue
391 1104 533 1141 intelligit)
566 1105 613 1131 alii
633 1106 661 1132 in
679 1107 804 1133 membris
832 1110 843 1138 (
857 1107 1039 1139 membranis)
1067 1107 1234 1142 scripserunt.
1296 1105 1327 1131 Et
1344 1113 1376 1140 25
1388 1114 1425 1138 33.
1461 1111 1499 1139 38,
1512 1116 1537 1140 9.
1559 1117 1560 1120 ¹
1574 1116 1620 1141 44,
1636 1109 1672 1134 16.
1690 1114 1736 1134 etc.
1806 1108 1844 1133 De
1859 1106 1990 1138 iudiciali,
2009 1106 2110 1133 Cadere
2123 1105 2239 1133 formula
2259 1105 2392 1139 Qtinffll.
2405 1108 2441 1139 3,‘.'›

291 1140 412 1175 quamuis
425 1149 475 1167 vna
491 1149 531 1166 res
543 1140 573 1166 fit
585 1141 687 1173 forma,
707 1142 754 1168 alii
768 1142 858 1168 dicunt
870 1143 1012 1177 perticam,
1030 1143 1077 1170 alii
1091 1142 1329 1173 centuriationem,
1388 1144 1415 1173 6,
1434 1143 1475 1171 68.
1544 1143 1601 1169 Sen.
1619 1142 1697 1176 Epist.
1712 1147 1746 1176 48
1768 1144 1787 1168 i.
1798 1142 1870 1178 causa
1882 1141 1968 1175 cadere
1981 1143 2022 1168 vel
2033 1141 2148 1169 damnari
2165 1142 2193 1169 ob
2198 1141 2339 1177 formulam
2351 1138 2441 1175 absim]

290 1176 339 1203 alii
353 1177 540 1207 metationem,
559 1176 606 1201 alii
622 1176 825 1207 limitationem,
841 1178 889 1205 alii
908 1178 1138 1210 cancellationem,
1163 1178 1212 1205 alii
1229 1183 1328 1210 typon,
1388 1180 1428 1203 nis
1444 1186 1491 1203 non
1503 1176 1567 1204 rec‘se
1577 1181 1693 1214 petitam.
1765 1178 1932 1213 Componere
1944 1177 2146 1212 stipulationum
2162 1184 2188 1204 et
2199 1177 2364 1204 iudiciorum
2376 1176 2435 1229 for-i
2448 1179 2450 1181 ’

291 1211 380 1246 quod,
399 1217 427 1238 vt
443 1211 519 1245 supra
540 1211 670 1243 diximus,
693 1221 744 1239 vna
761 1221 802 1239 res
820 1213 870 1246 est,
901 1214 997 1241 forma.
1069 1214 1186 1248 Qiidam
1214 1213 1329 1243 formas,
1388 1212 1473 1239 mulas
1513 1214 1567 1239 Cic.
1583 1215 1614 1239 de
1629 1212 1721 1248 Legib.
1739 1222 1763 1244 1,
1778 1222 1816 1245 14.
1925 1212 2090 1239 Constitutae
2112 1213 2172 1239 iura
2191 1219 2217 1240 et
2236 1212 2371 1239 formulae
2396 1207 2437 1244 d'e‘f

290 1255 403 1281 quarum
415 1246 516 1272 mentio
530 1245 619 1273 habita
632 1247 684 1279 est,
704 1248 732 1274 in
746 1256 807 1274 aere
819 1249 992 1284 scalpserunt,
1009 1248 1039 1276 id
1051 1250 1101 1281 est,
1120 1250 1149 1275 in
1160 1249 1241 1276 aereis
1254 1246 1329 1273 tabu·
1388 1245 1513 1274 omnibus
1526 1248 1604 1275 rebus
1625 1249 1662 1276 Id.
1676 1257 1726 1284 pro
1740 1249 1815 1275 Rosc.
1829 1249 1906 1275 Com.
1915 1256 1948 1281 24
1961 1258 1982 1275 c.
1991 1253 2014 1278 8.
2118 1249 2193 1275 Edita
2212 1247 2328 1275 formula
2341 1247 2372 1274 da
2418 1245 2433 1254 ‘⁴

289 1281 321 1308 lis
333 1281 498 1321 scripserunt.
527 1316 532 1321 ¹
551 1282 605 1308 Hic
617 1287 704 1309 tamen
718 1284 847 1319 quidquid
862 1285 1040 1316 instituerunt,
1057 1284 1200 1311 curandum
1212 1283 1280 1315 erit,
1298 1287 1328 1308 vt
1343 1293 1376 1318 30
1389 1283 1444 1310 dati
1466 1283 1532 1311 Plin.
1546 1293 1572 1317 9,
1585 1292 1625 1317 59.
1694 1284 1732 1310 Ex
1744 1284 1860 1311 formula
1872 1283 2048 1318 praeceptoris
2063 1284 2103 1311 sui
2117 1284 2211 1311 viuere
2243 1283 2301 1310 Sen.
2314 1279 2426 1321 Ερίίὶ.ᾅ

290 1316 342 1342 fide
355 1316 460 1350 publica
472 1316 629 1348 acst1metur,
642 1327 694 1345 neu
702 1320 761 1353 quis
773 1320 924 1347 voluntarie
938 1320 1017 1347 finem
1028 1321 1146 1355 proferat
1164 1334 1209 1339 —
1244 1317 1327 1351 Quod
1387 1319 1513 1346 Excidere
1532 1320 1648 1347 formula
1665 1320 1732 1355 apud
1752 1320 1821 1346 Suet.
1836 1320 1865 1346 in
1878 1320 1972 1346 Claud.
1990 1329 2013 1346 c.
2030 1329 2068 1353 14·
2125 1321 2183 1346 Sen.
2203 1319 2235 1346 de
2258 1318 2342 1347 Clem.
2354 1327 2386 1351 2,
2412 1321 2418 1354 ’γ
2432 1341 2437 1350 ,,

288 1351 307 1378 fi
320 1352 379 1386 quis
399 1352 577 1384 contradicat,
607 1353 783 1381 sanctuarium
804 1356 922 1383 Caesaris
946 1356 1041 1391 respici
1067 1355 1142 1382 solet.
1198 1355 1329 1381 Omnium
1387 1354 1526 1382 Intendere
1538 1355 1698 1388 formulam,
1714 1357 1805 1382 Dicam
1818 1357 1953 1391 impingere
1979 1355 2048 1381 Suet.
2062 1356 2090 1381 in
2103 1355 2194 1382 Vitell.
2208 1364 2229 1381 c.
2242 1362 2268 1390 7.
2337 1353 2414 1381 Prot'
2460 1360 2462 1366 ¹

287 1388 361 1414 enim
373 1395 497 1421 agrorum
509 1394 534 1414 et
549 1388 696 1416 diuisorum
711 1395 737 1417 et
749 1390 930 1425 affignatorum
943 1391 1058 1424 formas,
1077 1391 1120 1418 sed
1131 1396 1157 1417 et
1165 1390 1328 1416 diuifionum
1386 1390 1419 1417 lit
1431 1390 1463 1417 de
1476 1390 1538 1417 dolo
1551 1392 1622 1418 malo
1635 1391 1764 1417 formulas
1778 1391 1902 1425 Aquilius
1925 1390 1981 1417 Cic.
1997 1390 2050 1417 Off.
2062 1400 2085 1423 3,
2097 1393 2141 1416 60.
2212 1389 2333 1417 Scribere
2349 1389 2398 1416 alic

288 1423 492 1449 commentarios
523 1423 632 1459 (quibus
644 1426 722 1451 latius
739 1427 894 1461 explicantur
912 1428 1017 1461 omnia)
1051 1426 1212 1461 principatus
1238 1426 1329 1461 (prin-
1387 1426 1548 1457 formulam,
1569 1433 1598 1452 vt
1611 1425 1698 1453 dicam
1709 1425 1840 1458 scribere,
1860 1425 1893 1458 cst
1906 1425 2028 1461 accusare.
2099 1425 2229 1460 Quinctil.
2243 1428 2269 1457 6,
2281 1434 2310 1458 3,
2329 1430 2356 1457 83
2377 1424 2429 1462 Ωδμ]

287 1465 343 1494 ceps
346 1460 366 1493 )
386 1459 414 1484 in
430 1458 577 1485 sanfihmrio
594 1459 762 1494 (tabulario)
786 1460 874 1488 habet.
943 1462 1077 1489 Censualis
1090 1463 1193 1493 forma,
1219 1462 1276 1496 Qua
1288 1469 1328 1486 ca·
1343 1468 1372 1495 35
1386 1461 1493 1496 laphum
1508 1461 1561 1488 tibi
1574 1461 1682 1493 ducam,
1702 1466 1729 1487 et
1739 1461 1882 1487 formulam
1895 1461 2023 1493 scribam,
2040 1461 2113 1496 quod
2127 1467 2203 1496 caput
2216 1461 2313 1488 durum
2327 1454 2424 1493 habcaff.
2460 1481 2461 1487 ,

287 1494 400 1526 vehatur,
411 1501 441 1520 vt
451 1497 510 1529 agri
521 1497 547 1522 in
560 1494 656 1530 cenfiaem
669 1496 824 1532 referrentur
843 1496 903 1531 le.
918 1496 947 1523 in
959 1497 1080 1525 1.Forma
1099 1498 1130 1524 D.
1147 1497 1180 1523 de
1193 1495 1327 1523 Cenfibue.
1384 1497 1481 1525 Similis
1487 1496 1547 1532 fere
1569 1498 1747 1531 importunitas
1766 1496 1823 1528 illi,
1854 1504 1926 1531 quum
1946 1496 2066 1522 Fimbria
2085 1496 2157 1522 diem
2179 1496 2266 1523 dicere
2288 1494 2425 1524 Scaeuolae
2460 1512 2466 1530 t

288 1529 449 1556 Callistratus
465 1530 493 1556 in
507 1530 524 1557 1.
539 1530 623 1556 Diuus
635 1530 694 1557 Pius
716 1531 747 1557 D.
764 1531 797 1557 ad
815 1532 899 1566 legem
911 1534 1064 1560 Corneliam
1077 1533 1109 1559 de
1121 1532 1204 1564 falsis,
1229 1532 1256 1558 Si
1269 1531 1327 1567 plus
1386 1532 1460 1568 ausus
1472 1531 1522 1566 est,
1548 1531 1628 1564 Qiod
1651 1537 1737 1558 totum
1750 1531 1850 1557 ferrum
1865 1539 1976 1565 corpore
1989 1540 2044 1557 non
2055 1532 2189 1565 recepisset
2220 1531 2275 1558 Cic.
2290 1540 2338 1566 pro
2353 1532 2427 1558 Rosea

288 1573 334 1590 eos
346 1565 466 1591 meruisse
478 1564 607 1597 videatur,
616 1575 693 1600 quam
707 1576 737 1592 ex
758 1567 845 1594 forma
864 1567 1057 1595 iurisdictionis
1074 1568 1129 1604 pati
1147 1567 1253 1603 poslint‚
1281 1573 1326 1593 etc.
1387 1569 1447 1594 Am.
1462 1576 1484 1594 c.
1495 1575 1531 1593 12.
1634 1568 1703 1593 Hor.
1717 1567 1798 1593 Serm.
1812 1575 1838 1598 2,
1850 1574 1871 1598 3,
1883 1575 1915 1599 45
1946 1567 2018 1593 Haec
2031 1575 2138 1601 magnos
2151 1566 2269 1593 formula
2280 1575 2353 1601 reges
2378 1568 2427 1593 Ex-

289 1600 401 1626 Formae
414 1599 531 1626 dicuntur
544 1600 731 1633 Constitutiones
744 1609 766 1628 et
777 1602 898 1639 rest-apta
905 1606 1067 1640 principum,
1090 1604 1154 1631 vnde
1166 1602 1249 1630 dietae
1264 1604 1328 1629 For·
1388 1608 1464 1638 cepto
1479 1602 1594 1637 sapiente
1606 1607 1686 1629 tenet.
1759 1601 1812 1628 Sub
1823 1601 1939 1629 formula
1954 1601 2073 1628 iudicare
2096 1602 2153 1628 Sen.
2190 1622 2198 1629 .
2235 1622 2242 1628 .

290 1634 406 1674 maleset
419 1635 555 1661 Formatae
567 1635 698 1669 epistolae.
739 1638 796 1663 Viti.
816 1645 979 1666 ΕΡιςΤοιΑ.
1051 1639 1183 1674 Quinetil.
1197 1648 1228 1672 2,
1248 1649 1282 1673 4,
1303 1645 1327 1671 ις
1340 1652 1377 1678 40
1422 1645 1439 1665 F
1449 1645 1529 1665 ORM
1539 1644 1639 1664 VLAR
1649 1644 1658 1663 1
1668 1644 1710 1664 vs
1721 1657 1730 1669 ,
1751 1637 1769 1663 i.
1805 1646 1841 1663 m.
1895 1637 1946 1672 Qui
1957 1637 2086 1673 formulas
2101 1636 2199 1664 tradat
2217 1644 2242 1664 ee
2259 1637 2344 1673 causas
2362 1640 2426 1673 agit.

290 1671 359 1696 Cum
372 1678 424 1695 iam
438 1670 552 1695 formam
565 1670 652 1697 re&ae
664 1677 741 1705 atque
754 1673 904 1700 emendatae
921 1675 1057 1702 Orationis
1071 1676 1211 1710 accipient.
1266 1675 1328 1701 Pro·
1388 1673 1520 1708 Quinctil.
1532 1682 1568 1704 12,
1581 1681 1594 1706 3
1608 1679 1673 1700 extr.
1707 1673 1831 1706 Qiorum
1854 1672 1903 1699 alii
1924 1673 1949 1698 se
1966 1672 1999 1699 ad
2017 1672 2108 1700 album
2126 1682 2154 1700 ac
2168 1672 2283 1700 rubricas
2293 1672 2428 1699 transtule-

288 1705 395 1731 vinciae
415 1704 501 1731 forma
510 1724 519 1737 ‚
530 1704 661 1745 fignificat
676 1708 747 1732 Fines
760 1714 783 1732 et
796 1709 935 1735 contributa
953 1711 1014 1736 loca.
1085 1711 1192 1745 leian.
1206 1710 1234 1736 in
1247 1709 1264 1736 l.
1279 1710 1328 1736 Re·
1388 1715 1465 1741 runt3
1484 1714 1510 1736 et
1522 1708 1688 1742 formularii,
1700 1709 1753 1741 vel,
1768 1714 1797 1735 vt
1804 1708 1842 1735 ait
1854 1708 1959 1739 Cicero,
1979 1708 2089 1743 Legulei
2095 1708 2203 1744 quidam
2216 1710 2263 1735 esse
2270 1708 2429 1744 maluerunt.
2448 1724 2449 1728 =

290 1740 438 1779 legatorum
459 1740 491 1766 D.
505 1739 536 1766 de
551 1740 698 1767 mterdnffis
711 1747 737 1767 et
749 1741 870 1776 relegatis
878 1762 887 1774 ‚
907 1745 937 1768 In
949 1744 1059 1770 insulam
1069 1746 1187 1779 relegare
1200 1745 1327 1771 Praesides
1423 1751 1440 1771 F
1450 1751 1469 1771 ο
1479 1751 1497 1771 R
1506 1752 1531 1771 Μ
1542 1752 1563 1771 Α
1572 1751 1589 1771 C
1597 1752 1613 1771 F.
1621 1752 1642 1771 v
1651 1751 1679 1775 S,
1699 1753 1712 1770 a
1721 1764 1730 1776 ‚
1748 1753 1803 1770 um.
1840 1743 1900 1770 Adi.
1941 1745 2092 1771 Latericius.
2139 1745 2245 1770 Formas
2259 1746 2322 1769 enim
2339 1740 2383 1775 ff
2395 1743 2430 1768 Ια-

289 1776 488 1814 prouinciarum
501 1776 614 1815 possunt:
650 1776 683 1802 sic
695 1782 791 1807 tamen,
799 1783 828 1803 vt
840 1777 974 1811 siquidem
986 1779 1098 1805 insulam
1110 1779 1158 1805 sub
1169 1780 1193 1805 se
1206 1779 1329 1810 habeant,
1387 1785 1466 1810 teres,
1486 1780 1539 1805 vid.
1553 1788 1579 1804 n.
1589 1785 1611 1808 8.
1681 1779 1748 1805 Plin.
1762 1787 1806 1811 35,
1822 1787 1853 1813 14
1873 1778 1942 1816 §.48
1969 1780 2000 1805 In
2020 1779 2111 1806 Africa
2125 1780 2304 1814 Hispaniaque
2315 1785 2347 1804 ex
2360 1782 2415 1804 terr
2437 1790 2440 1795 ·

290 1809 319 1835 id
332 1809 376 1839 est,
389 1809 420 1835 ad
439 1818 498 1848 eius
508 1811 662 1842 prouinciae
677 1812 792 1838 formam
813 1814 1000 1846 pertinentem,
1027 1822 1107 1847 quam
1132 1813 1329 1846 administrant,
1341 1825 1375 1850 45
1387 1814 1499 1846 parietes
1511 1813 1641 1846 appellant
1655 1813 1818 1843 formaceos‚
1838 1814 1966 1847 quoniam
1981 1814 2010 1839 in
2023 1815 2111 1841 forma
2123 1814 2292 1844 circumdatis
2304 1813 2414 1847 vtrinqu

288 1844 369 1870 etiam
395 1844 542 1877 specialiter
565 1844 675 1870 insulam
699 1846 831 1880 adsignare
862 1849 978 1881 possunt,
1012 1850 1093 1883 inque
1119 1857 1176 1875 eam
1200 1848 1327 1882 relegare.
1390 1847 1487 1874 tabulis
1508 1847 1685 1874 inferciuntur
1703 1848 1793 1874 verius
1812 1856 1889 1881 quam
1909 1848 2089 1880 instruuntur,
2112 1849 2184 1875 acuis
2203 1849 2306 1875 durant.
2361 1849 2419 1875 Mat

287 1877 309 1917 Ἴ
329 1886 347 1914 7
384 1880 476 1919 Nempe
488 1878 584 1904 Forma
596 1876 628 1910 est
643 1880 792 1913 archetypon
804 1882 941 1915 quoddam,
965 1886 993 1908 in
1011 1892 1072 1917 quo,
1094 1885 1135 1910 vel
1152 1894 1181 1910 cx
1200 1892 1245 1918 quo
1258 1882 1330 1909 aliud
1405 1883 1488 1909 uidam
1506 1883 1547 1910 bic
1567 1884 1652 1919 legunt
1673 1883 1828 1910 Fornaceos.
1869 1883 1928 1911 Vid.
1945 1882 2037 1910 Ifidor.
2061 1891 2104 1916 ις,
2127 1892 2153 1917 9.
2207 1884 2306 1920 Grfiier.
2321 1883 2356 1911 ad
2381 1884 2420 1910 Co

306 1913 349 1940 uid
360 1919 516 1949 exprimitur.
579 1914 608 1939 V.
622 1921 648 1948 g.
669 1914 773 1939 Colum.
787 1921 818 1947 7,
830 1921 843 1943 8
874 1916 902 1940 de
914 1915 1062 1950 cmzficiendo
1075 1918 1156 1952 caseo,
1175 1919 1279 1949 Liquor
1299 1918 1328 1942 in
1398 1918 1478 1942 umel.
1495 1926 1522 1949 9,
1538 1927 1566 1950 4,
1587 1925 1614 1950 7.

310 1949 409 1979 stellas,
429 1955 473 1975 aut
487 1948 515 1974 in
527 1947 642 1975 calathos
655 1948 697 1989 vel
710 1948 808 1989 forinas
822 1949 1018 1990 transferendus
1030 1950 1083 1990 cst..
1181 1951 1250 1977 Ibid.
1276 1951 1327 1989 Vel
1424 1957 1442 1976 F
1452 1957 1472 1978 ο
1482 1957 1500 1976 R
1510 1957 1538 1990 M.
1544 1952 1584 1977 68
1594 1957 1614 1975 v
1624 1957 1636 1976 s
1645 1970 1653 1981 ‚
1673 1959 1703 1982 a,
1722 1960 1778 1978 urn.
1813 1951 1875 1976 Adi.
1911 1951 2061 1990 [fdffioptpoa
2076 1950 2175 1984 ἐυειδῆς,
2195 1953 2331 1990 fluxium]
2372 1942 2447 1982 Pul-'⁸⁴

287 1994 366 2013 manu
379 1984 521 2025 figuratur,
538 1983 581 2024 vel
595 1983 688 2010 buxeis
699 1984 794 2010 formis
806 1993 974 2018 exprimitur.
1046 1986 1113 2011 Plin.
1127 1987 1168 2017 36,
1182 1994 1216 2012 22
1244 1986 1280 2011 Ex
1295 1992 1328 2010 ns
1343 1995 1374 2021 50
1387 1985 1453 2012 cher.
1508 1987 1564 2012 C1c.
1572 1984 1603 2011 de
1611 1985 1646 2011 N.
1655 1986 1687 2011 D.
1696 1994 1715 2016 1,
1727 1991 1759 2015 80
1779 1986 1883 2018 Quotus
1890 1994 1962 2012 emm
1975 1987 2088 2022 quisque
2101 1987 2233 2015 formosus
2246 1989 2298 2016 est?
2352 1990 2434 2025 Virg.

286 2021 391 2048 formae
405 2022 482 2052 siunt,
495 2028 523 2045 ιιι
535 2019 632 2054 qu1bus
648 2027 707 2045 aera
719 2019 876 2047 funduntur.
930 2021 1026 2047 Forma
1041 2021 1134 2047 dicitur
1145 2027 1197 2047 tum
1210 2021 1329 2062 Signat-u·
1390 2021 1443 2047 Ecl.
1455 2028 1487 2053 2,
1507 2030 1517 2047 1
1546 2021 1702 2047 Formosum
1716 2021 1802 2055 pastor
1815 2021 1941 2053 Corydon
1953 2022 2061 2049 ardebat
2078 2023 2192 2049 Alexim.
2279 2025 2336 2052 Cic.
2351 2026 2426 2052 verr.

286 2057 337 2083 lum
354 2056 527 2089 archetypum,
551 2061 603 2081 tum
621 2055 673 2090 ipse
694 2056 804 2081 Numus:
838 2056 1036 2092 quemadmodum
1049 2057 1158 2083 Formas
1177 2064 1329 2091 quinar1as,
1390 2064 1421 2088 3,
1457 2075 1463 2082 .
1502 2076 1508 2083 .
1544 2056 1690 2083 Mulierum
1709 2056 1844 2083 nobilium
1859 2062 1883 2083 et
1901 2056 2079 2085 formosarum
2098 2059 2190 2093 gratia.
2295 2061 2358 2094 Quo
2375 2059 2430 2086 tibi

289 2092 422 2123 denarias,
450 2090 584 2125 Lamprid.
599 2096 649 2125 pro
671 2091 762 2116 Numis
778 2092 919 2125 quinariis,
937 2091 1063 2124 denariis,
1086 2092 1131 2117 hoc
1145 2090 1178 2124 2st
1192 2094 1279 2126 quinos
1290 2091 1329 2116 de·
1393 2092 1553 2123 formosam,
1573 2091 1590 2118 si
1609 2100 1663 2117 non
1681 2091 1729 2118 nisi
1748 2092 1814 2119 casta
1833 2091 1966 2126 placebat?
2011 2094 2075 2120 Non
2091 2095 2193 2128 possunt
2209 2094 2269 2121 vllis
2286 2094 2333 2122 isia
2355 2095 2428 2123 coire

287 2136 376 2162 nosque
387 2135 472 2152 aureos
483 2125 637 2157 valentibus,
656 2125 733 2152 dixit.
795 2125 851 2151 Vid.
864 2126 965 2161 Salmas
977 2126 1012 2152 ad
1029 2125 1167 2152 Alexandr.
1181 2126 1286 2159 Lampr.
1305 2132 1329 2151 et
1390 2126 1479 2152 modis
1515 2126 1596 2153 Ouid.
1610 2128 1703 2154 Amor.
1716 2136 1728 2159 3
1738 2147 1746 2160 ,
1759 2136 1792 2161 4,
1811 2136 1851 2160 41.
1923 2129 2065 2155 Formosus
2081 2136 2104 2156 et
2126 2130 2273 2162 Deformis,
2300 2134 2428 2157 contraria

288 2161 410 2188 Trebell.
426 2161 489 2187 Poll.
503 2161 531 2187 in
543 2158 606 2188 xxai
621 2161 742 2193 Tyrann.
755 2160 813 2187 Sen.
829 2160 907 2195 Epist.
915 2169 948 2194 34
959 2167 1023 2187 extr.
1053 2160 1152 2187 Omnia
1165 2160 1235 2186 faeta
1247 2159 1327 2186 dicia·
1345 2171 1374 2197 55
1391 2161 1447 2186 Cic.
1461 2161 1492 2187 de
1505 2162 1606 2187 Inuent.
1624 2171 1650 2193 1,
1670 2171 1708 2194 33.
1814 2163 1955 2190 Formosus
1967 2170 1993 2191 et
2006 2164 2116 2199 pulcher
2145 2165 2184 2192 Id.
2198 2165 2230 2192 de
2243 2166 2279 2192 N.
2293 2166 2326 2192 D.
2342 2174 2366 2197 1,
2384 2174 2426 2200 24.

289 2205 340 2231 que
354 2203 399 2224 tua
411 2196 480 2223 inter
492 2197 518 2222 se
530 2202 674 2231 congruant
686 2201 712 2223 et
724 2195 895 2230 respondeant
907 2195 973 2228 sibi,
999 2202 1024 2223 et
1042 2205 1093 2222 vna
1110 2195 1197 2222 forma
1216 2195 1328 2230 percussa
1390 2195 1484 2227 Acies,
1520 2196 1638 2227 Adonis,
1662 2197 1716 2222 vid.
1728 2197 1771 2223 hb.
1787 2207 1830 2223 vv.
1903 2199 1991 2233 Riguo
2005 2200 2149 2228 formosior
2160 2202 2237 2228 Anno
2269 2200 2350 2227 Ouid.
2363 2201 2423 2228 Mer.

290 2232 347 2260 sint.
416 2233 458 2260 Sic
472 2232 571 2258 sutores
577 2231 638 2267 suas
650 2231 740 2258 habent
746 2232 862 2267 formas,
886 2231 914 2258 de
925 2231 1011 2267 quibus
1024 2232 1091 2258 Hor.
1100 2231 1181 2258 Serm.
1195 2239 1228 2264 2,
1242 2239 1270 2263 3,
1283 2231 1329 2256 106
1391 2238 1426 2262 13,
1440 2236 1498 2264 798.
1568 2232 1657 2257 Annus
1668 2231 1864 2258 formofiffimus
1889 2234 1964 2268 Virg.
1977 2235 2031 2260 Ecl.
2045 2244 2068 2266 3,
2083 2243 2122 2269 57.
2196 2237 2282 2262 Boues
2297 2235 2422 2265 formosae
2436 2256 2439 2258 .

444 2267 471 2293 Si
484 2267 544 2301 quis
564 2272 632 2293 emat
652 2266 773 2298 citharas,
792 2273 874 2294 emtas
894 2273 1043 2301 comportet
1059 2267 1088 2294 in
1107 2275 1205 2299 vnum,
1389 2266 1471 2292 Ouid.
1486 2265 1517 2291 de
1530 2266 1592 2292 Arte
1605 2267 1664 2292 Am.
1678 2274 1699 2298 1,
1712 2269 1772 2298 296.
1843 2268 1943 2294 Comae
1974 2268 2012 2294 Id.
2026 2270 2118 2295 Amor.
2135 2278 2160 2301 1,
2175 2278 2219 2303 14,
2232 2279 2264 2302 31.
2327 2276 2336 2285 '¹
2361 2271 2420 2298 Diu

444 2302 503 2328 Nec
524 2301 609 2328 studio
629 2301 759 2333 citharae,
776 2311 823 2328 nec
843 2302 933 2328 Musae
950 2302 1053 2330 deditus
1070 2302 1134 2334 vlli;
1390 2301 1428 2327 Id.
1441 2301 1520 2335 Epist.
1540 2308 1582 2334 ις,
1601 2310 1656 2333 124.
1727 2301 1829 2328 Mulier
1864 2303 1931 2329 Hor.
1950 2303 1983 2329 de
2001 2303 2065 2331 Arte
2077 2304 2148 2330 Po'e't.
2161 2314 2188 2337 4.
2283 2308 2320 2333 Os
2345 2305 2421 2333 Ouid.

447 2337 474 2364 Si
491 2337 604 2372 scalpra,
623 2342 650 2363 et
669 2337 768 2363 formas
783 2346 836 2363 non
856 2338 948 2370 sutor,
973 2344 1018 2364 cte.
1341 2343 1376 2369 60
1389 2338 1453 2363 Met.
1468 2345 1490 2369 3,
1504 2338 1561 2370 461.
1630 2336 1719 2363 Puella
1743 2337 1840 2363 Tibul.
1856 2345 1876 2369 1,
1892 2347 1912 2369 1,
1925 2346 1961 2371 55.
2033 2340 2058 2365 O
2072 2339 2190 2365 formose
2202 2349 2268 2374 puer
2290 2340 2424 2376 VirgAEcl,
2470 2361 2479 2376 ,4

290 2374 387 2401 Forma
398 2372 477 2399 calcei
490 2373 618 2400 ceruicem
632 2372 748 2407 percuslit
768 2373 800 2401 D.
813 2372 845 2399 ad
857 2372 874 2399 1.
890 2373 1025 2408 Aquiliam
1038 2372 1076 2406 l.5
1097 2371 1190 2409 §.Sed
1205 2372 1264 2403 etsi,
1282 2378 1328 2398 etc.
1389 2380 1412 2404 2,
1427 2380 1464 2406 17.
1535 2371 1620 2407 Virgo
1633 2372 1751 2399 formosa
1763 2372 1807 2399 etsi
1821 2373 1920 2407 oppido
1933 2382 2046 2408 pauper,
2069 2378 2154 2399 tamen
2169 2374 2272 2401 abunde
2283 2376 2370 2403 dotata
2388 2376 2425 2402 est
2466 2391 2469 2393 ·

290 2408 365 2445 Conf.
384 2408 400 2434 1.
417 2417 450 2440 ι3.
509 2408 566 2434 Vid.
587 2414 603 2434 F
612 2415 631 2434 o
642 2414 661 2434 R
673 2415 727 2434 MV
739 2414 755 2433 1.
766 2415 798 2434 A.
994 2406 1015 2447 ff
1036 2414 1049 2439 8
1087 2409 1228 2444 Oaseruact.
1254 2408 1327 2434 aliae.
1389 2406 1550 2442 Apul.Apol.
1564 2416 1588 2441 p.
1598 2416 1651 2440 332,
1667 2415 1705 2442 17.
1811 2408 1935 2442 Virgines
1966 2409 2022 2435 Cic.
2036 2407 2069 2434 de
2081 2409 2183 2435 Inuent.
2197 2418 2228 2441 2,
2240 2417 2262 2435 2.
2331 2411 2424 2437 Vultus
2466 2426 2471 2436 «ι

290 2443 457 2478 Capaciffima
469 2443 557 2470 forma
569 2444 672 2475 circuli,
698 2446 716 2469 i.
723 2442 828 2479 figura,
853 2443 983 2476 Qinffil.
999 2452 1023 2475 1,
1042 2453 1087 2477 10,
1104 2452 1144 2477 39.
1251 2444 1328 2477 Virg.
1390 2443 1521 2470 formosus
1536 2443 1652 2477 puellae,
1673 2445 1705 2469 al.
1722 2442 1862 2469 Formosae
1875 2442 1963 2470 vultus
1978 2443 2081 2478 puellae
2105 2444 2186 2471 Ouid.
2200 2444 2288 2471 Amor.
2300 2453 2326 2476 2,
2340 2454 2366 2478 1,
2383 2453 2424 2480 37.

291 2480 389 2513 Georg.
404 2487 429 2510 1,
449 2486 496 2513 170
527 2478 663 2505 Continuo
676 2478 703 2504 in
717 2478 788 2505 siluis
802 2487 894 2513 magna
906 2480 934 2505 vi
946 2480 1012 2506 flexa
1024 2479 1148 2506 domatur
1176 2480 1207 2505 In
1221 2478 1311 2505 burim
1320 2498 1329 2510 ‚
1388 2479 1501 2513 Compar.
1538 2478 1643 2505 Hedera
1656 2477 1799 2505 formosior
1811 2478 1869 2505 alba
1896 2479 1971 2513 Virg.
1986 2478 2039 2505 Ecl.
2053 2487 2080 2514 7,
2092 2484 2129 2511 38.
2234 2477 2328 2514 sapen.
2362 2482 2424 2507 For·
2454 2505 2459 2516 ·‚

289 2521 315 2542 et
329 2514 405 2541 curui
418 2514 533 2541 formam
545 2513 639 2548 accipit
651 2513 736 2540 vlmus
749 2515 839 2540 aratri.
875 2517 893 2540 i.
916 2515 1045 2541 Formatur
1057 2517 1084 2540 in
1098 2521 1223 2546 aratrum,
1236 2514 1267 2541 ab
1277 2514 1329 2549 ipso
1343 2518 1374 2551 65
1389 2514 1541 2542 tuosissimus
1552 2514 1642 2540 aetatis
1657 2514 1716 2540 suae
1728 2513 1877 2540 Alcibiades
1905 2514 1975 2547 Nep.
1988 2522 2020 2549 7,
2036 2523 2045 2540 1
2054 2534 2063 2547 ,
2078 2523 2101 2541 2.

284 2551 385 2588 stila-et
397 2549 501 2585 artifice.
572 2548 677 2575 Habere
690 2549 803 2576 sormam
826 2549 950 2576 suadendi
982 2550 1113 2583 Quinctil.
1133 2559 1145 2582 3
1153 2567 1161 2580 ,
1177 2559 1205 2582 4.
1297 2551 1329 2575 In
1429 2555 1446 2575 r
1456 2556 1475 2576 0
1484 2556 1504 2576 R
1513 2556 1537 2575 M
1549 2555 1569 2576 0
1579 2557 1592 2576 s
1601 2548 1622 2575 x?
1631 2555 1647 2574 L
1656 2556 1676 2574 v
1685 2556 1698 2575 s
1706 2567 1713 2579 ,
1733 2557 1746 2575 a
1755 2568 1763 2580 ,
1782 2557 1836 2575 um.
1871 2548 1932 2575 Adi.
1944 2550 2046 2576 Dimin.
2095 2551 2182 2577 Varro
2193 2549 2261 2586 apud
2272 2549 2393 2576 Nonium
2407 2558 2430 2584 1,

291 2586 407 2612 formam
421 2584 527 2617 cadere,
546 2585 599 2611 vid.
614 2591 630 2611 C
639 2591 661 2611 Α
670 2590 688 2610 D
698 2591 725 2611 O.
797 2584 929 2611 Columel.
943 2592 970 2619 7,
981 2594 997 2617 9
1023 2586 1084 2611 Siue
1097 2594 1144 2619 per
1158 2585 1256 2615 literas,
1276 2583 1330 2610 siue
1393 2594 1439 2617 109
1464 2584 1561 2616 Multi,
1579 2585 1627 2619 qui
1641 2583 1732 2610 limina
1747 2584 1878 2610 intrarunt
1892 2584 2003 2618 integris
2016 2584 2117 2617 oculis,
2137 2585 2271 2612 strabones
2284 2585 2342 2612 sunt
2354 2584 2427 2616 fa&i.

291 2630 338 2657 per
351 2621 449 2647 formas
463 2628 677 2654 vnumquemque
689 2620 791 2646 foetum
806 2629 866 2647 cum
878 2626 962 2646 matre
975 2620 1124 2655 distinguat.
1181 2620 1276 2646 Forma
1289 2618 1331 2652 ‘st’
1389 2620 1478 2646 Habet
1491 2619 1562 2645 enim
1569 2619 1695 2654 quiddam
1707 2618 1829 2646 ἕλκυςικόν
1837 2619 2011 2654 prouincialis
2025 2620 2172 2647 formosula
2186 2629 2262 2647 vxor.
2316 2620 2428 2648 Hieron.

291 2666 340 2693 qua
351 2663 410 2682 nota
422 2664 576 2691 quaecunque
590 2658 751 2690 imprimitur.
857 2656 983 2687 Formae,
1000 2663 1049 2691 pro
1066 2655 1207 2683 Ordinibus
1224 2661 1247 2680 et
1264 2655 1333 2680 decu-
1392 2655 1470 2689 Epist.
1483 2662 1530 2689 47,
1543 2663 1561 2687 4
1581 2661 1630 2690 pro
1643 2654 1741 2687 Amafio
1750 2655 1849 2690 posuit,
1873 2655 1922 2682 Iste
1936 2655 2098 2682 formosulus
2113 2662 2188 2688 tuus,
2211 2656 2274 2691 quia
2292 2655 2346 2684 cito
2357 2656 2427 2683 senes

291 2695 341 2719 riis
354 2690 498 2725 quibusdam
511 2690 683 2726 intelliguntur
691 2709 700 2721 ‚
718 2696 748 2716 vt
760 2689 876 2717 dicantur
888 2694 915 2716 in
930 2693 1054 2718 Palatinis
1068 2689 1157 2725 officiis
1169 2692 1216 2717 alii
1223 2690 1333 2724 primae,
1342 2703 1378 2731 70
1392 2690 1465 2717 scunt
1477 2689 1601 2716 mulieres
1610 2710 1619 2722 ,
1637 2690 1679 2716 vel
1695 2689 1820 2716 ditiorem
1833 2690 1948 2724 reperiet
1960 2691 2003 2716 vel
2016 2691 2160 2718 iuniorem.
2454 2715 2457 2723 ,

292 2729 340 2754 alii
353 2725 476 2752 secundae
490 2725 607 2757 formae,
626 2731 671 2750 etc.
691 2724 825 2751 [Scriniis
833 2726 862 2752 C.
872 2725 903 2751 de
911 2726 1015 2760 palatin.
1025 2726 1071 2753 lib.
1083 2735 1116 2752 12.
1140 2727 1221 2760 it.l.7
1235 2724 1332 2752 C.Th.
1430 2732 1499 2752 1³01<
1509 2732 1533 2752 M
1545 2731 1564 2752 ο
1575 2733 1622 2752 SE.
1659 2724 1726 2751 Adu.
1781 2725 1859 2760 Apul.
1872 2726 1936 2753 Met.
1950 2734 1963 2759 ς
1975 2735 2001 2761 p.
2016 2728 2074 2758 168,
2096 2724 2125 2753 ιὰ,
2155 2726 2235 2754 Videt
2254 2725 2411 2760 Cupidinem
2457 2723 2459 2731 ’

296 2761 328 2787 de
341 2761 462 2787 Palatinis
481 2761 505 2786 S.
519 2760 549 2786 L.
620 2761 732 2786 Formae
752 2760 839 2785 luteae
868 2761 967 2787 Arnob.
983 2770 1002 2794 4
1021 2770 1046 2796 p.
1070 2769 1121 2793 130.
1141 2761 1206 2797 sunt
1218 2762 1331 2787 Lateres.
1392 2761 1539 2788 formosum
1554 2761 1648 2792 deum,
1665 2760 1782 2787 formose
1794 2760 1940 2789 cubantem.
2009 2762 2041 2788 Et
2054 2764 2071 2787 6
2083 2771 2108 2796 p.
2119 2767 2157 2794 183
2185 2763 2273 2788 Venus
2285 2762 2360 2789 suaui
2372 2771 2416 2790 mu
2452 2764 2453 2773 ¹

298 2798 390 2824 Totum
402 2797 477 2822 locum
485 2795 570 2821 damus
582 2797 609 2820 in
623 2801 830 2822 LATERANVS.
871 2796 930 2822 Vid.
950 2802 1150 2824 PORMAcEvs.
1221 2797 1332 2822 Formae
1394 2796 1458 2823 ficae
1472 2797 1576 2831 suppari
1596 2797 1678 2831 gressu
1697 2796 1814 2823 formose
1833 2796 1945 2824 saltauit.
2050 2797 2106 2824 Com
2124 2807 2162 2824 ar.
2198 2797 2309 2830 Surgere
2329 2798 2428 2826 formoa-

294 2834 369 2859 etiam
376 2837 496 2857 vocantur
505 2828 635 2857 Strufliles
647 2833 756 2856 riuorum
769 2831 875 2863 canales,
888 2831 976 2866 quibus
987 2841 1049 2867 aqua
1061 2832 1159 2858 ducitur
1166 2842 1176 2861 ;
1211 2840 1256 2867 quo
1258 2832 1334 2868 stusu
1394 2832 1444 2858 sius
1471 2833 1588 2866 Propert.
1610 2841 1620 2858 1
1628 2852 1636 2864 ,
1651 2840 1663 2857 2
1671 2851 1679 2863 ,
1700 2840 1732 2857 11.
1835 2833 1932 2868 Superi.
1968 2832 2086 2860 Formosi
2106 2842 2157 2859 1me
2169 2831 2217 2866 qui
2230 2832 2329 2859 formas
2341 2829 2433 2862 omnia*

296 2869 383 2902 Aquas
395 2866 539 2893 formarum
554 2865 621 2892 dixit
633 2864 741 2892 Caffiod.
753 2867 813 2891 Var.
827 2866 935 2900 Epist.3‚
949 2875 974 2898 31
990 2874 1013 2893 et
1026 2875 1052 2900 53
1084 2867 1168 2893 Roma
1182 2867 1331 2893 formarum
1349 2878 1381 2906 75
1394 2867 1499 2901 August.
1512 2867 1625 2894 Confess.
1640 2876 1665 2898 1,
1680 2874 1705 2900 7.
2415 2893 2419 2896 .

295 2901 468 2929 inundatione
480 2900 608 2928 ditissima.
650 2901 707 2927 Vid.
725 2901 820 2927 Fabret.
835 2900 1022 2937 deAquaedufs.
1031 2909 1105 2937 1220.
1129 2909 1153 2929 et
1165 2903 1259 2930 pallad.
1268 2913 1333 2936 9,11.
1430 2909 1446 2928 r
1457 2908 1477 2928 ο
1487 2910 1505 2929 R
1516 2909 1540 2928 M
1552 2908 1571 2928 ο
1582 2900 1617 2929 ss
1626 2909 1676 2929 TA
1686 2908 1715 2933 S,
1734 2902 1791 2928 atis.
1811 2901 1831 2928 f.
1868 2902 2025 2937 [ἐυμορφία]
2065 2902 2120 2928 Cic.
2134 2901 2185 2927 Off.
2202 2910 2222 2933 1,
2237 2904 2283 2929 126
2295 2911 2353 2937 235
2386 2903 2427 2931 Id-

295 2938 384 2964 Sidon.
399 2937 485 2971 Apoll.
502 2945 525 2967 1,
539 2944 559 2969 ς.
596 2939 625 2962 it.
640 2937 657 2962 1.
667 2944 686 2963 1.
701 2941 722 2966 8.
735 2944 752 2968 9
777 2937 807 2962 C.
822 2936 879 2963 Th.
898 2937 930 2963 de
941 2937 1126 2972 aquaeduffib.
1222 2940 1332 2973 Denique
1393 2946 1444 2972 que
1458 2937 1569 2972 positum
1582 2937 1618 2964 est
1632 2938 1659 2963 in
1671 2937 1757 2964 tribus
1770 2936 1866 2970 rebus,
1885 2937 2054 2968 formositate,
2072 2936 2181 2968 ordine,
2198 2944 2294 2964 ornatu
2303 2939 2336 2966 ad
2348 2939 2428 2967 36110-
2450 2932 2451 2940 ¹

294 2982 344 3000 uox
358 2974 452 2999 Forma
467 2971 598 3007 aliquando
613 2974 687 2998 meris
698 2972 878 3006 periphrajihus
886 2976 992 3008 poeticis
1003 2974 1115 3009 instruit.
1185 2973 1332 3008 Virg.Aen.
1391 2982 1452 3000 nem
1465 2979 1536 3008 apto.
1587 2975 1624 2999 De
1637 2974 1722 2999 decoro
1734 2974 1757 2999 lo
1775 2976 1853 3000 uitur.

297 3017 323 3044 7,
337 3013 362 3038 18
387 3009 423 3034 Ac
436 3008 538 3034 formae
549 3016 705 3042 magnorum
719 3006 819 3033 vlulare
833 3007 964 3042 luporum.
1017 3012 1170 3045 Qamquam
1187 3009 1228 3036 bic
1247 3012 1334 3046 agitur
1430 3016 1446 3035 F
1456 3015 1476 3035 ο
1487 3016 1505 3035 R
1515 3010 1591 3035 ΜᾹῚ.
1602 3016 1632 3035 is
1641 3028 1649 3041 ,
1674 3018 1697 3034 e.
1733 3009 1754 3034 A
1775 3009 1794 3034 i.
1849 3008 1918 3034 Suet.
1936 3007 1965 3033 in
1979 3005 2080 3033 Domit.
2094 3015 2116 3032 c.
2133 3015 2156 3038 13
2185 3008 2243 3034 Pari
2259 3009 2427 3044 arrogantia,
2455 3035 2457 3041 ,

295 3044 325 3070 de
339 3044 423 3069 Circes
431 3042 585 3083 praestigiis.
634 3043 682 3070 Sed
693 3042 766 3078 C⁰'²f·
780 3043 903 3070 Drakenb.
917 3045 950 3070 ad
966 3044 1010 3071 Sil.
1022 3054 1056 3077 ις,
1069 3048 1108 3074 86.
1346 3050 1379 3077 80
1393 3053 1474 3079 quum
1487 3050 1689 3079 procuratorum
1703 3043 1810 3070 suorum
1823 3043 1931 3069 nomine
1943 3040 2082 3068 formalem
2098 3041 2207 3069 dictaret
2221 3044 2372 3078 epistolam,
2393 3045 2427 3073 sie

334 3085 352 3105 Ρ
365 3084 384 3105 0
395 3086 413 3104 R
424 3086 445 3104 Μ
458 3086 478 3104 ν
487 3086 503 3105 L
512 3086 532 3104 Α
542 3097 549 3109 ,
567 3086 605 3105 ae.
641 3078 662 3104 f.
703 3077 804 3104 Dimin.
856 3080 939 3106 Parua
945 3080 1034 3115 forma
1041 3090 1048 3105 :
1086 3086 1109 3106 et
1119 3089 1192 3115 aeque
1203 3081 1252 3106 late
1265 3085 1334 3115 patet
1393 3080 1493 3114 coepit,
1513 3080 1642 3106 Dominus
1654 3086 1679 3105 et
1691 3079 1754 3105 deus
1765 3079 1853 3105 noster
1865 3077 1898 3104 sic
1911 3077 1969 3103 fleri
1983 3076 2065 3103 iubet.
2136 3079 2155 3104 F
2158 3079 2295 3112 ormalem,
2321 3083 2340 3106 ι’.
2355 3080 2427 3116 fille-

295 3123 325 3141 αι.-
339 3114 585 3150 Primitiuumsuum.
655 3115 786 3140 Ammian.
796 3114 910 3140 Marcell.
918 3123 953 3147 31,
969 3124 980 3141 2
1004 3116 1104 3141 Eorum
1117 3115 1195 3142 calcei
1210 3115 1334 3142 formulis
1396 3125 1487 3145 mirem,
1505 3124 1564 3149 quae
1577 3117 1628 3141 vim
1641 3115 1704 3150 Iagis
1715 3114 1820 3141 haberet.
1891 3112 1955 3139 Plin.
1970 3121 2017 3144 34,
2031 3121 2048 3145 9
2073 3113 2227 3147 Appellatur
2240 3115 2384 3142 etiamnum
2400 3122 2426 3143 et

297 3150 377 3176 nullis
389 3149 484 3183 aptati,
503 3155 592 3175 vetant
604 3148 725 3175 incedere
736 3148 857 3183 greffibus
871 3149 972 3176 liberis.
1043 3150 1123 3177 Plaut.
1140 3152 1207 3178 Pers.
1222 3160 1243 3182 2,
1256 3159 1282 3183 2,
1295 3158 1334 3185 47
1393 3151 1514 3178 formalis
1529 3156 1703 3186 temperatura
1716 3150 1783 3176 aeris
1797 3148 1948 3179 tenerrimi,
1969 3148 2096 3182 quoniam
2115 3150 2187 3185 nigri
2204 3150 2307 3185 plumbi
2325 3151 2426 3180 decima

295 3185 431 3219 Tempori
445 3185 510 3210 hanc
523 3184 635 3219 vigilare
648 3190 754 3219 oportet
769 3184 911 3211 formulam
923 3191 1002 3220 atque
1015 3186 1153 3212 aetatulam
1162 3207 1170 3219 ,
1189 3194 1234 3213 etc.
1303 3187 1334 3212 In
1393 3187 1483 3221 portio
1496 3186 1615 3217 additur,
1633 3192 1678 3212 etc.
1714 3185 1748 3211 ad
1775 3182 2009 3219 ormassaciendas‚
2027 3190 2056 3210 vt
2068 3183 2176 3211 videtur.
2247 3186 2308 3220 le.
2323 3186 2351 3212 iu
2361 3187 2379 3213 1.
2393 3189 2427 3214 62.

296 3221 425 3247 formulas
437 3220 555 3254 digerere
577 3220 695 3247 Scribon.
703 3228 745 3254 72.
761 3229 809 3246 110.
844 3223 863 3246 i.
882 3220 1001 3247 orbiculos
1008 3241 1016 3253 ‚
1031 3219 1152 3255 pastillos.
1222 3223 1332 3248 Formu-
1349 3222 1437 3258 85fin.
1464 3224 1494 3249 In
1508 3222 1565 3256 lege
1577 3220 1683 3248 falcidia
1702 3221 1734 3247 D.
1756 3220 1796 3246 Ad
1809 3220 1891 3253 legem
1905 3217 2051 3250 falcidiam,
2071 3219 2207 3255 Corpora,
2230 3220 2248 3246 fi
2280 3230 2312 3248 ua
2326 3222 2426 3249 suntin

297 3256 323 3282 la
336 3255 456 3287 dicendi,
469 3263 518 3290 pro
532 3255 608 3285 Stilo,
625 3262 648 3281 ct
661 3259 756 3282 ratione
768 3255 881 3291 loquendi
899 3256 953 3282 Cic.
968 3256 999 3282 de
1012 3257 1073 3290 Opt.
1087 3265 1143 3290 gen.
1158 3257 1273 3283 Orat.20
1284 3265 1332 3289 ας.
1394 3258 1472 3285 bonis
1486 3257 1618 3287 defuncti,
1636 3255 1776 3283 secundum
1788 3255 1827 3282 rei
1840 3254 1976 3280 veritatem
1989 3254 2144 3282 aestimanda
2157 3261 2249 3288 erunt,
2293 3265 2324 3283 oc
2342 3257 2378 3284 est
2390 3259 2432 3291 se-i

298 3291 336 3331 Id.
350 3291 403 3318 Off.
417 3299 445 3323 3,
460 3299 493 3323 29
523 3290 648 3316 Formula
661 3291 787 3326 quaedam
799 3291 977 3318 constituenda
989 3291 1039 3317 est:
1073 3300 1152 3326 quam
1164 3291 1183 3318 fi
1196 3293 1334 3326 sequemur
1393 3294 1506 3320 cundum
1520 3293 1637 3328 praesens
1651 3291 1779 3326 pretium;
1813 3298 1859 3316 nec
1871 3289 2014 3323 quidquam
2027 3298 2120 3317 eorum
2133 3291 2240 3318 formali
2253 3292 2340 3325 pretio
2352 3293 2426 3320 aestiss
2447 3290 2448 3309 ³

298 3335 328 3352 m
341 3326 538 3360 comparatione
549 3334 654 3357 rerum,
672 3326 706 3352 ab
718 3325 808 3352 officio
823 3336 956 3362 nunquam
969 3326 1126 3354 recedemus.
1198 3328 1271 3353 Nota
1289 3337 1332 3353 cu·
1394 3329 1518 3355 mandunt
1530 3329 1593 3360 ess‘e,
1610 3326 1742 3353 sciendum
1755 3325 1809 3352 est:
1843 3326 1860 3350 i.
1888 3333 1917 3350 ex
1925 3328 2007 3360 pretio
2025 3325 2186 3359 affim‘iionis,
2210 3326 2275 3363 quod
2284 3329 2426 3365 plerumque
2445 3340 2447 3342 ·

298 3361 391 3396 iusque
405 3361 508 3396 generis
522 3366 548 3388 et
561 3361 676 3387 formula
700 3361 737 3387 Id.
752 3361 779 3387 in
793 3363 866 3388 Orat.
881 3370 921 3397 75.
990 3362 1028 3388 Id.
1037 3361 1103 3388 ibid.
1119 3371 1128 3388 1
1142 3371 1162 3388 c.
1171 3369 1198 3394 53
1228 3362 1256 3387 de
1265 3363 1332 3388 ICto.
1392 3364 1501 3391 homines
1509 3369 1606 3398 ponunt
1619 3366 1645 3388 in
1658 3362 1744 3388 forma
1755 3362 1833 3395 magis
1847 3368 1917 3394 quam
1930 3363 1956 3385 in
1970 3364 2082 3387 materia.
2446 3358 2448 3363 ’

298 3398 466 3431 Componere
479 3397 622 3424 formulam
637 3396 789 3431 disciplinae
821 3398 877 3424 Cic.
889 3397 968 3424 Acad.
985 3406 1003 3428 1,
1023 3405 1059 3431 ¹7·
1166 3397 1334 3424 Constituere
1344 3406 1381 3431 90
1430 3406 1446 3426 F
1456 3405 1476 3426 ο
1486 3405 1589 3426 RMAE
1599 3405 1606 3423 1
1616 3405 1633 3424 L
1642 3405 1651 3423 1
1661 3404 1673 3424 s
1684 3417 1692 3429 ‚
1717 3405 1740 3422 e.
1777 3393 1848 3434 Adi·-
1886 3394 1951 3421 Idem
1963 3405 1992 3421 ac
2007 3396 2135 3422 formalis.
2190 3396 2310 3424 Prudent.
2327 3398 2424 3433 Apoth.
2446 3412 2447 3428 ι

299 3432 452 3464 formulam,
465 3441 543 3467 quam
557 3433 696 3467 sequamur
721 3431 759 3458 Id.
780 3432 832 3458 Off.
851 3441 878 3465 3,
892 3442 920 3466 19
939 3442 961 3459 c.
976 3441 1015 3467 14.
1086 3433 1272 3466 Praescriptum
1286 3433 1334 3459 ali·
1393 3443 1456 3468 1034
1480 3434 1555 3461 Solus
1567 3433 1648 3460 homo
1660 3430 1757 3458 meruit
1769 3430 1878 3456 Donnni
1892 3430 2032 3457 formabile
2045 3431 2135 3458 dextra
2147 3432 2183 3458 Os
2196 3441 2296 3467 capere.
2362 3435 2425 3462 For·
2445 3462 2447 3469 .

300 3467 371 3525 auod
384 3473 426 3493 aut
438 3468 580 3494 formulam
590 3468 738 3502 exprimere
764 3467 802 3493 Id.
818 3468 846 3493 in
857 3468 975 3500 Orat-36.
1047 3469 1133 3495 Varro
1147 3467 1178 3494 de
1192 3469 1223 3494 R.
1239 3469 1333 3500 R.1,18
1393 3470 1549 3502 mabiHora,
1569 3474 1597 3495 vt
1610 3468 1646 3494 ita
1662 3466 1775 3493 dixerim
1802 3466 1936 3500 Augustin.
1951 3466 1982 3493 de
1994 3466 2075 3493 Trin.
2090 3475 2123 3499 11,
2137 3476 2161 3493 2..
2412 3486 2413 3489 .
2445 3470 2446 3474 ’

320 3509 334 3526 e
346 3500 446 3527 familia
454 3522 460 3532 ‚
479 3504 547 3529 Cato
560 3503 653 3538 dirigit
665 3503 698 3529 ad
710 3502 772 3529 duas
785 3508 865 3529 metas
873 3523 881 3534 ,
899 3503 930 3530 ad
944 3509 1043 3530 certum
1056 3503 1164 3530 modum
1173 3503 1239 3538 agri,
1259 3510 1284 3530 et
1292 3512 1334 3538 ge·
1431 3512 1446 3531 F
1455 3512 1474 3532 ο
1483 3512 1501 3531 R
1509 3512 1534 3531 M
1543 3511 1564 3530 A
1572 3511 1585 3530 s
1595 3509 1616 3528 T
1625 3510 1642 3529 Ε
1650 3509 1667 3528 R
1677 3521 1684 3533 ,
1703 3502 1721 3527 i.
1739 3510 1774 3526 m.
1809 3501 1998 3538 Qisormofiam
2004 3503 2168 3529 autcalcntcm
2175 3502 2434 3531 hominemimitanae..
2445 3500 2446 3507 ¹

300 3544 349 3575 nus
364 3536 483 3568 sationis,
501 3538 614 3565 scribens
627 3538 660 3565 de
672 3539 788 3570 oliuetis,
801 3543 828 3564 et
839 3538 935 3571 vineis,
943 3545 972 3565 vt
983 3539 1045 3565 duas
1059 3539 1194 3565 formulas.
1238 3540 1333 3570 Vnam,
1394 3541 1461 3566 Nam
1475 3541 1583 3566 Formus
1597 3536 1629 3570 esi
1641 3536 1747 3563 Calidus
1760 3537 1845 3572 lingua
1856 3538 1949 3563 Latina
1955 3547 1965 3566 ;
1999 3537 2063 3563 ond.-
2074 3545 2098 3563 ει
2109 3538 2259 3564 Formosus.
2317 3539 2425 3574 Vceficu-

300 3578 330 3596 in
342 3579 393 3604 qua
411 3572 537 3605 praecipit
554 3573 692 3608 quomodo
708 3573 838 3600 oliuetum
856 3574 912 3609 agri
931 3574 1050 3608 iugerum
1069 3581 1111 3601 cc
1121 3582 1140 3601 x
1149 3580 1164 3600 ι.
1174 3595 1182 3607 ,
1207 3574 1334 3601 instruere
1347 3581 1379 3607 95
1392 3576 1431 3602 lus
1443 3574 1476 3608 est
1487 3578 1602 3610 antiquus
1615 3572 1682 3607 apud
1693 3571 1795 3597 Festum
1818 3572 1896 3605 (voce
1909 3571 2087 3604 Obstrudant)
2107 3573 2158 3599 Aut
2173 3572 2215 3599 hic
2229 3573 2367 3601 formaster
2380 3580 2424 3601 aut

300 3610 437 3638 oporteat,
463 3612 508 3632 etc.
681 3606 701 3646 fl
722 3618 735 3636 2
771 3610 894 3635 peculia„-
908 3615 931 3634 η
946 3610 1061 3644 sollemni
1071 3609 1255 3649 Jqffzficanone
1270 3611 1332 3637 For.
1393 3610 1509 3637 laetaster
1523 3607 1655 3645 paruulus.
1694 3607 1799 3633 Turneb.
1813 3615 1848 3638 12,
1860 3618 1886 3642 4.
1922 3608 1996 3670 Cops.
2010 3608 2100 3634 Isidor.
2114 3616 2162 3639 20,
2178 3616 2211 3640 ¹3·
2247 3609 2312 3637 Scal.
2325 3612 2424 3646 exponit

300 3640 402 3671 mulae,
414 3640 477 3674 sunt
490 3642 579 3676 Legum
593 3648 615 3668 et
626 3643 794 3677 institutorum
805 3652 884 3671 certae
895 3647 1075 3679 conceptiones,
1082 3648 1137 3679 Jtue
1148 3646 1289 3680 comprehen
1301 3655 1334 3672 ιο-
1393 3644 1557 3681 ὦραὶζόμινας,
1578 3645 1621 3679 qui
1628 3641 1730 3677 pulcher
1742 3642 1824 3668 videri
1836 3645 1905 3669 vult:
1926 3652 1952 3670 rc
1982 3653 2000 3669 e.
2052 3642 2109 3670 Vid.
2127 3648 2183 3668 LA}
2195 3650 2331 3671 TASTER.

300 3685 357 3706 ms,
395 3675 464 3701 uibus
475 3674 514 3708 fic
525 3674 632 3702 aflionrs
649 3679 784 3711 hominum,
809 3687 839 3706 vt
850 3686 921 3716 opera
933 3679 1075 3715 artificum,
1093 3680 1217 3716 formulis
1237 3682 1333 3717 quibus·
1428 3687 1444 3707 F
1453 3688 1472 3707 O
1481 3687 1498 3707 R
1509 3687 1531 3707 M
1543 3688 1553 3706 Ι
1562 3685 1606 3706 TE
1616 3684 1644 3703 R·
1680 3677 1746 3703 Adu.
1783 3679 1873 3705 iurare
1887 3678 1953 3705 1Cti.
1986 3681 2005 3705 i.
2024 3679 2147 3711 conceptis
2160 3679 2249 3704 verbis.

301 3710 358 3737 dam
386 3713 520 3746 iriguvztur.
591 3712 685 3738 Harum
698 3715 853 3741 incredibilis
864 3718 906 3742 vis
917 3721 970 3742 crat
979 3734 986 3747 ‚
1006 3724 1078 3750 quum
1096 3715 1162 3742 nihil
1170 3716 1230 3752 sere
1243 3720 1331 3751 priua·
1427 3723 1443 3742 F
1452 3722 1497 3742 OR
1507 3722 1531 3742 M
1541 3722 1556 3741 Ε
1566 3720 1581 3739 L
1592 3720 1607 3739 1.
1617 3720 1637 3739 A
1646 3732 1654 3743 ‚
1674 3721 1711 3738 ae.
1729 3713 1748 3738 f.
1784 3714 1884 3740 Dimin.
1919 3713 1993 3747 Apic.
2001 3722 2027 3746 9,
2041 3721 2063 3739 ιι
2087 3713 2117 3738 In
2124 3713 2247 3740 formella
2261 3714 2356 3748 piscem
2368 3714 2425 3742 for-'
2449 3731 2451 3735 ·

299 3753 340 3772 tae
352 3747 393 3772 vel
400 3745 512 3781 publicae
528 3747 566 3770 rei
584 3749 627 3805 αῗί
634 3747 726 3781 poffi=t‚
753 3753 778 3774 in
791 3759 835 3784 quo
849 3760 897 3777 non
911 3750 1076 3786 praescriptis
1093 3752 1134 3776 ve!
1151 3761 1166 3776 a
1184 3752 1234 3787 lege
1252 3754 1292 3778 vel
1304 3752 1333 3778 ab
1339 3762 1387 3780 100
1393 3751 1486 3777 mabis.
1521 3751 1552 3776 In
1565 3750 1685 3775 culinaria
1701 3747 1858 3781 irfflrumento
1871 3758 1917 3775 vas
1929 3749 1963 3775 ad
1969 3749 2082 3784 formam
2091 3748 2170 3783 pistis
2184 3748 2325 3785 cffigaeatum.
2430 3747 2432 3751 ’

299 3779 413 3814 irfiituto
425 3780 547 3821 hominum
560 3789 601 3805 υεν
618 3784 655 3813 is,
673 3789 696 3808 et
711 3788 833 3818 conceptis
844 3786 961 3812 utendum
974 3784 1036 3819 esset.
1092 3787 1147 3812 Hoc
1164 3787 1272 3823 intelligi
1285 3797 1333 3813 non
1429 3791 1531 3812 PORM
1539 3790 1558 3810 0
1567 3803 1575 3815 ‚
1598 3787 1650 3809 Ere.
1694 3785 1704 3815 [
1711 3784 1825 3818 μορφόω,
1842 3783 1998 3819 χηματίζω]
2052 3784 2162 3810 Formam
2179 3784 2237 3810 dare
2250 3786 2290 3811 vel
2300 3784 2421 3811 inducere.

295 3814 375 3851 potes?
387 3814 547 3847 commodius,
563 3815 665 3850 quamsi
676 3820 731 3851 quis
743 3818 923 3851 Briffonianum
930 3827 989 3856 opus
997 3821 1025 3847 de
1031 3819 1163 3856 formulis,
1180 3823 1334 3857 etsollemni-
1392 3820 1457 3847 Plin.
1475 3828 1519 3851 10,
1532 3822 1562 3850 63
1595 3820 1656 3852 Qio
1669 3820 1751 3845 maius
1765 3819 1801 3845 cst
1817 3819 1929 3851 animal,
1949 3823 2021 3845 tanto
2034 3817 2135 3844 diutius
2152 3819 2283 3846 formatur
2295 3820 2322 3845 in
2335 3825 2419 3846 vtero.

299 3852 343 3878 bus
352 3852 439 3886 Populi
450 3850 616 3891 Rom-verbis
625 3851 751 3885 inspiciat.
827 3856 864 3880 Dc
877 3856 1033 3882 iudicialibus
1041 3856 1097 3882 Cic.
1112 3865 1160 3890 pro
1174 3857 1246 3884 Rosc.
1255 3859 1332 3884 Com.
1391 3856 1447 3881 Cic.
1463 3854 1540 3880 Acad.
1554 3863 1582 3887 4,
1597 3859 1633 3883 118
1662 3854 1826 3881 Parmenides
1845 3855 1933 3889 ignem
1953 3854 1999 3888 qui
2019 3860 2124 3879 moueat
2142 3859 2238 3880 terram
2256 3863 2323 3889 quae
2341 3854 2373 3882 ab
2388 3851 2420 3881 eb

299 3895 333 3919 24
347 3895 368 3913 c.
386 3891 400 3916 8
429 3885 493 3912 Sunt
516 3893 591 3918 iura,
620 3886 676 3911 sunt
694 3886 823 3914 formulae
842 3889 873 3915 de
885 3891 1008 3918 omnibus
1020 3891 1097 3918 rebus
1109 3891 1279 3924 constitutae,
1298 3900 1332 3918 ne
1390 3890 1528 3916 formetur.
1618 3889 1695 3916 Aluta
1723 3890 1850 3921 formata,
1885 3896 1912 3916 ct
1936 3889 1966 3915 in
1989 3893 2088 3914 tantum
2120 3889 2229 3922 spatium
2255 3888 2420 3916 circumtecta

297 3921 358 3956 qui·
372 3927 416 3965 aut
434 3921 463 3948 in
476 3929 570 3957 genere
587 3920 717 3952 iniuriae,
743 3929 786 3949 aut
800 3924 903 3952 ratione
916 3926 1027 3954 aetionis
1040 3935 1128 3955 errare
1145 3927 1226 3963 possit.
1280 3928 1330 3954 Ex·
1339 3924 1508 3963 105Scribon.
1516 3932 1574 3958 229.
1647 3925 1743 3952 Pilulas
1755 3925 1872 3953 formare
1884 3929 1922 3956 88.
1991 3923 2120 3951 Columel.
2134 3926 2167 3958 6,
2180 3932 2210 3958 25
2240 3925 2325 3954 Potest
2341 3924 2419 3952 etiam

2355 3961 2416 3986 c'um
