2479 4225
288 199 357 247 623
694 192 723 231 F
811 190 843 229 Ε
924 187 952 225 Β
1734 188 1765 226 F
1856 189 1892 229 E
1979 190 2007 229 B
2338 168 2448 246 624¹}

290 281 504 310 exercitationem
523 288 624 316 tempus
637 280 717 307 febris
731 280 847 304 Incurrat
861 285 866 300 :
891 273 924 300 fic
937 273 1008 300 enim
1023 275 1096 308 saepe
1110 272 1154 299 illa
1171 271 1318 298 discutitur.
1416 282 1432 302 F
1444 281 1460 301 E
1472 283 1557 303 BRIB
1568 274 1658 308 ἴῃς,
1677 285 1699 302 e,
1718 275 1778 304 Adi,
1816 276 1891 302 Mem,
1927 277 1997 304 Cae]-
2014 279 2077 306 Am..
2093 278 2177 305 Tard·
2192 287 2220 312 4,
2234 284 2247 309 3
2272 279 2337 306 Vini
2349 273 2414 309 lu'm‘-
2446 283 2448 300 3

290 318 391 352 Ingeffit
409 317 491 344 tuffim
503 317 620 343 incidens
638 315 718 342 febris
737 313 800 339 l’lin.
814 309 890 344 Epist.
904 316 930 343 7»
946 319 982 342 ¹9·
1019 309 1064 337 Sed
1083 309 1151 335 hodie
1171 307 1269 340 editur,
1290 314 1320 333 vt
1379 309 1464 343 brici,
1489 312 1635 338 febribilcS.
2385 342 2387 350 A

292 364 346 380 mox
366 353 450 379 damus
467 356 493 378 in
512 353 630 379 Insident.
734 347 796 373 Iniit
814 354 928 378 vnquam
949 352 975 371 te
991 344 1072 371 febris
1087 345 1095 370 Ξ
1130 343 1196 384 vid..
1208 350 1217 368 1
1228 350 1247 368 N
1258 350 1318 382 Eo.
1418 353 1458 373 1113
1469 354 1558 374 BRES
1569 354 1585 374 c
1597 354 1632 379 Ο,
1654 350 1706 373 cre.
1743 346 1826 373 Solin.
1839 355 1861 373 c.
1875 355 1899 379 31
1919 347 2004 374 Paruit
2022 357 2154 384 nunquam
2172 359 2217 376 eos
2236 349 2359 377 hinnulos
2376 351 2414 379 fe.

291 389 414 416 Inhaeret
429 388 522 414 assidue
535 388 616 414 febris
631 384 695 411 Cels.
715 391 737 413 3,
754 391 780 414 4.
850 380 962 407 Insident
982 380 1084 411 febres,
1104 379 1170 404 tuss1s
1188 379 1319 409 increscit,
1382 380 1507 408 brescere.
2423 384 2424 387 ’

292 425 359 452 Plin.
373 424 448 458 Epist,
464 432 488 458 7,
503 433 539 453 19,
617 420 681 446 Cels.
702 426 724 448 3,
743 424 755 449 ς
787 417 875 449 Qtum
895 425 960 442 vero
980 416 1062 442 febris
1083 414 1174 444 instet,
1194 413 1319 452 incipiat,
1341 422 1355 448 5
1421 424 1575 447 pemmo,
1595 421 1642 443 ire.
1679 417 1822 452 [πυρέττω]
1858 415 2070 452 Laboraresebrc.
2105 419 2131 445 Si
2143 428 2196 445 non
2211 419 2306 451 febrit,
2324 413 2423 449 venter·¹

294 465 437 491 amemur,
456 454 586 488 consistat,
610 452 729 483 decedat,
754 450 850 477 deinde
870 451 898 477 in
916 451 1056 478 deceffione
1075 449 1208 481 consistat,
1227 455 1272 488 ³1¹}
1291 451 1321 473 h·
1385 452 1523 479 soluendus
1537 453 1572 478 est
1592 453 1656 478 Cels.
1670 462 1696 485 4,
1710 461 1736 486 7,
1751 460 1771 477 2.
1867 452 1939 478 Idem
1947 455 1973 486 6,
1988 462 2009 479 11
2052 455 2174 481 Potiones
2199 455 2217 481 si
2231 455 2330 482 febriat
2343 452 2415 492 puer)

295 480 399 525 nii'tur3
424 495 488 520 scire
506 494 580 522 licet,
600 489 730 522 optimum
748 486 809 512 ‘ibo
828 492 928 521 tempus
948 487 997 513 ess'e
1016 486 1090 512 febre
1110 485 1200 514 finita;
1227 483 1322 523 demde
1384 496 1466 522 aquae
1482 499 1487 514 :
1524 488 1541 514 fi
1554 488 1605 513 fine
1621 487 1693 514 febre
1707 487 1758 519 est,
1776 486 1834 513 vini
1846 485 1935 513 diluti.
2418 489 2420 491 ’

295 539 380 564 quum
398 529 502 556 decessio
521 527 575 552 eius
595 522 722 553 confistit,
740 529 785 548 etc.
876 523 1023 549 Intenditur
1042 523 1114 555 saepe
1135 529 1165 546 ex
1188 528 1220 546 eo
1237 519 1322 546 febris
1421 530 1533 550 FEBRI
1544 531 1560 550 E
1571 531 1590 548 κ
1601 531 1629 553 s,
1646 523 1722 549 entis,
1742 523 1834 549 Panic.
1869 523 2025 558 [nupia-rm]
2060 524 2191 551 Columel,
2202 527 2218 551 (ς
2230 525 2306 552 cmst,
2328 525 2415 553 [τάπὶ.

295 566 363 593 Cels.
378 574 388 596 3
420 574 444 597 9,
478 569 501 587 ct
522 570 543 586 11
568 559 655 584 Minui
673 557 754 583 febris
770 557 889 590 videtur,
909 563 934 584 et
950 558 1038 584 rursus
1055 555 1210 582 intenditur.
1282 556 1323 580 In·
1386 559 1439 584 emi
1454 559 1539 585 mulae
1551 559 1628 585 cruda
1643 558 1746 585 braffica
1759 558 1842 585 datur,
1945 559 1977 584 Εῑ
1991 559 2108 586 Mam-ob¹
2125 568 2150 595 7⁷
2164 570 2182 593 4
2212 561 2347 588 febrienti
2361 561 2415 592 flm-

295 586 418 628 termin’it
437 606 467 624 cx
485 602 540 622 toto
559 593 641 619 febris
660 593 732 619 Idem
748 601 775 625 3,
795 602 831 626 14.
900 594 1049 627 Iunguntur
1062 591 1147 618 febres
1166 590 1233 630 Cels.
1256 598 1279 622 3,
1301 597 1322 622 ς·
1339 601 1367 620 ιο
1385 594 1481 627 plicem
1514 594 1601 621 cibum
1630 594 1729 620 darent.
1800 592 1868 620 Add.
1900 593 2025 627 Spartian.
2050 594 2132 623 Hadr.
2161 606 2181 622 c.
2212 604 2249 629 ες.
2321 597 2415 624 Αιιῐοῃ;

294 636 426 663 Labor-are
439 632 488 657 linc
503 629 571 656 febri
589 629 644 656 Cic.
660 629 712 654 Att.
727 636 756 661 5,
771 634 793 657 8.
862 628 956 655 Lenita
975 628 1010 654 est
1030 627 1133 654 accessio
1152 626 1234 652 febris
1257 625 1325 665 Cels.
1384 630 1472 664 Epigr,
1493 637 1541 665 ¹¹7·
2408 640 2416 661 ¹.—

295 681 311 698 2
337 679 372 704 17·
441 666 512 692 Idem
532 674 554 697 3,
568 667 584 690 6
609 665 639 690 Et
655 664 716 689 dum
728 663 815 689 febres
829 663 936 698 quidem
950 664 1111 697 increscunt,
1128 662 1170 688 hic
1184 661 1251 688 solus
1265 660 1323 686 ido-
1421 662 1608 692 FEBRmsT
1620 670 1654 693 O,
1673 667 1724 690 510,
1762 663 1907 699 [πυρέττω]
1945 663 2122 700 Fffircmpati’
2140 667 2181 692 vel
2196 666 2266 693 Febr,
2284 669 2379 701 corripi
2393 673 2415 694 ε,

295 692 356 732 nens
370 702 440 729 cibus
455 701 498 726 est.
547 700 599 726 Vbi
613 708 676 726 vero
694 705 739 728 aut
755 699 888 731 desinunt,
907 706 952 725 aut
964 701 1111 728 Leuantur‚
1129 699 1202 731 saepe
1216 696 1324 735 quidem
1384 704 1485 727 tentari.
1519 701 1544 727 Si
1561 699 1750 726 febricitabunt
1773 699 1891 725 Scrjbon,
1907 708 1956 731 114,
1972 707 2025 734 ¹27·
2061 700 2128 727 ΑΜ·
2142 702 2232 733 14¹3,
2303 701 2417 729 Febricia

294 736 470 772 incipiendum
483 735 534 768 est,
552 743 597 762 NC-
668 734 740 761 Idem
754 743 779 766 2,
796 743 814 766 4
841 734 952 766 Febres,
972 744 1039 770 quae
1057 734 1136 761 tertio
1157 741 1262 772 quom-¹⁶
1280 731 1323 757 dle
1385 742 1422 763 tat
1435 745 1511 770 aeger
1532 736 1598 762 Cels.
1612 744 1634 767 3,
1648 738 1673 760 6.
1744 735 1915 761 Febricitauit
1927 735 2037 769 aliquis,
2055 742 2099 762 aut
2112 737 2245 763 inhorruit
2263 737 2301 763 Id.
2311 746 2333 769 2,
2341 745 2366 771 7.

293 783 345 801 non
365 774 504 797 Leuantur.
574 772 671 797 Leuata
690 770 725 795 est
743 769 824 795 febris
846 771 913 796 Cels.
931 779 953 802 3,
968 779 994 803 4.
1065 769 1191 796 Liberare
1208 768 1324 802 aliquem
1340 776 1366 802 15
1422 779 1461 798 FE
1471 769 1637 798 BR1cf'rA
1649 778 1668 795 N
1679 776 1707 801 s,
1726 770 1802 796 antis.
1817 771 1909 797 Partic.
1946 771 2012 797 Cels.
2027 778 2051 803 2,
2063 774 2089 797 6.
2156 773 2186 798 Ει
2204 773 2278 799 Curt.
2295 781 2340 804 10,
2355 781 2382 805 4,
2395 780 2419 803 it

291 809 365 835 febre
379 806 451 832 Idem
468 815 491 839 3,
508 815 532 838 9·
603 806 724 832 Libefflri
742 814 756 831 ὃ
770 805 845 831 febre
858 805 923 831 Plin-
938 808 981 837 26,
996 814 1029 832 11.
1100 804 1238 830 Liberatus
1250 802 1324 828 febre
1384 807 1439 835 Illis
1454 807 1546 833 diebus
1561 804 1737 839 Hephaestion
1750 805 1902 832 febricitans
1915 806 2037 832 moritur.
2098 806 2284 834 Febricitantes
2299 808 2426 836 Scribant!

291 843 356 870 Cels·
378 851 401 871 2,
421 849 445 874 ¹5
466 849 488 867 Μ
505 850 542 876 17·
613 841 736 867 Miflssefe
750 840 852 866 febrem
871 841 943 867 Idem
957 849 980 873 Ξ,
992 850 1014 873 5-
1082 840 1171 866 Mi¹¹¹¹i
1186 839 1269 865 febris
1284 838 1324 864 Vi·
1385 846 1430 877 Ep.
1446 850 1468 868 ct
1483 844 1574 875 Comp.
1590 850 1632 868 111.
1647 848 1692 872 115.
1708 843 1820 874 121.169.
1893 841 1991 868 Baliare
2005 841 2200 868 febricitantem
2214 841 2426 878 Martial.11‚99.·‚'

291 879 382 910 detur,
402 884 426 903 et
439 878 525 903 rursus
539 876 685 902 intenditur
699 877 765 902 Cels.
779 884 802 908 3,
818 884 848 902 ιι.
918 877 1018 902 Minuit
1033 875 1133 910 frigora
1148 875 1263 901 febrium
1278 882 1325 900 cor
1385 879 1453 907 Boni
1467 877 1628 904 febricitanti
1642 877 1766 902 conuenit
1780 876 1908 904 abstinere
1921 877 1982 904 cibo
2001 877 2133 904 Columel.
2146 881 2172 910 6,
2180 887 2206 910 9.
2415 884 2427 907 .’

289 921 367 940 ranae
385 912 554 946 adalligatum
573 912 638 938 Plin.
652 920 691 944 32,
706 920 742 937 ιο.
813 911 937 945 Mitigare
955 912 1058 938 febrem
1078 911 1183 946 quiete,
1201 917 1226 936 et
1247 909 1323 935 absti-
1422 919 1528 940 FEBRI
1541 919 1558 939 c
1569 920 1603 944 Ο,
1621 916 1672 937 gre,
1715 911 1784 937 Vnde
2244 913 2250 919 ·
2417 916 2433 946 *ι’

287 948 377 975 nentia
396 947 526 982 anffil-
539 956 561 979 2,
577 955 614 982 17·
685 947 751 973 Cels.
766 955 786 977 2,
801 957 819 980 4
845 947 1007 981 Febr-esque,
1026 956 1092 981 quac
1106 955 1151 981 per
1165 945 1323 972 disceffiones
1337 956 1372 975 20
1422 956 1462 976 Fr
1473 955 1559 975 Bam
1570 955 1587 973 A
1598 955 1618 973 N
1629 955 1658 979 s,
1675 948 1751 973 antis.
1770 947 1862 974 Partic.
1899 948 2049 974 Prouocatur
2077 948 2111 974 ad
2134 949 2246 976 Dolores
2272 954 2299 976 et
2325 930 2439 981 insanidt!

288 989 389 1011 tantum
404 984 579 1015 Molliuntur‚
597 991 643 1008 nec
657 991 773 1017 vnquam
786 983 917 1016 integrum
932 991 1026 1016 corpus
1040 982 1185 1008 dimittunt.
1257 980 1324 1007 Cels.
1386 993 1428 1010 am
1442 983 1631 1011 febricamium
1651 984 1717 1009 Cels.
1730 991 1755 1015 2,
1769 991 1785 1011 ι,
1822 981 1869 1010 Sed
1884 984 1916 1009 al.
1928 983 2146 1010 febricitantium.
2332 996 2338 1008 x
2396 982 2430 1049 ἕ

288 1028 313 1053 5,
328 1024 358 1049 28
379 1020 454 1053 Quae
469 1020 509 1045 vel
524 1019 663 1053 praecipue
675 1019 784 1052 fatigare
797 1018 912 1044 medicos
925 1018 1007 1044 solent
1020 1028 1027 1049 ς
1052 1018 1179 1052 quoniam
1198 1022 1223 1043 et
1235 1016 1324 1042 febres
1422 1027 1438 1046 F
1448 1026 1463 1046 Ε
1472 1027 1487 1046 B
1497 1027 1515 1046 R
1526 1028 1534 1046 1
1546 1025 1562 1045 C
1575 1027 1582 1045 1
1593 1026 1613 1045 T
1624 1026 1642 1045 A
1653 1026 1674 1045 Τ
1684 1027 1692 1045 ι
1702 1027 1720 1046 o
1730 1039 1738 1051 ,
1758 1018 1823 1045 ῡηίς.
1850 1019 1870 1044 f.
1906 1018 1974 1044 Celsi
1986 1018 2028 1051 effi·
2040 1019 2141 1045 dicitur.
2426 1019 2435 1044 ’.

288 1055 415 1086 Mouent,
435 1063 481 1080 nec
497 1063 611 1088 vnquam
632 1054 710 1080 facile
730 1054 911 1079 maturescunt.
1017 1054 1121 1080 Sueton.
1138 1053 1165 1079 in
1178 1053 1239 1079 Tit.
1261 1061 1280 1077 c.
1297 1060 1325 1077 10
1424 1053 1615 1082 FEBRIFVG
1627 1061 1646 1079 ν
1658 1062 1687 1087 S,
1705 1063 1736 1086 a,
1756 1063 1810 1079 um.
1833 1053 1892 1079 Adi.
1931 1054 2026 1080 Febrem
2034 1055 2148 1090 fugans,
2170 1060 2218 1087 vt,
2244 1050 2444 1093 Medicameniy'sA

288 1089 392 1116 Deinde
405 1089 436 1115 ad
450 1089 562 1123 primam
576 1089 661 1116 statim
674 1089 834 1115 mansionem
848 1089 945 1115 febrim
958 1088 1072 1120 NaOms,
1091 1098 1173 1124 quum
1192 1089 1220 1114 in
1233 1087 1325 1113 lectica
1387 1096 1443 1117 mm
1458 1091 1636 1125 febdfugum,
1660 1090 1724 1125 quod
1736 1096 1758 1115 et
1771 1089 1926 1126 Annfebrilc
1942 1089 2036 1116 Medici
2055 1097 2153 1116 vocant.
2415 1094 2443 1130 k:

289 1125 490 1157 transferretur,
509 1132 554 1151 etc.
627 1125 692 1151 Cels.
707 1134 734 1157 2,
754 1133 766 1156 3
791 1124 844 1151 Vbi
870 1134 935 1151 vero
958 1124 1039 1151 febris
1060 1124 1176 1159 aliquem
1198 1125 1324 1157 Occupat,
1340 1132 1370 1158 25
1422 1133 1557 1153 1:138le
1571 1132 1671 1152 VGIA
1685 1145 1694 1158 ,
1730 1134 1768 1152 ae.
1808 1125 1828 1151 f.
1871 1125 1970 1158 Hcrba,
2008 1125 2140 1152 Centaurea
2170 1128 2251 1152 minor
2285 1124 2363 1160 Apul.
2389 1123 2443 1160 deff

289 1161 355 1188 scire
369 1160 445 1192 licet,
460 1167 505 1186 etc.
576 1160 670 1186 Oritur
682 1160 764 1186 febris
779 1160 850 1186 Idem
866 1169 891 1192 2,
904 1169 931 1192 4.
1003 1160 1057 1186 Pati
1071 1160 1185 1192 febrim,
1205 1158 1258 1185 vid.
1273 1165 1325 1184 ΡΑ-
1389 1161 1471 1188 Herb,
1487 1171 1508 1188 c,
1521 1169 1556 1194 ὃς,
2341 1189 2345 1191 α
2400 1152 2439 1195 43

288 1204 330 1224 ἰἰ
340 1202 357 1221 0
367 1203 384 1222 R
394 1215 400 1222 .
473 1195 627 1221 Perfunctae
640 1196 695 1221 sues
714 1205 728 1221 a
743 1195 810 1222 febri
831 1197 906 1222 Varr.
920 1195 951 1221 de
965 1195 994 1221 R.
1010 1196 1041 1221 R.
1056 1205 1077 1227 2,
1090 1205 1118 1228 4,
1132 1204 1154 1227 3.
1225 1195 1326 1220 Perma-
1425 1204 1441 1224 p
1454 1204 1469 1223 E
1479 1204 1520 1224 BR
1530 1205 1549 1224 v
1559 1203 1578 1222 0
1588 1217 1594 1227 ,
1614 1200 1666 1223 ᾗτε.
1703 1195 1851 1231 [κκθαίρω]
1888 1193 2019 1228 Lusii-are,
2035 1203 2146 1231 purgare
2164 1204 2179 1221 a
2198 1195 2299 1221 Ferueo
2316 1204 2363 1221 non
2377 1196 2422 1236 mi}

288 1237 335 1258 net
349 1231 445 1262 febris,
469 1231 522 1257 vid.
542 1231 646 1257 Torret
663 1232 754 1257 febris.
847 1231 964 1258 Perustus
982 1231 1154 1257 ardentiffima
1171 1229 1240 1256 febri
1260 1229 1326 1255 Plin.
1389 1242 1436 1259 nus
1448 1232 1605 1259 deriuandum
1623 1231 1721 1258 wdetur
1736 1240 1808 1266 quam
1822 1231 1912 1257 Febris
1929 1242 1933 1256 :
1968 1234 2087 1267 purgatio
2107 1234 2170 1257 enim
2182 1229 2287 1265 fillfure
2306 1199 2443 1266 molendini*

289 1266 367 1301 Epist.
385 1274 412 1300 7,
432 1275 451 1292 1.
520 1266 632 1293 Praestat
651 1267 762 1293 tertiana
782 1265 865 1293 febris
885 1275 966 1293 vnum
987 1266 1057 1292 diem
1078 1267 1226 1300 integrum,
1245 1265 1327 1291 tertIO
1387 1275 1410 1294 et
1416 1268 1529 1304 flammis
1535 1268 1694 1303 sernentibus
1707 1266 1767 1303 fieri
1775 1267 1877 1303 Jblebat.
1912 1266 2055 1292 Admana
2063 1268 2198 1302 (Tcnjbrini,
2206 1275 2273 1300 quem
2286 1276 2341 1292 mox
2355 1265 2422 1299 dubl}

287 1301 358 1329 redit
377 1302 444 1328 Cels.
457 1310 478 1334 3,
488 1304 514 1333 ’3.
573 1301 688 1331 ,Prodest
708 1309 733 1328 et
747 1301 818 1328 febri
835 1311 958 1328 ranarum
976 1301 1045 1328 fellis
1065 1302 1131 1328 cinis
1151 1301 1216 1327 Plin.
1232 1309 1275 1332 32,
1291 1309 1327 1325 10.
1338 1309 1370 1334 30
1387 1314 1440 1330 mus
1454 1307 1480 1330 in
1497 1309 1658 1335 FEBRVVS,
1677 1312 1705 1335 a,
1725 1312 1778 1328 um.
1839 1303 1924 1328 Varro
1937 1302 2002 1337 apud
2016 1303 2088 1328 Non.
2102 1311 2127 1334 2,
2141 1310 2182 1334 355
2201 1304 2231 1328 In
2245 1310 2336 1328 eorum
2351 1301 2442 1337 enim-{5

288 1337 399 1364 Prosunt
419 1338 446 1363 5¹¹
460 1337 579 1364 febribus
593 1337 735 1364 flUUiatileS
750 1338 836 1364 cancri
855 1337 926 1363 [dem
946 1346 989 1370 32,
1003 1346 1040 1363 10·
1111 1336 1223 1370 02¹stssit
1243 1335 1326 1361 febris
1387 1339 1479 1370 sacris,
1496 1339 1550 1365 liba
1569 1347 1627 1364 cum
1647 1339 1703 1364 sunt
1726 1338 1794 1364 facta
1814 1337 1923 1364 iniicere
1937 1337 2020 1364 solent
2033 1338 2110 1364 farris
2126 1338 2221 1364 semina
2234 1346 2263 1364 ac
2277 1337 2381 1369 dicere,

288 1372 355 1399 Cels.
369 1381 394 1404 2,
409 1379 431 1401 Β.
488 1372 560 1399 Idem
574 1381 597 1404 3,
613 1375 648 1399 16.
720 1374 831 1406 Qiicuit
845 1373 926 1399 febris
939 1382 969 1399 ex
984 1378 1042 1399 toto
1056 1372 1121 1399 Cels.
1134 1381 1158 1402 2,
1171 1381 1192 1403 3.
1238 1372 1325 1404 Quae·
1387 1385 1417 1402 ea
1430 1375 1568 1406 februare,
1586 1373 1613 1400 id
1628 1374 1663 1399 cst
1678 1382 1742 1407 pura
1754 1373 1849 1399 facere.
1919 1373 1992 1399 Idem
2008 1375 2094 1399 Varro
2107 1373 2137 1399 de
2152 1374 2181 1400 L.
2196 1374 2226 1399 L.
2239 1381 2268 1406 5,
2282 1384 2300 1407 4
2312 1382 2337 1406 p.
2352 1381 2391 1404 51,
2435 1394 2440 1401 .
2474 1390 2475 1398 1

288 1416 348 1435 rere
367 1407 514 1434 remedium
532 1408 603 1434 febri
622 1407 686 1434 Plin-
703 1414 746 1438 28,
760 1417 784 1442 7.
855 1408 962 1435 Recellit
980 1408 1083 1434 accessio
1106 1407 1188 1434 febris
1208 1415 1239 1433 ex
1266 1412 1324 1433 toto
1386 1415 1413 1438 in
1428 1411 1571 1445 etymologia
1585 1408 1739 1440 Februarii,
1757 1408 1828 1443 quod
1843 1415 1899 1435 tum
1912 1408 2048 1435 februatur
2061 1409 2188 1443 Populus,
2207 1408 2234 1434 id
2253 1408 2289 1435 est
2311 1409 2408 1442 luperc·
2435 1411 2449 1432 ι’

288 1443 355 1470 Cels·
369 1451 444 1478 2‚17·
518 1443 663 1470 Recurrens
682 1443 765 1470 febris
783 1444 883 1477 quartis
901 1444 992 1470 diebus
1010 1443 1180 1478 Ge11.17‚12.
1251 1442 1325 1468 Reci-
1386 1447 1464 1473 nudis
1478 1445 1608 1472 lustratur.
1651 1443 1717 1471 ΑΜ.
1741 1446 1852 1478 reliqua,
1871 1453 1929 1479 quae
1952 1453 2008 1470 voce
2035 1451 2157 1470 renam
2179 1450 2202 1469 et
2223 1449 2406 1470 renavmuv
2448 1452 2451 1474 :

289 1478 355 1505 dunt
372 1478 459 1505 febres
480 1479 546 1506 Plin.
564 1485 610 1514 28,
633 1482 669 1505 16.
742 1479 860 1505 Redeunt
882 1479 1009 1514 quaedam
1027 1479 1114 1505 febres
1133 1478 1255 1513 longiore
1276 1478 1326 1505 cir·
1341 1491 1370 1518 33
1389 1482 1508 1508 dabimus.
1580 1480 1717 1506 Censor-in.
1733 1488 1765 1505 22
1786 1479 1933 1511 Februare,
1953 1488 2063 1513 purgare
2076 1485 2101 1505 et
2115 1488 2209 1513 purum
2221 1480 2317 1506 facere.
2351 1481 2400 1499 —-'
2433 1489 2452 1506 ,t

289 1514 362 1540 cuitu
378 1514 444 1540 Cels·
458 1523 479 1546 3,
492 1522 515 1544 :t-
584 1514 657 1541 Idem
678 1523 704 1546 3,
719 1522 730 1546 3
757 1515 851 1549 Neque
864 1514 896 1541 de
910 1524 954 1548 re,
974 1514 1017 1541 sed
1031 1515 1062 1541 de
1077 1514 1160 1541 verbo
1174 1520 1327 1540 controuer-
1389 1519 1460 1545 Nam
1474 1517 1551 1542 aliter
1564 1515 1593 1541 in
1605 1515 1666 1540 aliis
1679 1514 1755 1540 sacris
1769 1514 1922 1547 februatur,
1937 1514 1987 1540 hoc
2001 1515 2050 1545 est,
2064 1521 2199 1548 purgatur.
2455 1514 2457 1516 ’

290 1549 353 1576 siam
373 1555 481 1575 mouent
495 1571 503 1583 ‚
529 1550 575 1583 qui
595 1559 676 1584 quum
695 1550 786 1584 aliter,
812 1550 941 1585 aliterque
962 1550 991 1576 in
1012 1551 1106 1576 eodem
1122 1549 1219 1576 morbo
1239 1549 1325 1575 febres
1424 1559 1517 1579 FEBR
1528 1558 1578 1576 νΛ
1589 1557 1680 1581 Tvs,
1701 1558 1732 1581 a,
1752 1559 1805 1575 um.
1824 1550 1916 1576 Partic.
1954 1551 2086 1585 Purgatus.
2124 1551 2211 1575 Varro
2224 1548 2256 1575 de
2273 1549 2304 1575 L.
2324 1549 2354 1575 L.
2369 1547 2422 1584 5‚'3
2434 1551 2439 1574 L

287 1583 425 1616 accedant,
445 1593 504 1610 non.
515 1585 617 1611 easdem
635 1585 784 1612 inordinate
805 1586 907 1612 Redire.
978 1586 1113 1612 Reducere
1131 1586 1229 1612 febrim
1244 1585 1326 1611 alicui
1388 1598 1411 1623 p,
1425 1590 1470 1621 46,
1484 1596 1512 1618 19
1531 1587 1586 1612 Rex
1601 1594 1659 1611 cum
1672 1585 1751 1611 ferias
1765 1585 1905 1611 menstruas
1916 1586 1992 1611 nonis
2008 1585 2157 1611 Februariis
2170 1584 2265 1616 edicit,
2278 1584 2346 1610 hunc
2353 1584 2431 1623 diem!

241 1640 243 1643 ψ
288 1619 384 1646 Horat.
401 1620 480 1645 Serm-
497 1628 552 1651 ωε,
565 1628 626 1653 294·
697 1621 844 1655 Refrigerat
864 1621 969 1648 ardores
989 1621 1108 1648 febrium
1127 1622 1214 1648 succus
1236 1630 1326 1647 cucur·
1387 1623 1538 1650 februarum
1552 1621 1671 1656 appellat.
1708 1620 1774 1646 Fest.
1787 1629 1845 1646 vocc
1858 1626 2077 1652 rrmzvamvs,
2095 1620 2127 1646 de
2140 1621 2240 1646 Iunone
2252 1619 2378 1652 febr-nata,
2397 1624 2423 1646 et

274 1653 362 1680 'bitae
381 1654 445 1680 ΡῙῙΠ·
461 1663 502 1686 20,
518 1663 539 1686 3·
610 1655 736 1689 Rellssqffl
750 1665 763 1681 ἃ
777 1656 844 1682 febri
858 1658 913 1683 Cic·
927 1657 1006 1683 Attic.
1017 1662 1039 1687 8,
1076 1677 1083 1683 ·
1119 1677 1126 1683 ·
1181 1658 1325 1683 Remanent
1337 1670 1374 1695 40
1389 1659 1432 1686 die
1446 1658 1578 1685 februato.
1616 1656 1791 1682 Censorin.22
1810 1656 1872 1681 Dies
1879 1656 2061 1690 Lupercalium
2070 1656 2176 1690 proprie
2185 1655 2332 1682 Febr-uatus.

290 1688 377 1715 febres
390 1690 455 1715 Cels.
469 1697 497 1719 2,
513 1697 538 1724 7.
610 1691 731 1716 Remittit
750 1691 831 1717 febris
851 1692 922 1718 Idem
937 1701 960 1724 2,
974 1701 1011 1726 ¹4·
1068 1694 1100 1719 Et
1120 1701 1149 1724 3,
1168 1699 1193 1721 18
1220 1693 1251 1719 Et
1265 1701 1326 1718 con·
1425 1701 1440 1722 F
1450 1702 1465 1721 Ε
1475 1699 1545 1720 BRV
1555 1700 1576 1719 Λ
1587 1699 1625 1718 Tl
1635 1698 1653 1717 0
1663 1711 1670 1722 ‚
1691 1691 1759 1717 onis.
1778 1691 1797 1717 f.
1834 1690 1969 1723 Lustratio.
2006 1693 2092 1717 Varro
2107 1691 2123 1717 l.
2133 1700 2154 1717 c.
2170 1701 2193 1725 p.
2206 1693 2250 1726 46,
2262 1699 2295 1723 29
2314 1691 2385 1717 Nam
2397 1693 2424 1716 et

290 1725 390 1750 tinuata
404 1733 511 1759 quoque
527 1723 608 1750 febris
626 1725 704 1752 habet
718 1732 851 1759 tempora,
871 1727 967 1760 quibus
985 1734 1010 1753 et
1023 1727 1040 1753 fi
1053 1736 1107 1753 non
1119 1728 1255 1758 Remittit,
1273 1736 1327 1753 non
1389 1729 1544 1764 Lupercalia
1556 1728 1738 1759 februatio,vt
1748 1727 1776 1752 in
1789 1726 1973 1761 antiquitatum
1988 1727 2064 1753 libris
2076 1727 2262 1754 demonstraui.
2414 1747 2417 1751 .

289 1764 377 1786 tamen
391 1761 490 1786 crescit.
546 1760 614 1786 Cels.
629 1769 651 1792 3,
666 1769 693 1786 ιο
713 1762 802 1794 Qunn
818 1762 843 1786 se
857 1762 936 1788 febris
949 1762 1106 1793 Remiserit,
1125 1762 1241 1787 factione
1255 1768 1327 1787 vten-
1427 1772 1442 1790 1³
1452 1772 1468 1790 E
1478 1771 1493 1790 Β
1504 1770 1523 1789 R
1533 1770 1581 1789 vv
1591 1771 1621 1794 s,
1635 1772 1648 1788 a
1658 1782 1666 1794 ‚
1680 1772 1734 1788 um.
1751 1762 1812 1788 Adi.
1848 1762 1916 1788 Idem
1929 1771 1959 1788 ac
1973 1764 2185 1798 Purga715‚piavzs.
2222 1761 2357 1789 Censorin.
2365 1769 2386 1787 c.
2394 1767 2440 1799 221.

288 1793 353 1820 dum
365 1794 410 1820 est.
463 1795 618 1821 Remittitur
629 1795 711 1822 febris
724 1805 755 1821 ex
771 1802 828 1823 toto
842 1796 880 1822 Id.
896 1805 919 1828 3,
932 1805 956 1828 9.
992 1803 1015 1821 et
1034 1806 1056 1822 c.
1066 1805 1094 1822 12
1113 1796 1208 1822 Febres
1222 1804 1254 1821 ex
1268 1802 1326 1822 toto
1390 1799 1431 1824 Est
1445 1798 1586 1828 februum,
1605 1797 1737 1830 quidquid
1752 1798 1806 1829 piat
1819 1803 1964 1830 purgatque
1998 1813 2043 1818 ·-—
2079 1798 2213 1824 Februum
2231 1797 2368 1831 (Lindfbr.
2381 1797 2400 1822 F
2422 1801 2426 1809 ’
2440 1800 2441 1805 ’

287 1829 477 1867 Remittuntur.
525 1831 668 1858 Renuntiat
679 1831 797 1857 febrium
810 1831 940 1858 medicina
953 1831 1055 1866 placitis
1069 1840 1161 1857 eorum
1173 1831 1237 1856 Plin.
1246 1839 1287 1862 3ο,
1296 1839 1326 1856 ιι.
1341 1836 1376 1862 45
1390 1833 1467 1859 bruni
1479 1833 1540 1857 male
1552 1832 1632 1865 puto)
1647 1837 1734 1856 autem
1746 1840 1801 1855 non
1813 1831 1884 1856 idem
1897 1840 1978 1865 vsque
1994 1841 2097 1866 quaque
2111 1833 2216 1858 dicitur.
2267 1833 2337 1858 Nam
2349 1832 2412 1858 alite

287 1864 394 1897 Repent
406 1862 488 1889 febris
501 1864 568 1889 Cels·
583 1872 608 1895 25
623 1870 645 1893 8.
719 1866 847 1892 Refistere
861 1867 997 1892 nocturnis
1016 1866 1135 1893 febribus
1155 1866 1328 1901 prodiderunt
1388 1869 1417 1895 in
1430 1868 1489 1894 aliis
1503 1867 1580 1893 sacris
1593 1866 1745 1895 februatur‚
1766 1865 1815 1891 hoc
1829 1865 1880 1897 est,
1901 1872 2035 1900 purgatur.
2072 1869 2102 1893 In
2116 1867 2166 1892 hoc
2180 1873 2268 1894 autem
2282 1868 2368 1893 mense
2375 1868 2415 1894 Lu

286 1899 353 1925 Plin.
361 1907 402 1931 29,
411 1907 438 1931 4.
493 1897 647 1924 Reuertitur
662 1899 752 1930 febris,
771 1901 824 1929 vid,
833 1901 940 1926 Accedit
953 1901 1034 1927 febris
1043 1901 1109 1927 Cels.
1123 1910 1144 1932 3,
1153 1910 1173 1932 3.
1211 1901 1276 1926 Plin.
1285 1910 1326 1933 24,
1389 1902 1554 1937 percalibus,
1573 1910 1634 1926 curn
1647 1902 1731 1927 Roma
1745 1900 1884 1932 lustratur,
1905 1901 1983 1927 salem
1995 1902 2100 1928 calidum
2114 1903 2210 1933 ferunt,
2229 1902 2301 1936 quod
2309 1903 2402 1937 febr-uu
2425 1929 2428 1934 ,

286 1942 305 1968 9
329 1934 422 1961 Semen
434 1939 539 1967 potum,
559 1933 615 1959 vini
628 1934 758 1967 quendam
773 1935 891 1967 saporem
911 1934 1006 1966 habet,
1025 1941 1051 1960 et
1063 1935 1161 1960 dicitur
1174 1935 1261 1960 febres
1276 1936 1326 1960 sol·
1388 1938 1528 1971 appellant.
1564 1935 1640 1960 Vnde
1653 1935 1709 1960 dies
1722 1935 1907 1967 Lupercalium
1920 1937 2028 1969 proprie
2041 1937 2192 1968 februatus,
2216 1944 2242 1963 et
2255 1938 2288 1963 ab
2300 1945 2332 1963 eo
2345 1938 2432 1972 porro*-

285 1978 359 1996 vere.
397 1969 465 1995 Cels.
480 1976 500 2000 3,
513 1977 541 1995 21
561 1968 610 1994 Sed
624 1968 641 1994 si
654 1968 738 1995 febris
750 1978 857 2003 quoque
871 1969 916 2001 est,
929 1968 990 1994 haec
1004 1969 1032 1994 in
1045 1970 1138 2003 primis
1146 1968 1327 1994 submouenda
1389 1971 1482 1998 mentis
1495 1969 1653 1995 Februarius
1666 1969 1807 1994 vocitatur.
1848 1969 1906 1994 Vid.
1920 1979 1975 1994 mox
1985 1976 2110 1996 FEBRVA
2124 1971 2162 1996 ΡΙ.
2409 1966 2413 1975 ’

287 2005 334 2032 est.
370 2004 409 2031 Id.
423 2013 446 2036 2,
459 2012 486 2030 12
503 2005 529 2030 Si
542 2003 643 2030 febrem
657 2013 710 2030 non
725 2005 825 2031 sustulit
846 2005 930 2039 prima
941 2004 1038 2030 inedia.
1108 2004 1184 2030 Sum:
1202 2004 1227 2030 Si
1241 2003 1328 2030 febres
1344 2010 1376 2040 50
1426 2013 1442 2032 ι-1
1452 2013 1467 2032 Ε
1477 2012 1518 2032 BR
1528 2012 1548 2030 V
1558 2011 1578 2030 V
1587 2012 1599 2030 s
1608 2023 1616 2036 ,
1637 2004 1655 2029 i.
1673 2013 1708 2029 m.
1745 2003 1831 2035 Deus,
1855 2003 1903 2037 qui
1918 2003 2101 2030 lustrationum
2114 2012 2205 2040 potens
2218 2007 2334 2034 creditur
2369 2009 2424 2035 Ma.

284 2041 367 2068 Erunt
389 2039 508 2066 Scribon.
528 2048 573 2071 113.
629 2040 655 2066 Si
668 2040 748 2066 febris
762 2040 799 2066 Sit
818 2040 882 2067 Plin.
897 2048 940 2071 22,
949 2049 990 2066 20.
1029 2041 1059 2066 Et
1074 2048 1111 2071 32,
1125 2049 1161 2065 ιο.
1233 2039 1326 2073 Super·
1390 2041 1463 2070 (rob.
1477 2042 1579 2067 Saturn.
1594 2048 1618 2071 1,
1633 2047 1666 2070 13.
1702 2039 1776 2064 Hunc
1801 2039 1941 2070 Plutonem,
1959 2041 1998 2066 vel
2011 2042 2123 2067 Plutonis
2143 2048 2247 2075 patrm,
2258 2042 2422 2070 “ibt-‘rantur'

285 2076 361 2102 venit
375 2075 458 2102 febris
471 2075 525 2101 leui
538 2075 644 2101 vulneri
663 2075 728 2101 Cels.
743 2083 765 2107 5,
780 2078 821 2101 26.
892 2075 1023 2101 Sustinere
1036 2075 1147 2108 spatium
1160 2073 1258 2107 febris,
1272 2075 1325 2100 vid.
1389 2078 1495 2105 Seruius
1508 2077 1605 2109 Georg.
1620 2083 1640 2106 1,
1652 2082 1694 2107 43.
1731 2073 1849 2100 Februus
1863 2074 1899 2100 est
1906 2075 1975 2101 Ditis
1984 2081 2067 2110 pater.
2101 2076 2193 2104 lfidor.
2207 2084 2228 2110 5,
2241 2086 2267 2110 33
2289 2078 2421 2106 Februum

285 2111 400 2138 Incitare
412 2110 524 2137 febrem.
617 2110 684 2137 Cels.
699 2120 722 2143 3,
735 2119 752 2143 9
772 2111 970 2144 Nonnunquam
982 2110 1062 2136 etiam
1077 2110 1162 2135 lentae
1175 2110 1260 2135 febres
1274 2110 1326 2135 tine
1387 2113 1466 2149 ipsum
1479 2112 1615 2137 Plutonem
1628 2109 1700 2135 dicit.
2367 2133 2369 2135 ,
2449 2128 2452 2140 s

286 2146 341 2173 vlla
353 2146 499 2172 remiss'ione
511 2154 606 2180 corpus
618 2147 735 2173 Tenent.
819 2146 885 2172 Cels.
898 2154 920 2177 3,
933 2152 950 2178 7
970 2144 1025 2171 Vbi
1039 2144 1121 2170 febris
1135 2150 1179 2169 aut
1193 2144 1327 2175 Tenuata,
1426 2154 1442 2172 r
1452 2154 1467 2172 E
1476 2153 1519 2172 BR
1530 2153 1579 2171 VA
1590 2164 1599 2176 ,
1617 2153 1656 2170 ae.
1679 2144 1698 2169 f.
1735 2144 1810 2177 Iuno,
1828 2153 1887 2179 quae
1901 2152 1924 2171 ct
1941 2145 2077 2173 Februalis.
2117 2148 2174 2175 Vid.
2190 2149 2266 2176 Mart.
2274 2148 2372 2184 Capell.
2384 2155 2424 2176 cu'-
2448 2151 2453 2175 ,¹

286 2188 332 2208 aut
345 2181 430 2208 leuata
444 2182 495 2214 est,
517 2182 622 2207 vomitu
635 2182 723 2216 pec-‘tus
738 2190 857 2216 purgare.
926 2179 991 2206 Cels.
1011 2187 1038 2211 ς,
1061 2182 1095 2204 26
1129 2180 1165 2204 Ac
1188 2187 1221 2203 ne
1243 2179 1326 2204 febris
1341 2184 1370 2209 55
1388 2186 1428 2208 ius
1441 2184 1517 2207 locum
1537 2189 1592 2205 mox
1611 2179 1696 2206 damus
1714 2188 1770 2204 voce
1788 2187 1983 2207 FEBRVLis.
2410 2204 2414 2211 ,
2449 2187 2451 2195 ³
2471 2198 2479 2213 ,⁴

289 2216 397 2251 quidem
410 2217 528 2243 Terrere
542 2216 629 2249 debet,
649 2217 666 2243 si
681 2217 708 2243 in
723 2226 818 2251 magno
832 2215 940 2243 vulnere
952 2215 1014 2240 dum
1029 2214 1203 2240 inflammatio
1218 2213 1262 2245 est,
1271 2223 1326 2247 per·
1424 2224 1440 2243 F
1450 2223 1491 2242 ΕΒ
1503 2222 1576 2242 RVA
1586 2234 1595 2246 ,
1614 2216 1701 2239 orum.
1720 2223 1746 2239 n.
1762 2216 1800 2240 Pl.
1820 2215 2013 2250 [καθάρματα]
2049 2217 2222 2251 appellantur,
2247 2221 2421 2257 Qiaecunque
2448 2224 2449 2228 ¹
2474 2222 2479 2248 4

287 2258 385 2279 manet.
460 2252 552 2277 Tollit
565 2252 688 2278 circuitus
701 2252 833 2284 febrium,
850 2252 922 2278 iecur
940 2250 1059 2284 delphini
1073 2249 1200 2283 gustatum
1214 2255 1273 2275 ante
1287 2258 1326 2275 ac·
1388 2250 1555 2287 purgamenti
1569 2249 1641 2274 causa
1658 2249 1685 2274 in
1700 2248 1900 2283 quibuscunque
1912 2251 2048 2276 sacrificiis
2069 2252 2258 2284 adhibeantur,
2276 2258 2417 2291 inquieti-*es
2464 2257 2479 2278 -4

288 2287 409 2314 cessiones
429 2286 496 2313 Plin.
511 2295 550 2319 32,
562 2296 597 2313 ιο.
667 2288 781 2314 Tollere
797 2286 898 2314 febrem
919 2286 983 2313 Cels.
1000 2294 1024 2316 2,
1039 2294 1075 2311 12.
1166 2286 1256 2310 quen.
1272 2284 1322 2311 Sat.
1388 2289 1447 2315 stus.
1482 2285 1563 2313 Ouid.
1574 2284 1637 2310 Fast-
1648 2293 1670 2315 2,
1681 2292 1708 2315 19
1723 2285 1798 2309 latius
1811 2284 1883 2310 huius
1896 2284 2177 2320 vocier'gmfit-ationm
2184 2282 2407 2326 p²*ost²quitur‚¹·⁴'¹l

288 2331 313 2357 9,
329 2330 357 2356 17
377 2322 450 2355 Quid
462 2323 557 2348 macies
570 2322 642 2356 aegri
655 2324 751 2349 veteris
760 2343 768 2354 ,
793 2331 871 2357 quem
884 2328 1001 2355 tempore
1015 2321 1096 2354 longo
1130 2320 1234 2346 Torret
1248 2328 1324 2354 quar·
1543 2320 1645 2348 Februa
1658 2319 1772 2344 Romani
1785 2319 1875 2346 dixere
1890 2321 2004 2354 piamina
2017 2327 2100 2355 patres
2109 2342 2117 2353 ,
2370 2319 2373 2323 '

286 2364 314 2385 ta
328 2358 400 2390 dies,
421 2358 540 2392 olimque
552 2357 693 2384 domestica
705 2358 787 2385 febris
802 2360 811 2384 3
881 2359 980 2384 Vacare
993 2356 1068 2382 febre
1091 2355 1157 2382 Cels.
1173 2363 1196 2387 2,
1211 2364 1240 2388 14
1252 2362 1274 2381 ct
1291 2363 1323 2388 ις.
1333 2359 1368 2384 60
1583 2355 1661 2381 Nunc
1675 2363 1780 2389 quoque
1795 2355 1855 2381 dant
1868 2356 1951 2382 verbo
1965 2356 2078 2389 plurima
2093 2357 2162 2388 ligna
2177 2356 2265 2385 fidem.

287 2394 368 2420 Venit
382 2392 463 2419 febris
477 2393 564 2419 subito
584 2393 650 2420 Cels.
666 2402 688 2426 3,
701 2402 737 2419 2ι.
807 2393 947 2420 Venientes
959 2402 1017 2418 cum
1038 2392 1150 2418 horrore
1169 2391 1254 2417 febres
1268 2399 1324 2425 per·
1541 2390 1680 2419 Pontifices
1693 2389 1725 2415 ab
1741 2391 1810 2423 Rege
1823 2396 1914 2424 petunt
1927 2397 1952 2417 et
1965 2391 2070 2417 flamine
2086 2391 2167 2423 lanas,

286 2428 374 2454 unctis
388 2428 503 2455 leuiores
517 2428 581 2454 facit
604 2429 670 2456 l’lin.
684 2438 723 2461 23,
738 2437 764 2461 4.
843 2430 959 2454 Ventura
980 2427 1044 2454 Cels.
1060 2436 1082 2459 3,
1096 2435 1130 2453 12.
1217 2428 1324 2453 Vetera·
1582 2424 1649 2459 Qlis
1662 2426 1746 2451 veteri
1760 2425 1849 2458 lingua
1856 2425 1959 2456 Februa
1972 2435 2069 2452 nomen
2078 2432 2141 2452 erat.

286 2464 360 2490 scunt
373 2463 460 2490 febres
500 2463 573 2489 Idem
586 2472 606 2495 3,
620 2472 656 2490 ι2.
729 2465 808 2498 Vrget
822 2464 962 2490 vehemens
1001 2464 1067 2489 Cels.
1080 2471 1101 2493 2,
1116 2471 1152 2488 10.
1222 2463 1323 2496 Vrgent
1541 2463 1671 2495 Qiaeque
1684 2461 1753 2495 capit
1763 2460 1844 2487 lielor
1857 2461 1980 2487 domibus
1994 2462 2148 2495 purgamina
2160 2461 2254 2495 certis,

286 2508 396 2533 magnae
416 2499 488 2525 Idem
501 2506 525 2533 7,
539 2501 581 2525 26.
652 2500 722 2525 Vror
736 2499 836 2526 anhelis
849 2499 968 2525 febribus
986 2497 1067 2525 Ouid.
1080 2506 1111 2524 ex
1127 2499 1200 2524 Pont.
1210 2507 1230 2530 1,
1247 2506 1284 2530 10,
1301 2505 1322 2530 5.
1583 2496 1704 2523 Torrida
1717 2505 1775 2522 cum
1790 2496 1858 2522 mica
1872 2497 1956 2529 farra,
1976 2504 2104 2523 vocantur
2117 2498 2196 2523 idem.

285 2533 307 2572 q
328 2543 340 2566 3
376 2534 468 2561 Febris
500 2535 563 2560 Dea.
598 2534 655 2561 Val.
670 2535 739 2560 Max.
754 2543 778 2568 2,
794 2543 814 2567 5,
828 2537 845 2560 6
883 2534 994 2560 Febrem
1016 2534 1048 2559 ad
1070 2533 1155 2559 minus
1175 2533 1323 2559 nocendum
1337 2531 1370 2563 63
1541 2533 1650 2561 Nomen
1665 2532 1735 2557 idem
1747 2540 1836 2563 ramo,
1855 2533 1900 2566 qui
1916 2533 2003 2558 caesus
2018 2533 2050 2558 ab
2069 2532 2164 2559 arbore
2177 2540 2243 2567 pura

285 2570 391 2604 templis
413 2569 549 2601 colebant,
569 2578 684 2604 quorum
705 2579 786 2596 vnum
805 2569 888 2596 adhuc
908 2570 936 2596 in
957 2570 1072 2601 Palatio,
1087 2569 1199 2595 alterum
1218 2569 1246 2595 in
1265 2577 1325 2595 area
1583 2567 1657 2594 Casta
1669 2567 1833 2593 sacerdotum
1851 2573 1969 2600 tempora
1983 2567 2078 2593 fronde
2097 2568 2171 2601 tegit.

286 2606 470 2632 Marianorum
484 2611 734 2638 monumentorum,
759 2606 867 2632 tertium
882 2606 909 2631 in
923 2606 1022 2631 summa
1034 2611 1105 2639 parte
1117 2605 1177 2630 Vici
1197 2604 1271 2638 longi
1282 2612 1325 2630 ex·
1540 2604 1598 2637 Ipse
1612 2612 1660 2636 ego
1674 2603 1844 2629 Flaminicam
1858 2603 2006 2636 poscentem
2020 2602 2112 2629 februa
2125 2603 2194 2629 vidi:

286 2640 335 2667 stat
350 2651 355 2666 :
391 2640 418 2666 in
430 2649 512 2674 eaque
525 2640 656 2672 remedia,
677 2650 743 2675 quac
756 2641 911 2676 corporibus
931 2650 1071 2674 aegrorum
1092 2640 1188 2666 adnexa
1209 2640 1324 2671 fuerant,
1584 2639 1687 2665 Februa
1701 2638 1818 2671 poscenti
1831 2638 1908 2671 pinea
1920 2638 1996 2671 virga
2009 2637 2066 2664 data
2073 2638 2118 2664 est.

288 2675 482 2702 deferebantur.
572 2676 669 2700 Mentio
682 2676 748 2701 illius
761 2680 833 2702 ctiam
848 2677 904 2703 Cic.
919 2676 949 2703 de
966 2677 1000 2702 N.
1017 2677 1048 2702 D.
1063 2685 1083 2707 3,
1097 2678 1125 2708 63
1139 2685 1160 2701 c.
1175 2683 1214 2707 25.
1251 2682 1272 2701 et
1292 2674 1324 2700 de
1541 2673 1679 2707 Denique,
1698 2672 1873 2707 quodcunque
1885 2672 1936 2705 est‘,
1958 2682 2012 2707 quo
2025 2673 2131 2707 perstora
2144 2673 2231 2700 nostra
2244 2673 2356 2708 piamus,

287 2711 382 2744 Legib.
396 2719 422 2743 2,
437 2716 464 2739 28
479 2719 500 2736 c.
514 2718 539 2743 9.
579 2709 647 2735 Add.
662 2709 725 2734 Plin.
741 2719 763 2742 2,
778 2719 802 2744 7.
875 2712 994 2737 Prudent.
1008 2712 1154 2745 Hamartig.
1169 2719 1221 2746 157.
1276 2711 1324 2736 La·
1333 2716 1370 2743 70
1583 2710 1640 2735 Hoc
1656 2707 1725 2742 apud
1738 2708 1855 2734 intonsos
1868 2717 1966 2734 nomen
1978 2707 2090 2735 habebat
2102 2717 2175 2735 auos.

288 2745 367 2771 flant.
382 2754 400 2776 1,
413 2754 452 2775 20,
467 2753 503 2779 17.
573 2745 640 2770 Min.
655 2744 710 2770 Fel.
725 2753 761 2776 25,
773 2750 794 2774 8.
866 2746 1001 2778 Augustin.
1015 2748 1044 2772 C.
1058 2747 1089 2772 D.
1105 2755 1135 2776 2,
1149 2755 1186 2780 14.
1256 2745 1326 2781 Qud
1386 2744 1424 2772 Id.
1440 2743 1505 2771 Fast.
1520 2751 1541 2777 5,
1548 2752 1597 2777 423
1617 2745 1706 2771 Annus
1720 2750 1774 2769 erat
1788 2743 1912 2776 breuior,
1929 2752 1976 2770 nec
1990 2744 2073 2770 adhuc
2086 2745 2129 2778 pia
2141 2743 2236 2770 februa
2251 2750 2334 2771 norat.
2341 2747 2359 2772 i.
2366 2755 2396 2773 no

280 2779 307 2814 fi
320 2779 459 2814 occ-‹fioncm
471 2783 578 2815 primam
596 2779 786 2814 conficratsonis
798 2782 879 2814 aperit
897 2781 952 2806 Cic.
966 2780 997 2807 de
1011 2782 1072 2807 Nat.
1086 2782 1165 2807 Deor.
1179 2789 1201 2812 3,
1214 2789 1249 2813 24
1263 2791 1284 2806 c.
1294 2790 1322 2807 10
1385 2781 1444 2806 dum
1457 2780 1534 2816 mense
1551 2780 1682 2806 Februario
1695 2778 1783 2805 aut‘ius
1800 2787 1862 2805 crat.
1933 2780 2013 2806 Ouid.
2028 2781 2047 2806 F
2049 2780 2093 2806 ast.
2104 2789 2132 2813 4,
2146 2782 2197 2814 726

289 2815 372 2846 Vide,
390 2816 487 2849 quaeso
496 2835 503 2847 ‚
516 2815 532 2840 fi
547 2815 634 2840 omnis
646 2820 747 2846 motus,
767 2815 910 2849 omniaque
923 2825 989 2849 quae
1003 2816 1080 2841 certis
1098 2815 1262 2850 temporibus
1282 2825 1323 2842 or·
1541 2816 1620 2841 Certe
1635 2824 1684 2849 ego
1697 2814 1729 2840 de
1742 2815 1827 2840 vitulo
1835 2815 1950 2841 cinerem
1963 2815 2119 2850 stipulasque
2132 2815 2229 2842 fabales

288 2849 378 2877 dinem
391 2851 466 2876 stium
480 2851 649 2882 conseruant,
664 2850 755 2876 diuina
769 2850 890 2882 dicimus,
909 2859 941 2876 ne
954 2851 1076 2877 tertianas
1089 2860 1195 2885 quoque
1210 2851 1263 2885 (stc
1276 2853 1323 2887 leg.
1580 2851 1659 2884 Saepe
1671 2850 1722 2876 tuli
1734 2850 1810 2884 plena
1822 2850 1916 2877 februa
1928 2851 1994 2878 casta
2012 2860 2100 2878 manu.
2403 2855 2405 2858 “
2420 2852 2435 2871 ’ἡ

282 2894 334 2921 pro
347 2885 472 2920 quidem)
492 2885 594 2917 febres,
613 2892 639 2911 et
652 2892 787 2919 quartanas
802 2886 904 2911 diuinas
919 2887 966 2912 esse
987 2886 1127 2912 dicendum
1143 2886 1188 2919 sit,
1212 2895 1322 2921 quarum
1340 2890 1372 2919 75
1387 2887 1469 2913 Etiam
1483 2885 1625 2921 Singularis
1654 2886 1737 2912 Varro
1749 2885 1780 2912 de
1795 2887 1824 2912 L.
1845 2887 1873 2912 L.
1888 2897 1910 2918 4,
1930 2895 1941 2918 3
1955 2897 1980 2921 p.
1995 2890 2040 2920 46,
2052 2896 2085 2913 20
2109 2884 2242 2922 l-ssebruum
2261 2885 2351 2913 Sabini
2364 2874 2435 2922 pur-'d‘

287 2921 437 2948 reuertione
450 2927 475 2947 et
488 2928 561 2947 motu
575 2920 637 2955 quid
652 2921 734 2955 potest
747 2922 794 2947 ess'e
811 2921 969 2948 constantius
984 2923 993 2948 ἒ
1029 2922 1076 2948 Sed
1093 2922 1212 2948 omnium
1231 2922 1324 2948 talium
1387 2927 1537 2956 gamentum
1555 2922 1700 2956 appellant.-
1736 2927 1761 2948 ct
1780 2921 1807 2947 id
1828 2922 1856 2948 in
1875 2923 1952 2948 sacris
1972 2923 2065 2949 nostris
2084 2919 2202 2946 verbum.
2273 2922 2378 2949 Seruius
2391 2920 2427 2950 ad·

287 2966 376 2984 rerum
390 2957 459 2983 ratio
471 2956 601 2983 reddenda
613 2956 657 2982 est.
729 2956 809 2989 Qnod
830 2966 877 2983 vos
890 2966 949 2983 cum
963 2958 1048 2984 facere
1062 2966 1116 2983 non
1128 2958 1252 2992 potestis,
1272 2964 1325 2984 tan-
1387 2959 1452 2983 Aen.
1466 2962 1488 2988 8,
1504 2965 1548 2990 343
1568 2957 1665 2983 Pellem
1679 2957 1764 2991 ipsum
1777 2957 1849 2992 capri
1864 2964 1964 2984 veteres
1978 2957 2109 2984 Februum
2123 2955 2259 2981 vocabant.

287 3001 366 3027 quam
380 2992 408 3018 in
421 3001 493 3018 aram
507 2992 660 3026 confugistis
673 2991 705 3018 ad
719 2993 804 3018 Deum
819 3000 864 3018 etc.
1423 2999 1438 3019 F
1448 3000 1464 3019 E
1474 2999 1517 3019 BR
1528 3000 1547 3018 v
1558 3000 1578 3019 A
1587 3000 1611 3018 M
1624 2999 1640 3018 Ε
1650 3000 1671 3018 N
1680 3000 1702 3019 T
1711 3000 1730 3018 v
1740 3000 1763 3019 :n
1771 3012 1780 3026 ,
1810 2993 1829 3018 i.
1859 3002 1884 3019 n.
1927 2994 2123 3028 Purgamentum.
2159 2991 2295 3018 Censorin.
2316 2991 2348 3017 de
2371 2992 2422 3020 Die
2446 2997 2447 3002 ¹

324 3026 568 3060 12EBR1CV³LA‚
587 3036 625 3053 ae.
647 3028 665 3053 f.
686 3028 816 3054 Diminut.
853 3029 973 3062 [πυρέτιον
992 3027 1070 3054 Glosl'.
1089 3028 1203 3063 cyrill]
1237 3028 1322 3055 Plane.
1386 3028 1450 3055 Nat.
1476 3037 1497 3053 c.
1524 3036 1551 3053 22
1579 3028 1620 3054 Est
1637 3027 1778 3061 februum,
1792 3027 1923 3063 quidquid
1940 3028 1994 3062 piat
2012 3032 2171 3060 purgatque,
2189 3033 2213 3052 et
2231 3026 2429 3062 februamenta,'
2445 3057 2447 3061 ³

286 3063 344 3089 Cic.
359 3064 430 3089 Fam.
443 3072 481 3098 10,
495 3071 522 3089 21
543 3063 598 3096 Qni
611 3072 641 3089 ex
656 3063 746 3089 labore
760 3064 788 3089 in
806 3063 962 3089 febriculam
975 3063 1059 3089 incidi
1072 3063 1208 3096 assiduam,
1229 3070 1253 3090 et
1266 3065 1325 3091 satis
1334 3068 1367 3094 80
1386 3069 1564 3098 purgamenta.
2390 3063 2394 3069 “

285 3098 431 3125 molestam.
507 3099 605 3125 Lentae
624 3099 691 3125 Cels.
705 3107 731 3131 2,
745 3107 780 3131 17.
857 3099 936 3124 Leuis
958 3097 1030 3124 Idem
1047 3108 1067 3131 3,
1082 3108 1121 3125 22.
1209 3100 1325 3134 Longae,
1422 3106 1438 3125 F
1448 3105 1515 3125 ΗΒΚ
1525 3106 1545 3125 v
1556 3106 1576 3126 Α
1587 3106 1606 3126 R
1617 3106 1624 3124 ῐ
1635 3105 1691 3131 VS,
1711 3099 1728 3125 i.
1750 3108 1785 3125 m.
1820 3096 1993 3134 [θαργηλιῶν]
2030 3095 2122 3129 Metilis
2130 3095 2254 3130 secundus
2266 3097 2351 3132 hodie,
2363 3094 2420 3126 olini
2446 3126 2447 3130 ,

286 3133 460 3168 difficilesque
479 3135 545 3160 Cels.
560 3143 582 3166 3,
595 3143 632 3160 22.
702 3134 838 3160 Consumit
851 3133 988 3159 hominem
1003 3134 1132 3162 febricula
1161 3135 1234 3161 Idem
1251 3145 1273 3168 3,
1286 3144 1322 3168 25.
1384 3136 1501 3167 vltimus,
1520 3135 1587 3171 quod
1601 3133 1699 3167 mutasti·
1707 3140 1832 3168 putantur
1844 3135 2003 3171 Dccemuiri.⁸
2025 3132 2103 3157 Ouid.
2122 3131 2188 3157 Fast.
2203 3141 2226 3164 ε,
2239 3140 2276 3164 49
2417 3139 2419 3145 ’

286 3169 393 3196 Finitur
405 3169 535 3195 febricula
548 3178 580 3195 eo
595 3169 637 3196 die
657 3169 725 3196 Cels.
740 3178 762 3202 2,
775 3178 797 3201 3.
869 3169 923 3195 Cic.
937 3170 988 3195 Att.
1004 3172 1030 3201 6,
1045 3179 1060 3201 9
1079 3172 1108 3196 ld
1122 3171 1262 3198 videbatur
1279 3181 1322 3206 ap·
1540 3171 1594 3203 Qri
1608 3171 1724 3204 sequitur
1738 3171 1842 3199 Ianum,
1856 3167 1951 3194 veteris
1964 3167 2017 3194 suit
2031 3167 2138 3193 vltimus
2147 3168 2208 3194 anni
2228 3182 2273 3188 ——

285 3204 409 3239 probare,
418 3203 491 3239 quod
506 3210 561 3230 erat
572 3205 600 3230 in
613 3210 740 3237 extremo,
755 3204 911 3231 febriculam
925 3210 979 3230 tum
993 3211 1017 3230 te
1033 3206 1180 3233 Habentem
1195 3207 1323 3241 scripfiss‘e.
1581 3206 1635 3238 Qui
1653 3206 1721 3231 sacer
1733 3205 1767 3230 est
1780 3204 1840 3230 imis
1854 3202 1992 3233 Manibus,
2013 3202 2080 3228 imus
2095 3211 2159 3229 erat.

285 3240 354 3266 Cels.
368 3248 391 3272 3,
403 3248 434 3274 2¹.
470 3240 512 3266 Ne
539 3239 668 3266 febricula
691 3240 799 3266 incidat.
889 3239 985 3266 Incidit
1004 3241 1085 3267 frater
1099 3251 1171 3268 meus
1186 3252 1215 3268 ex
1231 3243 1321 3270 labore
1338 3244 1367 3274 85
1478 3255 1485 3261 ν
1539 3240 1678 3267 Postmodo
1693 3240 1835 3266 creduntur
1849 3238 1932 3272 spatio
1946 3237 2064 3264 distantia
2077 3238 2156 3273 longo

286 3275 316 3301 in
336 3274 493 3301 febriculam
515 3274 636 3301 affiduam
660 3281 685 3302 et
708 3276 767 3302 satis
780 3275 915 3302 molestam
940 3275 1022 3301 Plane.
1036 3276 1069 3301 ad
1080 3278 1134 3303 Cic.
1151 3279 1220 3304 Fam.
1235 3287 1272 3309 10,
1286 3288 1320 3305 21.
1580 3276 1719 3309 Tempora
1732 3275 1773 3301 bis
1788 3275 1864 3309 quini
1877 3273 2033 3299 continuasti:
2048 3274 2110 3300 viri.

285 3311 403 3337 Incursat
416 3310 547 3337 febricula
565 3310 632 3336 Cels.
647 3319 669 3342 3,
682 3319 724 3337 22.
794 3311 872 3337 Instat
892 3310 964 3336 Idem
979 3320 1001 3341 2,
1015 3318 1040 3344 7.
1116 3314 1321 3340 Intercurrentes
1390 3312 1469 3338 Totus
1481 3311 1520 3337 ille
1533 3312 1614 3342 Iocus,
1633 3313 1692 3345 quin
1706 3317 1774 3336 totus
1785 3309 1846 3336 liber
1863 3307 1985 3340 Fastorum
2000 3310 2109 3345 Nasonis
2123 3308 2245 3344 ficundus
2259 3312 2371 3344 pertinet
2387 3308 2421 3336 ad
2444 3328 2446 3335 t

285 3345 429 3372 febriculae
449 3345 569 3372 scribon.
578 3347 620 3372 66.
691 3347 779 3372 Manet
794 3347 810 3372 fi
825 3347 924 3380 semper
938 3345 1067 3373 febricula
1088 3347 1213 3379 Cels.3‚;.
1266 3350 1321 3375 Me-
1388 3347 1545 3373 februarium
1560 3346 1675 3380 mensem,
1695 3351 1718 3370 et
1736 3345 1789 3370 dies
1809 3347 1835 3370 in
1856 3344 1897 3370 iLlo
1912 3342 1993 3379 jistos
2011 3352 2054 3371 aut
2073 3346 2136 3371 alior
2147 3345 2325 3375 memorabiles,
2344 3345 2420 3371 decla-

288 3380 401 3407 dendum
416 3380 576 3413 febriculae,
594 3380 647 3407 vid.
663 3380 799 3407 Febricula
815 3382 935 3408 incursat.
1006 3381 1101 3407 Oritur
1114 3381 1243 3408 febricula
1255 3384 1322 3409 Cels.
1386 3382 1486 3408 randos.
1524 3382 1653 3415 speciatim
1667 3391 1681 3405 a
1695 3379 1804 3406 Februis
1815 3377 1907 3405 dasium
1926 3380 1989 3405 hunc
2011 3381 2112 3416 mensem
2133 3378 2251 3409 offendit,
2271 3389 2331 3415 quae
2350 3378 2420 3406 modo

288 3424 311 3447 3,
325 3423 362 3448 25.
433 3416 505 3442 Idem
518 3426 546 3449 4,
562 3423 594 3448 15.
663 3416 792 3443 Praecessit
806 3417 935 3443 febricula
963 3417 1030 3442 Cels.
1045 3425 1067 3448 2,
1081 3424 1106 3451 7.
1213 3418 1324 3450 Quieuit
1336 3429 1371 3453 90
1386 3417 1571 3443 declarauimus.
1608 3416 1738 3441 Laudatur
1752 3414 1807 3440 Cic.
1821 3414 1852 3440 de
1869 3415 1958 3449 chib.
1972 3424 1995 3446 2,
2009 3424 2041 3448 54
2055 3425 2075 3441 c.
2090 3424 2114 3441 ει
2137 3415 2225 3441 Venio
2242 3424 2310 3441 nunc
2322 3415 2352 3441 ad
2364 3415 2419 3441 Ma-

287 3450 431 3483 febricula,
447 3452 498 3478 vid.
518 3450 748 3478 Leuisfebricula.
836 3453 940 3486 Repetit
961 3451 1107 3484 febricula,
1126 3452 1180 3478 vid.
1194 3453 1272 3479 Leuis
1287 3453 1325 3479 fe-
1387 3452 1461 3476 nium
1485 3452 1543 3477 iura
1577 3465 1622 3470 —
1660 3450 1805 3476 Februario
1827 3456 1913 3476 autem
1934 3452 2035 3481 mense,
2056 3452 2102 3486 qui
2125 3456 2184 3476 tunc
2203 3455 2334 3476 extremus
2356 3449 2435 3477 ἃηῐὶῑ·

287 3483 399 3511 bricula.
469 3486 605 3513 Febricula
616 3493 660 3513 aut
673 3487 756 3514 soluta
768 3488 834 3517 erit,
852 3494 896 3513 aut
908 3487 992 3513 leuior
1014 3487 1080 3513 Cels.
1096 3493 1118 3519 ε,
1133 3496 1160 3520 4.
1387 3486 1479 3511 mentis
1493 3491 1562 3517 crat,
1581 3485 1692 3512 mortuis
1706 3486 1835 3519 parentari
1851 3486 1989 3512 voluerunt
2004 3493 2048 3512 cte.
2083 3486 2130 3513 Sed
2140 3486 2196 3511 haec
2209 3494 2255 3511 non
2270 3483 2312 3518 est}
2326 3486 2420 3512 Cicero·
2444 3489 2445 3494 ¹

326 3525 341 3544 1:
352 3526 366 3544 13
378 3526 392 3545 B
402 3527 419 3545 R
429 3528 438 3546 1
448 3527 464 3547 (ς
474 3528 492 3545 V
503 3530 517 3547 L
527 3529 547 3548 Λ
558 3530 576 3548 R
588 3532 594 3548 1
606 3530 625 3549 v
634 3529 647 3547 S
655 3542 662 3553 ‚
681 3532 695 3549 a
703 3543 710 3555 ‚
728 3532 781 3549 11111,
817 3528 839 3548 et
861 3529 876 3548 1³
885 3529 901 3549 E
911 3529 925 3549 B
934 3530 951 3548 R
964 3529 973 3548 1
984 3529 1000 3549 C
1010 3530 1029 3549 v
1039 3530 1054 3548 L
1064 3529 1086 3549 Λ
1095 3530 1113 3548 R
1125 3530 1154 3549 18
1163 3543 1171 3555 ‚
1201 3532 1225 3549 c,
1262 3523 1322 3550 Adi,
1386 3523 1428 3546 nis
1436 3539 1442 3551 ,
1459 3530 1542 3547 verum
1565 3522 1665 3546 lacunar
1688 3521 1816 3555 explendae
1835 3522 1905 3557 causi:
1914 3542 1922 3553 ‚
1941 3531 1983 3547 nec
1994 3521 2135 3555 tamen-fine
2148 3520 2217 3545 bonis
2229 3521 2386 3553 auctoribus,
2404 3523 2422 3546 d

288 3553 366 3588 Apud
378 3554 516 3582 Boethium
530 3557 572 3589 cst}-
585 3558 688 3584 dicitur.
1388 3555 1503 3581 Lamhino
1517 3555 1626 3589 infin-ta,
1644 3555 1815 3590 obfirmmdum
1829 3555 1868 3588 tst.
1910 3557 1966 3584 Viri.
1975 3557 2062 3592 Dan]
2132 3556 2270 3582 Censorini
2284 3556 2357 3582 verba
2369 3559 2418 3582 iam
2444 3586 2445 3592 ἵ

327 3595 419 3615 1³1-:13R
432 3596 441 3614 1
453 3596 522 3616 cvr
533 3598 577 3617 ΕΝ
587 3600 659 3620 Tvs
669 3612 676 3625 ,
697 3603 709 3619 a
719 3613 727 3625 ,
747 3601 801 3619 um,
823 3592 883 3618 Adi.
920 3593 1001 3619 Marc.
1014 3593 1086 3627 Emp.
1107 3602 1128 3619 c.
1142 3601 1174 3619 22
1202 3594 1326 3621 Febrim.
1338 3605 1370 3631 93
1388 3591 1497 3616 ‹Ifclimus
1516 3593 1542 3615 in
1569 3596 1689 3616 FEBRVO
1717 3597 1740 3615 ct
1764 3598 1788 3616 121
1802 3598 1899 3618 RRVVS
1909 3612 1916 3624 ,
1940 3601 1970 3624 a,
1994 3601 2048 3618 um.
2139 3591 2242 3622 Festus,
2261 3590 2418 3617 Februarius

289 3622 362 3649 lento
377 3624 511 3656 potionem
529 3626 597 3652 dare.
1389 3625 1482 3652 mensis
1496 3624 1597 3656 ἁίἑὶιιε,
1616 3624 1687 3658 quod
1699 3630 1768 3657 tum,
1784 3627 1809 3652 id
1822 3628 1870 3657 cst,
1891 3635 2009 3654 extremo
2022 3626 2108 3653 mense
2121 3626 2182 3651 anni
2203 3626 2313 3660 populus
2327 3626 2416 3652 febru-

327 3664 342 3683 Ρ
352 3665 366 3683 ιζ
378 3664 394 3684 Β
404 3665 421 3684 R
432 3666 439 3684 1
450 3665 467 3684 c
478 3667 498 3685 ν
508 3666 522 3684 1.
533 3662 598 3686 (isv
607 3669 619 3687 s
630 3681 636 3692 ,
656 3671 683 3693 a,
704 3671 757 3689 um,
780 3662 840 3689 Adi.
874 3660 1042 3696 [πυρετώδης]
1079 3664 1130 3697 Qu*
1142 3663 1212 3690 babet
1225 3665 1326 3690 multam
1389 3668 1492 3692 aretur,
1511 3661 1537 3686 id
1550 3659 1584 3686 est
1598 3660 1749 3687 lustraretur
1761 3670 1788 3687 ac
1801 3670 1967 3696 purgaretur:
2002 3663 2045 3688 vel
2059 3670 2073 3687 a
2087 3662 2186 3686 Iunone
2201 3661 2328 3692 febr-nata,
2338 3669 2416 3695 quam
2428 3687 2432 3697 Λ

282 3692 390 3732 febrem.
426 3693 492 3719 Geli.
507 3703 550 3727 20,
564 3704 572 3721 1
595 3696 663 3722 Nam
677 3698 784 3724 morbus
798 3699 825 3724 in
837 3698 892 3732 iege
908 3698 953 3724 ista
967 3707 1019 3723 non
1033 3698 1220 3731 febriculosus,
1241 3709 1325 3733 neque
1388 3697 1437 3723 alii
1452 3695 1612 3726 februalem,
1627 3695 1740 3722 Romani
1754 3697 1895 3724 februalim
1908 3704 2015 3724 vocant:
2050 3695 2121 3730 quod
2138 3696 2183 3729 ipfi
2197 3706 2230 3722 eo
2243 3698 2329 3722 mense
2348 3697 2416 3722 sacra
2435 3701 2437 3704 '

288 3736 405 3754 nimium
424 3729 526 3762 grauis,
552 3730 595 3755 sed
616 3732 710 3758 vitium
727 3734 835 3767 aliquod
856 3733 1045 3759 imbecillitatis
1070 3740 1148 3768 atque
1166 3735 1325 3761 inualentiae
1387 3731 1500 3763 fiebant,
1520 3731 1627 3764 eiusque
1640 3731 1721 3758 feriae
1732 3734 1978 3768 erantLupercalia‚
1991 3741 2044 3767 <31¹0
2056 3731 2098 3756 die
2119 3731 2241 3758 mulieres
2260 3731 2416 3757 febl‘ffl’ban·

289 3763 488 3790 demonstratur.
561 3766 607 3795 Et,
630 3766 747 3793 Scortum
760 3768 948 3794 febriculosum
971 3768 1064 3794 Catuli.
1079 3772 1109 3800 6,
1122 3778 1149 3802 4.
1331 3782 1378 3800 100
1389 3774 1431 3793 tur
1442 3776 1456 3793 a
1479 3766 1588 3800 lupercis
1607 3766 1721 3792 amiculo
1735 3769 1858 3801 lunonis,
1882 3769 1909 3795 id
1922 3769 1957 3794 est
1976 3768 2042 3802 pelle
2055 3766 2159 3799 caprina
2174 3777 2178 3793 :
2213 3767 2299 3801 (de.
2314 3767 2369 3792 Cic.
2385 3765 2420 3792 de
2448 3782 2450 3784 v

326 3806 365 3825 1³13
376 3806 390 3825 Β
401 3806 460 3826 RIC
471 3806 489 3825 V
499 3806 515 3825 L
525 3804 545 3825 Ο
556 3806 569 3826 s
581 3807 590 3826 1
603 3807 624 3826 T
635 3807 655 3826 A
665 3808 694 3832 S,
713 3803 769 3828 atis.
811 3804 830 3829 f.
866 3804 971 3838 Apuleii
1000 3803 1042 3837 effi
1065 3804 1168 3837 dicunt,
1186 3812 1260 3841 negat
1283 3807 1325 3832 In·
1388 3802 1450 3828 Nat.
1466 3802 1544 3827 Deor.
1559 3809 1577 3833 ι,
1591 3805 1620 3830 82
1634 3810 1654 3826 c.
1668 3808 1715 3835 27)
1736 3813 1813 3838 quam
1831 3804 1866 3830 ob
1888 3805 1987 3830 causam
2000 3803 2027 3828 ris
2042 3811 2148 3836 quoque
2160 3802 2215 3828 dies
2227 3801 2361 3828 februatus
2375 3809 2416 3835 ap-

287 3833 335 3860 drx
351 3834 454 3860 Floridi.
1384 3836 1538 3871 pellabatur.
1609 3837 1664 3862 Cic.
1681 3839 1752 3865 Vcrr.
1769 3848 1788 3872 1,
1800 3848 1834 3872 90
1846 3849 1866 3865 c.
1880 3848 1908 3871 35
1927 3840 1989 3865 Sunt
2001 3838 2099 3863 Romae
2115 3837 2192 3871 legati
2207 3836 2301 3862 Miletii
2337 3851 2382 3856 -

323 3877 340 3897 F
350 3877 365 3895 Ε
375 3876 391 3896 Β
402 3876 418 3896 R
430 3878 437 3896 1
447 3877 463 3897 C
472 3876 492 3895 V
502 3875 518 3894 L
528 3876 547 3896 Ο
557 3876 569 3896 S
579 3876 604 3895 E.
626 3869 694 3895 Adu-
729 3871 805 3905 Apud
817 3872 955 3900 Boethium
970 3872 1013 3907 est}
1027 3873 1129 3900 dicitur.
1385 3872 1432 3906 qui
1445 3872 1556 3896 mensem
1568 3871 1739 3900 Februarium
1775 3890 1820 3895 -—
1852 3873 2006 3908 exspee'tant.
2034 3873 2094 3897 'Hic
2107 3873 2198 3898 Ascon.
2211 3872 2344 3901 Pedianus,
2364 3869 2414 3896 Hit

322 3911 338 3930 F
348 3912 363 3930 13
374 3912 416 3931 BR
426 3912 433 3930 1
444 3912 488 3931 CO
499 3910 540 3930 SV
550 3911 579 3936 S,
595 3913 608 3930 a
618 3924 626 3936 ‚
644 3913 697 3930 iun.
715 3906 774 3931 Adi.
812 3908 900 3940 Veget.
915 3918 934 3941 ι,
951 3916 987 3942 38,
1001 3920 1027 3943 4.
1047 3909 1076 3935 ‹le
1092 3913 1167 3945 equis.
1385 3906 1420 3932 est
1435 3905 1542 3937 mensis,
1561 3909 1659 3941 inquit,
1680 3918 1734 3942 quo
1746 3909 1869 3944 frequens
1882 3910 1986 3936 Senatus
2006 3907 2141 3941 postulatis
2161 3908 2371 3942 prouinciarum,
2391 3909 2415 3930 et

323 3941 515 3970 FFERiLls,
534 3949 557 3966 e.
576 3940 637 3966 Adi.
657 3940 812 3979 [qupfzfmo'x]
847 3943 913 3976 quast
931 3946 975 3970 All
985 3945 1084 3979 febrem
1092 3949 1230 3979 pertinens.
1244 3944 1320 3980 Apul.
1327 3952 1372 3980 ως
1384 3941 1558 3977 legationibus
1579 3942 1716 3971 audiendis
1740 3944 1822 3973 datur.
1894 3946 1950 3971 Huc
1970 3943 2071 3979 respicit
2092 3943 2147 3969 Cic.
2170 3943 2244 3969 Verr.
2264 3951 2289 3973 2,
2307 3945 2341 3975 76
2356 3950 2375 3966 c.
2391 3945 2414 3971 31

374 3995 380 4001 .
417 3975 519 4002 Ardere
530 3974 646 4002 aestuant
657 3974 755 4001 tebrm.
794 3976 905 4009 febr-sse,
925 3982 1029 4013 πυρέτιον
1046 3980 1248 4007 νειυηοιηᾱίὶ.
2328 3977 2413 4008 Qffln·
