2479 4225
2407 70 2446 106 ιζ’]

276 137 347 175 927
655 116 698 156 H
784 115 826 155 V
911 113 960 152 M
1783 108 1825 148 H
1894 108 1943 148 V
2023 110 2072 151 Μ
2296 113 2299 124 ¹
2350 123 2450 178 9²⁴&

278 208 466 237 humanitatem
478 215 578 238 meam,
596 204 614 231 si
626 205 774 232 humanitas
786 199 937 237 appellanda
950 198 985 224 est
999 198 1028 224 in
1040 196 1199 225 acerbissima
1214 196 1314 224 iniuria
1379 198 1451 226 Fam.
1467 207 1500 232 ιι,
1514 206 1548 233 27
1563 196 1623 224 med.
1645 197 1745 230 Lepos,
1765 195 1928 229 humanitas,
1947 185 2039 225 literae
2053 210 2059 226 ε
2093 202 2196 234 itemque
2207 199 2284 225 Verr.
2299 206 2321 231 ς,
2335 203 2348 228 8
2371 208 2391 226 c.
2406 177 2451 225 ι’
2464 205 2465 210 ’

277 243 390 272 remiffio
405 243 487 269 animi
501 251 529 268 ac
544 240 687 267 dissolutio.
760 235 936 265 Miserationis
951 233 1066 266 affectus,
1086 234 1133 268 qui
1147 230 1223 268 p‘lane
1236 241 1314 259 voca·
1340 260 1342 262 ,
1379 235 1493 261 Verrem
1514 234 1607 261 amatis
1642 248 1687 252 —
1723 238 1748 258 at
1768 233 1904 264 sermone,
1926 239 1952 260 at
1967 234 2067 265 literis,
2087 242 2111 261 at
2127 234 2290 261 humanitate
2310 234 2365 260 eius
2377 230 2452 262 des«
2476 232 2478 234 ’

278 285 321 307 tur
334 279 494 310 humanitaS,
513 285 565 312 qua
580 277 682 303 nosmet
698 274 812 301 inuicem
831 277 967 298 tueremur
984 270 1100 296 Lafilant.
1115 279 1137 301 3,
1150 278 1187 303 ι7.
1259 268 1316 294 Ηιι-
1380 269 1531 297 Ιεὲἲειιιιιιιίτ
1551 270 1590 296 his
1604 267 1759 302 singularem
1772 268 1910 295 stultitiam
1931 275 1956 295 et
1983 269 2202 298 inhumanitatem
2222 271 2331 305 opponit.
2367 270 2396 297 Ce
2412 276 2421 304 ἵ,
2441 267 2451 298 s

279 314 389 341 manitas
407 319 432 339 et
445 312 573 339 modestia
591 313 646 339 Cic.
660 312 737 336 Attic.
753 317 783 342 7,
801 315 822 340 ς.
916 305 1060 339 Singularis
1077 304 1238 336 humanitas,
1263 304 1317 329 sua·
1379 308 1432 331 tius
1446 304 1478 339 est
1493 305 1524 333 de
1538 306 1610 332 Orat.
1625 313 1640 330 2
1660 312 1681 329 c.
1691 306 1724 337 67
1745 304 1879 330 Socratem
1895 304 1922 330 in
1938 304 1984 330 hac
1996 305 2083 331 ironia
2096 306 2333 340 dissimulantiaque
2346 304 2399 331 lon·
2412 306 2452 339 71?

279 349 372 376 vissiini
386 357 473 375 mores
486 348 559 374 Idem
575 348 626 373 Att.
641 349 678 376 16,
693 346 729 371 16.
802 342 890 375 Lepor
907 346 933 368 et
948 340 1096 367 humanitas
1115 341 1143 366 in
1157 339 1232 366 omni
1246 339 1317 365 vitae
1337 348 1351 374 ς
1379 340 1470 374 lepore
1483 347 1508 368 et
1521 340 1684 367 humanitate
1698 338 1821 365 omnibus
1837 340 1996 374 praestitisse.
2034 341 2078 367 Illi
2095 341 2123 366 de
2143 343 2306 374 VerreJimzle
2319 339 2436 370 eiusdem'
2450 355 2452 358 >

279 392 398 419 tempore
419 385 537 411 versetur
555 384 610 410 Cic.
624 382 655 408 de
668 381 740 406 Orat.
754 386 786 408 2,
802 385 851 411 ¹7¹·
943 377 974 403 In
993 375 1115 403 Miltiade
1139 385 1199 401 cuin
1218 375 1319 401 summa
1384 377 1464 407 Tullii
1485 385 1533 411 pro
1549 376 1624 402 Rosc.
1640 376 1698 401 Am.
1712 383 1757 401 120
1776 384 1797 401 c.
1812 384 1843 408 41
1878 376 1974 402 Literis
1989 384 2080 402 eorum
2095 382 2121 402 et
2135 375 2297 403 humanitate
2311 375 2435 411 Chrysslt'

281 420 445 452 humanitas,
470 426 526 446 tum
544 419 610 444 mira
628 414 735 441 comitas
755 412 823 446 Nep.
846 420 871 444 1,
887 416 908 441 8.
981 410 1154 438 Mansuetudo
1172 416 1252 445 atque
1272 409 1319 436 hu·
1380 420 1463 445 gonus
1482 412 1594 438 ducitur.
1631 425 1676 430 —
1712 410 1776 436 Non
1796 410 1832 436 est
1852 410 2060 444 verifimile,>vt
2074 412 2260 446 Chrysogonus
2276 411 2373 440 horum
2390 408 2432 444 lis
2448 422 2449 428 ¹

281 456 390 483 manitas
410 456 465 482 Cic.
485 463 533 489 pro
547 453 614 479 Sulla
631 458 673 481 92.
720 447 793 483 Conf.
814 447 886 473 Idem
901 455 949 481 pro
962 448 992 474 L.
1004 448 1076 474 Man.
1098 456 1118 472 c.
1135 455 1174 479 14.
1268 446 1319 472 Im·
1379 453 1446 474 teras
1465 447 1593 474 adamarit
1608 452 1651 472 aut
1665 446 1865 472 humanitatem.
2061 445 2081 484 fl
2103 450 2119 474 6
2155 447 2326 477 Humanitas,
2351 449 2407 486 ι’..ς
2436 454 2447 474 ι’·

279 500 383 518 memor
396 489 579 519 humanitatis,
598 485 639 511 vel
654 483 687 509 ab
701 482 863 509 humanitate
876 481 1017 509 derelictus
1032 483 1086 508 Cic.
1102 481 1197 516 Philip.
1218 488 1248 512 11,
1276 501 1282 507 .
1311 500 1317 506 .
1382 492 1429 508 nus
1448 483 1585 509 humanum.
1621 482 1768 508 Timorem
1791 490 1914 515 omnem,
1938 491 1993 517 quo
2014 482 2163 509 humanitas
2181 483 2298 517 regitur,
2323 486 2394 516 penit
2422 475 2451 517 ’Ἤ

280 528 312 554 Ε,
331 526 362 553 ad
376 528 439 553 Her,
454 535 486 558 4,
524 543 530 549 ‚
564 541 571 551 ,
626 519 746 545 Facilitas
760 524 839 553 atque
851 518 999 546 humanitas
1012 525 1056 545 tua
1069 519 1125 544 cic.
1141 518 1212 544 Fam.
1224 525 1262 548 13,
1276 525 1320 550 24.
1339 532 1369 550 10
1382 517 1541 545 sustulerunt
1561 519 1661 545 Minue.
1676 517 1758 544 Felix.
1772 517 1800 543 in
1815 516 1907 544 OCtau.
1979 519 2101 545 Genitale
2117 518 2258 544 seminium
2277 517 2417 550 humanit,
2429 513 2440 553 ᾖ*

281 562 427 590 Hominem
445 562 542 587 summa
561 555 695 590 probitate
706 574 713 585 ,
736 553 914 586 humanitate,
940 555 1161 594 obseruantiaque
1181 553 1320 586 cognosces
1381 553 1504 588 tistpul.
1515 554 1546 581 de
1562 555 1657 587 Dogin.
1673 553 1735 580 Plat.
1757 562 1781 587 p.
1796 562 1828 585 11,
1845 561 1880 583 12.
1932 554 1979 581 Sed
1987 553 2069 589 1³⁰²?st
2082 560 2183 589 vterque
2193 555 2260 580 locu,-
2273 553 2307 580 ad
2314 556 2395 589 prim
2407 554 2444 585 ''2''

282 598 337 624 Cic.
353 599 422 624 Fam.
438 604 467 626 13,
483 601 520 624 23.
592 591 698 616 Memor
712 589 884 617 humanitatis
900 596 959 616 tuae
980 590 1100 617 Scribon.
1116 591 1161 623 hp.
1178 598 1209 613 m.
1265 588 1319 613 Ple·
1380 590 1449 616 illam
1454 588 1678 625 significationem,
1696 598 1743 624 qua
1756 589 1886 616 humanam
1902 595 2019 616 naturam
2034 596 2121 622 notat,
2138 590 2241 625 referri.
2423 606 2425 609 .
2442 618 2443 623 Ἰ

280 642 329 660 nus
346 629 511 659 humanitatis
534 626 637 652 animus
654 625 726 652 Idem
740 626 785 660 Ep.
801 629 836 652 in.
910 626 1006 660 Expers
1026 624 1196 651 humanitatis
1216 623 1272 649 Cic·
1288 622 1319 649 de
1418 631 1467 651 Ην
1478 631 1502 651 Μ
1513 627 1606 651 ᾹΝΕ.
1650 623 1718 650 Adu.
1756 623 1981 659 [φιλανθρώπως]
2031 626 2157 661 Benigne,
2176 623 2314 660 mansuete,
2327 623 2424 660 facile·
2455 640 2458 656 3

258 693 265 700 Ι
280 668 370 696 Diuin.
382 675 406 698 2,
421 670 454 694 81.
508 662 631 688 Abiicere
645 661 835 688 humanitatem
849 661 921 688 Idem
935 670 984 695 pro
997 661 1085 695 Ligar.
1101 669 1138 693 14.
1192 659 1319 692 Accipere
1379 660 1478 687 leniter.
1512 661 1580 687 Ter.
1590 659 1698 694 Adelph.
1708 668 1726 691 1,
1740 668 1763 692 2,
1776 662 1807 692 65
1827 660 1935 686 Tamen
1948 661 1994 686 vix
2007 659 2121 687 humane
2135 661 2242 694 patitur.
2278 660 2334 686 Cic.
2342 659 2427 691 Ture,
2457 670 2461 696 1

279 702 481 731 humanitatem,
507 697 560 724 vid·
584 705 606 724 Α
617 703 633 723 C
646 703 662 724 C
673 705 682 723 1
696 703 774 723 1²10.
868 698 923 723 Cic.
943 706 990 731 pro
1005 697 1075 723 Sulla
1094 702 1119 726 ει
1144 695 1252 721 Tamen
1271 693 1319 720 hu'-
1338 706 1364 731 ις
1380 703 1404 726 2,
1419 704 1450 729 43
1473 696 1636 723 Toleranter
1650 702 1675 721 et
1690 694 1804 721 humane
1819 695 1890 721 ferre
1906 694 2040 723 morbum.
2110 697 2178 723 Plin.
2192 699 2230 728 16,
2244 704 2272 728 19
2293 696 2310 721 s.
2325 703 2355 727 3²¹
2375 696 2414 722 Ar
2457 697 2459 712 ¹

278 739 400 766 manitate
419 733 554 760 Adducius
573 732 777 760 aduocationem
795 731 912 758 hominis
931 731 1116 766 improbissimi
1136 730 1195 756 sella
1214 730 1319 762 curuli,
1379 730 1458 757 bores
1470 732 1562 764 mites,
1581 740 1647 766 quae
1661 730 1751 757 fruehi
1770 736 1815 757 aut
1828 731 1918 765 aliqua
1931 731 2007 762 dote,
2027 731 2216 758 vnibrarumue
2230 729 2320 757 officio
2334 731 2426 757 huma·
2457 713 2462 752 l

278 782 355 807 atque
368 770 546 802 ornamentis,
563 776 588 796 et
603 769 668 799 suis,
685 774 710 794 et
724 768 882 794 Consulatus
902 767 1051 794 honestauit
1066 778 1070 794 :
1104 768 1251 796 Catilinam,
1269 775 1318 792 mm
1379 767 1438 793 nius
1453 767 1560 800 iuuant,
1581 776 1634 793 non
1648 766 1770 801 improbe
1785 766 1906 793 dicantur
1921 766 2046 793 vrbanae.
2140 768 2196 794 Cic.
2212 767 2284 793 Fam.
2300 767 2338 798 16,
2351 775 2380 792 21.
2401 778 2407 788 ι
2423 766 2429 788 τ’

277 815 394 845 quatenus
413 805 536 840 improbus
552 811 620 835 erat,
633 803 681 840 fiii
696 810 816 839 quatenus
834 803 918 835 homo,
937 806 1005 829 inter
1021 803 1154 829 aduocatos
1170 802 1238 841 illius
1256 810 1317 827 com-
1379 802 1511 838 Cratippo,
1532 803 1636 830 Sublata
1652 802 1789 828 seueritate
1804 801 1990 836 Philosophiae
2007 802 2188 829 humanislime
2203 801 2343 828 nobiscum
2357 802 2416 829 ioca
2432 811 2435 814 ’

270 851 364 879 parens
383 840 521 875 honestam:
538 840 628 876 consul.
664 840 719 865 Cic.
732 848 781 873 pro
792 839 867 865 Rosc.
880 839 968 865 Amer.
982 845 1047 865 extr.
1067 837 1216 865 Domestica
1229 836 1320 876 crude·
1379 843 1432 864 tur.
1472 838 1528 865 Vid.
1543 845 1744 869 HVMANJTAS
1765 845 1820 869 ης.
1878 839 1917 864 Sic
1931 838 2052 864 Humane
2067 838 2146 864 fecit?
2164 838 2220 864 Cic.
2229 839 2282 864 Att.
2292 845 2328 868 12,
2336 846 2374 870 44
2392 849 2398 859 .
2429 866 2441 875 Ι,

274 880 333 905 litas
353 877 454 911 (Sullae
468 883 491 902 et
505 876 739 911 proscriptionum)
773 889 819 894 -—
854 883 908 900 non
926 874 1007 900 modo
1028 873 1056 900 id
1069 874 1148 900 habet
1165 874 1193 900 in
1206 874 1230 899 se
1245 872 1362 904 inali,20
1383 873 1410 900 Si
1423 873 1471 908 qui
1485 873 1567 907 forte,
1587 883 1668 909 quum
1684 874 1708 899 se
1722 874 1750 899 in
1762 873 1834 899 luctu
1847 874 1895 899 effe
1907 874 2021 905 vellent,
2038 873 2140 908 aliquid
2152 874 2272 900 fecerunt
2286 872 2413 899 humaniu
2443 874 2446 879 '

275 913 349 949 quod
366 919 405 939 tot
417 913 487 938 ciues
501 911 655 937 atrocissime
668 909 787 942 sustulit,
805 905 901 936 Verum
920 910 1000 936 etiam
1016 909 1169 937 hominibus
1186 907 1319 934 lenissimis
1381 914 1427 935 aut
1442 908 1552 936 hilarius
1566 910 1649 936 locuti
1663 910 1735 939 sunt,
1754 915 1880 935 reuocant
1894 908 1925 935 ‘se
1939 910 2027 936 rursus
2044 909 2077 935 ad
2093 908 2252 936 moestitiam
2273 909 2328 935 Cic.
2342 895 2454 944 Ture,

275 948 374 976 ademit
399 947 609 974 misericordiam
640 946 832 973 consuetudine
861 945 1105 972 incommodorum.
1160 945 1231 971 Nam
1259 953 1319 970 cum
1381 952 1394 977 3
1420 953 1441 970 c.
1454 952 1496 979 27.
1569 945 1649 979 Quod
1668 945 1700 970 de
1724 946 1766 970 sua
1781 945 1918 971 voluntate
1938 953 1997 979 erga
2013 945 2149 971 Caesarem
2169 943 2363 979 diligentissime
2379 942 2453 971 hu'x.

275 984 399 1012 omnibus
420 983 494 1010 horis
514 981 616 1017 aliquid
636 982 773 1008 attrociter
790 981 848 1008 sieri
865 981 987 1008 videmus
1006 987 1051 1006 aut
1069 981 1190 1007 audimus
1204 991 1210 1011 ;
1238 980 1319 1006 etiam
1379 980 1574 1016 manisl'imeque
1587 982 1690 1007 locutus
1705 981 1764 1006 esses
1779 981 1834 1006 Cic.
1850 981 1880 1006 ad
1896 982 1932 1014 Q
1943 981 2026 1006 Fratr.
2041 989 2063 1013 3,
2077 990 2097 1013 1,
2109 982 2134 1006 6.
2170 980 2240 1008 Ada'.
2252 989 2275 1012 2,
2288 989 2316 1013 4.
2371 979 2396 1006 D
2419 975 2453 1011 ’ἶ

275 1021 323 1056 qui
343 1025 436 1046 natura
457 1017 584 1045 mitissimi
603 1018 706 1049 sumus,
726 1016 869 1044 affiduitate
888 1017 1069 1043 molestiarum
1091 1017 1191 1043 sensum
1210 1024 1317 1042 omnem
1379 1024 1437 1042 cem
1451 1016 1476 1042 se
1488 1015 1591 1043 itineris
1605 1016 1784 1043 humanissime
1804 1016 1922 1050 promisit
1937 1016 2040 1042 Petron.
2057 1025 2078 1042 c.
2093 1022 2115 1046 8.
2407 1008 2455 1059 “’,’4Ι

273 1055 444 1083 humanitatis
458 1063 489 1081 ex
505 1054 600 1080 animis
620 1053 768 1080 amittimus
783 1063 789 1078 :
813 1060 842 1079 vt
855 1062 903 1079 non
916 1054 1022 1087 amplius
1036 1052 1070 1077 ad
1086 1062 1130 1078 nos
1138 1054 1266 1087 pertinere
1279 1054 1317 1077 vi·
1336 1055 1368 1082 23
1417 1058 1438 1078 Η
1449 1057 1470 1076 V
1481 1058 1567 1079 MAN
1577 1051 1590 1078 f
1600 1059 1621 1078 Τ
1631 1059 1689 1079 ER.
1726 1051 1793 1078 Adii.
1830 1051 2062 1086 [ἅνθρωποπάθως]
2097 1051 2152 1078 Cic.
2163 1052 2234 1078 Fam.
2249 1060 2272 1083 7,
2287 1060 2296 1078 1
2316 1049 2419 1078 Doceb·
2444 1049 2456 1071 ‘i

275 1091 379 1124 deutur,
398 1090 462 1127 quod
473 1091 532 1116 aliis
549 1089 687 1116 hominibus
700 1088 808 1120 accidit,
829 1095 875 1114 etc.
928 1087 1108 1114 Humanitatis
1123 1087 1261 1122 negotium
1276 1095 1319 1121 ge·
1380 1086 1517 1121 profecio,
1537 1087 1603 1123 quid
1624 1087 1654 1114 fit
1674 1088 1826 1114 humaniter
1842 1087 1952 1119 viuere,
1979 1090 1996 1112 i.
2016 1090 2149 1120 hilariter,
2168 1086 2285 1119 iucunde,
2304 1086 2370 1122 quod
2379 1085 2456 1126 moffij'

274 1137 335 1155 rere
357 1127 375 1153 l.
397 1135 426 1159 14
454 1124 477 1161 §.
498 1131 514 1160 7
547 1125 573 1151 ff.
595 1124 627 1150 de
646 1125 721 1158 relig.
741 1130 767 1150 et
786 1124 862 1150 sumt.
881 1123 967 1150 funer.
992 1124 1102 1156 dicitur,
1123 1127 1165 1159 qui
1181 1132 1265 1149 curam
1277 1122 1319 1158 ,Ιὲ-
1379 1129 1422 1148 net
1440 1122 1558 1150 humanae
1578 1124 1729 1150 conditionis
1742 1126 1871 1160 cogitatio.
1915 1122 1973 1149 Vid.
1994 1129 2196 1150 HVMANVFAS
2218 1132 2244 1148 ιι.
2262 1129 2283 1155 ς,
2317 1125 2348 1148 it.
2369 1119 2431 1153 ι-ΝγΥ
2453 1149 2455 1151 ,

270 1165 386 1200 pulturae
409 1163 513 1188 alterius
529 1159 595 1186 nulla
618 1161 669 1185 alia
689 1159 858 1194 necessitudine
877 1158 983 1190 dusius,
995 1158 1124 1195 suscipit:
1154 1158 1183 1184 de
1202 1167 1248 1194 quo
1267 1160 1318 1184 loco
1380 1165 1485 1185 MANE.
1557 1160 1630 1186 Idem
1645 1160 1696 1185 Att.
1714 1168 1732 1190 1,
1746 1168 1760 1185 2
1787 1160 1832 1185 Sin
1845 1159 1923 1185 aliter
1937 1158 2076 1188 acciderit,
2097 1158 2247 1185 humaniter
2259 1158 2390 1191 feremus,
2405 1153 2456 1211 ιζίὶί

272 1200 350 1225 multa
364 1196 463 1232 Salmas.
476 1195 511 1222 ad
524 1199 562 1222 ius
569 1196 684 1222 Atticum
693 1202 720 1230 p.
733 1194 847 1230 556sqq.
887 1194 964 1221 Faber
971 1193 1082 1227 Semestr.
1091 1204 1115 1227 2,
1123 1205 1142 1221 1.
1178 1193 1318 1228 Bynkersh.
1380 1203 1454 1230 aequo
1468 1197 1557 1222 animo.
1628 1196 1787 1221 Humaniter
1800 1194 1864 1221 fecit
1882 1195 1937 1221 Cic.
1951 1194 1983 1220 ad
1997 1196 2031 1228 Q
2047 1195 2130 1221 Fratr.
2144 1203 2170 1227 2,
2184 1203 2202 1221 ι.
2415 1198 2451 1234 5.

273 1234 414 1268 Obseruatt.
434 1242 463 1266 4,
481 1241 518 1258 22.
575 1232 727 1265 Iizterpretes
745 1232 849 1256 Petron.
869 1239 890 1256 c.
905 1239 957 1263 114.
1012 1231 1128 1257 Breuiter
1146 1229 1318 1256 humanitatis
1337 1239 1369 1263 3ο
1418 1228 1678 1257 HVMANi'Tvs.
1717 1230 1783 1257 Adu.
1814 1230 2001 1265 [αἰνθρωπίνως]
2039 1231 2151 1256 Humano
2164 1238 2237 1256 more.
2274 1222 2446 1262 Piin.10‚‘63.i¹“

271 1269 407 1303 negotium
427 1267 467 1293 ille
481 1266 581 1293 videtur
596 1274 696 1300 gerere,
714 1269 765 1301 qui,
784 1265 849 1302 quod
861 1267 966 1292 alterius
978 1274 1037 1302 erga
1052 1265 1198 1302 defunHum
1212 1263 1318 1299 officium
1383 1265 1439 1291 Vrsi
1459 1272 1546 1292 autem
1566 1270 1612 1298 (vt
1631 1266 1734 1293 dicium
1751 1265 1804 1298 est)
1829 1265 1981 1292 humanitus
2006 1265 2095 1298 strati,
2124 1269 2141 1292 i.
2161 1272 2189 1292 vt
2206 1265 2289 1301 solent
2309 1260 2448 1294 homines-„5³

266 1304 394 1340 postulat,
413 1303 454 1329 illo
468 1302 561 1337 ahsente
576 1304 676 1328 interim
695 1301 859 1328 humanitate
872 1300 962 1328 duflus
967 1300 1091 1337 suscipit,
1112 1310 1255 1337 quamquam
1269 1310 1318 1326 non
1381 1301 1449 1327 Ter.
1463 1303 1557 1328 Heaut.
1573 1311 1591 1333 1,
1608 1309 1627 1333 1,
1641 1310 1676 1337 47
1695 1301 1749 1328 Vbi
1763 1311 1818 1328 reni
1832 1302 1937 1333 resciui,
1952 1301 2027 1335 coepi
2041 1310 2095 1327 non
2109 1301 2273 1333 humanitus,
2294 1309 2381 1335 neque
2397 1297 2452 1328 vet,

263 1339 412 1375 simpliciter
425 1341 552 1375 gratuita,
564 1337 611 1373 sea'
623 1343 651 1363 vt
665 1340 692 1363 in
704 1338 756 1363 alia
774 1339 927 1373 negotiorum
939 1336 1046 1374 gestione
1065 1346 1118 1363 cum
1125 1336 1171 1372 spe
1188 1334 1319 1369 restituen-
1380 1337 1500 1363 animum
1512 1337 1600 1364 decuit
1612 1343 1749 1372 aegrotum
1763 1337 1950 1364 adolescentuli
1966 1342 2086 1363 traca-are.
2159 1337 2216 1364 Cic.
2229 1336 2341 1371 Philipp.
2359 1340 2380 1368 ι’,
2398 1334 2450 1366 10ss

271 1375 356 1402 dorum
367 1373 417 1408 fibi
427 1375 562 1409 Jicmtuum.
618 1370 658 1405 Est
679 1375 760 1409 igitur
776 1373 836 1404 hoc,
856 1373 884 1398 de
904 1382 949 1409 quo
963 1372 1091 1406 leianus
1108 1376 1177 1408 agit,
1195 1371 1220 1405 Ji
1239 1379 1317 1398 totum
1380 1381 1403 1399 c.
1417 1382 1435 1407 4
1464 1374 1498 1399 Vt
1515 1373 1533 1399 si
1555 1373 1621 1408 quid
1641 1373 1710 1399 mihi
1729 1373 1882 1399 humanitus
1900 1372 2027 1399 accidisset
2048 1373 2149 1404 (multa
2167 1379 2255 1400 autem
2275 1371 2445 1407 impenderes

270 1413 347 1439 locum
362 1409 492 1446 inspicias,
510 1408 635 1444 diuersum
652 1408 682 1434 ab
701 1408 744 1434 illa
764 1408 913 1435 Tralaticia
936 1407 1099 1435 humanitate
1119 1407 1238 1434 Petronii
1257 1409 1275 1434 l.
1294 1417 1316 1433 c.
1335 1413 1364 1441 35
1379 1408 1540 1435 videbantur
1552 1414 1657 1442 praeter
1674 1414 1794 1435 naturam
1808 1409 1905 1440 etiam,
1925 1414 2081 1443 praeterque
2094 1408 2196 1440 fatum)
2216 1408 2296 1434 huius
2310 1407 2366 1434 diei
2380 1406 2453 1435 vost*

269 1453 404 1473 mortuum
419 1444 574 1478 lapidantis,
599 1447 617 1470 i.
632 1444 787 1479 sepulturam
806 1447 858 1470 eius
870 1444 965 1479 lapide,
984 1444 1053 1480 gleba
1063 1464 1071 1476 ,
1090 1443 1184 1470 iniefl'a
1198 1442 1317 1469 adiuuan-
1379 1453 1435 1470 cem
1450 1444 1538 1470 testem
1553 1444 1726 1478 Reipublicae
1741 1444 1922 1478 relinquerem
1936 1452 2009 1469 meae
2027 1450 2169 1478 perpetuae
2188 1453 2250 1478 erga
2263 1445 2287 1470 se
2307 1441 2451 1470 voluntaaf'

269 1485 313 1509 tis.
349 1482 476 1507 Caeni-um
491 1480 518 1506 de
532 1481 578 1506 hac
589 1488 615 1506 re
629 1479 747 1505 Laciant.
762 1482 787 1512 6,
802 1488 839 1511 12,
854 1488 885 1511 30
912 1480 1043 1513 Qiamuis
1057 1480 1084 1505 in
1098 1479 1207 1506 homine
1222 1479 1317 1513 ignoto
1380 1480 1429 1512 tis,
1456 1482 1474 1506 i.
1491 1479 1629 1515 fifortajfi'
1643 1488 1759 1505 morerer.
1802 1478 1876 1514 Conf.
1893 1479 1965 1505 Non.
1981 1487 2017 1510 11,
2038 1487 2057 1505 1.
2101 1479 2179 1513 Apul.
2194 1479 2272 1513 Apol.
2291 1488 2316 1513 p.
2331 1478 2386 1514 337,
2400 1487 2426 1506 12

271 1518 472 1544 necesshriorum
490 1524 586 1542 munus
605 1515 777 1549 implebimus
792 1534 799 1545 ‚
823 1515 851 1541 in
870 1524 987 1549 quorum
1006 1515 1112 1548 locum,
1134 1515 1196 1549 quia
1216 1514 1318 1554 desunt,
1379 1515 1450 1542 Mihi
1472 1522 1551 1541 tenue
1571 1514 1636 1549 quid
1656 1513 1767 1541 honoris
1782 1515 1857 1541 causa
1870 1514 2002 1548 legatum,
2019 1522 2051 1539 ne
2064 1513 2083 1540 si
2099 1514 2164 1549 quid
2183 1514 2258 1541 illam
2275 1514 2425 1542 humanitus

271 1553 387 1580 succedat
400 1551 563 1581 humanitas,
582 1557 607 1577 ct
622 1550 774 1586 Vbicunque
788 1549 871 1577 homo
890 1550 1101 1583 desiderabatur,
1121 1550 1161 1577 ibi
1173 1551 1243 1584 exigi
1259 1549 1316 1576 offi-
1379 1552 1515 1585 attigisset,
1532 1559 1631 1576 nomen
1645 1550 1756 1576 maritus
1770 1550 1797 1576 in
1811 1550 1903 1577 vxoris
1916 1549 2012 1576 tabulis
2027 1559 2081 1576 non
2095 1550 2230 1578 haberem.

272 1589 340 1615 cium
361 1587 481 1613 nostrum
501 1586 658 1621 putabimus.
747 1586 979 1621 Comprehendere
997 1586 1114 1621 aliquem
1136 1586 1316 1618 humanitate,
1332 1596 1371 1621 40
1415 1594 1435 1613 H
1445 1593 1464 1611 v
1475 1595 1495 1611 ,u
1507 1593 1558 1613 AT
1568 1592 1577 1611 1
1589 1592 1609 1612 0
1619 1605 1627 1617 ,
1662 1593 1682 1612 H
1694 1593 1714 1611 ν
1724 1592 1748 1611 Μ
1758 1593 1779 1612 Α
1789 1592 1810 1612 Τ
1821 1593 1840 1611 ν
1852 1593 1864 1612 s
1877 1605 1884 1616 ,
1919 1586 1972 1611 vid.
1995 1592 2015 1612 H
2024 1593 2044 1612 v
2054 1593 2079 1611 M
2089 1592 2108 1611 v
2118 1593 2141 1613 s.
2391 1585 2401 1590 '
2433 1600 2437 1603 .

270 1623 396 1650 Constare
411 1622 570 1648 humanitati
582 1622 654 1652 suae,
690 1622 826 1648 Deducere
838 1621 872 1648 ab
888 1621 1064 1653 humanitate,
1083 1621 1175 1655 maist:
1187 1622 1213 1648 ll.
1258 1621 1315 1648 Cic.
1414 1629 1435 1648 H
1445 1622 1466 1648 V
1475 1629 1498 1648 M
1508 1628 1568 1654 Eo,
1596 1625 1650 1648 ere.
1686 1621 1792 1655 [νοτέω]
1827 1621 1868 1648 Ab
1883 1623 2004 1648 Humore
2019 1631 2026 1652 ς
2057 1621 2189 1648 Madidum
2205 1619 2255 1655 effe.
2291 1619 2425 1647 Columel.

272 1659 351 1685 Attic.
368 1665 394 1690 ς,
412 1666 434 1683 ιι
463 1656 536 1689 Quid
556 1657 677 1690 quaeris?
702 1657 745 1682 vel
765 1657 812 1690 ipsi
830 1657 880 1683 hoc
900 1657 969 1684 dicas
985 1658 1064 1690 licet,
1084 1658 1274 1684 humanitatem
1291 1657 1317 1683 ei
1379 1666 1403 1690 3,
1424 1666 1445 1684 ιι
1474 1658 1575 1683 Verum
1596 1656 1631 1682 est
1650 1656 1680 1683 in
1700 1666 1781 1691 opere
1799 1656 1953 1689 difficilior,
1972 1656 2044 1691 qnod
2062 1666 2149 1692 neque
2165 1657 2316 1684 humentem
2333 1654 2411 1680 foder
2432 1682 2433 1686 Ἰ

272 1704 333 1720 meo
353 1693 454 1719 iudicio
473 1692 521 1718 illo
534 1691 577 1717 die
590 1691 715 1717 Defuiss'e.
788 1692 889 1718 Exuere
903 1692 1093 1719 humanitatem
1107 1693 1179 1720 Idem
1196 1702 1244 1728 pro
1257 1693 1316 1727 Lig.
1379 1693 1468 1728 possis,
1488 1692 1561 1728 quod
1582 1693 1612 1719 sit
1626 1692 1836 1727 glutinosissima,
1857 1700 1903 1719 etc.
1962 1693 2028 1719 Plin.
2043 1701 2093 1725 22,
2108 1689 2157 1726 24s
2203 1691 2286 1718 Ouid.
2304 1690 2370 1715 Met.
2388 1696 2427 1714 ιι»,

272 1738 310 1762 ι4.
351 1728 418 1755 Add.
434 1727 509 1754 Idem
523 1727 555 1753 ad
570 1727 649 1752 Attic.
666 1735 700 1765 13,
715 1735 726 1751 2
742 1732 786 1761 pr.
859 1726 963 1752 Habere
978 1727 1170 1754 humanitatem
1190 1730 1246 1754 Cic.
1268 1737 1317 1762 pro
1380 1737 1429 1761 509
1451 1730 1541 1755 Arbor
1555 1728 1601 1754 dat
1618 1729 1731 1763 gemitus
1745 1729 1916 1762 lacrimisque
1935 1728 2088 1755 cadentibus
2106 1728 2206 1755 humet.
2278 1725 2359 1752 Caelo
2379 1723 2432 1761 hu,

271 1764 347 1790 Rosc.
362 1764 450 1789 Amer.
466 1764 510 1796 46.
591 1761 664 1788 Idem
678 1763 750 1788 Pam.
764 1770 791 1793 4,
807 1769 831 1793 ι3
855 1761 1014 1787 Obtinemus
1030 1762 1108 1796 ipsius
1116 1763 1234 1788 Caesaris
1250 1764 1317 1788 sum·
1332 1774 1366 1799 43
1380 1764 1464 1789 menti
1486 1764 1557 1789 Flor.
1571 1772 1597 1794 2,
1611 1774 1639 1795 4,
1655 1772 1678 1789 2.
1737 1764 1854 1798 Capillus
1870 1764 1979 1790 humens
1992 1764 2074 1791 Ouid.
2090 1766 2153 1791 Met.
2171 1772 2207 1795 ιι,
2225 1764 2280 1794 69ι.
2337 1760 2421 1785 Gena

271 1807 340 1825 main
352 1807 413 1831 erga
426 1806 473 1823 nos
487 1797 687 1822 humanitatem.
767 1797 877 1831 Legatos
891 1797 1052 1823 inuitatione
1065 1796 1175 1831 ‘aliaque
1194 1796 1317 1823 humani·
1379 1797 1517 1823 humentes
1534 1798 1641 1823 Tibull.
1655 1806 1676 1829 1,
1690 1806 1715 1829 9,
1727 1804 1764 1829 38.
1873 1799 2055 1832 Lacr-imisque
2071 1799 2223 1826 cadentibus
2240 1797 2332 1822 humet
2345 1794 2418 1821 Oui.
2454 1809 2455 1814 ι

269 1840 321 1861 tate
334 1833 486 1859 Prosecutus
505 1832 593 1857 Senec.
607 1832 639 1856 de
655 1831 745 1857 Benef.
763 1840 788 1862 1,
803 1840 836 1862 13.
907 1832 1047 1860 Tribuere
1062 1831 1253 1859 humanitatem
1271 1831 1318 1858 ali·
1378 1833 1444 1858 Met.
1461 1841 1503 1863 10,
1523 1840 1579 1864 509.
1633 1832 1703 1859 Ado.
1724 1834 1796 1858 Idem
1817 1833 1862 1867 Ep.
1877 1834 1989 1859 Herozd.
2008 1843 2036 1865 ς,
2052 1836 2092 1866 56.
2187 1832 2266 1859 Oculi
2288 1831 2411 1858 hument

269 1870 312 1897 cui
329 1868 385 1895 Cic.
399 1868 435 1900 Q
446 1867 530 1892 Fratr.
546 1874 564 1895 1,
579 1874 601 1904 1·-
711 1899 715 1903 ⁸
733 1870 738 1875 ⁴
757 1863 795 1903 fl
816 1873 829 1896 3
865 1866 1008 1904 Contraria.
1045 1867 1102 1893 Cic.
1116 1867 1149 1893 de
1161 1867 1252 1900 Legib.
1266 1876 1287 1899 3,
1306 1875 1315 1892 ι
1377 1867 1459 1893 Ouid.
1474 1869 1537 1893 Met.
1555 1876 1589 1899 ιι,
1603 1870 1668 1900 464.
1739 1867 1858 1894 Naribus
1874 1868 2045 1895 humentibus
2061 1868 2269 1895 Sueton.C1aud.
2284 1876 2352 1899 c.30.
2396 1871 2407 1889 Ι

271 1904 343 1939 Qiid
356 1904 426 1930 enim
442 1901 478 1928 cst
491 1901 618 1934 elegantia
633 1905 677 1925 tua
691 1898 813 1933 dignius,
832 1908 906 1925 cuuis
927 1906 952 1925 et
965 1901 1020 1926 vita
1038 1907 1064 1926 et
1078 1902 1167 1927 oratio
1180 1903 1317 1927 consecuta
1377 1902 1457 1927 ηοξὶε
1467 1921 1474 1931 ,
1500 1907 1530 1928 it.
1550 1902 1578 1927 de
1590 1902 1682 1928 ‘oculis
1695 1902 1845 1937 frequenter
1865 1903 1961 1929 dicitur
1975 1914 1982 1928 .·
2010 1904 2062 1929 uid.
2079 1904 2203 1929 Drakenb.
2224 1903 2257 1928 ad
2268 1903 2313 1928 Sil.
2327 1911 2352 1934 2,
2365 1904 2413 1935 46

269 1940 339 1968 mihi
355 1939 461 1966 videtur
481 1935 667 1963 difficillimam
687 1934 761 1960 illam
781 1935 932 1960 societatem
950 1935 1088 1968 grauitatis
1113 1944 1172 1960 cuin
1193 1935 1317 1960 humani·
1330 1942 1363 1968 50
1379 1942 1403 1960 et
1423 1943 1449 1966 9,
1464 1944 1504 1966 30.
1576 1936 1682 1961 Terrae
1701 1936 1839 1962 humentes
1859 1938 1926 1962 Plin.
1941 1939 2033 1971 Paneg.
2054 1946 2076 1963 c.
2089 1945 2130 1969 30.
2201 1937 2302 1964 Vnibra
2318 1937 2416 1964 hume

270 1976 345 2003 tate?
403 1975 443 2001 Sic
456 1972 529 1999 Idem
542 1970 619 1998 Offic.
641 1979 667 2002 i,
689 1972 723 1996 62
752 1970 817 1996 Non
836 1970 908 1996 enim
929 1970 1011 1996 niodo
1026 1969 1053 1996 id
1071 1969 1179 1997 virtutis
1196 1979 1251 1996 non
1269 1969 1316 2002 est,
1378 1970 1454 2003 Virg.
1471 1971 1536 1996 Aen.
1550 1978 1577 2002 3,
1591 1975 1646 2002 589.

269 2011 312 2039 sed
327 2010 414 2046 potius
428 2007 603 2036 Immanitatis
617 2014 725 2032 omnem
741 2005 931 2032 humanitatem
945 2005 1108 2041 repellentis.
1165 2007 1232 2032 Haec
1250 2008 1317 2031 vitia
1415 2012 1434 2031 H
1446 2012 1465 2031 V
1476 2012 1500 2031 M
1510 2012 1526 2031 E
1536 2013 1548 2032 s
1559 2012 1574 2032 C
1585 2011 1604 2031 0
1615 2025 1622 2036 ,
1645 2007 1698 2032 ere.
1734 2006 1886 2041 [νυτέομαι]
1924 2006 2059 2033 Humidum
2070 2006 2142 2043 ficri.
2177 2007 2271 2042 Virgil.
2286 2009 2384 2043 Georg.
2402 2016 2416 2040 3

268 2049 398 2074 contraria
415 2046 575 2072 humanitati.
618 2040 665 2068 Sed
683 2039 716 2072 est
736 2043 810 2066 etiam
829 2043 915 2066 vicina
935 2044 1010 2067 uitiis
1032 2041 1199 2068 Humanitas,
1246 2042 1277 2067 V.
1290 2051 1315 2077 g.
1381 2049 1417 2067 111
1440 2042 1603 2068 Humescunt
1617 2041 1732 2075 spumis,
1756 2042 1871 2076 flatuque
1885 2043 2050 2077 sequentum.
2086 2043 2114 2069 de
2132 2046 2210 2079 equis.
2262 2045 2368 2071 Poenus
2381 2043 2399 2071 h
2422 2053 2429 2074 ᾗ

270 2083 317 2109 Illa
330 2080 507 2112 vitiosiffima,
528 2087 594 2113 quae
608 2077 661 2104 iam
676 2075 824 2102 humanitas
837 2080 964 2107 vocatur,
984 2076 1101 2102 inuicem
1119 2077 1315 2110 qualiacunque
1377 2078 1491 2102 mescere
1510 2077 1605 2103 Horat.
1618 2077 1699 2104 Serm.
1714 2086 1740 2112 2,
1754 2080 1779 2108 6,
1793 2087 1832 2105 -0,
1859 2090 1860 2093 ’
1903 2080 1972 2113 Ager
1987 2078 2116 2109 humescit
2130 2079 2226 2106 Pallad.
2242 2088 2281 2112 ιο,
2297 2089 2332 2107 io,
2421 2080 2423 2086 ⁴

271 2117 407 2148 laudandi,
435 2121 491 2142 tum
514 2115 551 2142 est
575 2113 717 2143 indecora,
747 2117 805 2138 tum
828 2110 975 2137 studiorum
997 2111 1208 2145 perniciosissima
1232 2111 1315 2136 hostis
1334 2116 1362 2140 55
1412 2117 1664 2144 HVMESCENS,
1684 2114 1762 2140 entis.
1799 2113 1893 2140 Partic.
1930 2114 1995 2141 Plin.
2010 2115 2038 2141 in
2050 2116 2141 2150 Paneg.
2149 2123 2180 2150 73
2200 2115 2323 2142 Vidimus
2335 2115 2447 2147 hume's.

271 2152 402 2188 Quinctil.
416 2160 441 2183 2,
453 2160 479 2184 2,
494 2160 531 2177 10.
587 2150 654 2175 Huic
666 2145 751 2182 affinis
764 2145 797 2180 <fl
809 2147 854 2173 illa
866 2149 948 2180 ratio,
967 2146 1031 2185 quod
1041 2146 1196 2172 Humanitas
1212 2145 1316 2171 deliciar
1376 2145 1474 2171 scentes
1488 2147 1580 2172 oculos
1594 2153 1669 2178 tuos,
1690 2148 1880 2183 demissumque
1892 2150 1990 2184 gaudio
2007 2151 2112 2178 vultum
2125 2161 2131 2178 ι
2156 2157 2313 2186 tantumque
2324 2147 2447 2187 sangui⁴„.

289 2188 390 2216 uasdam
407 2194 431 2213 et
444 2189 590 2223 elegantiam
604 2194 619 2211 a
633 2184 735 2210 mollitie
748 2192 798 2208 non
812 2182 981 2208 abhorrentem
988 2181 1120 2217 significat
1139 2182 1226 2207 Varro
1239 2180 1271 2206 de
1285 2181 1315 2206 L.
1376 2180 1418 2205 nis
1435 2181 1463 2206 in
1476 2189 1540 2215 ore,
1561 2188 1690 2215 quantum
1708 2184 1737 2209 in
1750 2184 1839 2210 alieno
1853 2185 1970 2219 pudoris.
2222 2203 2227 2206 .
2428 2199 2440 2227 ,a

271 2198 302 2251 ἵ..
320 2231 353 2259 7,
375 2227 400 2249 16
429 2232 452 2257 p.
472 2231 514 2255 90.
568 2219 606 2253 Est
625 2222 691 2246 locus
710 2218 818 2255 dignus,
837 2220 879 2253 qui
895 2219 996 2253 plenius
1011 2218 1097 2252 paullo
1115 2217 1161 2243 huc
1177 2216 1315 2252 reseratur.
1411 2222 1462 2241 HV
1473 2222 1548 2243 MEC
1561 2222 1583 2242 Τ
1594 2223 1631 2248 Ο,
1650 2221 1704 2243 sire.
1741 2218 1875 2253 [inludg'm
1889 2220 2008 2254 ὑγραίνω]
2046 2221 2182 2248 Humidum
2196 2227 2220 2248 et
2232 2221 2359 2249 madidum
2371 2221 2427 2249 red·

270 2262 374 2288 Monuit
386 2261 507 2285 rationem
520 2255 606 2283 haberi
618 2254 740 2281 Vtilitatis
753 2259 779 2280 et
792 2253 951 2288 elegantiae:
975 2252 1047 2287 quod
1061 2261 1115 2279 non
1128 2252 1212 2279 solum
1228 2251 1316 2278 vestiti
1378 2250 1450 2283 dere,
1472 2258 1515 2277 aut
1532 2252 1631 2278 humore
1649 2252 1801 2289 adspergere.
1840 2255 1935 2289 Virgil.
1949 2255 2046 2289 Georg.
2059 2266 2087 2289 4,
2103 2259 2146 2282 126
2173 2258 2233 2290 Qua
2248 2258 2324 2293 niger
2336 2258 2426 2286 hume-

270 2297 319 2323 esse
339 2294 478 2325 volumus,
499 2298 526 2319 vt
545 2292 659 2318 vitemus
675 2290 776 2325 frigus,
797 2289 840 2316 sed
852 2289 944 2321 etiam,
958 2294 985 2315 vt
1004 2287 1142 2315 videamur
1161 2287 1248 2314 vestiti
1267 2288 1316 2314 else
1334 2290 1369 2314 60
1378 2286 1430 2312 &at
1444 2287 1568 2313 flauentia
1586 2287 1655 2314 culta
1667 2288 1784 2315 Galesus.
1844 2290 1951 2316 Colum.
1966 2298 1990 2324 7,
2008 2298 2027 2314 ².
2101 2291 2244 2320 Humeetat
2256 2288 2427 2321 lacrimarum

271 2330 380 2358 honeste
394 2340 399 2356 :
431 2338 486 2355 non
505 2328 613 2354 domum
635 2326 732 2352 habere
766 2339 812 2345 —-
847 2333 902 2351 non
918 2324 1003 2351 solum
1023 2325 1082 2350 vasa
1102 2323 1134 2350 ad
1154 2323 1255 2350 vidium
1272 2322 1316 2350 ha-
1377 2323 1496 2356 gramina
1510 2323 1571 2348 riuo
1587 2323 1669 2349 Ouid.
1681 2325 1744 2350 Met.
1757 2333 1784 2357 9,
1799 2327 1853 2357 655.
1927 2323 2088 2350 Humee‘tans
2102 2335 2149 2353 ora
2162 2337 2293 2362 genasque
2306 2329 2424 2356 lael-imi.

270 2367 348 2398 bilia,
369 2365 411 2392 sed
425 2371 450 2391 et
468 2364 552 2398 figura
568 2362 636 2389 bella
654 2368 733 2396 atque
750 2360 783 2387 ab
795 2360 910 2387 artifice:
937 2359 1009 2395 quod
1025 2359 1096 2386 aliud
1111 2359 1224 2390 homini,
1241 2357 1314 2385 aliud
1376 2357 1444 2384 salsis
1458 2358 1562 2384 Luci-et.
1576 2367 1595 2390 1,
1608 2363 1660 2390 9¹8-
1698 2359 1771 2394 Conf.
1785 2360 1911 2386 Drakenb,
1925 2359 1958 2385 ad
1970 2359 2014 2385 511,
2031 2367 2053 2392 ς,
2065 2367 2087 2392 5,
2158 2363 2267 2388 Vuimm
2287 2362 2422 2391 humeaat

271 2401 438 2428 Humanitati
458 2400 516 2426 satis
537 2398 580 2425 est.
638 2397 761 2431 Qioduis
781 2395 879 2423 sitienti
896 2395 1022 2430 poculum
1042 2395 1146 2422 homini
1166 2396 1291 2421 idoneum
1306 2405 1313 2425 ς
1375 2393 1450 2428 largo
1464 2394 1573 2420 flumine
1587 2394 1683 2429 Virgil.
1697 2395 1762 2420 Aen.
1777 2403 1794 2425 1,
1807 2397 1867 2428 465.
1937 2395 2034 2422 Oscula
2047 2394 2197 2423 humectans
2214 2396 2326 2424 adsuetis
2339 2398 2421 2426 labris

271 2436 444 2467 humanitati,
472 2435 520 2461 niti
545 2434 661 2465 bellum,
682 2441 794 2467 purum,
808 2439 859 2469 etc.
917 2433 972 2457 Huc
991 2430 1118 2467 respexiffe
1138 2431 1219 2465 videri
1234 2428 1315 2466 pocest
1376 2430 1482 2456 Lucret.
1496 2438 1522 2462 4,
1536 2434 1597 2462 1187.
1649 2429 1696 2457 Sed
1709 2430 1789 2456 Oculi
1804 2429 1956 2457 hunieGlumt
1977 2430 2043 2457 Plin.
2059 2439 2098 2463 10,
2112 2439 2134 2463 3.
2167 2438 2189 2458 et
2203 2441 2235 2464 11,
2247 2441 2273 2465 37
2297 2433 2316 2466 s,
2330 2440 2371 2467 54.
2397 2437 2417 2461 i.

271 2474 362 2500 Tacit.
381 2473 441 2506 Agr.
455 2479 493 2502 21,
507 2479 520 2503 3
543 2470 679 2496 Paullatim
701 2468 835 2494 discessum
853 2466 886 2493 ad
900 2466 1073 2493 delinimenta
1087 2467 1234 2498 vitiorum,
1256 2475 1315 2501 por·
1330 2468 1361 2498 65
1374 2465 1525 2501 humescunt.
2382 2482 2386 2484 .
2461 2442 2472 2520 k

270 2509 354 2541 ticus,
375 2508 483 2539 balnea,
507 2511 533 2532 et
557 2505 746 2532 conuiuiorum
767 2503 946 2537 elegantian23
978 2502 1061 2537 idque
1084 2502 1153 2536 apud
1177 2503 1316 2536 imperitos
1414 2506 1550 2527 HVMEC
1564 2501 1713 2532 TRTVS,
1734 2510 1757 2533 a,
1778 2510 1832 2528 um.
1868 2501 1962 2528 Partic.
2000 2500 2164 2537 [ὕγρανθεὶς]
2199 2501 2246 2528 Sil.
2257 2507 2337 2535 &438
2355 2503 2420 2530 Stat-

270 2544 419 2572 humanitas
438 2541 597 2573 vocabatur,
623 2549 705 2575 quum
720 2547 777 2574 pars
800 2538 935 2565 seruitutis
956 2539 1016 2564 esset
1035 2538 1125 2564 Tacit.
1148 2539 1211 2572 Agr.
1231 2546 1274 2568 21,
1295 2545 1317 2569 3.
1378 2545 1429 2571 que
1444 2536 1593 2562 humectata
1609 2537 1734 2562 Vomano
1769 2537 1861 2563 Adria.
1935 2536 2069 2563 Desiccare
2083 2536 2233 2564 hunieciata
2245 2538 2336 2571 Veget.
2350 2545 2370 2570 1,
2383 2543 2422 2568 ’.ιε-

271 2578 292 2618 q
319 2590 337 2614 4
373 2580 430 2604 Cum
451 2580 581 2612 proprium
602 2577 710 2603 hominis
722 2574 759 2609 fit
778 2574 883 2610 discere,
908 2580 931 2599 et
945 2573 1085 2609 facultates
1100 2574 1162 2609 Jilas
1179 2582 1259 2599 omnes
1280 2575 1318 2598 ita
1415 2578 1649 2604 HVMECTVS,
1675 2580 1705 2604 a,
1730 2581 1783 2598 um.
1819 2572 1879 2598 Adi.
1917 2572 2055 2606 [νοτιιθεὶς]
2100 2571 2278 2604 Humec‘satus,
2302 2571 2424 2600 humidus.

271 2614 436 2650 amplificare,
459 2613 612 2639 Humanitas
626 2612 699 2648 fizepe
716 2613 822 2645 ponitur
838 2616 886 2645 pro
900 2609 1053 2636 Eruditione.
1093 2614 1175 2640 Artes,
1195 2618 1265 2642 quac
1284 2607 1316 2634 ad
1378 2607 1524 2634 Hiimec'uis
1545 2607 1616 2634 locus
1638 2608 1726 2634 Varro
1744 2607 1776 2633 de
1789 2608 1820 2634 R.
1837 2608 1868 2634 R.
1883 2617 1909 2640 1,
1923 2616 1967 2639 24.
2022 2609 2053 2634 Et
2067 2608 2135 2634 Cato
2154 2617 2175 2634 c.
2193 2610 2218 2634 6.
2291 2608 2423 2636 stomachi

271 2650 463 2679 humanitatem
485 2649 616 2681 pertinent
634 2649 690 2673 Cic.
707 2655 755 2681 pro
769 2644 846 2672 Arch.
867 2654 889 2672 c.
905 2654 924 2671 1.
980 2646 1059 2671 Locus
1074 2646 1140 2671 velut
1154 2645 1264 2678 clafficus
1283 2642 1317 2676 ⁶3st
1331 2655 1367 2682 70
1379 2641 1518 2669 humectus
1534 2650 1611 2669 tenor
1625 2644 1730 2669 Lucret.
1745 2654 1773 2677 4,
1789 2646 1839 2675 633,
1911 2643 2002 2670 Solum
2016 2642 2154 2670 humectae
2174 2643 2312 2678 positionis
2329 2643 2426 2671 Pallad.

273 2686 341 2713 Gell.
357 2695 389 2717 13,
406 2693 429 2717 ις
451 2684 507 2717 Qui
521 2683 600 2709 verba
615 2684 706 2709 Latina
721 2682 849 2712 fecerunt,
866 2681 967 2715 quique
980 2681 1014 2706 iis
1027 2680 1110 2715 probe
1124 2680 1160 2707 vsi
1174 2681 1248 2711 sunt,
1269 2678 1317 2705 hu—
1379 2687 1411 2711 ιι,
1426 2687 1461 2705 12.
1527 2679 1712 2705 Humeciiores
1727 2679 1799 2705 nubes
1814 2678 1941 2705 humilius
1954 2685 2043 2706 meant
2056 2679 2133 2714 Apul.
2148 2679 2179 2705 de
2191 2680 2249 2706 Deo
2263 2680 2333 2706 Socr.
2349 2689 2374 2714 p.
2381 2687 2432 2715 475:

272 2723 425 2748 manitatem
439 2728 492 2745 non
508 2718 534 2744 id
548 2720 631 2745 solum
646 2719 693 2744 efl'e
706 2717 865 2748 voluerunt,
882 2715 952 2750 quod
968 2716 1060 2750 vulgus
1074 2715 1219 2745 existimat,
1234 2715 1317 2749 quod·
1380 2722 1419 2747 ις.
1530 2715 1611 2750 Comp.
1648 2714 1767 2741 Macrob.
1782 2714 1884 2741 Saturn.
1904 2723 1937 2749 7,
1960 2722 1985 2747 ις
2014 2715 2070 2748 Qui
2089 2714 2180 2742 sensim
2200 2714 2309 2742 trahunt
2324 2718 2415 2750 potum
2443 2743 2445 2745 ,

273 2765 325 2793 que
338 2765 352 2782 a
366 2755 471 2782 Graecis
489 2754 661 2788 φιλανθρωπία
678 2753 792 2783 dicitur,
813 2758 839 2777 et
851 2751 976 2785 significat
991 2751 1173 2778 dexteritatem
1188 2750 1318 2785 quandam
1378 2755 1484 2776 ventres
1503 2749 1599 2776 habent
1619 2749 1807 2776 humeeuores.
1904 2751 2000 2785 Superl.
2034 2749 2109 2778 Idem
2121 2751 2223 2778 Saturn.
2238 2758 2265 2786 7,
2284 2753 2301 2778 6
2325 2751 2397 2778 Muli
2441 2752 2443 2754 ’

272 2790 540 2824 beneuolentianique
563 2797 623 2822 erga
646 2796 738 2814 omnes
752 2786 872 2813 homines
888 2787 1064 2820 promiscuam
1080 2798 1085 2813 :
1116 2786 1158 2813 sed
1173 2786 1318 2813 humanita-
1378 2785 1570 2812 hurneciissiino
1583 2785 1617 2813 est
1631 2794 1753 2820 corpore.
1787 2784 1856 2811 Adii.
1876 2785 1943 2812 ibid.
1963 2795 1984 2812 c.
1999 2795 2036 2813 10.

275 2834 328 2856 tem
342 2827 541 2861 appellauerunt
556 2824 583 2850 id
597 2822 802 2857 propemodum,
822 2821 894 2856 quod
908 2823 1003 2849 Gracci
1018 2820 1123 2848 παιδείαν
1141 2829 1251 2853 vocant,
1270 2831 1318 2848 nos
1337 2832 1369 2859 75
1416 2827 1465 2847 HV
1476 2828 1497 2846 M
1510 2830 1515 2845 ι
1526 2828 1611 2854 Dvs,
1632 2830 1661 2854 a,
1683 2830 1736 2847 um.
1774 2821 1834 2847 Adi.
1870 2821 1978 2856 [ὑγρὸς]
1989 2841 2004 2842 ἡ
2021 2821 2095 2857 Quod
2111 2821 2233 2848 humorem
2253 2821 2366 2855 inducit,
2385 2830 2415 2849 ve

274 2863 469 2892 eruditionem,
490 2859 737 2893 institutionemque
756 2858 784 2884 in
796 2856 878 2884 bonas
890 2863 957 2884 artes
972 2858 1083 2884 dicimus
1097 2869 1102 2884 :
1132 2867 1195 2892 quas
1210 2858 1257 2894 qui
1271 2857 1319 2884 sin-
1379 2856 1502 2883 humorem
1517 2857 1597 2883 habet.
1634 2857 1690 2883 Cic.
1704 2858 1782 2883 Verr.
1796 2865 1816 2889 1,
1833 2865 1866 2889 45
1886 2858 1976 2891 Ignem
1995 2866 2027 2884 ex
2041 2858 2119 2892 lignis
2132 2856 2265 2883 viridibus
2284 2864 2363 2892 atque
2377 2857 2422 2889 hu,

274 2899 370 2928 ceriter
385 2898 494 2931 cupiunt
513 2900 704 2930 appetuntque,
721 2894 741 2919 ii
756 2894 813 2919 sunt
826 2893 867 2920 vel
881 2893 996 2920 maxime
1010 2893 1193 2922 humanissimi,
1230 2894 1319 2920 Huius
1380 2892 1475 2922 midis,
1496 2892 1523 2918 in
1538 2892 1598 2918 loco
1619 2892 1727 2927 angusto
1747 2892 1805 2918 fieri
1827 2891 1903 2918 iussit.
1977 2893 2070 2923 Auster
2083 2899 2107 2919 ct
2122 2892 2235 2926 reliqui,
2257 2893 2359 2928 (venti)
2377 2902 2412 2928 qu

276 2935 348 2962 enim
362 2933 485 2960 scientiae
499 2940 577 2963 cura,
596 2936 621 2956 et
640 2929 777 2963 disciplina
796 2937 827 2955 ex
846 2929 972 2955 vniuersis
990 2929 1186 2962 animantibus,
1206 2930 1252 2956 vni
1273 2929 1319 2956 ho·
1380 2936 1394 2953 a
1407 2927 1468 2954 solis
1483 2928 1559 2953 cursu
1572 2929 1700 2962 impetum
1715 2928 1832 2960 faciunt,
1850 2929 1907 2954 sunt
1920 2927 2090 2955 humidiffimi
2105 2927 2203 2953 Vitruu
2227 2932 2255 2958 8,
2270 2937 2294 2954 2.
2331 2929 2405 2964 Digit
2422 2933 2426 2962 j

276 2971 343 2998 mini
358 2969 416 2996 data
428 2968 480 3000 cst,
498 2967 652 3001 idcircoque
671 2964 820 2991 humanitas
839 2965 967 2999 appellata
978 2965 1022 2991 est.
1074 2964 1161 2992 Eadem
1171 2965 1230 3001 fere
1245 2965 1319 2992 Non.
1379 2962 1492 2989 humido
1511 2969 1616 2997 tangere
1635 2964 1857 2990 medicamentum
1877 2964 1996 2990 Scribon.
2017 2971 2056 2998 71.
2131 2963 2194 2988 Dies
2211 2962 2320 2990 humida
2337 2964 2423 2992 Ouid.

275 3015 294 3037 1,
309 3008 366 3032 260.
403 3001 580 3038 Complcc‘l'itur
593 3002 652 3028 haec
663 3001 795 3036 appellatio
808 3010 854 3026 non
868 3002 1008 3036 linguarum
1019 3000 1087 3027 modo
1092 2999 1191 3034 studia,
1201 3007 1319 3036 quatenus
1336 3006 1368 3032 80
1380 3007 1411 3025 ex
1424 2999 1497 3024 Pont.
1512 3008 1539 3032 4,
1555 3008 1582 3031 4,
1599 3008 1617 3025 1.
1690 3000 1795 3025 Humus
1813 2999 1887 3025 Ideni
1899 3000 1963 3025 Met.
1978 3006 2000 3031 ς,
2014 3006 2074 3031 290.
2147 2998 2243 3024 Leftus
2262 2999 2387 3027 humidus

274 3044 356 3077 inepte
373 3041 418 3067 illit
433 3039 463 3066 ab
475 3038 534 3074 ipfis
546 3037 617 3064 rebus
630 3038 718 3072 uulgut
730 3036 861 3072 fiiungir;
884 3036 931 3070 scil
948 3046 1039 3062 omnem
1058 3035 1199 3063 doctrinam
1214 3036 1322 3072 philofh-
1377 3035 1490 3061 lacrimis
1504 3034 1560 3060 Cic.
1574 3035 1656 3060 Tusc.
1673 3043 1699 3066 2,
1715 3043 1741 3067 33
1766 3044 1788 3061 c.
1805 3043 1842 3068 14.
1915 3034 2027 3060 Lumina
2047 3032 2126 3060 Ouid.
2144 3034 2208 3061 Met.
2221 3043 2248 3067 9,
2261 3041 2312 3068 535.
2367 3037 2413 3063 Me

270 3077 363 3113 Phiffl',
382 3073 558 3108 hlfloriffrum,
576 3073 723 3108 φημί-φοι,
743 3078 788 3097 etc.
841 3072 898 3097 Vid.
921 3073 955 3097 Io.
969 3074 1035 3107 Aug.
1055 3070 1150 3105 Ernesti
1164 3071 1272 3107 prolufio
1292 3071 1320 3098 de
1381 3069 1559 3096 dic-amentum
1579 3069 1719 3096 humidum
1739 3069 1858 3096 Scribon.
1871 3076 1925 3104 237.
1954 3073 1972 3095 i.
1987 3069 2136 3104 liquidum,
2161 3077 2190 3096 vt
2210 3077 2252 3104 37,
2267 3076 2303 3102 38.
2358 3071 2423 3099 Nox

269 3112 366 3148 finibus
382 3112 551 3138 humaniorum
560 3107 703 3142 studiorum
722 3106 856 3144 regundis,
875 3113 898 3133 et
912 3107 979 3133 Clau.
995 3108 1104 3133 Ciceron.
1125 3108 1150 3134 h.
1164 3117 1188 3134 υ.
1228 3109 1320 3143 Nempe
1379 3105 1479 3140 Virgil.
1493 3106 1557 3131 Aen.
1575 3113 1597 3136 3,
1613 3111 1664 3137 198.
1738 3105 1839 3132 Nubila
1852 3105 1940 3132 Ouid.
1953 3106 2017 3132 Met.
2033 3109 2056 3136 8,
2071 3113 2092 3130 2.
2166 3105 2231 3131 Plin.
2248 3115 2284 3138 10,
2297 3108 2332 3133 60
2359 3106 2424 3135 Suntv

276 3148 362 3174 docent
381 3147 426 3173 hoc
439 3145 560 3173 laudandi
577 3148 625 3170 iam
640 3145 764 3170 Ciceronis
781 3144 842 3174 loci,
860 3141 886 3176 fi
900 3145 955 3176 quis
974 3149 1039 3168 totos
1056 3144 1125 3173 illos,
1145 3150 1174 3169 vt
1192 3143 1321 3169 cohaerent
1379 3147 1467 3168 autem
1480 3141 1539 3167 Oua
1554 3140 1668 3172 sterilia,
1688 3146 1713 3167 et
1727 3141 1809 3175 magis
1824 3140 1939 3167 humida.
2010 3140 2123 3174 Spiritus
2138 3139 2277 3168 humidior
2294 3142 2388 3169 Manil.
2403 3151 2443 3176 ιγ
2456 3158 2457 3164 ι

277 3193 329 3210 cum
342 3184 438 3218 reliqua
454 3183 580 3212 oratione,
599 3181 661 3205 velit
675 3179 803 3214 inspicere.
873 3178 1014 3204 Cic.Vei·r.
1025 3186 1051 3212 4,
1065 3183 1096 3210 98
1116 3187 1137 3204 c.
1146 3187 1183 3211 44
1204 3179 1252 3205 Tu
1266 3178 1319 3205 sine
1337 3183 1366 3212 85
1380 3179 1434 3207 816.
1486 3177 1578 3210 Vapor
1592 3175 1715 3202 humidus
1734 3177 1815 3203 Ouid.
1829 3177 1893 3203 Met.
1909 3184 1928 3208 1,
1942 3183 1996 3209 432.
2090 3175 2213 3209 substant.
2249 3177 2342 3205 Tacit.
2353 3179 2441 3212 Αιιιιω,Σ

278 3219 330 3245 vlla
343 3218 413 3245 bona
428 3222 483 3243 arte
493 3236 501 3247 ,
521 3215 573 3241 fine
588 3215 766 3246 humanitate,
787 3213 839 3240 sine
853 3213 976 3247 ingenie,
991 3212 1043 3238 fine
1058 3213 1142 3239 literis
1155 3214 1281 3248 intelligis
1294 3220 1320 3241 et
1382 3221 1403 3245 ι,
1416 3214 1444 3239 61
1466 3211 1605 3238 Praemisso
1619 3212 1749 3237 Caecinna
1759 3232 1766 3244 ,
1787 3218 1815 3239 vt
1828 3209 1930 3238 occulta
1948 3210 2058 3238 saltuum
2074 3212 2246 3245 scrutaretur,
2267 3212 2437 3249 pontesque,¹.

278 3254 377 3280 iudicas
391 3254 400 3279 3
471 3251 544 3277 Idem
562 3250 594 3276 de
607 3252 682 3276 Orat.
696 3259 728 3282 2,
747 3258 777 3284 71
802 3258 823 3275 c.
840 3256 868 3283 17
899 3249 1029 3275 Omnium
1049 3254 1209 3275 caeterarum
1229 3259 1320 3276 rerum
1380 3254 1406 3274 et
1423 3257 1529 3281 aggeres
1541 3246 1653 3273 humido
1665 3247 1803 3281 paludum,
1823 3253 1849 3273 et
1864 3245 2001 3273 fallacibus
2013 3247 2109 3282 campis
2123 3247 2280 3282 imponeret.
2349 3249 2377 3276 Si
2392 3250 2422 3277 in
2439 3245 2455 3280 ἰ
2478 3264 2479 3274 ι

279 3289 381 3320 oratio,
400 3287 469 3314 mihi
483 3286 574 3319 crede,
594 3286 671 3311 ludus
686 3285 730 3311 est.
775 3285 888 3311 Homini
903 3293 956 3311 non
970 3283 1076 3315 hebeti,
1092 3293 1176 3318 neque
1191 3285 1320 3311 inexerci-
1380 3283 1498 3310 humidis
1514 3291 1591 3311 omne
1606 3283 1701 3308 vitium
1716 3283 1752 3309 est
1767 3283 1835 3310 Cels.
1851 3281 1932 3316 praef.
1946 3290 1965 3308 1.
2036 3282 2170 3316 Humida,
2184 3290 2234 3318 pro
2246 3287 2312 3311 mari
2325 3285 2420 3313 Auien.
2454 3285 2462 3308 ἶ
2478 3301 2479 3309 ι

278 3331 333 3352 tato
344 3345 350 3355 ,
370 3332 455 3358 neque
469 3322 652 3349 communium
672 3321 810 3346 literarum
830 3326 855 3346 et
867 3319 1004 3354 politioris
1021 3319 1191 3346 humanitatis
1209 3321 1319 3354 experti.
1381 3319 1410 3345 in
1423 3320 1495 3345 Arat.
1513 3328 1539 3345 v.
1553 3326 1606 3350 792.
1678 3319 1800 3345 Gustatus
1817 3318 1901 3344 sensus
1914 3317 2120 3345 Humidioribus
2139 3324 2166 3345 et
2185 3319 2288 3354 aquosis
2304 3329 2436 3351 commo-⁴
2453 3315 2455 3346 ζ

279 3361 334 3387 Cic.
350 3368 397 3393 pro
410 3358 487 3386 Arch.
509 3368 529 3384 c.
544 3365 555 3388 3
582 3358 668 3391 Atque
683 3356 716 3382 ab
728 3355 769 3382 his
781 3355 892 3385 artibus,
911 3355 1007 3390 quibus
1018 3361 1086 3382 aetas
1100 3355 1211 3389 puerilis
1226 3355 1258 3381 ad
1272 3355 1319 3381 hu-
1331 3362 1367 3386 90
1383 3354 1458 3381 datus
1473 3354 1548 3388 Apul.
1563 3353 1595 3379 de
1609 3353 1775 3387 Dogn1.1>1at.
1792 3363 1801 3380 1
1822 3362 1879 3387 p.9.
2453 3351 2455 3366 ἕ

279 3395 429 3421 manitatem
450 3394 591 3420 informari
616 3392 689 3418 solet.
782 3391 855 3417 Ideni
872 3391 903 3417 de
917 3392 990 3418 Orat.
1006 3399 1032 3423 1,
1052 3398 1080 3425 71
1104 3400 1125 3416 c.
1142 3392 1169 3416 16
1195 3392 1224 3416 In
1244 3391 1319 3417 omni
1417 3389 1582 3416 HVMiDE.
1620 3389 1685 3415 Adu.
1725 3390 1805 3416 Plaut.
1815 3388 1890 3414 Most.
1906 3397 1959 3421 1‚2,
1973 3390 2008 3424 67
2028 3389 2099 3416 Haec
2112 3390 2185 3424 tigna
2197 3389 2308 3417 humide
2320 3379 2444 3425 putents,

280 3439 373 3463 genere
386 3429 529 3461 sermonis,
550 3429 577 3455 in
589 3428 664 3454 omni
678 3433 750 3462 parte
767 3426 938 3453 humanitatis
957 3432 1093 3453 oratorem
1110 3426 1257 3460 perfectum
1272 3427 1320 3452 esse
1416 3433 1436 3452 H
1446 3433 1466 3451 v
1476 3433 1500 3452 M
1510 3424 1595 3456 fDO,
1619 3429 1671 3451 are.
1709 3425 1776 3451 Cels.
1790 3433 1813 3455 1,
1829 3433 1853 3455 3,
1868 3432 1883 3458 7
1909 3426 1993 3451 lemma
2008 3424 2055 3458 cst,
2075 3426 2113 3452 De
2126 3425 2182 3457 his,
2202 3435 2268 3461 quae
2282 3426 2421 3454 humidam
2454 3445 2456 3448 .

282 3464 385 3490 debere.
420 3480 463 3484 -—
499 3464 643 3491 Neminem
664 3464 712 3489 esse
731 3463 759 3489 in
779 3467 916 3489 oratorum
937 3471 1050 3488 numero
1071 3461 1220 3488 habendum
1234 3481 1242 3494 ,
1273 3462 1321 3496 qui
1381 3465 1407 3486 et
1422 3461 1533 3487 siccant:
1562 3466 1629 3491 tum,
1650 3460 1796 3493 Humidaut
1815 3466 1900 3485 autem
1921 3469 2014 3495 corpus
2033 3460 2118 3487 labor.
2160 3462 2198 3488 At
2216 3463 2323 3497 reliquae
2340 3462 2429 3490 lidius
2453 3460 2455 3468 ’

282 3507 336 3524 non
348 3499 376 3524 tit
390 3499 512 3525 omnibus
528 3500 562 3526 iis
578 3499 695 3531 artibus,
712 3506 778 3533 quae
794 3499 852 3524 sunt
866 3497 954 3524 libero
972 3497 1065 3532 dignae
1082 3497 1236 3532 perpolitus.
1272 3499 1321 3524 Res
1381 3497 1532 3523 Humidum
1546 3500 1632 3535 aufem
1647 3504 1740 3530 coi-pus
1753 3493 1832 3521 eflicit
1844 3495 1928 3527 labor,
1940 3503 1986 3522 etc.
2006 3497 2144 3531 Morgagn.
2158 3497 2202 3531 Ep.
2216 3505 2227 3528 3
2247 3498 2275 3523 in
2283 3497 2349 3524 Cels.

281 3533 350 3569 ipsa,
368 3540 390 3558 et
404 3540 455 3559 tota
467 3534 600 3569 disputatio
613 3535 679 3561 docet
693 3535 802 3570 intelligi
814 3533 996 3568 Philosophiam
1009 3543 1116 3565 omnem,
1133 3531 1262 3565 historiam
1271 3553 1278 3565 ,
1298 3539 1322 3559 et
1337 3543 1367 3568 9,-
1419 3539 1438 3558 H
1449 3540 1468 3557 V
1478 3540 1501 3559 M
1515 3537 1581 3558 1DV
1593 3537 1607 3555 Ι.
1620 3537 1639 3555 V
1653 3537 1679 3561 S,
1708 3540 1736 3561 a,
1763 3540 1814 3556 uni.
1851 3531 1954 3557 Adiefi.
1976 3532 2077 3557 Dimin.
2120 3531 2275 3567 [ὑπονότισς]
2320 3533 2419 3566 Linum
2455 3544 2456 3549 ¹

282 3567 402 3606 quidquid
420 3568 482 3602 disci
492 3571 554 3603 solet
574 3571 603 3596 ab
622 3572 745 3606 ingenuis.
816 3569 872 3597 Cic.
885 3568 917 3594 de
931 3569 1004 3594 Orat.
1019 3577 1045 3601 2,
1057 3576 1091 3603 72
1111 3577 1132 3594 c.
1148 3576 1176 3602 17
1196 3569 1321 3595 Cominu-
1386 3566 1554 3594 humidulum
1574 3565 1656 3592 Ouid.
1670 3566 1702 3592 de
1715 3568 1778 3592 Arte
1792 3568 1848 3593 Ain.
1862 3576 1891 3599 3,
1904 3569 1964 3599 629.
2032 3568 2132 3594 Comae
2151 3568 2250 3595 Auson.
2264 3568 2351 3608 Epigr.
2366 3571 2421 3596 106.
2428 3570 2455 3602 ,Ὺ

283 3605 357 3631 nium
372 3603 509 3629 literarum
522 3611 546 3629 et
560 3605 691 3638 politioris
706 3605 875 3632 humanitatis
889 3612 990 3638 expers.
1063 3603 1134 3630 Idem
1156 3604 1187 3629 de
1204 3605 1278 3630 Orat.
1301 3614 1320 3637 i,
1419 3610 1468 3630 HV
1478 3611 1501 3629 M
1513 3600 1546 3629 i'F
1556 3607 1613 3631 ER,
1633 3610 1655 3633 a,
1675 3611 1728 3628 um.
1766 3602 1825 3628 Adi.
1862 3602 1972 3635 [γηι·νιὶς,
1991 3602 2092 3637 χοϊκός]
2128 3603 2184 3629 Cic.
2199 3602 2232 3629 de
2246 3604 2338 3630 Dium.
2354 3613 2374 3636 i,
2394 3611 2419 3638 ις
2439 3619 2446 3624 .

285 3642 331 3673 256
352 3647 372 3663 c.
387 3641 421 3663 60
445 3638 474 3662 In
488 3639 561 3664 omni
579 3640 650 3666 reato
665 3640 751 3667 studio
770 3646 848 3675 atque
861 3639 1024 3666 humanitate
1038 3639 1191 3666 Versentur.
1264 3640 1321 3667 Cic.
1382 3646 1404 3664 e.
1420 3646 1436 3670 9
1458 3637 1579 3677 Naribusu
1588 3636 1751 3663 humiferum
1766 3638 1864 3664 duxere
1880 3647 1912 3664 ex
1925 3640 1986 3664 ae're
1999 3638 2111 3664 succum.
2146 3647 2175 3663 ex
2186 3638 2288 3674 antiquo
2301 3641 2386 3666 Poeta.
2442 3664 2444 3671 ,

285 3684 333 3711 pro
347 3674 465 3700 Muraen.
479 3680 504 3703 ςι
523 3681 544 3697 c.
558 3682 589 3704 29
612 3675 640 3700 Et
654 3677 778 3709 quoniam
796 3685 849 3702 non
869 3675 905 3702 est
918 3674 996 3701 nobis
1015 3674 1078 3700 haec
1090 3675 1178 3701 oratio
1191 3674 1320 3708 habenda,
1421 3681 1441 3700 Η
1454 3680 1474 3699 V
1486 3680 1510 3700 M
1521 3680 1530 3699 1
1540 3679 1557 3699 F
1567 3679 1575 3698 1
1587 3678 1603 3698 C
1613 3679 1632 3698 V
1642 3680 1670 3702 S,
1688 3682 1718 3705 a,
1739 3683 1790 3699 um.
1827 3673 1887 3699 Adi.
1926 3673 2007 3705 Idem,
2027 3672 2093 3709 quod
2107 3671 2275 3706 HumeHans,
2295 3675 2421 3701 humidum
2439 3675 2441 3678 ⁴

285 3717 329 3738 aut
346 3718 405 3735 cum
424 3707 547 3741 imperita
565 3709 749 3742 multitudine,
769 3717 814 3737 aut
834 3720 893 3737 cum
913 3710 1005 3745 aliquo
1022 3716 1152 3737 conuentu
1172 3708 1489 3744 agi-effiuiii‚100saciens.
1526 3708 1589 3734 Plin.
1603 3715 1634 3739 2,
1657 3716 1696 3733 101
1725 3709 1842 3735 Glaciem
1858 3708 1996 3740 refundat,
2016 3708 2161 3743 cuneiaque
2180 3709 2308 3736 humisico
2325 3710 2420 3744 spiritu
2434 3700 2447 3729 ,''

286 3745 408 3773 audacius
425 3742 514 3778 paullo
527 3741 557 3768 de
573 3742 661 3769 studiis
679 3745 862 3776 humanitatis,
882 3754 949 3781 quae
963 3751 988 3772 et
1000 3745 1068 3772 mihi
1087 3751 1112 3772 et
1124 3745 1201 3772 vobis
1213 3753 1276 3773 nota
1294 3753 1320 3773 et
1381 3744 1459 3771 laxet.
1495 3743 1524 3769 de
1536 3744 1612 3769 Luna.
2430 3769 2431 3772 Ἴ

285 3779 425 3808 iudicanda
454 3779 531 3809 sunt,
562 3777 709 3811 disputabo.
763 3781 790 3806 de
822 3781 979 3817 Philofhphia
1009 3780 1135 3816 disputare
1169 3781 1321 3818 ingreditur.
1419 3784 1547 3806 HVMIF
1559 3777 1637 3809 ico,
1656 3782 1707 3804 xre.
1737 3779 1832 3805 Auson.
1842 3778 1967 3811 Eidyll.8‚
1976 3786 2002 3805 12
2022 3777 2171 3805 Sementem
2185 3784 2263 3806 notus
2277 3779 2431 3809 humificet..

286 3814 306 3853 q
329 3825 340 3849 ς
381 3817 413 3841 Vt
433 3814 514 3839 ridere
531 3813 637 3839 hominis
652 3818 780 3847 proprium
799 3815 847 3849 cst,
865 3820 901 3843 im
922 3816 1068 3844 humanitas
1088 3826 1135 3842 non
1151 3827 1275 3853 nunquam
1287 3817 1321 3844 ad
1419 3820 1527 3841 ΗνΜΕ
1539 3818 1555 3838 F
1567 3819 1629 3839 Aci
1643 3820 1661 3840 ο
1674 3834 1681 3845 ,
1712 3816 1764 3840 ἰ’-ιο.
1809 3814 1914 3840 Nebula
1932 3814 2012 3841 maris
2031 3811 2145 3848 dispersa
2164 3813 2325 3846 humefacit,
2345 3815 2421 3851 quid·
2435 3830 2440 3834 -

277 3853 434 3889 facilitatem
452 3855 476 3875 et
493 3846 641 3881 venustatem
657 3849 755 3874 ridendi
769 3857 791 3875 et
804 3852 899 3877 iocandi
915 3853 1033 3887 insertur.
1069 3852 1124 3878 Cic.
1140 3853 1190 3879 Art.
1208 3863 1226 3885 i,
1241 3861 1264 3884 13
1277 3859 1321 3887 pr.
1383 3849 1447 3885 quid
1461 3848 1555 3875 texerit
1570 3848 1685 3875 Lasiam.
1700 3849 1786 3876 delta
1800 3850 1830 3876 D.
1849 3859 1870 3875 c.
1885 3858 1928 3876 20.

285 3889 388 3928 Literae
416 3884 586 3912 humanitatis
609 3883 661 3909 sale
685 3884 791 3917 sparsae.
843 3888 916 3914 Fon.
927 3887 965 3921 fi,-
983 3890 1057 3914 etiam
1074 3888 1241 3922 accipiendum
1259 3887 1321 3915 illud
1331 3894 1375 3920 ιος
1417 3889 1703 3918 HVMEFACTVS‚
1721 3894 1746 3918 a,
1766 3894 1819 3912 uin.
1854 3885 1948 3912 Panic.
1985 3883 2092 3917 Viti-uu,
2128 3903 2136 3910 .
2173 3902 2181 3911 .
2217 3904 2225 3911 .
2450 3891 2469 3942 ἦ

988 3932 994 3935 ⁴
1975 3923 1991 3927 ·
2278 3925 2421 3956 HVMIGO,
2450 3934 2460 3951 ι»

2440 3975 2469 4033 si·

2432 4042 2475 4225 ‘l
