2479 4225
40 207 99 249 185
410 196 447 237 D
544 196 559 236 Ι
646 197 675 238 Ρ

40 286 126 313 viatici
143 291 232 312 vocant
245 284 373 321 figuram,
392 284 436 312 vbi
457 286 592 323 confhnans
609 290 637 313 in
654 286 730 313 medio
748 284 905 320 duplicatur,
922 283 987 320 quod
1003 285 1074 311 Iones

33 319 179 358 saffiram,
191 329 214 347 et
228 322 323 348 Portae.
369 355 387 361 ..

77 361 348 387 D1PLANG1VM‚
367 364 398 382 ιι.
417 365 444 382 n.

39 400 60 423 1,
75 399 102 424 19
132 392 244 418 Amurca
264 391 399 426 diplangio
419 391 501 418 tofta.

43 426 116 462 Conf.
134 432 321 454 D1PLOMA.

79 467 310 494 DIPLAS10N,
330 462 350 488 i.
376 471 402 488 n.
436 463 551 498 Duplum.
575 459 632 487 Vid.
652 459 759 485 Vitruu.
779 468 802 492 3,
822 468 841 485 1.
878 461 955 486 Mart.
975 461 1073 495 Capell.

41 505 58 525 2
76 505 101 530 p.
116 498 164 529 265
185 497 300 532 Diplasso
314 497 467 530 conficitur,
485 501 502 525 i.
528 498 580 524 Vno
592 494 683 521 duobus
698 496 795 520 collato.
814 494 882 521 Add.
898 495 935 521 1d.
952 504 967 527 9
984 505 1007 530 p.
1022 498 1074 527 316.

77 537 96 556 D
108 538 140 558 ιι)
150 539 166 558 1.
176 539 206 563 E,
224 541 260 559 es.
281 533 300 559 f.
337 535 406 559 Nota
419 532 461 566 est,
473 541 544 569 quam
556 531 695 566 scriptores
706 537 801 556 veteres
816 531 978 565 apposuerunt
991 535 1018 557 in
1032 532 1073 557 Li-

750 565 808 591 Vid.
830 566 886 592 Ilid.
908 575 928 598 1,
941 575 980 593 20.
1017 567 1073 593 Cic.

479 365 503 392 q.
519 357 543 383 d.
563 355 648 383 δικ-λῖν
665 354 771 388 οἶγγέἷον,
788 363 834 380 vas
851 353 940 389 duplex
952 354 1073 381 Priscian.

548 392 606 420 Vid.
620 390 714 426 Reines.
735 390 795 416 Var.
817 388 886 416 Lea.
904 398 964 421 3,11
980 398 1009 426 p.
1022 400 1074 425 5¹2·

39 565 93 592 bris
111 566 146 593 ad
164 566 336 604 distinguenda
355 570 407 595 loca
427 568 572 595 notabiliora
589 566 619 592 ab
639 566 708 591 aliis.

1515 196 1552 236 D
1648 198 1663 236 I
1756 198 1788 237 R
2103 209 2168 251 186

1134 285 1197 310 dum
1206 305 1213 317 ,
1233 284 1355 319 genicula
1368 285 1423 311 eius
1437 285 1509 311 binis
1524 284 1598 311 foliis
1611 285 1845 320 amplefiantibus‚
1864 299 1979 317 concauo
1991 291 2089 318 alarum
2105 292 2170 325 sinu,

1137 320 1164 345 iu
1177 330 1231 354 quo
1246 320 1354 346 subsistit
1368 329 1410 346 ros
1425 322 1507 347 salsus.
1543 322 1572 347 In
1587 321 1724 347 cacumine
1735 323 1849 357 capitula
1867 325 1923 351 sunt
1939 326 2056 354 echinata
2079 329 2168 362 spinis.

1139 356 1262 383 Nascitur
1281 356 1309 382 in
1329 355 1430 389 aquosis
1445 363 1488 382 etc.
1524 356 1589 382 Plin.
1603 365 1646 391 27,
1660 365 1676 389 9
1694 357 1711 383 s.
1733 365 1778 391 47.

1175 397 1192 417 D
1203 400 1210 417 l
1222 400 1235 419 Ρ
1245 400 1257 418 S
1267 399 1323 422 As,
1349 390 1414 417 adis.
1437 391 1456 416 s.
1493 389 1599 427 [διφυὲς]
1634 394 1751 428 Serpens,
1761 391 1801 427 stc
1813 391 1892 425 dista,
1905 396 1970 429 quod
1980 400 2015 429 ii,
2035 407 2092 432 quos
2105 408 2169 426 mor-

1100 428 1114 454 5
1138 426 1205 452 dicus
1222 426 1426 462 apprehenderit,
1451 425 1491 458 liti
1512 429 1653 463 inarescunt
1674 428 1853 461 vehementius,
1873 429 1906 454 ad
1923 438 2052 467 potumque
2070 433 2168 467 cff'erue.

1130 461 1218 497 fiunt,
1236 472 1265 489 ac
1283 461 1339 488 inde
1359 460 1502 494 inccffimm·
1520 463 1660 489 haurientes
1677 463 1798 497 difflliunt
1811 473 1873 491 mox.
1895 465 1959 491 Cael.
1974 476 2001 499 25
2014 477 2034 493 c.
2048 470 2093 494 ult.
2138 472 2169 496 lit

1138 497 1249 532 Dioscor.
1269 505 1293 530 ,9,
1311 507 1351 532 1¹9
1370 506 1399 523 ex
1415 498 1539 523 Hermolai
1558 499 1678 531 vasione,
1698 499 1818 533 Dipsadis
1836 500 1928 536 mopsus
1940 505 2038 527 comites
2051 504 2112 538 Jiaent
2132 512 2170 531 tu-

1136 541 1189 559 mor
1203 533 1302 568 quidam
1309 533 1417 568 solutus.
1429 531 1490 565 fitis
1505 540 1617 559 contenta
1635 535 1798 565 vehementer,
1819 545 1939 570 nunquam
1957 538 2096 571 explebilis,
2109 550 2170 566 nun-

1138 577 1208 602 quam
1227 568 1422 604 interquiescens.
1460 566 1497 594 Ob
1514 567 1542 593 id
1560 569 1627 603 ipsit,
1646 569 1745 603 dipsas,
1758 570 1788 596 ab
1805 571 1928 604 aliquibus
1941 570 2050 606 prester,
2070 576 2099 599 ab
2111 577 2171 601 aliis

40 602 93 629 Att.
108 607 130 633 8,
142 611 158 629 2
177 602 389 631 Animaduertito
402 603 501 634 locum,
513 601 560 628 vbi
572 601 623 628 erit
634 600 729 635 Diple,
745 602 785 627 vel
798 608 827 627 ut
839 605 866 627 in
878 601 1022 638 quibusdam
1036 610 1074 628 co-
1094 613 1122 631 10
1138 604 1222 639 causas
1240 611 1328 630 vocata
1349 601 1391 636 est.
1428 603 1523 629 Lucan.
1540 611 1564 635 9,
1579 609 1625 629 (110
1656 606 1686 631 In
1705 605 1797 632 mediis
1816 605 1935 633 fitiebant
1955 607 2071 641 dipsades
2085 610 2171 638 vndis.

39 637 134 664 dit-ihus
153 636 234 668 διπλῆ.

77 678 95 698 D
106 680 114 698 1
126 680 141 700 Ρ
149 681 165 700 L
174 680 183 700 1
193 681 213 700 N
224 681 245 701 T
255 681 274 700 Η
285 682 293 700 ι
305 680 325 700 v
337 681 349 700 S
358 694 366 706 ‚
384 683 407 705 a,
426 681 479 699 um.
515 670 577 698 Adi.
612 669 731 703 Constans
743 669 844 697 duorum
852 673 966 698 Laterum
979 671 1075 705 ordine,

41 714 71 734 vt
84 709 170 735 Paries
185 709 349 744 Diplinthius
364 709 465 736 Vitruu.
479 715 503 737 2,
520 715 545 739 9.
583 706 631 733 Con
650 726 655 731 .
673 706 748 732 Baldi
762 708 820 733 Lex.
829 714 858 742 p.
873 716 911 741 40.

78 743 246 776 D1P1.0⁹IS,
268 745 325 772 ldis.
356 745 376 771 f.
410 741 540 777 [imane]
579 743 623 774 Vel
636 745 659 768 is
681 741 788 777 duplicis
812 751 904 778 genus,
919 748 948 767 vt
970 751 999 768 ex
1020 742 1072 778 ipso

32 775 125 812 statim
138 786 217 814 etymo
235 787 351 815 apparet,
370 777 493 814 quidpiam
516 778 640 812 duplicato
658 776 811 812 compositum
823 776 990 817 significante.
1009 778 1072 804 Cael.
1094 787 1118 813 ις

40 813 148 850 Rhodig.
160 815 198 846 16:
210 825 244 842 ιο.
279 814 350 855 C⁰²,¹f·
361 812 417 840 lfid.
433 821 469 845 19,
483 820 523 846 24-
544 819 567 838 et
580 813 654 848 Apic.
668 823 695 847 4,
709 821 734 839 2.
772 812 866 847 Sulpic.
880 812 937 838 Seu.
951 813 985 838 Η.
1004 822 1022 843 ι,
1038 821 1073 845 35.

75 854 95 876 D
104 856 113 875 1
123 857 138 876 P
146 857 162 876 L
171 851 190 878 6
200 858 224 877 Μ
233 859 254 879 Α
262 870 270 883 ,
290 855 344 877 ans.
360 858 386 875 ιι.
421 846 575 883 [din-Mum]
612 850 771 883 Duplicatum
785 848 900 883 quiddam
912 855 996 878 notat,
1008 849 1074 875 libel·

40 883 90 910 lum
105 884 206 912 duorum
212 887 348 924 foliorum,
366 886 433 910 intus
440 883 578 920 scriptum,
588 883 663 919 foris
675 893 780 910 vacuum
786 883 810 919 s.
820 890 920 919 purum.
962 884 1024 918 Vfiu
1038 894 1073 910 eo-

39 928 93 945 rum
106 925 221 948 conuenit
232 931 284 948 cum
294 920 334 947 his
341 938 349 950 ‚
361 929 422 955 quas
434 920 550 946 Potentes
561 921 659 958 literas,
673 920 838 954 appellamus:
860 920 998 945 cuiusmodi
1011 919 1073 955 sunt

1139 638 1205 665 Ibid.
1218 645 1263 673 738
1282 639 1355 665 huius
1368 642 1455 664 veneni
1468 640 1518 663 vim
1531 640 1616 664 multis
1635 639 1740 673 uefflbus
1754 641 1923 676 elegantissime
1938 641 2068 678 describit,
2088 644 2171 678 Signi.

1138 674 1224 700 ferum
1243 676 1366 700 iuuenem
1379 672 1518 705 Tyrrheni
1533 674 1664 708 sanguinis
1672 676 1768 702 Aulum
1796 677 1884 703 Torta
1904 684 1979 712 caput
1997 684 2069 704 retro
2087 679 2172 714 dipsa·

1138 710 1233 736 calcata
1253 708 1416 740 momordit,
1430 716 1476 734 etc.
1532 710 1648 736 Meminit
1666 711 1731 737 Plin.
1746 720 1786 744 23,
1799 717 1821 742 8.
1841 719 1863 737 et
1878 721 1916 745 35,
1929 721 1951 745 5.
1970 717 1999 739 it.
2018 713 2063 740 Sil.
2083 723 2106 747 3,
2119 722 2171 747 312.

1136 742 1157 807 Ξ
1183 753 1198 771 2
1235 745 1325 779 Dipsas
1341 746 1433 770 Nomen
1447 741 1480 776 est
1494 744 1561 770 lenae
1579 746 1650 771 valde
1667 747 1883 778 accommodatum,
1898 757 1968 783 quam
1980 749 2094 776 Ouidius
2111 751 2172 787 inse-

1151 781 1235 811 latur‚
1252 779 1316 815 quod
1330 780 1438 815 puellam
1453 778 1525 814 suam
1546 783 1685 807 meretricia
1709 789 1762 808 arte
1785 780 1929 815 instrueret,
1955 785 2045 810 Amor.
2069 794 2093 819 1,
2114 791 2137 818 8,
2155 795 2172 813 2.

1135 816 1177 843 Est
1190 815 1315 850 quaedam
1335 815 1505 849 (quicunque
1524 815 1597 841 volet
1616 817 1770 851 cognoscere
1789 817 1884 851 lenam,
1912 818 2027 851 Audiat)
2041 819 2077 846 est
2095 830 2173 856 quae.

1136 854 1196 878 dam
1208 851 1318 877 nomine
1330 850 1420 884 Dipsas
1434 858 1507 876 anus.

1173 894 1191 913 D
1201 894 1208 912 1
1218 893 1233 912 1>
1242 893 1254 913 s
1264 893 1283 913 O
1294 892 1314 910 Ν
1323 905 1330 916 ,
1346 886 1426 911 ontis.
1446 894 1481 911 m.
1520 884 1778 920 fluuiusestcilsciae,
1789 896 1818 913 ex
1830 889 1913 914 Tauro
1920 889 2058 925 profluens,
2066 890 2133 927 quasi
2144 898 2173 918 tn

1129 921 1255 956 fitientem
1270 921 1355 951 dicas,
1370 922 1443 956 forte
1457 920 1521 956 quod
1533 931 1580 947 non
1594 930 1715 956 nunquam
1729 921 1849 957 dejiceret.
1883 923 1980 950 Lucan.
1995 930 2017 957 8,
2030 934 2072 960 255
2099 921 2173 954 Tau.

40 954 131 982 Edicta
144 963 168 984 et
181 957 302 984 Mandata
309 957 469 989 principum,
486 957 555 990 regio
561 956 635 992 signo
661 953 750 984 (infla,
762 960 786 979 et
803 963 879 989 quas,
892 954 976 981 Bullas
988 955 1072 981 Ponti·
1084 962 1119 980 20
1136 965 1221 992 roque
1233 955 1307 997 videt
1321 957 1447 989 Dipsonta
1460 956 1610 988 cadentem,
1624 962 1669 982 etc.

32 989 126 1025 ficias,
138 999 234 1019 vocant.
269 990 321 1017 Cic.
330 990 400 1016 Fam.
415 992 440 1021 6,
454 998 479 1016 12
499 990 625 1024 Diploma
638 993 645 1016 l
659 990 723 1016 atim
739 998 794 1015 non
807 989 844 1015 est
857 989 956 1016 datum.
992 991 1030 1016 De
1042 992 1072 1017 li-

38 1028 102 1051 eeris
119 1026 230 1063 Caesaris
245 1028 356 1062 loquens,
374 1025 461 1066 quibus
479 1026 571 1052 Balbus
595 1024 776 1059 restituebatur.
832 1026 888 1051 Cic.
910 1026 963 1051 Att.
986 1034 1021 1056 10,
1044 1034 1073 1061 17

43 1059 82 1086 ne
101 1061 242 1097 diplomate
258 1061 412 1092 admiraris,
434 1060 505 1095 quast
521 1061 608 1087 nescio
628 1060 703 1087 cuius
723 1066 749 1086 te
768 1060 863 1094 flagitii
886 1060 1073 1088 inlimularem.

42 1095 131 1131 Negas
143 1098 212 1124 enim
225 1103 250 1123 te
261 1097 395 1131 reperire,
415 1095 463 1131 qui
477 1096 545 1123 mihi
558 1096 586 1123 id
599 1097 626 1122 in
641 1101 756 1122 mentem
769 1096 882 1122 venerit.
918 1097 973 1130 Ego
985 1103 1073 1123 autem

41 1133 104 1166 quia
116 1132 262 1168 scripseras,
275 1138 300 1158 te
314 1131 443 1166 proficisci
457 1132 584 1166 cogitare,
601 1132 718 1164 (etenim
730 1130 865 1157 audieram
880 1133 981 1158 nemini
994 1133 1072 1159 aliter
1090 1143 1122 1169 25

41 1165 138 1200 licere)
162 1176 195 1195 eo
212 1173 239 1195 te
262 1166 359 1194 habere
380 1167 537 1199 censebam,
562 1173 588 1194 et
610 1167 673 1202 quia
693 1167 782 1202 pueris
804 1167 923 1202 diploma
938 1167 1072 1195 sumseras.

37 1202 101 1229 Puto
112 1203 152 1229 hic
170 1202 299 1238 diplomate
317 1209 415 1230 tantum
430 1203 489 1230 dari
500 1203 652 1239 facultatem
664 1205 765 1229 itinerIs
777 1202 906 1238 faciendi,
919 1203 986 1229 nihil
996 1203 1073 1235 aliud,

38 1244 68 1265 vt
80 1245 133 1264 tuto
145 1241 193 1265 iter
203 1238 293 1274 facere
309 1238 386 1274 poffi’s
393 1245 441 1274 per
453 1240 505 1265 loca
514 1237 647 1274 praefidiis
661 1238 773 1274 Caesaris
793 1245 918 1272 occupata.
954 1240 1073 1266 Macrob.

40 1272 140 1300 Saturn.
154 1281 174 1306 1,
193 1282 219 1306 23
254 1274 403 1301 Consulunt
419 1274 488 1301 hunc
507 1275 585 1300 deum
604 1280 630 1300 et
648 1274 765 1301 absentes
784 1273 862 1299 miffis
883 1274 1074 1308 diplomatibus

38 1308 204 1343 consignatis,
221 1309 396 1345 rescribitque
414 1310 509 1336 ordine
520 1309 552 1336 ad
566 1318 685 1344 ca,quae
704 1309 895 1336 consultatione
910 1310 998 1336 abdita
1013 1319 1074 1336 con·
1092 1316 1124 1344 30
1138 1310 1208 1337 chas.

37 1343 160 1371 tinemut.
196 1344 348 1380 Diplomata
365 1347 473 1381 appellat
484 1345 617 1372 Chartulas
630 1347 806 1380 complicatas,
831 1352 855 1371 et
873 1346 924 1371 lino
943 1344 1074 1377 traieblas,

37 1379 232 1416 obsignatasquc:
264 1390 309 1416 quo
328 1384 354 1407 in
370 1383 437 1413 loco,
451 1380 596 1408 Codicillos
613 1383 687 1407 etiam
698 1382 788 1407 Latine
800 1390 826 1406 ea
836 1387 918 1407 uocat.
975 1381 1031 1407 Cic.
1045 1382 1074 1407 in

37 1413 122 1441 Pison.
135 1423 170 1448 90
190 1416 271 1442 Mitto
287 1416 431 1451 diplomata
450 1422 505 1443 tota
522 1417 551 1442 in
572 1416 711 1451 prouincia
729 1415 816 1450 passim
836 1416 909 1442 data:
929 1416 1008 1442 mitto
1026 1426 1073 1443 nu-

34 1458 138 1476 merum
151 1451 275 1484 nauium,
296 1453 475 1487 summamque
496 1452 616 1487 praedae.
636 1455 655 1479 i.
674 1450 764 1478 Edifla
782 1451 869 1488 quihus
882 1461 956 1478 naues
976 1455 1074 1488 exigen-

1174 998 1387 1023 D11’TERVS,
1407 1000 1437 1023 a,
1461 1001 1514 1018 um.
1552 991 1611 1017 Adi.
1654 992 1726 1017 Duas
1744 990 1811 1026 quast
1832 992 1885 1017 alas
1906 993 2010 1024 habeam
2032 1003 2075 1029 vt,
2091 997 2174 1024 Aede·

1137 1028 1270 1062 dipterae,
1288 1027 1405 1062 duplicem
1418 1028 1582 1053 columnarum
1595 1025 1705 1052 ordinem
1716 1026 1830 1052 habentes
1844 1027 1949 1053 Vitruu.
1964 1037 1986 1060 3,
2001 1038 2020 1055 1.

1173 1069 1192 1089 1>
1203 1070 1211 1088 1
1221 1069 1353 1090 ΡΤΟΤΑ
1364 1082 1371 1094 ,
1395 1071 1482 1088 orum.
1514 1070 1540 1088 n.
1576 1063 1587 1093 [
1600 1059 1708 1087 δίπτωτκ
1722 1062 1735 1095 ]
1769 1062 1896 1087 Dicuntur
1921 1065 2030 1090 Nomina
2046 1064 2105 1091 duos
2119 1074 2174 1094 tan.

1137 1105 1188 1125 tum
1200 1098 1270 1134 cafics
1282 1097 1406 1125 habentia.
1434 1097 1491 1123 Vid.
1506 1098 1614 1123 Gramm.
1628 1105 1647 1122 e.
1659 1106 1685 1132 g.
1706 1095 1763 1122 nid.
1779 1105 1797 1129 1,
1811 1099 1836 1122 6.
1855 1097 1977 1123 Diomed.
1992 1107 2001 1124 1
2014 1108 2038 1133 p.
2052 1105 2102 1130 288.

1174 1140 1193 1160 D
1203 1142 1211 1159 1
1221 1139 1318 1160 PTYC
1330 1139 1411 1164 HVS‚
1426 1142 1449 1164 a,
1463 1141 1517 1158 um.
1537 1131 1596 1158 Adi.
1615 1128 1769 1167 [δίπτυχος]
1805 1132 1877 1166 Qod
1890 1133 1992 1159 librarii
2008 1142 2137 1161 mutarunt
2148 1140 2176 1163 in

1137 1169 1264 1203 Dypticus
1284 1169 1325 1195 vel
1336 1168 1497 1202 Dyptichus,
1510 1166 1606 1201 duplex
1615 1169 1719 1202 proprie
1730 1166 1868 1203 fignificat.
1906 1168 1980 1201 Πτῦξ
1995 1172 2058 1195 enim
2081 1172 2176 1204 πτυχὸε

1137 1205 1206 1239 plica
1219 1202 1262 1237 est,
1282 1203 1346 1230 vnde
1364 1204 1460 1238 duplex
1482 1203 1585 1229 dicitur.
1621 1201 1662 1235 Eli
1679 1210 1758 1228 autem
1778 1204 1817 1229 vel
1833 1203 1989 1230 tabellarum
2008 1207 2047 1231 vel
2064 1206 2178 1234 vestium

1137 1240 1270 1275 epitheton.
1308 1241 1393 1265 Priori
1405 1239 1472 1265 modo
1484 1238 1544 1274 scre
1552 1240 1657 1273 ponitur
1671 1235 1838 1270 Substantiae,
1852 1246 1938 1266 neutro
1969 1249 2044 1266 enere.
2083 1242 2178 1268 Tamen

1137 1277 1199 1302 Vct.
1214 1274 1300 1302 Schol.
1317 1274 1348 1300 ad
1361 1275 1427 1300 Hor.
1442 1273 1525 1308 Epod.
1539 1281 1575 1305 12,
1589 1281 1601 1298 2
1619 1272 1746 1299 Tabellas
1761 1276 1941 1308 interpretatur
1951 1250 2080 1310 {pistolas
2093 1277 2177 1312 dipty-

1263 1311 1294 1336 Et
1307 1309 1392 1336 Schol.
1406 1309 1439 1336 ad
1453 1311 1545 1336 quen.
1560 1317 1585 1341 9.
1599 1310 1631 1340 36
1653 1308 1757 1335 Blandis
1770 1315 1795 1334 te
1807 1309 1922 1343 epistolis
1936 1317 1962 1338 et
1973 1311 2104 1346 diptychis
2117 1313 2179 1339 soli—

1139 1347 1217 1373 citet:
1235 1345 1373 1380 (clypticis
1385 1348 1467 1381 primo
1480 1344 1581 1376 editum,
1589 1343 1646 1370 inde
1659 1343 1786 1377 dypticis,
1799 1344 1947 1379 diptychis)
1963 1347 2051 1381 Papias
2064 1357 2093 1373 ex
2105 1349 2177 1384 scho-

1138 1380 1209 1415 liasta
1227 1389 1250 1407 et
1271 1381 1337 1417 ipſs,
1350 1380 1496 1415 Diptychae
1516 1379 1664 1413 (dipticae)
1686 1379 1810 1406 dicuntur
1830 1380 1956 1414 tabellae,
1971 1382 2069 1416 quibus
2088 1392 2180 1412 corru-

1138 1424 1227 1453 ptores
1247 1417 1323 1443 suum
1341 1415 1488 1443 inscribunt
1509 1423 1615 1441 nomen.
1651 1415 1713 1441 Sunt
1732 1417 1813 1451 igitur
1832 1415 1948 1450 duplices
1966 1417 2092 1451 tabellae,
2108 1419 2180 1454 bipa-

1139 1459 1196 1479 tens
1215 1452 1343 1487 pugillar,
1367 1459 1397 1479 ve
1416 1453 1481 1478 alias
1496 1452 1592 1477 Poetae.
1628 1450 1690 1477 Sunt
1708 1454 1781 1476 etiam
1802 1451 1953 1486 Triplices,
1968 1453 1996 1479 de
2015 1454 2106 1489 quibus*
2115 1457 2140 1492 s
2161 1456 2180 1482 l.

32 1483 79 1510 das
90 1486 236 1518 mandabas,
255 1496 327 1526 quum
342 1491 490 1523 prouinciae
502 1486 632 1523 praeesses.
668 1487 729 1514 Inde
735 1487 787 1524 fit,
800 1494 830 1514 vt
844 1487 996 1522 Diplomata
1007 1489 1075 1514 velut
1092 1499 1121 1524 ὃς
1138 1486 1159 1525 q
1178 1497 1194 1515 2.
1231 1486 1526 1524 Specialistgnificatione
1533 1485 1663 1520 Diptycha
1675 1492 1747 1512 erant
1758 1485 1829 1512 binae
1840 1487 1939 1514 tabellae
1952 1488 2076 1522 eburneae,
2087 1492 2124 1516 ita
2128 1490 2181 1525 fibi

33 1519 90 1545 κατ’
104 1520 188 1554 ἕξοχῆν
199 1526 282 1548 vocati
286 1528 341 1557 Jtnt
348 1523 535 1558 Codicilli‚qui
548 1522 670 1549 dabantur
681 1523 820 1558 cursoribus
829 1530 874 1555 ,vt
887 1525 971 1549 liceret
985 1526 1022 1549 eis
1036 1527 1077 1550 vti

31 1559 101 1590 equis
111 1563 135 1582 et
155 1559 273 1585 uehiculis
286 1560 405 1594 publicis.
443 1560 509 1585 Haec
526 1559 677 1593 Diplomata
691 1558 733 1592 elle
746 1558 879 1590 videntur,
892 1568 952 1594 quae
966 1557 1076 1585 Euecho-

32 1599 76 1630 nes
95 1600 233 1627 vocantur,
247 1601 296 1629 per
308 1601 386 1620 totum
408 1594 516 1621 titulum
529 1594 562 1620 de
575 1594 659 1620 Cursu
673 1594 783 1628 publico
796 1593 843 1620 lib.
858 1602 883 1619 12
916 1595 946 1620 C.
960 1594 1076 1620 Venule-

34 1633 75 1652 ius
90 1627 118 1653 in
135 1628 153 1655 l.
171 1628 320 1656 Continuus
334 1628 357 1667 §.
379 1631 470 1664 Qum
483 1629 519 1655 ita
532 1629 667 1664 stipulatus
681 1629 727 1655 tim
741 1630 773 1656 D.
785 1629 818 1655 de
832 1627 985 1655 Verborum
1006 1628 1076 1655 obli-

1137 1521 1235 1550 iunHae
1243 1543 1252 1556 ,
1270 1530 1300 1550 vt
1313 1521 1394 1556 instar
1407 1523 1467 1549 libri
1479 1524 1635 1556 aperirentur
1646 1520 1871 1557 clauderenrurque,
1888 1523 2003 1550 habentes
2010 1524 2122 1560 ftulpms
2131 1533 2181 1562 pro

1139 1562 1239 1596 ingenio
1251 1559 1347 1593 saeculi
1365 1560 1502 1593 imagines,
1523 1557 1606 1591 quales
1618 1555 1666 1591 sub
1683 1555 1793 1590 auspicia
1806 1556 1993 1593 magistratuum
2006 1560 2068 1586 dono
2082 1568 2180 1587 mittere

1138 1597 1227 1621 amicis
1238 1593 1361 1629 solebant.
1397 1594 1434 1618 De
1454 1592 1494 1617 his
1508 1594 1562 1627 agit
1583 1591 1600 1616 l.
1613 1599 1623 1617 1
1639 1591 1668 1617 C.
1682 1591 1791 1617 Theod.
1807 1591 1839 1617 de
1853 1592 1966 1626 cxpenfls
1980 1594 2121 1628 ludorum,
2137 1596 2181 1622 vbi

1140 1629 1245 1654 Valent.
1259 1627 1430 1654 Theodosius
1449 1632 1474 1653 et
1487 1626 1630 1657 Arcadius,
1650 1625 1736 1657 Illud,
1752 1628 1881 1660 inquiunt,
1895 1628 1975 1653 etiam
1993 1629 2182 1656 constitutione

32 1662 201 1695 gationibus,
225 1666 260 1690 Vt
279 1665 327 1700 qui
341 1664 432 1700 Ephesi
445 1665 567 1692 daturum
589 1665 615 1691 se
631 1663 817 1699 spoponderit,
831 1663 1076 1703 neque-diplomate
1084 1674 1121 1698 40
1140 1664 1298 1695 solidamus,
1317 1671 1347 1689 vt
1365 1662 1480 1696 exceptis
1499 1660 1650 1687 consulibus
1671 1659 1817 1686 ordinariis
1836 1661 1902 1687 nulli
1921 1664 2027 1695 prorsus
2040 1663 2117 1690 alteri
2136 1673 2181 1691 au-

33 1697 127 1724 diebus
141 1707 169 1725 ac
182 1699 322 1733 noctibus,
343 1707 369 1728 et
383 1701 458 1727 omni
470 1699 620 1734 tempestate
641 1705 773 1726 contemta
786 1699 838 1725 iter
857 1706 1012 1725 contmuare
1032 1708 1075 1725 co-

32 1738 119 1766 gatur.
156 1736 188 1760 Et
196 1736 281 1769 paullo
291 1734 362 1770 post,
380 1735 462 1770 Qiod
474 1735 492 1762 fi
505 1735 649 1770 diplomate
667 1736 742 1768 vsus,
755 1742 800 1761 aut
817 1734 892 1760 felici
904 1734 1076 1767 nauigatione

31 1768 161 1794 maturius
181 1778 259 1803 quam
278 1771 390 1805 quisquc
408 1772 559 1805 peruenerit
572 1769 712 1803 Ephesum.
767 1768 930 1794 Modestinus
944 1768 972 1792 in
991 1767 1009 1792 l.
1031 1776 1076 1793 eos

33 1803 80 1841 qui
95 1803 126 1828 D.
140 1803 173 1828 ad
187 1805 272 1838 legem
286 1806 438 1831 Corneliam
451 1806 484 1830 de
496 1804 579 1835 falsis,
599 1804 654 1836 Qui
669 1804 694 1828 se
707 1811 757 1836 pro
767 1802 854 1827 milite
867 1801 951 1834 gestit,
964 1801 1006 1826 vel
1022 1801 1076 1827 illi-

1140 1708 1212 1725 rcam
1232 1698 1390 1733 sportulam,
1409 1697 1513 1730 dyptica
1533 1704 1564 1721 ex
1584 1695 1665 1721 ebore
1681 1694 1760 1720 dandi
1782 1695 1890 1722 facultas
1911 1697 1948 1723 fit.
1985 1699 2065 1734 Qum
2085 1700 2182 1739 quidem

1139 1732 1337 1765 constitutionem
1350 1742 1398 1759 non
1410 1733 1560 1768 objeruatam
1573 1736 1678 1764 tempore
1692 1729 1850 1763 Symmachi,
1862 1731 1932 1767 satis
1946 1732 2032 1760 docent
2044 1736 2119 1770 ipsius
2133 1739 2183 1771 epi.

1133 1766 1214 1799 stolae
1228 1776 1253 1799 2,
1266 1773 1301 1797 81.
1321 1775 1343 1800 ς,
1357 1770 1402 1800 46.
1420 1775 1447 1803 7,
1477 1768 1502 1792 6.
1523 1774 1548 1798 9,
1562 1773 1611 1797 1¹9·
1650 1766 1780 1798 Ponanuu,
1793 1766 1858 1800 quod
1875 1766 1956 1794 breuis
1968 1766 2015 1801 est,
2027 1777 2103 1797 totam
2117 1779 2143 1804 2,
2156 1777 2182 1802 81

1141 1802 1225 1827 Filius
1244 1802 1332 1828 noster
1345 1803 1462 1834 Symmac
1483 1810 1512 1827 us
1531 1799 1638 1834 peradio
1656 1808 1766 1827 munere
1786 1801 1926 1829 Candidati
1945 1803 2023 1831 offert
2043 1806 2093 1832 tibi
2112 1806 2181 1834 dona

33 1837 93 1862 citis
107 1836 252 1870 insignibus
265 1839 302 1864 est
315 1840 390 1870 vsus,
418 1839 459 1864 vel
473 1838 538 1863 falso
551 1837 694 1871 diplomate
706 1844 762 1862 v1as
776 1836 949 1861 commeauit:
968 1844 1018 1869 pro
1030 1836 1075 1861 ad·
1091 1846 1124 1872 45
1140 1836 1302 1870 quaestoria,
1322 1842 1348 1862 et
1368 1842 1480 1864 caeteras
1497 1834 1693 1862 neceffitudines
1719 1835 1819 1863 nostras
1845 1839 1902 1871 pari
1921 1838 2023 1866 honore
2043 1841 2183 1876 participat

29 1870 96 1896 miffi
109 1871 236 1905 qualitate
248 1872 394 1906 grauiffime
408 1872 556 1906 puniendus
569 1871 614 1898 est.
650 1872 735 1897 Simile
747 1877 802 1897 crat
814 1870 881 1905 apud
893 1871 982 1907 Persas
996 1870 1075 1904 ⁰:³77oe-

28 1906 86 1942 ςιὲον
103 1903 236 1941 δρᾶμημκ,
249 1910 267 1933 i.
287 1914 316 1933 vt
331 1907 471 1934 Herodotus
487 1909 572 1942 inquit
583 1913 614 1938 8,
628 1906 714 1942 cursus
727 1907 868 1932 celerrimus
881 1909 1003 1941 equitum,
1016 1916 1075 1942 qua-

29 1943 65 1968 les
83 1944 109 1967 in
125 1942 208 1968 Gallia
221 1942 306 1969 Pastas
318 1949 416 1969 vocant.
455 1943 493 1969 Hi
505 1944 595 1969 Latine
609 1942 738 1976 Pegasarii
757 1941 809 1968 dici
822 1940 931 1977 poffitnt,
966 1944 1077 1977 Antiqui

30 1976 190 2004 Veredarios
209 1985 367 2005 uocauerunt.
407 1978 480 2014 Conf.
496 1977 596 2014 Casaub.
616 1978 650 2003 ad
667 1978 735 2004 Suet.
751 1977 818 2012 Aug.
835 1986 859 2011 p.
874 1982 915 2010 87.
952 1978 1074 2003 Buchner.

27 2012 62 2040 ad
73 2013 139 2040 Plin.
154 2013 233 2048 Epist.
248 2022 286 2046 10,
300 2022 331 2047 ¹4
350 2023 374 2048 p.
389 2022 444 2048 234.
482 2015 513 2040 Et
529 2012 583 2075 ῥιψὶ
597 2013 662 2039 ΡΙίιι.
679 2021 717 2045 ιο,
731 2021 778 2039 121.

28 2048 159 2084 plomata,
179 2047 254 2075 denuo
280 2050 362 2076 valere
384 2051 509 2085 incipiunt
561 2048 619 2075 acit.
638 2048 704 2075 Hist.
725 2057 750 2080 2,
765 2055 806 2082 54.
838 2047 894 2074 Vid.
907 2049 1003 2074 Alciat.
1018 2049 1073 2074 An-

28 2090 107 2110 ποῖαι.
126 2087 154 2110 in
175 2084 312 2110 Tacitum.
368 2084 414 2111 Ad
431 2094 460 2110 ar
479 2091 600 2110 umentum
622 2084 708 2110 horum
730 2083 912 2117 Diplomatum
924 2086 1072 2117 pertinent,

46 2129 89 2146 uae
102 2119 130 2146 de
143 2119 227 2146 Cursu
244 2119 369 2147 clabulari
378 2140 386 2152 ,
405 2120 476 2146 Euec
488 2119 612 2151 ionibus,
630 2118 798 2149 nacionis,
812 2118 919 2145 Statiuis
931 2124 956 2144 et
969 2118 1072 2144 Canali-

49 2164 77 2182 us
90 2154 203 2189 publicis
216 2157 244 2182 in
256 2162 359 2191 utroque
372 2155 458 2182 Codice
471 2154 608 2187 habentur,
627 2152 753 2187 illustrata
769 2154 917 2190 praesertim
931 2163 945 2179 a
959 2154 1010 2180 Iac.
1027 2155 1071 2179 Go-

29 2190 145 2226 thofredo
162 2190 197 2216 ad
213 2190 403 2225 Theodosianum
422 2197 444 2217 et
462 2193 489 2216 in
500 2189 639 2226 compendio
652 2189 780 2225 proposita
797 2200 813 2216 a
827 2189 944 2216 Gutherio
963 2189 992 2214 de
1007 2187 1070 2223 offic.
1091 2194 1120 2221 55

29 2227 124 2253 Domus
135 2226 203 2262 Aug.
221 2235 245 2258 3,
263 2236 297 2260 15.
333 2228 371 2253 De
390 2227 435 2253 hoc
456 2235 546 2267 genere
569 2228 750 2261 interpretatur
771 2226 864 2252 Sauaro
878 2224 967 2250 Sidon.
982 2224 1070 2260 Apoll.

30 2261 119 2287 Carm.
132 2267 160 2295 7,
175 2268 225 2295 401
261 2262 380 2294 Rumor,
395 2261 527 2288 succincto
538 2261 657 2288 referens
675 2260 820 2296 diplomate
832 2260 942 2287 Auitum
958 2267 1011 2286 tam
1024 2260 1074 2286 Ge-

26 2295 91 2322 ticas
103 2296 203 2322 intrare
213 2296 307 2323 domos
330 2312 375 2318 —
396 2297 476 2332 legati
495 2298 555 2324 iura
574 2296 676 2324 subiise.
853 2293 873 2328 q
895 2304 910 2321 2
947 2295 1074 2330 Diploma

28 2333 102 2358 stiam
110 2332 212 2358 Graecis
223 2332 325 2359 medicis
335 2340 448 2366 vocatur,
456 2332 521 2369 quod
527 2332 631 2367 Duplex
644 2340 689 2359 vas
703 2330 809 2367 appellat
821 2330 942 2357 Scribon.
956 2339 987 2366 73
1001 2341 1073 2367 quum

1140 1872 1182 1906 (i.
1199 1873 1307 1907 reliquos
1320 1871 1463 1905 ncceffiirios
1470 1870 1551 1906 fimili
1563 1880 1660 1897 munere
1673 1868 1774 1905 afficit)
1795 1873 1899 1905 Quaeso
1910 1873 2009 1907 igitur,
2023 1881 2052 1901 vt
2064 1876 2121 1903 eius
2133 1886 2181 1904 no·

1139 1907 1213 1933 mine
1226 1907 1330 1942 dyptica
1350 1914 1375 1933 et
1393 1907 1556 1942 apophoreta
1575 1906 1704 1940 suscipere
1723 1907 1885 1942 dignemini,
1905 1909 1952 1943 qui
1968 1912 2103 1944 apparatui
2123 1913 2180 1939 cius

1139 1943 1214 1977 plura
1233 1949 1259 1968 et
1273 1942 1404 1976 praeclara
1416 1942 1553 1969 tribuistis.
1609 1941 1728 1967 Praetera
1742 1941 1852 1968 domino
1864 1950 1889 1969 et
1904 1944 2017 1979 principi
2028 1946 2133 1980 nostro,
2149 1948 2181 1974 ad

1139 1978 1303 2004 referendam
1324 1978 1441 2012 largitati
1460 1978 1517 2004 eius
1538 1976 1652 2002 sedulam
1669 1977 1752 2010 magis
1768 1986 1846 2011 quam
1866 1987 1955 2018 parem
1968 1981 2181 2013 gratian1,‘auro

849 2011 1021 2038 Rcuiuiscunt
1035 2012 1073 2038 di·
1089 2022 1121 2048 50
1138 2013 1329 2039 circumdatum
1343 2013 1476 2047 dypticum
1489 2011 1556 2038 mist.
1593 2012 1716 2037 Caeteros
1730 2021 1836 2046 quoque
1848 2021 1946 2040 amicos
1959 2015 2083 2042 eburneis
2098 2018 2181 2052 pugil·

1138 2047 1240 2074 laribus
1255 2054 1280 2075 et
1298 2048 1439 2074 canistellis
1457 2047 1585 2082 argenteis
1604 2046 1746 2072 honoraui.
1783 2046 1862 2073 Tuae
1881 2049 1964 2083 igitur
1978 2052 2115 2085 potestati,
2132 2061 2180 2081 tuo

1138 2092 1246 2117 quoque
1258 2083 1373 2110 arbitrio
1384 2083 1540 2114 committo,
1559 2087 1589 2108 vt
1608 2087 1758 2115 opportune
1770 2081 1876 2116 singulis
1896 2093 1963 2119 quae
1977 2087 2049 2113 miffa
2063 2089 2121 2114 sunt
2140 2090 2182 2115 of-

1137 2119 1265 2145 ferantur.
1302 2120 1341 2145 De
1359 2119 1399 2145 his
1419 2117 1557 2145 Claudian.
1572 2116 1604 2142 de
1616 2115 1715 2143 laudib.
1730 2116 1834 2144 Stilich.
1854 2127 1876 2151 3,
1896 2123 1948 2155 346
1965 2122 2008 2148 vbi
2024 2125 2052 2149 in
2070 2128 2182 2160 gratiam

1136 2157 1197 2181 noui
1215 2153 1328 2189 Consulis

1243 2202 1288 2209 —
1307 2187 1414 2214 Virides
1426 2187 1539 2223 pardos,
1556 2192 1582 2213 et
1595 2193 1696 2214 caetera
1712 2187 1816 2222 colligit
1833 2189 1915 2216 austri

1244 2223 1383 2258 Prodigia,
1408 2224 1588 2258 immanesque
1604 2223 1679 2249 fimul
1693 2223 1804 2250 Latonia
1824 2224 1913 2252 dentes

1245 2260 1301 2293 Qni
1321 2259 1384 2286 sceti
1405 2260 1478 2285 ferro
1491 2260 1520 2285 in
1533 2258 1650 2289 tabulas,
1669 2267 1790 2293 auroque
1803 2260 1941 2295 micantes,

1243 2295 1367 2330 Inscripti
1381 2294 1492 2321 rutilum
1507 2294 1606 2321 caelato
1620 2294 1726 2321 consule
1743 2304 1853 2328 nomen,

1244 2332 1292 2357 Per
1310 2339 1430 2365 proceres
1443 2337 1469 2357 et
1486 2330 1581 2365 vulgus
1600 2335 1671 2357 eunt.

26 2375 87 2398 vas,
102 2367 167 2404 quod
179 2366 317 2403 pharmaca
328 2369 429 2400 haheat,
441 2371 469 2394 in
483 2368 553 2395 aliud
566 2378 611 2395 vas
621 2367 675 2403 fiue
687 2368 783 2394 lebetem
803 2376 866 2402 aqua
879 2368 980 2402 plenum
998 2374 1075 2402 impo-
1093 2368 1128 2394 60
1139 2366 1230 2393 Graeci
1244 2363 1337 2401 δίθυρον
1350 2366 1536 2402 γραμματεῖον,
1553 2363 1640 2401 δίθυροι
1658 2363 1784 2399 δίπτυχοι,
1804 2367 1944 2403 appellant:
1969 2367 2088 2396 habebant
2106 2373 2180 2403 enim,

28 2405 116 2435 nitur,
136 2402 201 2438 quod
209 2404 289 2439 ipsum
305 2403 339 2437 sit
348 2408 440 2439 prunis
452 2403 597 2439 impcfitum.
640 2405 693 2430 Vox
708 2401 741 2436 est
755 2403 846 2429 Galeno
859 2403 991 2437 frequens.
1015 2403 1074 2429 Vul-

27 2446 75 2476 gus
88 2438 215 2465 Balneum
230 2440 331 2466 Mariae
343 2446 424 2466 vocat.
460 2440 630 2474 Diplangium
640 2459 648 2471 ,
661 2437 771 2465 Theod.
792 2438 946 2464 Priscianus.

64 2480 83 2500 n
93 2482 104 2500 1
112 2480 128 2501 ι)
136 2481 157 2501 N
166 2480 185 2500 o
194 2480 207 2498 s
218 2480 238 2500 ο
247 2481 262 2500 1²
271 2481 293 2500 ιι
302 2481 332 2501 is
340 2481 361 2500 'r
372 2482 394 2501 A
405 2494 414 2507 ,
435 2483 475 2501 ae.
499 2484 535 2501 m.
571 2472 777 2508 [ἓειπνοσοφιςῆς]
818 2474 869 2508 Qi
888 2475 956 2499 inter
971 2481 1073 2499 coenan-

27 2508 83 2535 dum
92 2508 291 2544 philosophatur.
327 2509 577 2546 Dipnofhphtstarum
590 2510 664 2536 Libri
682 2509 713 2536 ab
724 2510 850 2536 Athenaeo
868 2508 1005 2545 conscripti
1022 2509 1074 2535 lar-

28 2552 87 2581 gum
100 2544 248 2571 eruditionis
264 2551 411 2580 apparatum
425 2548 562 2572 continent.

66 2585 104 2606 1³1
115 2585 132 2605 P
143 2585 163 2606 o
174 2586 241 2607 uni
253 2586 272 2605 v
284 2587 326 2613 M,
340 2581 369 2607 ii.
386 2590 413 2607 n.
432 2587 456 2607 et
476 2587 665 2612 mroumvs,
679 2579 704 2616 fi
723 2578 789 2615 quod
798 2580 884 2605 melius
904 2584 975 2605 nvr.
993 2578 1024 2605 ii.
1037 2588 1073 2605 m.

30 2611 171 2650 [δι’λιτρον]
205 2617 234 2642 Α
249 2615 358 2643 Duobus
371 2616 533 2651 ponderibus
548 2615 654 2642 dicitur.
691 2616 758 2641 Nam
773 2622 802 2640 vt
815 2615 902 2641 Varro
914 2615 984 2641 docet
997 2613 1030 2640 de
1041 2615 1072 2640 L.

31 2649 62 2676 L.
76 2658 96 2682 4
112 2652 180 2677 circa
191 2650 242 2684 fin.
261 2652 335 2677 Duos
357 2653 417 2678 atses
431 2651 567 2686 pendebat.
605 2652 687 2685 Quare
705 2650 762 2676 Cic.
784 2658 833 2683 pro
852 2650 947 2683 Qint.
961 2657 987 2681 53
1007 2658 1028 2675 c.
1042 2651 1074 2681 56

30 2684 202 2719 Dupondium
215 2692 264 2720 pro
279 2688 409 2712 Pecuniola
423 2687 522 2721 posuit,
540 2686 567 2711 Si
586 2685 738 2724 dupondius
750 2685 777 2717 „(
780 2688 863 2719 inquit
865 2685 897 2726 )Α
906 2693 965 2709 tuus
984 2692 1074 2717 agere-

1137 2406 1178 2428 vti
1193 2405 1243 2428 iam
1257 2401 1376 2433 diximus,
1387 2400 1550 2437 pugillarium
1563 2401 1676 2437 sormam
1689 2408 1713 2427 et
1731 2402 1809 2437 usum.
1848 2403 1884 2428 Hi
1895 2401 1969 2429 iidem
1982 2404 2098 2431 videntur
2111 2406 2180 2438 fasti,

1138 2437 1192 2463 dati
1211 2446 1270 2463 cum
1285 2436 1401 2471 sportula
1418 2447 1434 2462 a
1450 2446 1510 2463 nouo
1525 2437 1625 2473 Consule
1644 2436 1710 2472 apud
1727 2437 1816 2464 Sidon.
1831 2437 1918 2471 Apoll.
1933 2443 1956 2470 8,
1971 2441 1995 2465 6.
2123 2439 2144 2477 fl
2164 2442 2179 2473 3

1138 2470 1276 2505 Christiani
1287 2472 1331 2498 illa
1346 2471 1476 2507 Dipt-ycha
1489 2475 1516 2498 in
1529 2472 1598 2508 vsum
1612 2471 1770 2505 Ecclesiarum
1788 2471 1948 2505 transtulere,
1966 2472 2052 2508 quibus
2063 2483 2180 2502 commen.

1137 2507 1226 2534 darent
1237 2506 1400 2544 sanH'orum,
1414 2508 1593 2544 episcoporum,
1606 2509 1764 2533 conciliorum
1780 2510 1926 2533 memoriam.
1970 2506 2011 2541 Est
2031 2512 2103 2535 etiam
2117 2511 2180 2537 Pru.

1109 2557 1122 2582 ς
1137 2543 1222 2570 dentii
1237 2545 1325 2570 Poetae
1343 2541 1482 2576 Christiani
1499 2543 1609 2573 libellus,
1635 2541 1773 2576 inscriptus
1791 2541 1941 2576 Diptychon
1958 2543 1984 2576 s.
2004 2544 2180 2573 Enchiridion

1138 2579 1275 2613 Vtriusque
1287 2578 1433 2605 testamenti
1441 2597 1449 2609 ,
1467 2578 1654 2611 epigrammata
1667 2576 1783 2610 quaedam
1795 2586 1846 2603 com
1863 2578 1933 2603 lexus
1945 2581 1972 2603 in
1982 2580 2100 2614 personas
2108 2601 2117 2614 ,
2128 2592 2179 2614 res,

1136 2613 1254 2647 historias
1266 2614 1365 2649 sacras.
1409 2612 1456 2639 Sed
1474 2621 1520 2638 non
1538 2610 1606 2636 modo
1622 2611 1732 2647 Cangius
1750 2614 1777 2637 in
1795 2613 1836 2648 glo
1857 2622 1895 2638 ar.
1920 2614 1942 2639 Ι.
1961 2614 2129 2648 Gothotredus
2146 2617 2181 2643 ad

1138 2649 1164 2675 C.
1183 2649 1231 2675 Th.
1244 2649 1262 2674 l.
1277 2657 1299 2673 c.
1313 2649 1404 2682 aliique
1414 2653 1460 2682 per
1472 2645 1620 2680 occasiones,
1638 2655 1721 2673 verum
1734 2650 1796 2673 totis
1814 2650 1888 2673 etiam
1906 2648 1980 2674 libris
1993 2649 2022 2675 de
2036 2650 2180 2685 Diptycho-

1138 2692 1197 2709 rum
1204 2682 1343 2721 ⁴generibus
1356 2689 1379 2709 et
1392 2682 1532 2708 rationibus
1545 2687 1662 2718 egerunt:
1679 2690 1705 2707 v.
1719 2691 1744 2718 g.
1771 2683 1932 2710 Wilthemius
1944 2687 1972 2709 in
1986 2687 2112 2720 Diptycho
2120 2689 2179 2714 Leo.

29 2725 74 2746 tur
86 2720 162 2747 Sexte
176 2721 279 2751 Naeui,
295 2720 313 2746 st
330 2721 357 2746 in
376 2721 487 2754 paruula
505 2728 533 2746 re
546 2726 675 2753 captionis
686 2719 791 2752 aliquid
804 2727 944 2750 vererere,
955 2727 1010 2744 non
1026 2718 1072 2744 sta·
1087 2729 1123 2755 70
1135 2718 1219 2751 dienjr,
1229 2719 1337 2754 Saligius
1349 2725 1419 2753 opere
1435 2716 1497 2750 iuslo
1510 2716 1539 2743 de
1552 2716 1705 2751 Diptychis,
1725 2718 1747 2744 Ι.
1762 2718 1841 2744 Henr.
1854 2719 1971 2745 Leichius
1990 2720 2019 2747 de
2030 2722 2116 2748 iisdem
2130 2723 2179 2757 ἄψ

28 2755 79 2781 tim
92 2755 125 2782 ad
139 2756 235 2783 Caium
248 2756 400 2791 Aquilium,
416 2761 460 2781 aut
472 2754 505 2781 ad
520 2763 614 2781 eorum
626 2754 756 2788 aliquem,
769 2754 816 2788 qui
828 2753 1017 2786 consuluntur,
1029 2762 1072 2779 cu-

27 2790 166 2817 currisses?
200 2792 244 2819 Sic
260 2794 324 2817 enim
336 2790 403 2818 refle
416 2791 458 2817 hic
471 2792 539 2816 locus
551 2789 584 2822 est*
597 2789 752 2821 emendatus,
766 2798 818 2815 cum
833 2790 890 2815 olim
905 2791 1034 2824 legeretur,
1047 2788 1073 2815 Si

26 2825 61 2852 'de
73 2826 187 2860 praediis
199 2826 251 2852 tuis
270 2834 390 2861 ageretur
402 2827 477 2852 Sexte
491 2825 588 2852 Naeui.
643 2824 709 2850 Plin.
723 2832 760 2856 33,
774 2833 786 2856 3
816 2823 942 2855 Libralis,
954 2824 1023 2849 vnde
1036 2829 1072 2849 et-

23 2861 82 2888 :iam
95 2870 164 2887 nunc
177 2861 280 2888 Libella
292 2861 407 2894 dicitur,
427 2869 453 2888 et
466 2859 623 2896 Dupondius
644 2859 840 2893 appendebatur
853 2858 914 2885 assis.
939 2858 995 2885 Vid.
1011 2860 1070 2884 Vet.

28 2897 114 2924 Schol.
128 2896 159 2924 ad
171 2896 238 2923 Pers.
252 2905 278 2929 2,
293 2906 332 2930 59.

30 2932 151 2964 sustabis,
171 2932 308 2967 dupondio
326 2933 410 2964 satur,
423 2939 449 2959 et
467 2932 616 2966 intelliges,
629 2930 660 2956 acl
683 2930 844 2956 saturitatem
861 2939 915 2956 non
934 2939 1002 2964 opus
1021 2930 1070 2956 else

29 2967 147 2995 fortuna.
160 2998 162 3001 v
201 2969 305 2994 Petron.
321 2976 352 3001 14
380 2967 429 2994 Sed
442 2973 546 3002 praeter
559 2975 642 2993 vnum
656 2965 820 3001 dupondium
829 2986 837 2998 ,
853 2974 907 3000 quo
921 2966 990 2991 cicer
1003 2965 1071 2999 lupi-

28 3011 129 3038 nosque
140 3003 327 3030 destinaremus
339 3005 469 3037 mercari,
488 3003 557 3029 nihil
572 3003 603 3028 ad
616 3011 722 3028 manum
736 3007 801 3028 crat.
856 3001 930 3028 Idem
944 3006 972 3032 58
1002 3001 1070 3027 Cum

29 3039 104 3074 coepi
122 3040 192 3073 (int.
204 3039 303 3075 irasci)
320 3046 431 3066 matrem
449 3048 534 3066 meam
554 3037 683 3072 dupondii
701 3046 755 3064 non
768 3037 848 3063 facio.
903 3038 944 3065 Sic
957 3037 1071 3063 Hieron.

32 3073 91 3107 adu.
107 3074 214 3102 Heluid.
238 3075 306 3108 Qlis
318 3081 359 3108 te,
373 3075 485 3110 quaeso,
497 3074 635 3109 dupondio
649 3073 817 3100 aestimabat?

31 3109 173 3145 pendium,
199 3112 310 3137 Duorum
323 3110 413 3146 pedum
433 3110 553 3147 mensura.
595 3110 694 3136 Veteres
711 3111 774 3135 enim
790 3108 875 3144 pedem
890 3114 940 3143 pro
957 3106 1005 3141 affi
1015 3108 1070 3143 stuc

28 3144 109 3180 pondo
122 3145 256 3172 habuerunt
265 3166 274 3178 ,
293 3146 358 3182 quod
369 3149 397 3173 in
410 3146 535 3173 duodecim
548 3154 638 3181 aequas
651 3151 740 3180 partes
758 3144 932 3176 diuidebatur,
951 3146 1069 3170 nimirum

34 3181 61 3207 in
72 3178 191 3207 duodecim
203 3184 307 3214 vncias,
316 3182 370 3216 fiue
385 3182 496 3218 pollices.
550 3180 680 3209 Columel.
693 3189 714 3212 3,
730 3188 764 3213 15,
779 3189 795 3206 2
830 3179 904 3206 Altus
921 3180 949 3205 in
969 3179 1068 3214 dupon-

38 3211 110 3242 dium
122 3221 148 3242 et
160 3216 322 3243 dodrantem.
342 3220 368 3250 6,
382 3226 419 3251 19,
434 3227 443 3244 1
462 3217 552 3244 Habet
563 3217 593 3243 in
605 3215 802 3250 longitudinem
816 3215 892 3249 pedes
907 3223 1021 3247 nouem,
1041 3220 1068 3241 et

36 3247 66 3274 in
83 3249 243 3279 latitudinem
262 3261 320 3286 pars
334 3254 410 3288 prior
426 3252 591 3288 dupondium
612 3252 755 3284 semiffem,
773 3259 830 3286 pars
853 3250 984 3286 posterior
1003 3259 1065 3285 qua·
1086 3253 1116 3283 85

36 3290 99 3310 tuor
115 3285 197 3318 pedes.
249 3288 322 3314 Idem
335 3297 358 3321 3,
374 3297 406 3322 13,
421 3296 434 3322 5
453 3288 598 3323 Dupondio
612 3293 638 3315 ct
650 3287 778 3314 dodrante
791 3287 859 3313 altus
871 3286 963 3312 finitus.
999 3286 1068 3313 Add.

36 3329 66 3353 45
82 3327 102 3352 Ι,
116 3327 138 3351 3-
156 3328 179 3346 et
190 3330 217 3354 4,
229 3331 268 3355 32,
279 3332 303 3350 2.
338 3326 465 3361 Plerisque
475 3326 537 3351 locis
548 3327 664 3360 antiquae
679 3323 750 3349 editt.
765 3322 881 3358 Dipond.
912 3323 981 3360 Qin
994 3330 1028 3354 11,
1040 3330 1068 3355 2,

34 3361 63 3387 ¹7
76 3362 99 3380 et
113 3359 140 3384 28
157 3358 225 3389 plane
236 3357 289 3391 fine
302 3363 423 3387 varietate
436 3359 470 3392 est
483 3360 544 3395 Dip.
566 3360 657 3395 Vhique
674 3366 754 3385 autem
774 3359 834 3385 duos
842 3357 919 3394 pedes
929 3357 1069 3394 significat.

77 3399 100 3425 3Ὶ
125 3390 267 3424 Dipondius
285 3396 324 3420 vel
335 3395 492 3430 Dupondius
510 3396 573 3422 idem
587 3398 630 3431 qui
643 3394 856 3429 Dupondiuius,
875 3392 1007 3428 Dupondio
1022 3397 1069 3420 vix

35 3388 137 3462 dignus.
174 3425 272 3453 Petron.
285 3434 312 3461 58
325 3437 390 3458 extr.
425 3432 514 3459 Nemo
534 3431 701 3466 dupondium
721 3428 824 3461 euadit,
838 3429 889 3456 eod.
907 3428 975 3456 modo
991 3432 1070 3455 inter<
1091 3437 1152 3466 901,
1167 3438 1199 3462 ιι,
1213 3434 1255 3462 48.
1271 3436 1296 3455 et
1309 3437 1330 3462 1,
1343 3436 1376 3461 15,
1391 3436 1443 3461 152.

29 3466 175 3501 pretantur.
219 3462 283 3501 lfiinc
299 3468 340 3499 qui
357 3469 421 3493 iuris
441 3466 504 3503 disti
521 3469 585 3493 linae
598 3467 627 3503 se
645 3465 779 3498 dederant,
801 3468 885 3501 primo
902 3466 974 3491 illius
983 3463 1070 3497 studii

35 3507 100 3538 anno
116 3495 422 3537 DlPOHd¹¹(1{upondii)
442 3512 502 3529 voca
518 3509 607 3533 antur,
626 3501 691 3538 quod
706 3501 837 3538 abrogauit
847 3500 983 3527 Iustinian.
999 3501 1070 3527 Con-

38 3533 120 3560 st1tut-
132 3532 247 3560 Omnem
260 3541 324 3593 ΥἹΡ-
337 3534 388 3571 §.2
401 3537 432 3564 ad
445 3539 535 3565 Antec.
562 3538 646 3565 Cuius
660 3536 805 3569 auditores,
819 3539 912 3572 inquit,
925 3545 980 3563 non
994 3536 1070 3562 volu-

38 3577 97 3596 mus
111 3574 200 3608 vetere
224 3573 276 3593 tam
305 3570 390 3598 riuolo
409 3582 488 3607 quam
509 3573 626 3601 ridiculo
640 3573 750 3600 nomine
761 3572 919 3607 Dupondius
932 3572 1070 3607 appellari,

37 3604 82 3632 sed
93 3603 251 3630 Iustimanos
263 3611 347 3629 nouos
364 3609 515 3643 nuncupari.

75 3645 367 3679 nxrounmtnivs
380 3660 389 3673 ‚
421 3646 460 3670 vel
494 3650 799 3672 DVPONDIARIVS
814 3663 822 3676 ‚
851 3652 881 3674 a,
911 3652 966 3669 um.
1007 3641 1068 3668 Adi.

38 3672 207 3715 [διλιτροξῖαςξ]
241 3675 307 3701 Pl1n.
321 3683 362 3708 34,
376 3684 389 3715 ?
405 3677 436 3703 Et
447 3680 590 3707 aurichalci
603 3679 751 3707 bonitatem
766 3679 888 3705 imitatur
900 3679 928 3704 in
946 3677 1070 3704 sestertiis

37 3709 290 3746 dupondnrusque,
302 3710 402 3744 Cyprio
420 3713 465 3739 suo
483 3715 571 3742 affibus
592 3715 731 3742 contentis.
767 3716 889 3750 Loquitur
901 3714 930 3740 de
944 3722 998 3740 aere
1012 3714 1069 3740 Ma-

36 3750 109 3774 riano
127 3747 208 3772 numis
227 3745 346 3772 adhibito.
418 3747 603 3782 Dipondiarius
623 3751 758 3778 orbiculus
781 3749 914 3777 Columel.
933 3757 961 3782 4,
982 3757 1023 3782 30,
1042 3756 1069 3781 4.

37 3782 142 3809 Petron.
156 3785 183 3814 38
215 3778 322 3808 Curabo
336 3781 413 3815 longe
426 3781 478 3808 tibi
491 3783 520 3810 fit
540 3786 625 3819 (nihil
642 3793 666 3813 te
677 3787 764 3821 iuuet)
779 3785 884 3812 comula
899 3784 946 3810 ista
960 3783 1070 3816 belrain,
1080 3792 1127 3811 100
1135 3788 1199 3815 tiae,
1216 3784 1243 3810 de
1256 3793 1302 3819 quo
1315 3783 1396 3810 Ouid.
1412 3783 1475 3808 Met.
1490 3790 1511 3813 2,
1526 3788 1581 3812 239·
1616 3780 1677 3806 Stat.
1692 3779 1782 3806 Theb.
1798 3788 1818 3812 1,
1833 3785 1860 3812 38

38 3823 65 3843 et
94 3816 232 3857 dominus.
248 3815 458 3857 Dupomiiarius,
476 3820 495 3844 i.
516 3819 635 3854 dupondio
653 3825 698 3849 vix
716 3822 817 3858 dignus.
890 3822 921 3846 Et
939 3829 960 3846 c.
976 3827 1013 3854 74
1039 3820 1071 3846 Et

38 3851 390 3922 {ffiplg-’ffssoffljlfmdmms
410 3854 460 3885 (al.
481 3852 591 3888 depond.
603 3857 690 3884 Burin.
708 3858 788 3892 dup.)
808 3856 954 3883 sestertium
973 3855 1070 3882 centies

76 3928 111 3947 m
119 3928 135 3948 P
143 3929 205 3949 sAc
215 3930 266 3956 os,
278 3923 298 3950 i.
315 3932 352 3951 m.
374 3923 470 3955 Herba,
481 3933 541 3960 quae
552 3925 627 3951 Folia
641 3925 716 3954 habet
729 3928 856 3959 lab’tucae,
870 3926 1007 3962 bullasque
1020 3927 1070 3961 spi-

403 2898 461 2923 Sen.
476 2896 554 2931 Epist.
567 2901 591 2926 18
616 2895 713 2926 Tunc,
728 2894 797 2920 mihi
817 2894 910 2926 crede,
924 2894 1012 2920 Lucili
1028 2902 1072 2920 ex·
1090 2901 1122 2930 75

1130 2754 1277 2789 firtan'one.
1314 2754 1406 2780 Omnia
1418 2759 1497 2779 autem
1515 2750 1719 2788 exspec‘labantur
1731 2762 1784 2779 cum
1796 2751 1844 2786 isla
1849 2754 1983 2790 scriberem
2001 2756 2031 2782 ab
2045 2758 2178 2794 eruditiffi-

1137 2798 1174 2815 mo
1189 2790 1279 2820 Gorio,
1296 2790 1337 2814 cui
1353 2791 1399 2814 vni
1416 2794 1512 2814 tantum
1532 2790 1581 2813 iam
1601 2787 1669 2813 debet
1689 2788 1787 2814 erudita
1805 2792 1959 2825 antiquitas,
1977 2800 2093 2830 quantum
2113 2793 2179 2821 haud

1129 2823 1184 2859 scio
1198 2833 1230 2849 an
1244 2826 1345 2849 nemini.
1520 2820 1541 2860 fl
1561 2832 1581 2857 4
1622 2820 1701 2855 Vestis
1714 2832 1804 2859 quoquc
1817 2834 1901 2851 nomen
1909 2825 1990 2860 fuiſje
2004 2825 2134 2862 δίπτυχον,
2148 2836 2177 2856 vt

1137 2859 1256 2893 Diplois,
1285 2865 1308 2885 et
1330 2858 1426 2893 duplex
1457 2857 1552 2890 vestis,
1571 2857 1639 2884 docet
1663 2859 1763 2885 Ferrar.
1782 2861 1860 2887 Anal.
1882 2860 1911 2886 de
1933 2871 1959 2887 re
1977 2861 2078 2895 vestiar.
2102 2874 2123 2891 c.
2140 2874 2174 2898 19.

1135 2891 1157 2957 Ρ
1177 2901 1189 2927 5
1228 2896 1355 2931 Ingeniost
1375 2893 1497 2920 Ambros.
1518 2894 1646 2920 Hexa'e'm.
1667 2901 1688 2927 5,
1707 2899 1720 2924 8
1740 2893 1769 2921 de
1788 2896 1883 2922 Cancro
1900 2900 1996 2924 marino
2009 2918 2018 2930 ‚
2043 2900 2177 2934 Explorat,

1146 2941 1153 2957 ι
1169 2930 1242 2965 quod
1256 2930 1371 2956 ostreum
1385 2930 1495 2956 remotis
1512 2930 1540 2955 in
1557 2929 1623 2956 locis
1636 2929 1669 2956 ab
1683 2931 1757 2957 omni
1771 2936 1852 2957 vento
1865 2931 1896 2958 ad
1910 2932 1971 2959 solis
1992 2934 2080 2961 radios
2093 2937 2178 2970 dipty-

1135 2966 1213 2992 chum
1228 2965 1294 2992 illud
1312 2966 1386 2992 suum
1399 2966 1513 3000 aperiat,
1526 2970 1551 2991 et
1570 2965 1666 2991 reseret
1679 2965 1788 2993 claustra
1806 2967 1940 2994 testarum.
1980 2971 2072 3005 Nempe
2086 2972 2176 3006 Dipty.

1134 3002 1197 3029 chae
1211 3001 1264 3027 dici
1279 3000 1381 3036 poflunt
1394 3001 1498 3027 conchae
1510 3010 1590 3027 omnes
1606 3001 1736 3027 biualuiae.

1171 3043 1353 3069 DIPYROS,
1373 3037 1392 3063 i.
1412 3046 1433 3062 c.
1449 3043 1472 3063 et
1493 3043 1689 3067 DIPYRON,
1706 3037 1724 3063 i.
1745 3045 1771 3063 n.
1795 3037 1833 3063 bis
1847 3037 2027 3073 ignempqffiaes.
2053 3039 2176 3075 Dipyron

934 3069 955 3110 Ἴ
971 3082 983 3098 2
1018 3073 1071 3099 Du.
1083 3077 1115 3102 80
1132 3072 1278 3099 Phaetonta
1296 3072 1384 3098 facere
1405 3072 1521 3099 Martial.
1540 3082 1568 3106 4,
1582 3079 1628 3106 47.
1649 3071 1713 3098 dicit
1731 3072 1759 3098 de
1777 3072 1946 3141 artifice,qui
1963 3075 2033 3101 illum
2053 3077 2174 3103 encausto

1127 3111 1265 3145 pinxerat,
1277 3107 1387 3135 alludens
1399 3107 1434 3135 ad
1444 3114 1540 3143 etymon
1553 3107 1685 3140 encausti,
1704 3107 1769 3144 quod
1781 3109 1848 3134 valet
1858 3111 1902 3134 inu
1925 3117 1975 3135 um.

1520 3180 1551 3212 D
1654 3181 1668 3212 Ι
1769 3181 1797 3212 R

1169 3258 1206 3278 D1
1215 3258 1265 3278 RA
1274 3257 1312 3278 1³1
1321 3256 1355 3282 o,
1372 3253 1424 3278 are.
1459 3250 1594 3277 Columel.
1607 3257 1630 3283 5,
1642 3251 1668 3282 6,
1681 3251 1712 3282 36
1735 3248 1858 3276 Validam
1872 3258 1936 3285 ergo
1949 3251 2032 3277 vitem
2046 3252 2074 3278 in
2088 3260 2176 3280 ramos

1133 3286 1257 3313 diducere
1275 3287 1381 3321 censeo,
1401 3292 1426 3313 et
1439 3285 1592 3312 traducibus
1610 3285 1758 3320 dispergere
1771 3292 1850 3321 atque
1862 3285 2009 3317 diradiare,
2028 3289 2056 3312 in
2068 3297 2151 3315 ramos
2163 3299 2176 3316 ο

1131 3325 1214 3358 capite
1225 3322 1251 3358 s.
1262 3320 1346 3358 stirpe
1362 3322 1518 3358 diuergentes
1537 3320 1688 3354 distribuere.

1169 3364 1188 3384 D
1200 3365 1210 3384 1
1221 3365 1240 3384 R
1249 3365 1271 3384 A
1281 3365 1299 3384 D
1309 3365 1318 3384 1
1329 3365 1351 3384 A
1360 3364 1382 3383 'r
1392 3365 1402 3384 1
1411 3363 1431 3383 0
1441 3377 1451 3390 ,
1469 3357 1537 3384 onis.
1563 3357 1582 3383 f.
1620 3356 1698 3392 Apud
1709 3356 1873 3382 Vitruuium.
1912 3375 1919 3381 .
1956 3374 1964 3382 .
2001 3375 2008 3382 .

1166 3400 1186 3420 D
1197 3400 1233 3420 1R
1243 3400 1292 3420 AR
1300 3400 1319 3420 0
1332 3413 1341 3426 ‚
1365 3397 1417 3420 are.
1452 3394 1545 3419 Rarum
1563 3399 1607 3418 aut
1631 3393 1737 3419 Tenuem
1751 3392 1847 3427 facere.
1892 3390 1965 3417 Cael.
1985 3392 2077 3420 Aurel.
2098 3395 2175 3423 Acut.

1169 3471 1291 3492 DIRAR
1302 3470 1384 3491 ATv
1395 3471 1424 3495 s,
1442 3472 1471 3494 a,
1488 3472 1542 3490 um.
1580 3464 1647 3490 Part.
1690 3461 1760 3488 Cael.
1775 3460 1866 3487 Aurei.
1888 3468 1908 3493 1,
1923 3468 1959 3494 15,
1974 3469 2022 3494 ¹33.

1170 3507 1309 3533 D1RAE,
1329 3507 1413 3526 arum.
1454 3498 1511 3525 Vid.
1532 3498 1605 3535 infra
1628 3504 1754 3524 DiRvs.

1171 3543 1190 3563 D
1201 3543 1210 3563 1
1221 3543 1288 3563 ΚΘΕ
1300 3555 1308 3568 ,
1324 3545 1359 3562 es.
1379 3535 1400 3561 f.
1436 3535 1546 3569 [Δίρκη]
1588 3535 1656 3560 onr
1668 3534 1729 3567 Lyci
1746 3533 1813 3567 regis
1837 3531 1994 3563 Thebarum,
2017 3540 2089 3566 quam
2107 3542 2174 3560 acce-

1129 3573 1174 3606 pit
1191 3571 1323 3607 repudiata
1331 3573 1444 3606 Antiopa
1457 3570 1529 3597 Zethi
1542 3576 1566 3595 et
1577 3569 1726 3603 Amphionis
1737 3574 1823 3592 matre.
1861 3568 1898 3593 Hi
1911 3566 1945 3593 ad
1959 3568 2122 3603 ulciscendam
2136 3572 2175 3594 in-

1085 3615 1117 3642 95
1134 3609 1227 3633 iuriam
1241 3609 1318 3633 matri
1325 3605 1427 3643 fabiam
1436 3625 1443 3637 ,
1461 3612 1533 3631 tauro
1545 3604 1663 3630 indomito
1678 3603 1774 3629 Dircen
1787 3603 1967 3638 alligauerunt‚
1983 3603 2123 3642 euinque-fic
2135 3613 2175 3630 ex·

1126 3640 1331 3675 stinxerunt‚vt
1351 3640 1385 3675 2st
1402 3640 1470 3676 apud
1489 3642 1605 3674 Propert.
1624 3647 1647 3670 3,
1669 3645 1704 3670 ις,
1723 3645 1755 3672 37
1782 3637 1830 3664 Tu
1844 3637 1932 3664 reddis
1946 3647 2034 3672 pueris
2053 3646 2175 3672 matrem,

1136 3678 1266 3712 puerique
1281 3676 1434 3704 trahendam
1454 3677 1604 3703 Vinxerunt
1616 3674 1713 3699 Dircen
1726 3672 1773 3699 sub
1788 3674 1868 3699 trucis
1880 3682 1926 3700 ora
1940 3674 2026 3700 bouis.
2121 3673 2141 3711 ff
2157 3683 2173 3701 2

1136 3714 1215 3740 Dirce
1232 3712 1261 3739 de
1273 3712 1363 3748 forma
1375 3711 1520 3740 contendens
1540 3719 1592 3736 cum
1614 3709 1714 3735 Pallade
1732 3711 1759 3734 in
1773 3709 1865 3744 piscem
1882 3716 1984 3735 mutata.
2020 3708 2077 3735 Vid.
2092 3708 2175 3736 Ouid.

1135 3749 1199 3775 Met.
1214 3759 1241 3783 4,
1254 3750 1314 3775 226.
1531 3754 1543 3777 3
1581 3742 1621 3777 13st
1635 3746 1707 3769 etiam
1720 3744 1810 3770 nobilis
1822 3745 1886 3780 fons
1915 3752 1972 3779 rope
1990 3745 2086 3770 Thebas
2101 3746 2173 3771 Boeo-

1907 3779 1996 3806 aerula
2010 3789 2067 3805 cum
2082 3780 2173 3806 rubuit

1135 3820 1254 3846 Lernaeo
1265 3820 1391 3853 sanguine
1406 3818 1492 3843 Dirce.
1528 3817 1559 3842 Et
1572 3823 1612 3847 152
1630 3815 1758 3849 Angustae
1771 3816 1915 3850 squalentia
1930 3816 2020 3849 iugera
2034 3815 2137 3841 Dircae.

1172 3861 1387 3885 DIRCAEVS,
1414 3861 1443 3883 a,
1468 3860 1522 3877 um.
1559 3850 1618 3877 Adi.
1659 3851 1805 3883 Thebanus,
1825 3861 1840 3877 c.»
1860 3852 1938 3877 Dirce
1958 3859 2010 3882 ης
2033 3856 2174 3882 memorata,

1135 3890 1269 3925 Amphion
1283 3890 1407 3917 Dircaeus
1422 3887 1497 3921 Virg.
1511 3886 1563 3914 Ecl.
1579 3895 1604 3919 z,
1612 3894 1656 3919 24.
1714 3886 1818 3913 Cohors
1837 3886 1933 3912 Lucan.
1947 3896 1974 3917 4,
1988 3894 2041 3917 550.
2096 3885 2171 3910 Cam-

1135 3935 1181 3961 pus
1197 3926 1259 3952 Stat.
1271 3923 1362 3951 Theb.
1377 3925 1403 3954 6,
1417 3930 1480 3955 904.
1552 3922 1658 3957 cygnus
1671 3922 1796 3950 Dircaeus
1809 3921 1839 3949 ab
1852 3921 1966 3948 Horatio
1973 3919 2098 3946 Pindarus
2110 3928 2172 3944 nun-2

37 3957 114 3997 nosas
125 3956 154 3985 in
165 3956 233 3985 dorii
244 3958 351 3993 medio,
370 3960 472 3987 caulem
490 3958 573 3993 dusim
591 3960 757 3996 cubitorum,
775 3963 871 3990 iisdem
885 3963 966 3998 spinis
983 3962 1070 3991 borri-
1080 3968 1237 4000 105tupatur
1254 3961 1342 3987 Carm·
1355 3967 1383 3990 42
1397 3966 1420 3992 2,
1431 3966 1471 3992 25·

173 3999 256 4023 voi.
291 3995 327 4023 11.

1327 3995 1350 4022 A
1363 4002 1378 4021 a
2044 3994 2172 4016 maccu-
