2479 4225
11 2321 14 2323 -
43 2283 142 2308 Gronau.
156 2281 213 2318 Obs
231 2291 255 2313 3,
272 2290 287 2315 9
305 2288 333 2315 p.
347 2283 403 2313 506.

43 161 115 234 721'.
431 177 463 216 F
541 176 578 216 o
658 175 690 215 R
904 186 908 189 μ
1519 168 1556 210 *F
1646 168 1683 208 o
1771 173 1802 211 R
2104 169 2176 229 722*

0 284 1 289 =
44 279 106 300 num
123 267 208 296 Fortis
225 268 356 294 Fortunae
375 264 516 292 secundum
535 264 664 291 Tiberim
678 270 750 290 extra
768 261 860 289 vrbem
876 261 986 287 Romam
1003 259 1074 285 dedi·
1134 257 1211 284 fortis
1228 258 1316 284 oratio
1337 258 1488 293 quaeritur,
1507 258 1549 285 sed
1562 259 1635 293 saepe
1653 258 1767 293 placida,
1784 260 1927 295 summissa,
1940 264 2021 298 lenis,
2034 274 2100 300 quac
2117 274 2165 292 ma.

40 305 110 333 cauit
123 303 200 330 Iunio
212 303 308 329 mense.
378 302 433 327 Cic.
449 301 481 326 de
495 301 586 326 Diuin.
600 309 623 331 2,
639 305 663 330 18
691 297 769 332 Quid
779 297 814 324 esi
827 294 1021 329 tandem,quod
1035 303 1074 321 ca·
1137 294 1207 320 xime
1223 294 1388 320 commendat
1400 303 1468 320 reOS.
1541 295 1617 321 Rami
1630 295 1703 329 Virg.
1718 295 1814 328 Georg.
1827 304 1852 326 2,
1866 301 1920 328 296,
1992 301 2082 326 Tam-i
2097 301 2170 328 [dem

2 334 3 338 ¹
32 338 71 368 lsu
91 339 161 370 fieri,
179 345 223 365 aut
239 337 439 365 forte-fortuna
461 337 595 370 putamus?
657 336 724 361 Ter.
738 335 800 360 Hcc.
815 341 837 364 3,
851 341 871 364 3,
884 333 917 357 26
947 332 1075 365 Quaeque
1137 330 1233 364 Gcorg.
1249 338 1268 360 1,
1284 331 1323 361 65.
1392 329 1514 368 Tui-mae
1535 331 1652 365 Propert.
1665 338 1691 363 2,
1708 339 1745 362 10,
1759 338 1780 362 3.
1840 332 1927 357 Vinum
1943 334 2081 362 Falernum
2103 337 2169 363 Hor.

0 390 3 396 ι
41 369 97 404 ’ἰοῖς
112 375 217 401 fortuna
231 373 284 405 est,
297 372 400 407 inquit,
414 372 490 398 nobis
511 380 577 406 quae
590 378 615 397 te
635 370 715 397 hodie
729 368 833 395 obtulit.
882 367 930 393 Vbi
944 367 1075 393 Donatus:
1136 365 1186 405 Sat.
1202 373 1226 395 2,
1240 374 1268 398 4,
1285 373 1324 398 24.
1396 365 1448 404 Vir
1461 365 1538 391 fortis
1550 365 1582 392 ad
1596 374 1668 392 arina
1693 366 1773 392 Ouid.
1788 365 1853 391 Fast.
1866 374 1885 395 ε,
1900 370 1953 396 688.
2025 372 2097 397 Vites
2116 372 2170 398 for.

1 429 3 438 .
43 410 250 441 Fors-fortuna,
265 408 339 442 ὒφέν,
352 408 378 434 id
398 408 433 434 est
454 407 539 434 subita
558 407 672 434 fortuna.
715 405 744 431 Et
765 405 896 434 Fortuna,
912 402 940 427 in
958 402 1074 433 incerto,
1098 403 1111 428 5
1137 401 1242 426 tillimae
1256 405 1347 426 contra
1358 407 1465 434 pruinas
1485 400 1549 427 Plin.
1565 410 1603 435 14,
1619 410 1640 427 2.
1712 401 1780 427 Vrbs
1795 400 1928 427 foi‘tissima
1943 403 1996 429 Cic.
2010 405 2119 440 Philipp.
2135 416 2170 439 12,

43 448 106 475 Fors
125 445 247 477 fortuna,
267 444 295 470 in
315 444 386 470 bono
401 444 517 479 ponitur.
589 442 785 469 Forte-fortuna
800 438 868 464 Ter.
883 438 946 463 Eun.
962 447 982 468 3,
995 446 1017 469 5,
1031 445 1073 464 20.
1136 443 1161 469 7.
1199 435 1246 475 Sed
1258 435 1327 462 hodie
1340 434 1438 467 editur,
1455 435 1573 462 lllinbi
1586 436 1721 463 fortissime
1734 436 1838 463 conanti
1852 445 1866 462 e
1881 438 2001 464 inanibus
2014 441 2048 465 cst
2065 449 2168 475 ereptus

0 486 4 490 ’
44 480 110 509 Ibid.
124 489 143 512 1,
156 489 176 511 2,
191 488 223 513 54
257 480 465 506 Forte-fortuna
483 478 569 505 adfuit
589 478 632 504 hic
650 485 720 504 meus
733 474 839 501 amicus.
887 473 935 498 Vbi
947 473 1073 506 Donatus,
1136 473 1274 510 Antonius.
1469 468 1489 505 ff
1512 479 1523 502 3
1562 470 1601 504 Est
1620 473 1740 507 epitheton
1759 475 1836 498 animi
1850 470 1990 504 Constantis
2004 482 2026 499 et
2044 481 2170 511 magnani-

0 515 5 542 ·,
44 516 252 547 Ροηςγοηῃῃᾶ,
272 518 289 541 ι’,
308 516 380 541 Bona
395 516 510 542 fot-mna,
704 508 725 547 fl
744 518 759 535 2
796 509 860 535 Fors
874 517 921 542 pro
936 507 1073 534 adu.idem
1135 510 1183 532 mi:
1222 507 1295 541 Virg.
1313 506 1378 532 Aen.
1397 513 1417 537 1,
1435 507 1486 531 226
1524 506 1681 541 Fortemque
1701 508 1790 540 Gyan,
1818 508 1967 543 fortemque
1999 509 2167 538 Cloanthum.

42 551 71 578 ac‘
83 552 177 582 Forte,
198 559 225 577 ut
238 551 369 577 Charisius
384 560 399 577 2
414 560 438 585 p.
454 553 495 582 165
511 555 595 578 notat,
608 553 632 573 et
651 546 770 572 Priscian.
786 552 810 577 15
823 553 848 578 p.
864 549 924 577 1815.
944 550 967 570 et
979 544 1074 579 quidem
1136 543 1255 568 Heroum
1277 540 1412 568 fortissime
1439 540 1511 566 Idem
1525 542 1588 567 Aen.
1604 551 1626 575 ς,
1642 549 1693 575 389.
1765 543 1821 570 Cic,
1839 542 1870 569 de
1885 543 1984 570 Sem-51,
2005 551 2035 578 7²
2061 546 2096 571 Ex
2116 556 2169 580 quo

0 600 3 615 s
42 595 70 614 ex
82 587 155 621 Virg.
175 588 239 613 Aen.
254 594 275 620 5,
293 595 341 618 232.
362 594 385 613 et
405 595 437 618 11,
457 594 497 618 50.
532 583 604 610 Adde
622 581 688 608 ibid.
703 589 728 612 2,
744 588 793 612 139.
821 582 846 613 6,
861 586 914 614 537.
935 586 957 606 ee
977 588 1014 612 12,
1028 585 1074 612 183.
1090 588 1118 606 ιο
1135 576 1375 617 sit,vtA11iinos10r
1388 575 1467 602 etiam
1482 576 1599 603 senectus
1614 577 1643 603 sit
1657 587 1734 612 quam
1748 579 1921 605 adolescentia
1933 585 1958 606 et
1970 580 2077 606 fortior.
2120 583 2171 607 Ad.

0 630 7 644 ,ι
41 620 62 660 q
79 631 92 654 3
136 624 167 649 In
180 623 253 649 MSS·
270 622 334 649 Fors
347 621 510 658 efflffundimr
523 629 576 646 cum
589 619 662 644 Sors:
681 615 746 651 quod
759 615 824 641 vide.
1136 620 1210 639 iutor
1231 612 1286 639 Cic.
1307 620 1355 646 pro
1369 611 1456 637 Domo
1476 620 1514 643 30.
1585 612 1740 639 Adolescens
1760 613 1844 640 bonus
1862 620 1888 640 et
1902 615 1979 641 fortis
1994 616 2078 644 ,Idem
2092 617 2170 643 Verr.

78 664 94 684 F
105 663 152 684 OR
163 665 218 684 ΤΕ.
244 657 312 684 Adii.
348 658 434 691 [1270.ss
453 655 515 692 ἄρα,
534 652 646 686 σύμξοιν,
666 651 762 685 τυχᾶν]
798 652 823 678 h.
838 659 856 676 e.
878 649 940 685 Casu
958 657 982 676 ct
998 652 1076 677 veluti
1137 657 1160 679 2,
1176 653 1223 679 138,
1295 648 1405 673 Animus
1426 647 1493 673 Hor.
1507 648 1587 674 Serm.
1603 656 1627 679 2,
1642 655 1664 681 5,
1678 657 1720 675 20.
1792 650 1881 675 Animi
1901 650 1979 676 fortis
1996 657 2021 677 ct
2034 651 2099 678 acris
2118 661 2172 679 ma-

41 694 88 720 Per
101 693 202 729 sortem.
238 691 279 726 Est
291 695 353 719 enim
362 695 465 728 proprie
474 692 606 718 Ablatiuus
617 690 725 714 nominis
741 688 813 713 Fors‘.
849 685 929 712 Plaut.
944 686 1039 720 Amph.
1054 695 1076 718 2,
1137 684 1235 718 gnique
1247 683 1290 710 vir
1303 683 1359 709 Cic.
1374 690 1423 718 pro
1436 681 1506 709 Sext.
1518 692 1544 715 4.
1616 684 1707 710 Animi
1719 684 1796 710 fortis
1811 690 1836 712 et
1849 686 1988 712 constantis
2001 686 2037 712 est
2049 695 2103 713 non
2116 697 2172 722 per.

40 737 60 758 ι,
73 736 117 763 74.
153 729 221 755 Ter.
236 728 316 755 Andr.
333 737 352 761 1,
368 737 429 761 ¹252
455 726 510 759 Qii
528 731 582 751 tum
597 722 670 749 illam
683 723 819 754 amabant,
833 721 902 747 sorte
919 721 973 751 (ita
988 727 1015 747 vt
1030 721 1075 752 tit)
1137 719 1240 746 turbari
1252 720 1280 745 in
1293 718 1371 744 rebus
1384 718 1480 752 asperis
1498 718 1631 745 IdeniOff.
1647 728 1665 749 1,
1679 724 1710 749 80
1722 729 1744 746 c.
1758 728 1794 752 23.
1866 720 1977 747 Animus
1991 722 2068 748 sortis
2082 728 2106 749 et
2120 733 2172 750 nia-

40 763 125 790 filiuni
143 763 289 798 perdiixsre
307 764 369 790 illuc
384 764 484 793 secum,
497 765 525 787 vt
539 767 590 785 vna
609 759 684 790 esset,
699 767 796 784 meum.
833 756 901 784 Ibid.
916 764 936 789 1,
951 765 970 788 1,
984 765 1012 788 91
1034 758 1075 782 ln·
1095 763 1119 788 15
1137 764 1201 789 gnus
1215 755 1251 781 Id.
1266 753 1319 780 Off.
1334 762 1354 786 1,
1368 758 1389 783 8-
1441 789 1445 793 ι
1461 753 1548 780 Corda
1565 754 1673 780 Tibull.
1686 764 1706 787 3,
1721 764 1741 785 2,
1754 759 1779 782 6.
1841 755 1929 782 Corda
1947 757 2083 784 fortissima
2097 759 2170 794 Virg.

31 805 110 826 *terea
128 799 198 826 inter
211 800 345 833 mulieres,
358 806 426 834 quae
444 797 483 824 ibi
501 794 625 826 aderant,
642 794 712 820 forte
726 802 804 820 vnani
818 791 915 827 aspicio
931 792 1076 818 adolescen-
1137 793 1201 816 Acn.
1215 797 1236 823 ς,
1249 797 1306 823 729.
1378 788 1517 823 Cupiditas
1538 790 1665 816 acerrima
1679 797 1704 816 et
1718 790 1854 817 fortiffima
1871 792 1963 825 Populi
1978 793 2090 820 Romani
2102 802 2172 821 recn-

40 834 131 862 tulam.
167 837 196 861 Et
209 835 315 863 Phorm.
330 843 352 868 5,
368 843 388 867 1,
402 841 429 866 19
455 832 497 858 Ne
509 839 557 857 vos
572 830 642 856 forte
657 830 835 864 imprudentes
848 827 917 855 foris
929 826 1075 854 effutirctis.
1138 825 1266 860 perantiae
1287 823 1416 850 libertatis
1442 825 1497 851 Cic.
1511 823 1622 859 Philipp.
1645 834 1682 857 12,
1702 833 1727 860 7.
1794 826 1885 852 Pectus
1906 828 1978 862 Virg.
1994 829 2057 855 Aen.
2075 839 2104 863 4,
2119 835 2174 863 589.

37 871 80 898 sic
93 870 153 896 Liu.
168 879 188 904 1,
203 879 238 897 22.
312 871 390 897 Forte
402 867 501 899 euenit,
514 873 558 892 etc.
594 865 651 891 Cic.
662 865 693 891 de
707 866 781 892 Orat.
795 874 816 896 2,
829 872 890 897 224.
927 863 1001 897 Virg.
1011 864 1075 890 Aen.
1138 861 1228 887 Viuite
1240 860 1324 886 fortes
1336 860 1478 894 Fortiaque
1497 859 1608 887 aduersis
1621 861 1749 895 opponite
1767 861 1873 896 peetora
1884 862 1961 889 rebus
1975 864 2041 890 Hor.
2054 864 2104 891 Sat.
2118 873 2143 897 2,
2158 873 2173 892 2

35 906 67 940 ’7,
82 914 130 932 112.
304 905 325 942 fl
346 914 362 932 2
398 902 525 931 Interdum
543 900 719 927 dubitationem
734 899 880 936 fignificat,
914 905 937 924 et
958 901 1076 925 incertum
1137 904 1201 922 extr.
1257 896 1406 921 Sententiae
1419 896 1561 922 acerrimae
1574 903 1599 922 et
1613 896 1764 922 fortislimae
1783 897 1838 923 Cic.
1853 897 1881 923 in
1894 898 1972 925 Catil.
1987 907 2054 930 3.13.
2111 902 2173 927 Ver.

0 934 2 940 ’
31 940 136 977 fusium
155 947 198 967 aut
215 948 332 969 ruentum.
369 940 412 967 Ne
424 938 493 964 forte
506 936 556 963 hoc
571 945 694 971 magnum
708 945 736 963 ac
749 934 873 961 mirabile
886 933 1008 960 videatur
1020 935 1076 961 Cic.
1092 942 1124 960 20
1138 932 1170 958 ba
1187 932 1304 965 Propert.
1317 939 1336 961 1,
1351 939 1373 964 5,
1389 939 1426 964 14.
1443 934 1462 957 i.
1482 941 1520 957 ma
1541 931 1629 966 urfica.-
1642 941 1667 957 υ.
1682 932 1705 957 h.
1720 933 1738 957 1.
1754 933 1860 958 Liuinei.
1921 934 1977 960 Cic.
1992 935 2023 961 de
2035 934 2092 961 Fin.
2109 945 2129 968 Ι,
2142 938 2173 968 36

39 976 72 1003 de
86 978 159 1003 Orat.
172 985 198 1009 2,
211 985 237 1010 91
253 986 275 1003 c.
287 979 331 1009 46.
402 974 445 1001 Ne
466 974 536 999 forte
556 981 598 998 me
613 973 641 998 in
655 973 767 998 Graecos
786 977 839 996 tam
857 969 1025 996 ambitiosum
1041 971 1077 996 sa·
1137 967 1192 1000 Qii
1206 966 1319 993 studiose
1336 966 1444 1000 antiqua
1464 975 1509 1001 per
1521 967 1640 1001 cqueris,
1660 966 1736 993 claris
1752 974 1777 993 et
1795 967 1911 994 fortibus
1932 970 1998 995 viris
2015 979 2175 997 commemo·

8 1015 9 1018 ’
40 1012 111 1038 &um
124 1013 171 1038 else
183 1011 280 1038 mirere
294 1011 365 1038 Idem
379 1011 417 1043 Q
430 1010 498 1035 Frat.
513 1017 531 1040 1,
546 1016 571 1040 2,
586 1016 608 1034 2.
664 1006 721 1039 Nifi
736 1007 807 1034 forte
821 1005 859 1032 Id.
875 1014 924 1039 pro
941 1005 1020 1031 Flacc.
1035 1014 1076 1032 zo.
1128 1002 1233 1035 randis.
1287 1002 1356 1028 Ter.
1373 1002 1452 1028 Andr.
1467 1011 1491 1033 z,
1505 1004 1529 1032 6,
1545 1011 1574 1035 14
1600 1002 1693 1032 Cauit,
1713 1010 1745 1027 ne
1759 1011 1875 1036 vnquam
1889 1004 2014 1030 infamiae
2029 1014 2057 1031 ea
2071 1014 2111 1032 res
2125 1006 2174 1033 tibi

40 1047 98 1074 Nifi
117 1048 188 1074 forte
200 1048 322 1074 volumus
335 1045 390 1072 Cic.
404 1045 436 1071 de
448 1046 512 1071 Fato
528 1053 549 1070 c.
563 1045 600 1070 16.
655 1043 746 1077 Nepos
760 1051 798 1074 10,
810 1050 835 1074 9,
852 1049 865 1066 2
892 1041 918 1067 Si
936 1041 1005 1067 forte
1018 1050 1077 1068 con·
1137 1038 1212 1070 esset,
1231 1043 1260 1064 vt
1272 1037 1363 1063 virum
1377 1037 1473 1064 fortem
1487 1037 1568 1064 decet.
1640 1037 1690 1063 Vir
1706 1037 1783 1063 fortis
1794 1037 1827 1063 ad
1840 1038 1956 1071 pericula
1969 1040 2024 1065 Cic.
2039 1049 2087 1074 pro
2097 1043 2173 1069 Font.

37 1083 102 1109 siliis
122 1083 256 1110 obstitislet
276 1082 392 1110 fortuna.
465 1081 491 1106 Si
506 1079 564 1114 quis
578 1077 693 1104 vestrum
706 1077 788 1104 Iudic.
802 1083 846 1103 aut
859 1085 961 1107 eoi-mn,
976 1076 1020 1111 qui
1034 1076 1077 1103 ad.
1137 1082 1171 1105 31.
1239 1073 1338 1099 Contra
1356 1072 1491 1099 audaciam
1511 1071 1663 1099 fortiffimus
1687 1072 1759 1098 Idem
1778 1081 1825 1106 pro
1846 1073 1920 1099 Rosc.
1939 1076 1998 1100 Ani.
2018 1080 2054 1107 85.
2125 1078 2174 1104 Vir

39 1119 106 1149 sunt,
127 1119 197 1145 forte
214 1118 325 1144 miratur
346 1117 401 1144 Cic.
422 1116 540 1142 Diuinat.
559 1115 635 1140 Verr.
658 1122 676 1139 1.
726 1112 818 1139 ·1dem
843 1111 874 1138 de
897 1113 970 1138 Orat.
993 1121 1016 1144 3,
1039 1121 1076 1146 44
1091 1116 1123 1143 25
1138 1108 1255 1135 constans
1276 1114 1301 1134 et
1319 1108 1397 1135 fortis
1424 1109 1460 1135 Id.
1476 1108 1508 1133 de
1523 1108 1593 1134 Clar.
1606 1108 1680 1134 Orat.
1696 1115 1746 1141 117.
1797 1108 1960 1142 Magnanimi
1979 1116 2004 1136 et
2019 1110 2100 1137 fortes
2121 1113 2175 1139 viri

39 1155 196 1185 Vereor-,ne
212 1153 279 1180 nihil
299 1153 345 1179 sim
363 1152 403 1178 tui
422 1151 475 1178 nisi*
490 1149 683 1184 supplosionem
702 1149 774 1182 pedis
794 1148 929 1181 imitatus,
955 1154 980 1174 et
999 1156 1078 1182 pauca
1138 1144 1194 1170 Cic.
1212 1143 1264 1170 Off·
1283 1153 1303 1177 1,
1324 1146 1363 1176 63.
1416 1144 1627 1178 Magnitudinem
1647 1142 1779 1169 fortiffimi
1799 1143 1851 1169 viri
1867 1144 2011 1171 desiderare
2038 1145 2110 1172 Idem
2126 1156 2175 1181 pro

36 1190 166 1224 quaedam
184 1188 278 1220 verba,
297 1194 322 1215 et
342 1188 461 1223 aliquem
480 1186 498 1212 si
519 1186 590 1213 forte
611 1190 723 1211 motuni.
766 1184 823 1211 Vni.
837 1184 926 1220 Cruqu.
942 1186 969 1209 in
984 1185 1079 1210 Horat.
1137 1180 1234 1206 Milon·
1249 1187 1292 1213 70.
1363 1179 1435 1206 Viris
1457 1179 1589 1211 fortibus,
1610 1188 1724 1213 quorum
1743 1187 1823 1212 opera
1835 1180 1934 1206 eximia
1950 1180 1979 1206 iii
1994 1180 2073 1207 rebus
2087 1190 2176 1215 geren.

37 1224 120 1259 Epod,
138 1227 180 1258 16,
198 1232 231 1257 ¹5·
441 1225 445 1233 ³
1139 1214 1178 1241 dis
1194 1214 1307 1246 exstitit,
1325 1213 1409 1240 honos
1424 1214 1527 1241 habitus
1536 1215 1592 1240 Cic.
1608 1223 1656 1249 pro
1664 1214 1739 1240 Rosc.
1754 1216 1841 1240 Amet.
1857 1223 1906 1249 137.
2033 1215 2053 1254 2]
2070 1226 2088 1250 4
2113 1218 2174 1245 For.

70 1265 236 1286 FORSAN.
261 1258 329 1285 Adu.
354 1258 417 1285 idem
435 1256 500 1293 quad
516 1256 596 1282 Forte
620 1239 773 1281 dubitantis:
797 1254 844 1291 secl
863 1257 947 1280 rarius
967 1253 1078 1289 [τάχα]
1139 1251 1189 1290 tis,
1210 1250 1345 1286 Formosus.
1371 1251 1439 1276 Certi·
1453 1250 1533 1276 Plaut.
1549 1249 1607 1276 Mil.
1620 1259 1648 1282 4,
1661 1258 1684 1282 3,
1699 1258 1722 1281 13
1743 1249 1844 1284 Ecquid
1865 1250 1943 1277 fortis
1955 1251 2009 1278 visa
2030 1252 2081 1278 est?
2118 1253 2175 1280 No.

0 1284 7 1324 i·
36 1294 105 1322 Ter.
121 1295 203 1322 Andr.
218 1304 241 1328 5,
254 1302 277 1327 5,
293 1303 302 1320 1
323 1294 427 1328 Aliquis
439 1293 527 1319 forsan
543 1296 623 1326 putet.
658 1291 732 1325 Virg.
748 1291 812 1317 Aen.
827 1299 847 1322 1,
864 1299 910 1322 203
943 1290 1038 1316 Forsan
1051 1297 1077 1316 et
1094 1296 1127 1320 30
1139 1295 1198 1313 nius
1218 1295 1245 1318 4,
1267 1293 1309 1318 195
1330 1289 1367 1311 ita
1386 1288 1496 1321 exponit.
1532 1287 1638 1320 Nempe,
1652 1292 1681 1311 vt
1696 1283 1762 1311 refie
1781 1287 1844 1313 Scal.
1864 1286 1892 1311 de
1909 1286 1991 1320 Caifis
2005 1288 2034 1313 L.
2050 1289 2078 1316 L.
2098 1299 2117 1319 ι,
2137 1299 2176 1316 22.

0 1338 5 1362 ζ,
39 1328 100 1358 baec
119 1330 188 1356 olim
205 1330 349 1356 meminisse
368 1328 481 1355 iuuabit.
517 1327 643 1353 Caeterum
662 1330 689 1352 in
703 1327 817 1357 Forsan,
832 1326 964 1358 Forsitan,
977 1326 1077 1352 Portas·
1140 1322 1226 1348 Fortis
1250 1328 1272 1347 ct
1295 1321 1406 1348 Pulcher
1429 1324 1540 1356 antiquis
1564 1321 1637 1346 idem.
1681 1320 1790 1347 Pulcher
1803 1335 1807 1346 s
1820 1321 1870 1355 uafi
1886 1321 2018 1357 πολύχειρ,
2042 1326 2060 1349 i.
2082 1325 2177 1356 fortir,

39 1364 165 1401 fssan'fimt
177 1369 220 1400 qui
232 1367 321 1392 malint
332 1373 366 1390 an
373 1364 512 1399 fiparatim
523 1362 664 1398 adiungere.
1138 1357 1203 1383 vnde
1230 1357 1306 1390 Virg.
1322 1358 1386 1382 Aen.
1401 1363 1429 1390 7,
1442 1358 1490 1389 656
1522 1356 1594 1382 Satus
1613 1356 1726 1382 Hercule
1746 1332 1823 1390 pulch

1825 1365 1855 1382 ro
1889 1357 2000 1384 Pulcher
2019 1359 2174 1386 Auentinus.

48 1403 224 1430 “xIPORSIT.
260 1399 336 1426 idem.
372 1400 440 1426 Hor.
454 1399 536 1425 Sei-m.
549 1407 569 1430 1,
583 1400 609 1430 6,
623 1406 659 1430 49
688 1397 761 1431 Qiia
778 1406 833 1423 non
852 1402 881 1423 vt
902 1396 977 1423 forsit
994 1396 1078 1422 hono·
1139 1394 1244 1419 Romam·
1262 1393 1341 1423 em‘m,
1356 1395 1398 1428 qui
1412 1395 1493 1418 omnia
1506 1394 1533 1416 in
1545 1391 1703 1427 fortitudine
1716 1394 1853 1426 ponebant,
1873 1400 1924 1418 eum
1937 1392 2029 1419 demum
2048 1394 2133 1420 bonam
2152 1402 2175 1421 et

43 1432 115 1472 rein
127 1436 187 1462 Iure
199 1435 268 1462 mihi
282 1435 400 1461 inuideat
415 1434 514 1470 quiuis.
562 1448 565 1449 ν
584 1434 689 1459 Lucret.
704 1436 729 1463 6,
742 1441 787 1467 735
825 1432 909 1459 Forfit
930 1438 956 1458 et
969 1432 1078 1458 Aethio·
1133 1428 1270 1464 formosam
1283 1434 1422 1463 putarunt,
1441 1430 1485 1462 qui
1500 1425 1555 1460 effi!
1565 1427 1659 1462 fortis.
1698 1428 1812 1463 Sequitur
1831 1428 1896 1462 apud
1908 1428 2025 1454 Plautum
2038 1429 2055 1455 l.
2071 1439 2092 1455 c.
2113 1430 2177 1465 quod

32 1470 101 1506 Ji'i'im
111 1468 212 1506 penitus
226 1470 258 1497 de
271 1470 408 1497 montibus
424 1470 485 1498 altis
522 1469 635 1495 Crescat.
706 1469 780 1502 Virg.
796 1469 861 1494 Aen.
878 1477 910 1500 u,
924 1475 955 1500 50
994 1467 1076 1493 Forfit
1094 1466 1122 1492 35
1138 1466 1218 1500 magii
1231 1462 1278 1495 1sta
1289 1463 1384 1498 firmet.
1421 1465 1571 1489 Nominarat
1584 1461 1722 1489 Palaestrio
1734 1462 1894 1489 nauclerum·
1932 1465 1982 1489 Hic
1995 1465 2176 1499 Pyrgopolini-

39 1513 97 1533 νοτε
108 1506 181 1533 facit.
216 1508 258 1533 Ita
271 1506 370 1542 quidam
384 1505 459 1532 Codd.
472 1505 518 1531 alii
531 1505 596 1531 Fors
608 1509 634 1530 ct
648 1508 720 1529 vota.
761 1504 819 1530 Vni.
835 1503 957 1530 Brouckh.
971 1503 1005 1529 ad
1018 1504 1078 1529 Pro-
1140 1508 1179 1525 ces
1189 1519 1197 1530 ,
1218 1499 1291 1532 Qid
1311 1499 1350 1524 is?
1370 1498 1464 1532 ecquid
1478 1498 1572 1524 fortis?
1591 1497 1727 1533 Respondet
1741 1498 1896 1531 Palaestrio,
1917 1498 1969 1525 Abi
1981 1498 2011 1525 sis
2025 1499 2085 1527 hinc
2096 1511 2101 1526 t
2114 1510 2176 1528 nam

0 1554 2 1561 ·
35 1547 100 1577 pei-t.
115 1552 137 1575 2,
149 1550 224 1582 7,“33.
1139 1541 1168 1561 tu
1183 1535 1290 1568 quidem
1305 1534 1334 1559 ad
1350 1542 1428 1568 equas
1445 1535 1520 1559 scitus
1533 1533 1607 1559 fuisti
1624 1534 1801 1566 admiffarius,
1826 1535 1872 1568 qui
1893 1535 2042 1561 conse&are
2057 1545 2108 1570 qua
2123 1545 2176 1563 nia.

71 1583 180 1605 FORsi
192 1584 243 1604 ΤΛ
252 1584 284 1603 N.
302 1575 383 1603 Aliud
397 1574 463 1601 Adu.
489 1573 600 1600 Eiusdem
613 1572 820 1609 fignificati'onis.
856 1573 925 1600 Ter.
944 1574 1009 1600 Eun.
1024 1582 1042 1604 1,
1058 1582 1079 1604 2,
1139 1579 1180 1596 res
1193 1578 1244 1604 qua
1257 1570 1377 1595 feminas.
1424 1569 1464 1595 sic
1482 1567 1604 1595 Baconid.
1621 1578 1644 1601 2,
1658 1577 1681 1600 2,
1694 1574 1721 1600 38
1755 1569 1802 1595 Sed
1817 1569 1923 1595 Bacchis
1937 1570 2015 1596 etiarn
2028 1569 2080 1597 tibi
2098 1572 2183 1597 fortis

0 1617 11 1632 >⁹
36 1620 78 1648 117
103 1614 147 1640 Me
159 1613 299 1642 miseram,
314 1610 422 1637 forsitan
442 1609 486 1635 hic
505 1609 574 1634 mihi
594 1617 702 1643 paruam
721 1608 815 1634 habeat
833 1608 920 1634 fidem.
975 1609 1031 1635 Cic.
1047 1609 1078 1634 de
1139 1606 1194 1631 visa
1209 1605 1261 1631 est?
1298 1612 1334 1631 Pl.
1356 1606 1458 1639 Rogas?
1478 1604 1515 1630 Ni
1530 1604 1620 1630 na&us
1634 1605 1763 1630 Venerem
1777 1605 1866 1636 essem,
1885 1605 1951 1630 hanc
1964 1607 2091 1631 Iunonem
2109 1606 2178 1633 dice-

35 1649 108 1675 Orat.
123 1657 134 1681 3
149 1658 170 1674 c.
185 1656 200 1680 9
221 1648 257 1673 Ex
271 1655 322 1681 qua
341 1654 398 1672 mea
416 1644 592 1679 disputatione
611 1643 720 1670 forsitan
739 1652 858 1670 occurrat
873 1642 950 1670 illud.
1005 1643 1077 1670 Idem
1085 1653 1122 1678 40
1139 1650 1204 1667 rem.
1262 1642 1336 1666 Hunc
1359 1642 1436 1666 lacum
1463 1643 1537 1666 etiarn
1560 1639 1625 1666 resse
1655 1639 1684 1664 de
1702 1639 1891 1674 pulchritudine
1913 1641 2021 1674 explicat
2047 1639 2118 1667 Seru.
2144 1641 2178 1667 ad

35 1684 88 1710 Off.
102 1693 114 1715 3
135 1693 156 1709 c.
171 1685 188 1709 6
207 1682 325 1708 Forsitan
344 1681 475 1715 quispiam
493 1680 713 1709 dixerit,numne
732 1679 829 1713 igitur,
843 1686 888 1704 etc.
943 1679 1077 1713 Qiinffil.
1139 1678 1204 1702 Aen.
1224 1684 1258 1708 4,
1279 1684 1334 1707 149.

0 1713 5 1739 ἶ
36 1727 60 1751 3,
72 1727 89 1751 9
114 1718 259 1752 Frugalitas
272 1716 339 1751 apud
352 1716 482 1748 Sybaritas
494 1715 602 1741 forsitan
616 1715 680 1741 odio
693 1715 771 1741 foret.
809 1715 882 1750 Conf.
895 1715 975 1741 Ouid.
991 1715 1077 1741 Trist.
1175 1718 1190 1736 1³
1201 1718 1219 1736 O
1230 1718 1246 1735 R
1259 1717 1280 1736 T
1296 1710 1337 1736 fT
1347 1715 1364 1734 Ε
1375 1716 1404 1734 R.
1432 1708 1498 1734 Adu·
1536 1706 1674 1741 [dripei'wg
1699 1708 1843 1746 ἒρρωξιίνως,
1865 1707 1920 1741 ἶφῖ]
1964 1711 1982 1733 ι’.
2002 1709 2134 1745 Animo-fle,
2153 1717 2178 1737 et

36 1762 58 1785 3,
74 1763 95 1786 3,
107 1762 137 1786 25
152 1761 175 1779 ct
189 1758 229 1787 87.
250 1759 272 1779 ct
287 1754 371 1779 Burm.
383 1751 417 1777 ad
431 1752 535 1777 Petron.
547 1760 568 1776 c.
583 1759 633 1782 130.
1138 1743 1253 1780 infracto
1271 1747 1360 1769 animo.
1397 1744 1477 1783 Plaut-
1491 1744 1596 1781 Mem-i,
1610 1750 1691 1782 2220-
1738 1742 1794 1767 Cic.
1810 1741 1841 1781 de
1855 1742 1956 1768 Sene&
1968 1748 1995 1776 ες
2021 1745 2108 1778 Qiem
2127 1755 2177 1780 ego

76 1794 93 1814 F
106 1794 125 1814 ο
136 1795 307 1814 RTASSIS.
328 1787 408 1814 Aliud
426 1787 492 1812 Adu.
530 1786 600 1818 [ihm
619 1785 673 1817 πῖ]
709 1785 763 1812 Cic.
779 1784 851 1808 Fam.
868 1791 891 1813 2,
907 1785 936 1808 16
964 1782 1011 1807 Sed
1027 1790 1075 1815 ego
1138 1788 1226 1804 meum
1241 1779 1327 1803 casnm
1345 1778 1452 1803 fortiter
1467 1778 1536 1802 fei-re
1548 1777 1618 1802 visus
1632 1779 1695 1801 tum.
1769 1777 1893 1804 Animose
1907 1784 1931 1805 et
1950 1779 2058 1806 fortiter
2070 1790 2124 1807 non
2138 1783 2178 1808 so-

34 1823 145 1850 fortassis
166 1823 315 1853 vaticinor,
346 1827 374 1847 vt
392 1822 453 1846 haec
473 1821 563 1845 omnia
581 1819 706 1844 meliores
725 1818 836 1843 habeant
858 1817 953 1841 exitus.
1001 1816 1075 1850 Conf.
1088 1820 1124 1844 45Ἰ
1138 1813 1208 1841 lum.
1229 1812 1271 1837 sed
1285 1812 1444 1837 considerate
1457 1812 1553 1843 etiam,
1566 1812 1746 1845 sapienterque
1765 1812 1851 1839 facere
1868 1814 1970 1848 aliquid
1995 1815 2050 1841 Cic.
2064 1815 2176 1851 Philipp.

33 1857 115 1884 Plaut.
130 1857 199 1882 Asin.
213 1865 235 1888 2,
247 1865 276 1888 4,
291 1858 329 1884 86.
385 1854 502 1880 Fortassis
519 1853 660 1878 absurdum
672 1851 782 1877 auribus
800 1851 903 1882 visum,
918 1850 1074 1884 praelatum·
1138 1857 1166 1879 4,
1179 1850 1195 1872 6
1215 1856 1238 1872 c·
1253 1855 1273 1872 2.
1354 1848 1440 1873 ironia
1452 1845 1484 1879 est
1498 1850 1524 1872 in
1537 1846 1579 1872 illo
1597 1847 1717 1873 Maenius
1729 1854 1757 1873 vt
1771 1848 1848 1875 rebus
1863 1850 1987 1875 maternis
2000 1856 2078 1884 atque
2093 1858 2178 1884 pater-

33 1901 86 1927 que
106 1892 173 1919 adeo
188 1890 300 1916 [ἐρωῆς
313 1888 413 1915 Charis,
429 1897 453 1922 p,
468 1896 522 1918 203.
1138 1883 1178 1908 nis
1193 1882 1310 1908 Fortiter
1323 1881 1456 1908 Absumtis
1477 1883 1543 1908 Hor.
1565 1882 1644 1916 Epist.
1659 1891 1679 1912 1,
1693 1890 1725 1914 15,
1739 1886 1778 1908 26.
1848 1884 1973 1918 Accipere
1995 1885 2095 1920 aliquid
2120 1888 2176 1914 Cic.

70 1933 115 1954 FO
125 1934 144 1954 R
154 1932 176 1953 'r
187 1932 251 1952 Ass
261 1931 285 1951 Ε.
307 1923 374 1950 Adii.
397 1923 473 1951 Idem.
509 1923 580 1956 [ἰὰως
599 1921 653 1955 ori]
673 1921 755 1947 Plaut.
766 1920 873 1952 Asina,
886 1928 914 1953 4,
930 1928 970 1951 92.
1007 1920 1074 1951 Ter.
1139 1919 1192 1944 Att.
1207 1926 1240 1949 15,
1254 1926 1293 1943 20.
1335 1952 1340 1956 ῃ
1364 1917 1512 1944 Defendere
1532 1917 1633 1951 aliquid
1655 1917 1735 1943 Ouid.
1749 1919 1840 1943 Amor.
1855 1927 1881 1950 2,
1894 1927 1914 1952 5,
1929 1928 1954 1952 9.
2026 1922 2176 1950 Defendere

37 1963 102 1990 Eun.
115 1970 138 1996 5,
150 1970 176 1994 9,
191 1970 213 1993 31
237 1961 286 1987 Tu
297 1959 400 1986 fortasse
414 1967 481 1993 quae
494 1957 560 1984 facta
575 1956 616 1983 hie
631 1958 678 1983 sint
692 1956 783 1982 nescis.
820 1956 890 1982 Idem
907 1957 1000 1982 Heaut.
1014 1966 1042 1987 4,
1055 1965 1076 1986 3,
1138 1953 1223 1978 libere
1236 1959 1261 1978 ct
1278 1953 1384 1978 fortiter
1396 1954 1503 1978 salutem
1517 1952 1628 1978 alicuius
1649 1952 1705 1978 Cic.
1723 1953 1792 1978 Fam.
1810 1962 1841 1983 ιε,
1857 1959 1890 1983 18.
1963 1955 2069 1982 Fortius
2081 1967 2096 1983 e
2111 1959 2177 1984 mul-

38 2007 78 2034 37.
145 1998 201 2024 Cic.
215 1997 286 2023 Fam.
299 2001 323 2025 2,
337 2003 349 2027 5
380 1995 460 2021 Raras
480 2001 535 2020 tuas
556 1992 678 2027 quidem,
702 1992 805 2018 fortasse
825 2000 879 2016 non
899 1990 1076 2024 perferuntur,
1093 1996 1124 2022 50
1139 1989 1171 2014 tis
1190 1994 1272 2013 mater
1285 1987 1418 2014 Desiderat
1433 1996 1514 2013 vnum
1535 1988 1616 2013 Ouid.
1632 1988 1707 2013 Rem.
1723 1989 1814 2014 Amor.
1828 1992 1887 2022 463.
1958 1991 2095 2025 Disputare
2115 2003 2176 2020 con-
2220 1999 2221 2002 ’

39 2033 81 2060 sed
93 2030 180 2060 suanes
194 2031 296 2066 accipio
311 2031 408 2056 litei-as.
444 2028 516 2055 Idem
531 2029 602 2054 Fam.
616 2035 641 2062 7,
656 2036 667 2059 3
689 2027 777 2053 Habes
791 2026 928 2060 epistolam
942 2025 1076 2052 verbosio-
1126 2024 1233 2049 'stanter
1246 2029 1270 2048 et
1283 2023 1391 2050 fortiter
1406 2024 1460 2049 Cic.
1475 2024 1507 2048 de
1522 2023 1642 2049 Prouinc.
1658 2024 1734 2049 Cous.
1749 2032 1788 2055 4¹·
1859 2025 1952 2051 Facere
1970 2026 2071 2061 aliquid
2085 2029 2176 2056 animo

37 2078 91 2098 rem
102 2066 207 2095 fortan-e
220 2076 299 2101 quam
312 2066 402 2092 venes,
475 2066 505 2092 Et
521 2064 584 2090 Diu,
600 2065 675 2091 Verr,
686 2072 725 2095 40
755 2063 868 2088 Fortasse
886 2061 970 2093 dices,
986 2060 1075 2094 Quid?
1138 2067 1249 2092 magno,
1262 2057 1384 2090 fortiter,
1398 2058 1606 2093 excellenterque
1626 2058 1698 2084 Idem
1717 2059 1768 2084 Off.
1792 2067 1811 2089 1,
1831 2061 1868 2085 61.
1935 2062 2102 2090 Perseuerare
2122 2065 2177 2092 for-

39 2113 99 2142 ergo
114 2104 175 2134 haee
195 2104 223 2129 in
242 2109 267 2128 te
283 2103 339 2128 sunt
359 2100 458 2127 onmia.
529 2099 671 2126 Graeculus
688 2098 788 2124 otiosus
807 2104 832 2124 et
846 2097 961 2131 loquax,
974 2096 1076 2122 fortasse
1137 2094 1229 2120 tissime
1249 2094 1335 2119 facere
1354 2093 1456 2127 aliquid
1480 2093 1517 2119 Id.
1533 2102 1581 2128 pro
1593 2094 1686 2126 Qiint.
1702 2101 1723 2126 5.
1796 2094 1891 2122 Facere
1906 2096 2008 2131 aliquid
2024 2098 2132 2126 fortiter
2147 2101 2175 2127 in

42 2140 127 2167 dusius
145 2139 200 2166 Cic.
221 2138 253 2164 de
268 2139 342 2165 Orat.
364 2146 384 2169 1,
406 2145 456 2162 102.
527 2135 639 2161 Puerum
658 2134 776 2168 inquies,
790 2133 894 2159 fortasse
912 2132 1030 2161 fatuum,
1051 2137 1076 2156 et
1137 2138 1165 2156 re
1185 2128 1297 2154 militari
1323 2129 1380 2154 Cic.
1396 2130 1472 2154 Vei‘r.
1488 2138 1509 2161 5,
1522 2139 1548 2162 4.
1622 2130 1691 2155 Hem
1710 2129 1757 2155 ista
1768 2129 1804 2155 est
1822 2131 1920 2162 virtus,
1934 2132 2039 2168 qnando
2058 2136 2116 2161 vsus
2130 2136 2166 2162 est

44 2169 96 2202 non
112 2183 232 2210 grauem,
247 2180 271 2200 ct
291 2182 343 2199 non
358 2172 536 2198 continentem
551 2171 606 2196 Cic.
622 2171 675 2196 Att.
689 2172 713 2199 6,
728 2171 753 2194 6.
784 2192 786 2195 ,
824 2167 960 2194 Paullatim
980 2175 1077 2192 merca·
1094 2167 1122 2193 55
1138 2164 1184 2204 qui
1203 2164 1300 2190 malum
1316 2165 1376 2190 Fers
1392 2163 1507 2190 fortiter.
1543 2165 1657 2190 Fortiter
1675 2165 1772 2191 malum
1788 2166 1833 2200 qui
1851 2168 1964 2200 patitur,
1978 2168 2048 2195 idem
2062 2170 2117 2204 post
2131 2157 2178 2205 po:

44 2211 89 2243 tim
97 2219 199 2246 agrum,
213 2210 316 2236 fortass'e
334 2207 455 2235 trecentis
479 2207 546 2233 Hor.
561 2205 637 2239 Epist.
657 2213 682 2237 2,
702 2213 727 2236 2,
743 2206 798 2235 164.
872 2203 930 2228 Cum
946 2201 1077 2237 Infinitiuo
1137 2206 1203 2226 titur
1216 2199 1288 2239 bono
1301 2200 1380 2225 Plaut.
1395 2199 1463 2225 Asin.
1479 2208 1504 2231 2,
1518 2208 1543 2231 2,
1558 2207 1597 2234 57.
1668 2201 1746 2226 Ferre
1767 2201 1897 2236 quidquid
1914 2203 2052 2236 acciderit,
2068 2205 2178 2233 fortiter

42 2249 122 2282 iungit
133 2246 211 2273 Plaut.
226 2253 263 2277 vt,
276 2242 426 2271 Fortasseffe
442 2242 518 2268 illum
526 2241 620 2267 mirari
634 2248 748 2275 coquum
765 2239 847 2264 Merc.
862 2247 890 2271 4,
905 2248 933 2271 4,
946 2246 987 2271 43.
1017 2236 1076 2264 Vid.
1137 2242 1162 2261 et
1175 2236 1305 2269 sapienter
1319 2236 1375 2261 Cic.
1389 2236 1441 2262 Att.
1456 2244 1494 2268 14,
1510 2244 1542 2267 13.
1613 2236 1711 2263 Gerere
1725 2235 1824 2262 bellurn
1837 2247 1895 2263 cuin
1910 2238 2028 2266 hostibus
2040 2241 2111 2267 Idem
2126 2251 2176 2276 pro

1138 2271 1220 2297 Flacc.
1234 2276 1273 2303 98.
1326 2306 1331 2310 .
1343 2271 1463 2297 Iudicare
1482 2271 1612 2305 Qiintitil.
1633 2274 1658 2303 6,
1673 2281 1693 2298 1.
1762 2273 1849 2298 Perire
1874 2274 1941 2299 Hor.
1957 2275 2039 2301 Serm.
2059 2285 2081 2308 2,
2096 2285 2117 2309 3,
2133 2286 2177 2310 42,

80 2317 207 2344 PORTA
218 2323 252 2342 ss
262 2323 310 2349 ENA
319 2323 350 2342 N.
371 2313 445 2341 Idem.
466 2310 585 2346 Apul.dc
594 2311 651 2337 Deo
659 2310 756 2350 Socrat.
768 2319 793 2344 p.
803 2317 850 2350 44,
864 2317 908 2342 40.
944 2307 1021 2342 Apol.
1039 2328 1045 2333 .
1069 2327 1076 2334 .
1137 2308 1253 2348 Pugnare
1267 2306 1364 2346 fortius
1379 2307 1450 2333 Caes.
1465 2307 1492 2332 13.
1510 2307 1540 2332 G.
1554 2314 1579 2338 2,
1595 2310 1636 2332 26.
1692 2322 1737 2347 —.
1760 2308 1898 2334 fortislime
1912 2310 1949 2335 ld.
1963 2310 1999 2336 ib.
2013 2322 2040 2344 4,
2056 2319 2094 2346 37.
2131 2328 2176 2334 ...-

39 2351 181 2379 Fortassean
205 2351 289 2378 adhuc
310 2350 389 2377 vidua
412 2354 551 2382 antequam
574 2354 654 2381 nupta
677 2346 751 2372 domi
770 2345 878 2371 sedisset.
938 2343 1007 2370 Gell.
1023 2351 1049 2377 7,
1064 2348 1119 2375 360
1139 2341 1283 2368 roi-nisime
1298 2342 1382 2368 Id.1b.
1396 2352 1425 2375 4,
1439 2351 1473 2368 12.
1544 2342 1670 2368 Refistere
1683 2343 1813 2376 Qunetil.
1823 2346 1847 2374 6,
1861 2353 1888 2376 4.
1960 2347 2006 2372 vti
2021 2348 2080 2373 ense
2094 2348 2176 2374 Ouid¹

16 2406 17 2410 =
39 2394 100 2415 extr.
124 2389 159 2414 Ea
179 2387 270 2414 omnia
290 2385 438 2413 distinctius
459 2382 676 2416 numerosiusque
695 2390 723 2407 ac
738 2380 850 2406 comtins
871 2379 1009 2406 sortasl'ean
1022 2380 1076 2405 dici
1137 2378 1214 2412 Epist.
1229 2386 1263 2410 11,
1277 2385 1319 2412 97.
1391 2378 1502 2412 Compar.
1523 2377 1588 2403 Non
1606 2377 1712 2404 abstulit
1727 2378 1823 2411 modo,
1841 2379 1884 2405 sed
1905 2380 1933 2405 in
1952 2389 2069 2408 amorem
2088 2385 2175 2409 conie.

9 2424 17 2445 '=
37 2428 185 2458 potuerunt.
237 2422 309 2449 Ideni
324 2431 356 2452 11,
370 2428 439 2455 9pr.
459 2419 605 2445 Foriaffean
625 2416 721 2443 auxilii
739 2415 845 2450 petendi
864 2416 954 2449 gratia.
993 2417 1022 2441 [n
1036 2415 1077 2441 his
1136 2415 1172 2440 cit
1185 2414 1281 2441 fortius
1303 2412 1383 2439 Plaut.
1399 2414 1479 2440 Merc.
1495 2420 1517 2446 5,
1533 2421 1556 2445 3,
1569 2421 1589 2445 5.
1661 2414 1814 2440 Tormento
1833 2415 1929 2441 fortius
1948 2417 2052 2443 mittere
2072 2418 2175 2453 aliquid

35 2458 165 2486 dubitandi
172 2460 302 2493 particula
315 2463 376 2488 ΑΝ,
396 2457 518 2490 eleganter
532 2453 677 2489 adsumitur.
713 2451 785 2479 Add.
796 2452 872 2478 Varr.
886 2451 916 2477 R.
933 2451 965 2477 R.
978 2459 1001 2483 3,
1014 2453 1038 2482 6,
1056 2459 1075 2478 1.
1136 2449 1217 2476 Ouid.
1231 2450 1294 2476 Met.
1309 2457 1334 2481 9,
1348 2453 1400 2478 218.
1467 2449 1561 2483 supi-rt.
1579 2448 1724 2475 Fortissime
1737 2450 1823 2476 vlinue
1836 2451 1920 2476 seruat
1933 2451 2049 2485 rigorem
2063 2453 2127 2479 Plin.
2137 2457 2176 2485 16,

7 2500 10 2502 .
35 2500 59 2521 et
76 2495 111 2521 ibl-
135 2493 217 2528 ,ὂψ-Π.
1136 2494 1180 2518 40.
1234 2486 1272 2510 De
1284 2485 1327 2520 ina
1341 2483 1546 2510 h1‹iusAdu.vid.
1557 2485 1641 2510 Burni.
1656 2485 1688 2509 ad
1701 2484 1809 2518 Quin&
1824 2494 1847 2516 2,
1862 2493 1888 2511 12
1897 2494 1941 2520 pr.
1961 2494 1984 2511 er
1996 2489 2022 2518 6,
2035 2496 2062 2513 12
2074 2497 2098 2521 p.
2111 2497 2174 2521 420.

66 2535 86 2556 21²
97 2536 204 2556 ORTA
214 2535 233 2554 x
246 2547 254 2559 ,
279 2526 334 2552 vid.
352 2523 409 2561 post
436 2531 452 2551 r
462 2530 538 2550 ORT
548 2531 555 2550 1
566 2529 640 2549 TVD
651 2528 682 2550 ο.
1087 2520 1119 2553 65
1175 2522 1248 2547 F'OR
1260 2526 1282 2546 Τ
1294 2528 1301 2546 1
1312 2525 1328 2545 C
1340 2526 1360 2545 v
1370 2526 1413 2546 LV
1425 2527 1437 2546 s
1447 2539 1455 2551 ,
1481 2528 1494 2544 a
1504 2539 1512 2550 ,
1533 2528 1586 2545 uin.
1624 2519 1684 2544 Adi.
1706 2521 1805 2545 Dimin.
1840 2521 1896 2546 Cic.
1918 2521 2000 2547 Tusa
2019 2530 2045 2554 2,
2059 2531 2092 2555 45
2110 2533 2132 2550 c.
2147 2533 2174 2556 19

73 2571 173 2591 FORT
183 2570 199 2589 E
211 2570 229 2589 x
241 2582 249 2595 ,
269 2562 325 2588 i'cis.
348 2570 383 2587 m.
424 2561 521 2596 Vnguis
534 2559 558 2596 s.
572 2558 657 2594 infima
671 2565 694 2583 et
707 2557 789 2584 albida
802 2557 869 2593 rosae
877 2563 949 2592 pars.
966 2554 1074 2589 Nebriffi
1136 2556 1266 2589 Quamuis
1286 2555 1356 2582 idem
1377 2554 1533 2580 forticulum
1547 2555 1572 2579 se
1591 2554 1618 2579 in
1631 2555 1793 2580 torminibus
1805 2560 1831 2580 et
1842 2556 1870 2580 in
1883 2555 2029 2590 stranguria
2044 2558 2085 2584 sua
2102 2568 2174 2592 prae-

71 2605 233 2628 Foivris,
254 2606 277 2624 e.
305 2595 364 2623 Adi.
401 2594 520 2631 [1¹90.be
543 2598 641 2627 μνναῖος
653 2594 731 2620 6161ῑῖ
746 2595 801 2620 Lat.
822 2595 889 2628 Gn]
927 2594 1030 2628 Proprie
1048 2594 1075 2618 Is
1136 2591 1203 2617 beat.
1250 2591 1323 2626 Conf.
1348 2589 1425 2624 Apul.
1451 2590 1515 2615 Met.
1537 2593 1550 2618 8
1573 2598 1598 2622 p.
1615 2597 1655 2620 213
1676 2590 1784 2616 Elmenh.
1800 2597 1823 2615 et
1843 2591 1940 2617 Auson.
1955 2592 2032 2626 Epist.
2050 2593 2146 2626 Eidyll.
2162 2601 2176 2628 5

37 2635 142 2667 dicitur,
155 2636 198 2669 qui
218 2631 250 2665 eli
271 2632 364 2660 ualidis
375 2632 471 2658 viribus
484 2630 623 2665 praeditus.
661 2630 763 2661 Fortis,
777 2629 857 2663 Frugi
878 2634 904 2655 et
922 2628 1007 2654 bonus
1020 2628 1073 2653 siue
1134 2625 1256 2660 praefixa.
1780 2630 1781 2633 ¹

8 2671 13 2701 ἶ
37 2670 140 2697 validus
149 2690 157 2702 ,
172 2669 268 2696 Festus.
318 2669 409 2694 Fortes
430 2667 537 2693 fortuna
556 2665 663 2692 adiuuat
683 2665 739 2691 Cic.
752 2665 836 2691 Tusc.
849 2673 865 2690 2
878 2673 900 2690 c.
914 2673 941 2695 4.
1010 2663 1074 2688 For·
1172 2667 1187 2686 F
1197 2667 1215 2686 o
1225 2666 1243 2685 R
1254 2666 1291 2685 Ti
1301 2665 1321 2684 v
1330 2666 1342 2686 s
1353 2665 1370 2685 C
1382 2667 1401 2684 v
1412 2665 1428 2684 1.
1438 2666 1458 2684 v
1469 2666 1482 2685 s
1491 2678 1498 2689 ‚
1518 2667 1548 2690 a,
1567 2667 1621 2685 um.
1657 2657 1717 2685 Adi.
1753 2659 1834 2686 Aliud
1843 2662 1939 2687 Dimin.
1953 2662 2031 2696 afflrt
2045 2665 2137 2691 Par-eus
2148 2668 2175 2691 in

10 2714 11 2719 ¹
37 2706 109 2734 tibus
127 2706 163 2732 est
178 2705 286 2731 fortuna
305 2703 372 2730 viris
383 2702 442 2728 data
459 2703 521 2727 Enn.
534 2701 600 2735 apud
615 2699 733 2726 Macrob.
748 2700 797 2725 Sat.
813 2708 831 2729 i,
846 2708 863 2724 1,
933 2697 1013 2723 Multi
1028 2696 1117 2731 dii-70
1134 2695 1217 2721 Plaut.
1231 2694 1290 2720 Mil.
1305 2702 1332 2726 4,
1348 2702 1370 2726 3,
1386 2703 1418 2726 13.
1458 2693 1517 2720 Vid.
1537 2696 1589 2719 eius
1602 2695 1660 2720 Lex.
1672 2701 1698 2729 p.
1713 2704 1772 2730 499.
1809 2696 1856 2722 Sed
1874 2698 1996 2732 improbat
2020 2699 2122 2727 Taubm,
2142 2701 2177 2727 ad

36 2741 174 2773 bitauere‚
194 2739 292 2766 fortior
306 2748 338 2765 311
350 2738 457 2764 felicior
469 2738 528 2763 ess'et
542 2736 601 2762 Sall.
614 2736 669 2769 Iug.
684 2744 705 2761 c.
720 2742 758 2767 95.
829 2732 989 2760 Fortissimus
1004 2732 1074 2766 quis·
1134 2732 1179 2757 loc.
1193 2737 1222 2765 p.
1237 2733 1291 2763 865.
1329 2730 1435 2757 Gronau.
1447 2731 1508 2765 legit
1522 2729 1617 2755 Fortis.

37 2787 88 2813 que
107 2775 312 2811 generosissimus
327 2774 398 2800 Idem
412 2773 448 2799 ib.
462 2782 482 2798 c.
496 2777 532 2804 85.
604 2772 720 2797 Fortuna
737 2769 818 2796 fortes
837 2769 948 2800 metuit,
965 2768 1075 2802 ignauos
1172 2772 1216 2792 FO
1226 2772 1244 2791 R
1254 2771 1276 2791 T
1286 2771 1324 2791 ES
1334 2771 1378 2791 CO
1388 2786 1396 2797 ,
1424 2767 1477 2791 ere.
1513 2764 1699 2799 [κρατύνομαι]
1739 2766 1834 2792 Fortem
1844 2766 1914 2801 fieri.
1950 2768 2086 2803 Naeuius,
2112 2771 2176 2798 Cre-

38 2815 134 2849 premit
153 2813 210 2839 Sen.
225 2812 253 2837 in
267 2809 337 2837 Med.
357 2819 382 2835 v.
396 2818 446 2842 159.
516 2808 607 2834 Fortes
627 2811 746 2832 creantur
767 2805 881 2831 fortibus
899 2805 966 2830 Hor.
979 2803 1031 2830 Od.
1046 2812 1074 2835 4,
1136 2801 1182 2827 scit
1195 2801 1285 2832 anniS,
1299 2806 1325 2826 et
1340 2801 1484 2827 fortcscunt
1498 2801 1575 2826 vires.
1611 2800 1679 2826 Gell.
1695 2809 1730 2833 19,
1743 2808 1760 2835 7
1779 2801 1808 2827 de
1823 2803 1935 2836 Naeuia,
1952 2805 2018 2831 Item
2035 2805 2107 2840 quod
2121 2807 2176 2834 for-

39 2858 57 2882 4
80 2858 122 2882 29.
194 2847 234 2873 Ad
253 2855 333 2881 opera
351 2845 429 2871 foi-tis
450 2842 582 2870 Columel.
596 2844 622 2874 6,
636 2850 660 2868 2.
714 2841 787 2867 Idem
802 2850 821 2872 1,
836 2846 857 2870 8.
878 2847 902 2866 et
915 2839 980 2865 Plin.
996 2838 1074 2873 Epist.
1135 2837 1230 2863 tescere
1244 2837 1330 2870 posuit
1343 2844 1391 2870 pro
1404 2837 1502 2862 fortem
1515 2835 1583 2863 fieri.
1608 2839 1674 2862 Anti
1692 2845 1755 2862 uum.

43 2869 78 2917 ιζ’),
91 2890 130 2918 89.
150 2889 174 2910 et
187 2890 214 2917 7,
227 2891 264 2914 23.
334 2882 433 2907 Contra
447 2878 582 2905 audaciam
597 2877 747 2904 fortifflmus
764 2876 820 2903 Cic.
834 2885 882 2910 pro
896 2876 970 2901 Rosc.
986 2876 1074 2901 Amer.
1087 2878 1119 2906 7³¹
1173 2879 1188 2899 F
1197 2879 1216 2899 0
1226 2879 1244 2899 R
1253 2879 1275 2898 T
1285 2879 1292 2897 1
1303 2878 1319 2898 F
1328 2870 1357 2898 ic
1368 2877 1388 2898 0
1399 2891 1405 2901 ,
1425 2876 1478 2898 are.
1515 2871 1655 2905 [κρατύνω,
1672 2845 1815 2907 ἕιιχυρίζω]
1851 2873 1978 2907 Afflrtur.
2014 2876 2096 2903 Plauti
2113 2878 2176 2904 For-

0 3523 9 3547 ‘⁴
0 3290 14 3511 ‘'fipm·

41 2925 78 2951 85.
148 2920 247 2946 Contra
260 2917 365 2952 pruinas
379 2915 533 2942 fortissimus
548 2914 613 2940 Plin.
628 2921 668 2947 14,
681 2921 704 2939 2.
775 2913 805 2938 ln
818 2912 898 2938 arinis
916 2910 993 2937 fortis
1021 2910 1074 2936 Ti-
1135 2908 1205 2934 tifica
1226 2908 1352 2935 animum.
1388 2907 1459 2934 Cael.
1476 2907 1564 2933 Aurel.
1581 2907 1695 2946 Acutiz,
1709 2916 1740 2939 3ο
1760 2908 1838 2934 'Vina
1849 2908 2004 2937 sufficientia
2020 2912 2176 2940 fortificare.

41 2955 106 2982 bull.
119 2963 140 2987 1,
153 2964 191 2987 ιο,
205 2963 240 2986 31.
312 2954 391 2978 Manu
406 2951 484 2977 fortis
502 2949 582 2976 Ouid.
597 2950 660 2975 Met.
677 2957 711 2980 13,
726 2950 783 2980 360.
856 2948 1004 2973 Contraria:
1019 2946 1075 2972 Cic.
1135 2944 1208 2970 Idem
1222 2942 1307 2970 Tard.
1322 2952 1344 2975 2,
1356 2951 1384 2975 4,
1398 2948 1430 2977 78
1454 2943 1551 2970 Dentes
1570 2942 1747 2977 constringere
1767 2949 1844 2978 atque
1858 2944 2013 2973 fortificare.
2049 2948 2122 2974 Idem
2137 2949 2175 2975 ib.

46 2990 78 3016 de
94 2991 130 3017 N.
144 2991 176 3016 D.
189 2999 215 3022 2,
230 2995 275 3021 145
312 2989 426 3019 Iratum,
440 2986 602 3020 propitium
627 2984 781 3016 laetantem,
793 2983 942 3013 dolentem3
965 2983 1075 3015 fortem,
1136 2989 1159 3012 3,
1174 2988 1198 3012 2,
1214 2985 1251 3011 38.
1271 2985 1294 3004 et
1315 2987 1337 3011 3,
1353 2987 1377 3012 7,
1393 2987 1432 3011 91.

47 3025 183 3058 ignauum
199 3024 334 3056 audacem,
347 3022 471 3050 timidum
485 3021 653 3055 cognoscunt.
807 3016 828 3056 fl
849 3027 864 3045 2
901 3019 950 3044 Hic
958 3025 1077 3053 ponemus
1175 3021 1190 3040 F
1202 3020 1222 3041 o
1233 3022 1251 3041 R
1262 3022 1282 3041 T
1293 3022 1301 3040 1
1313 3021 1328 3040 F
1338 3022 1346 3040 1
1358 3019 1374 3040 c
1386 3021 1406 3040 A
1419 3020 1440 3053 T
1453 3021 1461 3039 1
1472 3018 1492 3039 o
1502 3033 1511 3045 ‚
1530 3013 1598 3040 onis.
1617 3013 1638 3040 f.
1674 3014 1746 3041 Cael.
1758 3014 1849 3041 Aurel.
1863 3014 1948 3042 Tard.
1961 3026 1989 3050 4,
2003 3024 2015 3048 3
2042 3017 2176 3044 Forrifica.

49 3057 199 3090 substantiae
211 3062 317 3087 Nomina
326 3079 332 3090 ,
348 3062 375 3085 in
388 3058 474 3094 quibus
485 3057 559 3083 robur
574 3055 693 3092 quoddam
706 3061 729 3080 ct
741 3057 808 3081 vires
820 3054 909 3090 agendi
923 3061 994 3088 atque
1001 3051 1077 3089 siasti-
1089 3057 1121 3082 80
1136 3050 1236 3077 tionem
1251 3050 1359 3084 corpori
1374 3048 1510 3075 adhibere.

49 3089 137 3124 nendi,
149 3101 164 3119 a
174 3101 259 3122 natura
272 3094 346 3131 ipsiur
358 3097 469 3129 corporis
483 3100 551 3119 artas
564 3098 649 3118 notare
661 3090 769 3117 videtur.
808 3092 873 3117 Nam
887 3090 973 3116 Fortis
987 3089 1021 3115 ad
1034 3098 1077 3115 υα-
1174 3093 1189 3112 F
1199 3093 1218 3112 0
1228 3092 1246 3112 R
1255 3093 1276 3112 T
1285 3086 1297 3111 f
1307 3092 1327 3111 T
1336 3092 1358 3111 A
1367 3091 1395 3117 S,
1417 3085 1473 3110 atis.
1491 3084 1512 3110 f.
1549 3084 1629 3111 Gloff.
1644 3085 1689 3111 Gr.
1704 3085 1761 3111 Lat.
1774 3082 1916 3120 ἄνδραότης,
1924 3085 2037 3116 sortitas,
2050 3086 2173 3114 virilitas.

49 3128 180 3155 latudinem
191 3134 295 3165 corporis
308 3134 381 3156 etiam
395 3129 515 3165 refertur.
552 3128 618 3162 Epit.
632 3127 691 3153 Liu.
706 3133 735 3159 59
760 3126 847 3160 Scipio
863 3126 1002 3152 Africanus
1016 3133 1076 3151 cum
1137 3123 1221 3149 Placet
1233 3121 1292 3148 hacc
1307 3130 1355 3147 uox
1367 3119 1481 3154 Salmafio
1495 3119 1528 3146 ad
1539 3120 1621 3147 Solin.
1636 3130 1660 3154 p.
1677 3123 1715 3147 26.

50 3164 128 3191 fortis
141 3172 170 3189 ac
182 3164 278 3192 validus
290 3166 320 3192 de
335 3166 377 3192 die
396 3165 505 3192 domum
520 3164 544 3189 sc
557 3163 705 3197 recepisset,
724 3168 843 3189 mortuus
860 3162 887 3187 in
901 3160 1025 3188 cubiculo
1038 3161 1076 3186 in·
1175 3164 1191 3184 12
1202 3163 1222 3183 O
1233 3164 1251 3183 R
1263 3163 1284 3183 Τ
1296 3164 1334 3183 1T
1344 3158 1391 3182 571)
1400 3163 1419 3183 O
1428 3176 1436 3188 ,
1461 3156 1520 3182 inis.
1547 3156 1566 3182 f.
1603 3154 1726 3190 [dydfdffi
1741 3155 1816 3191 ἶχιὶς,
1831 3154 1914 3189 immi]
1951 3155 2002 3188 est,
2017 3162 2045 3182 vt
2058 3159 2096 3182 ait
2117 3157 2173 3184 Cic,

49 3205 144 3226 ventus
162 3197 218 3225 est..
269 3202 342 3228 Aetas
357 3202 457 3228 fortior
477 3199 557 3226 Ouid.
580 3198 656 3233 Epist.
678 3206 698 3230 1,
719 3205 775 3232 107.
846 3197 921 3224 Aries
958 3197 1077 3231 suspenso
1139 3192 1170 3218 de
1185 3194 1286 3219 Inuent.
1302 3201 1326 3223 2,
1341 3194 1382 3223 163
1403 3191 1571 3218 Considerata
1588 3192 1766 3226 periculorum
1781 3191 1923 3224 susceptio,
1936 3197 1961 3218 et
1979 3191 2101 3218 laborum
2118 3201 2175 3226 per.

51 3236 150 3261 fortior
162 3233 216 3259 ietu
227 3234 317 3263 Lucan.
332 3246 354 3270 3,
368 3245 431 3270 490.
453 3236 481 3262 de
493 3235 606 3261 machina
621 3235 737 3259 militari.
808 3233 888 3260 Arma
901 3232 983 3260 fortia
1001 3232 1076 3266 Virg.
1094 3232 1123 3260 85
1139 3228 1225 3264 peslio.
1261 3227 1334 3254 Idem
1347 3228 1378 3254 de
1391 3229 1492 3253 Inuent.
1505 3236 1525 3259 1,
1538 3230 1577 3253 62.
1600 3237 1628 3253 ac
1648 3226 1700 3253 Off.
1714 3235 1736 3258 3,
1752 3233 1802 3260 117.
1839 3226 1906 3252 Gell.
1922 3235 1960 3258 η,
1974 3235 1986 3260 5
2015 3227 2049 3253 Ε3
2069 3236 2130 3254 vera
2148 3234 2175 3254 et

52 3272 116 3296 Aefl-
132 3278 170 3300 10,
184 3276 238 3302 733-
303 3273 372 3299 Aura
390 3272 489 3298 fortior
506 3271 586 3297 Ouid.
607 3272 707 3297 Amor..
719 3277 743 3301 2,
759 3277 791 3301 11,
805 3274 840 3301 38.
911 3269 978 3294 Ausa
996 3267 1078 3293 fortia
1139 3264 1222 3299 proba
1236 3263 1367 3290 fortitudo
1380 3261 1431 3296 est,
1451 3272 1530 3297 quam
1550 3263 1664 3289 maiores
1682 3262 1764 3288 nostri
1780 3262 1913 3288 scientiam
1931 3263 1979 3288 esse
1998 3261 2119 3289 dixerunt
2136 3272 2176 3289 re·-

53 3306 127 3339 Virg·
141 3306 205 3330 Aen·
218 3312 242 3335 9·
255 3310 304 3334 28¹-
371 3308 467 3335 Coloni
484 3307 566 3333 fortes
584 3305 656 3332 Idem
671 3305 768 3339 Georg.
787 3313 814 3339 3,
834 3309 885 3334 288-
957 3304 1078 3337 Corpora
1138 3310 1198 3327 rum
1211 3299 1421 3326 tolerandarum:
1439 3308 1485 3333 per
1498 3298 1569 3333 quod
1587 3305 1692 3332 apparet
1706 3298 1754 3323 effe
1773 3298 1898 3332 quaedam
1913 3298 2106 3329 intolerabilia,
2120 3299 2175 3332 qui-

51 3341 133 3368 fortia
147 3339 185 3366 ld.
201 3339 263 3364 Aen.
277 3348 298 3371 1,
311 3348 360 3373 105.
413 3343 515 3369 0116191·
533 3341 684 3368 fortissimus
699 3340 772 3374 Virg.
788 3341 850 3366 Aen.
866 3345 887 3370 8,
901 3347 948 3372 513.
1004 3339 1077 3365 Idem
1139 3336 1187 3363 bus
1200 3336 1283 3362 fortes
1295 3336 1348 3361 viri
1367 3340 1410 3361 aut
1430 3334 1557 3360 obeundis
1571 3333 1746 3365 abhorreant,
1766 3339 1810 3359 aut
1828 3332 1989 3359 sustinendis.
2061 3334 2175 3360 Fortitu-

53 3378 118 3403 Aen.
135 3384 168 3407 11,
183 3376 235 3409 706
254 3374 326 3414 Qlid
337 3381 387 3403 tam
399 3378 532 3413 egregium
543 3397 549 3408 ‚
563 3377 580 3403 si
595 3377 696 3403 femina
711 3375 776 3402 forti
812 3375 884 3402 Fidis
897 3375 984 3408 equo?
1037 3375 1078 3401 Sic
1139 3372 1196 3398 dini
1217 3371 1324 3397 fortuna
1342 3370 1495 3396 adiumento
1510 3369 1574 3395 solet
1588 3370 1636 3395 effe
1657 3368 1733 3394 Au&
1748 3368 1777 3394 ad
1793 3370 1888 3395 Heren.
1904 3377 1914 3399 3
1936 3378 1957 3394 c.
1972 3376 1992 3400 5.
2063 3370 2093 3395 In
2107 3370 2175 3404 peri-

51 3413 155 3439 Lucret.
172 3418 192 3442 3.
207 3416 219 3438 8
240 3410 324 3435 Fortis
343 3412 402 3445 equi
423 3414 472 3440 vis.
508 3414 576 3439 Cstat
593 3420 720 3447 veramque
739 3413 816 3437 Iocum
835 3411 940 3437 Nonius
954 3420 981 3444 4,
996 3417 1038 3442 195
1057 3416 1079 3435 ει
1087 3419 1122 3443 90
1140 3407 1204 3434 culis
1218 3407 1364 3436 fortitudo,
1380 3407 1407 3432 in
1427 3405 1541 3439 negotiis
1560 3404 1635 3431 labor
1655 3405 1709 3430 Cic.
1725 3413 1772 3438 pro
1787 3405 1815 3430 L.
1832 3404 1922 3430 Manil.
1936 3407 1978 3430 26.
2057 3405 2176 3432 Comites

50 3449 148 3475 Ct'le’t'wl
160 3445 223 3481 figm‘
235 3447 296 3471 lfflrl'
309 3447 353 3470 ait.
390 3449 477 3483 Nempe
489 3449 547 3475 haec
562 3447 594 3482 cst
610 3452 650 3475 vis
663 3454 686 3473 ct
699 3450 782 3473 virtus
793 3454 816 3472 et
828 3448 882 3473 laur
896 3449 958 3481 equi.
1005 3445 1080 3471 Facta
1140 3443 1307 3469 fortitudinis
1321 3443 1392 3472 sunt,
1411 3440 1563 3475 magnitudo
1576 3440 1673 3472 animi,
1687 3440 1816 3474 grauitas,
1830 3439 1954 3473 patientia
1963 3459 1970 3470 ,
1983 3447 2071 3465 rerum
2085 3440 2176 3467 hunia-

51 3484 113 3510 Liu.
128 3484 170 3514 26,
187 3489 225 3513 39-
280 3480 357 3513 Virg.
370 3481 431 3508 Aen.
446 3492 466 3517 1,
479 3487 527 3517 645
551 3484 642 3510 Fortia
655 3483 723 3509 facta
737 3489 846 3517 pati-um.
904 3482 984 3508 Plaut.
998 3480 1080 3506 Trin.
1142 3488 1235 3505 narum
1246 3478 1414 3512 despicientia
1438 3478 1492 3504 Cic.
1506 3476 1589 3502 Tusc.
1605 3484 1625 3506 2,
1638 3484 1665 3507 32
1679 3485 1699 3501 c.
1714 3484 1746 3507 13.
1819 3475 1880 3501 Viri
1893 3475 2000 3508 propria
2013 3476 2127 3502 maxime
2140 3476 2177 3502 est

33 3529 38 3532 “
54 3526 77 3551 5,
90 3527 113 3551 ²,
129 3526 144 3549 9
181 3516 230 3542 Sed
249 3524 297 3549 ego
317 3515 367 3541 hoc
387 3524 485 3551 nequeo
497 3520 591 3546 mirari
610 3520 685 3551 satis,
705 3528 764 3544 eum
786 3519 902 3544 sororem
921 3516 1081 3551 despondisse
1142 3514 1292 3545 fortitudo,
1312 3514 1385 3539 cuius
1407 3520 1516 3538 munera
1533 3512 1586 3538 duo
1605 3511 1718 3537 maxima
1739 3511 1808 3539 sunt,
1831 3510 1924 3536 mortis
1945 3510 2096 3546 dolorisque
2116 3521 2177 3538 con-

56 3555 124 3581 suam
140 3554 168 3579 in
186 3558 239 3578 tam
259 3551 355 3577 fortem
368 3549 508 3584 familiam,
525 3558 543 3581 i.
561 3555 678 3586 diuitem,
689 3561 822 3589 potentem.
894 3553 981 3579 Genus
995 3552 1083 3577 dicen-
1143 3549 1237 3575 temtio
1258 3549 1331 3576 Idem
1346 3549 1428 3575 Tusc.
1443 3557 1465 3580 2,
1480 3556 1521 3581 43.
1589 3546 1753 3573 Domesticae
1771 3545 1939 3571 fortitudines
1960 3554 2013 3572 non
2035 3547 2178 3574 inferiores

56 3589 83 3616 di
95 3590 163 3622 forte
176 3593 201 3614 et
215 3586 356 3613 vehemens
369 3586 423 3611 Cic·
439 3586 468 3613 dc
481 3590 552 3616 Orat.
567 3599 589 3622 3,
603 3599 646 3623 29.
682 3591 797 3616 Germina
813 3596 903 3616 terrae.
942 3590 1032 3622 Nempe
1045 3589 1082 3612 ita
1093 3590 1125 3616 95
1143 3584 1305 3611 militaribus
1318 3584 1356 3610 Id.
1369 3583 1422 3610 Off.
1437 3592 1457 3615 1,
1471 3589 1511 3618 78.
1582 3580 1772 3616 Magnitudinis
1788 3580 1871 3606 animi
1891 3586 1917 3606 ct
1934 3581 2101 3609 fortitudinis
2119 3592 2177 3617 pro-

57 3625 130 3659 Virg.
144 3625 240 3657 Georg.
254 3631 275 3654 r,
289 3627 322 3654 48
349 3621 444 3655 Sponte
463 3623 506 3649 sua
520 3633 584 3658 quae
598 3627 621 3652 se
637 3625 734 3652 tollunt
748 3626 775 3651 in
790 3625 897 3651 lmninis
909 3633 997 3652 auras,
1014 3622 1082 3648 Infe-
1144 3620 1231 3653 prium
1249 3620 1303 3652 est,
1324 3619 1391 3646 nihil
1411 3619 1595 3648 extimescere,
1613 3618 1702 3644 omnia
1720 3616 1830 3641 humana
1849 3615 1994 3650 despicere,
2018 3617 2087 3644 nihil
2106 3619 2178 3653 quod

56 3659 137 3687 cunda
150 3659 276 3694 quidem,
297 3657 338 3683 sed
353 3657 420 3682 laeta
434 3661 460 3682 et
472 3657 549 3686 fortia
564 3662 679 3695 surgunt.
751 3662 864 3695 Impetus
883 3660 966 3686 animi
980 3657 1082 3684 fortiin-
1144 3655 1247 3682 homini
1262 3656 1379 3682 accidere
1398 3656 1485 3689 possit,
1506 3653 1699 3680 intolerandum
1714 3657 1805 3685 putare
1823 3651 1878 3677 Cic.
1895 3651 1947 3678 Off.
1963 3660 1985 3684 3,
2000 3661 2047 3679 100
2058 3663 2079 3679 c.
2094 3662 2127 3688 27
2134 3661 2176 3689 pr.

57 3705 114 3722 mus
134 3695 188 3722 Cic·
203 3693 235 3720 de
247 3694 321 3720 Orat·
335 3701 356 3725 32
370 3698 405 3722 28·
476 3692 539 3718 Plin·
553 3701 585 3726 11,
598 3704 628 3730 37
666 3696 746 3723 Hirto
766 3696 844 3723 corde
865 3695 938 3730 gigni
957 3693 1083 3729 quosdam
1144 3690 1263 3724 Erumpit
1282 3691 1415 3717 fortitudo
1433 3691 1461 3717 in
1475 3698 1600 3721 neruum,
1620 3687 1671 3714 vid.
1695 3692 1717 3711 N
1729 3693 1744 3712 Ε
1754 3693 1771 3711 R
1781 3693 1861 3714 VVs.
1932 3688 2054 3715 Imitatur
2073 3689 2178 3716 audacia
2217 3691 2219 3697 ⁴

20 3747 22 3752 ν
56 3731 174 3758 homines
198 3729 329 3764 produnt,
349 3736 433 3761 neque
456 3726 522 3753 alios
544 3728 661 3758 fortioris
679 3732 727 3757 esse
747 3731 897 3758 industriae.
970 3729 1083 3756 inflexio
1144 3725 1328 3751 fortitudinem
1342 3727 1398 3752 Cic.
1411 3726 1439 3752 in
1451 3725 1538 3752 Partit.
1553 3730 1587 3751 81.
1659 3722 1831 3748 Venientibus
1850 3722 1926 3748 malis
1945 3724 2029 3751 obstat
2046 3724 2177 3751 fortitudo

57 3767 165 3793 laterum
185 3766 264 3792 fortis
283 3771 308 3790 et
327 3763 414 3790 virilis
436 3762 490 3788 Cic.
510 3761 541 3788 de
558 3764 629 3792 Orat.
649 3775 670 3798 3,
689 3773 741 3797 2¹8·
818 3766 955 3800 Ingenium
986 3764 1138 3791 fortiusioo
1146 3760 1218 3787 Idem
1238 3761 1266 3786 in
1280 3762 1367 3787 Parad.
1383 3769 1427 3796 77.
1499 3757 1614 3793 Spectari
1632 3757 1817 3784 fortitudinem
1836 3767 1943 3785 omnem
1961 3766 2006 3786 aut
2027 3760 2054 3785 in
2076 3759 2176 3785 dolore.

59 3802 136 3828 Ouid.
155 3801 232 3836 Epist.
257 3809 295 3833 19,
314 3802 339 3826 6.
411 3798 555 3832 Lapathuin
579 3799 643 3825 Plin.
661 3809 702 3832 19,
717 3811 751 3829 12.
821 3803 900 3829 Latus
920 3801 989 3827 forte
1016 3800 1084 3826 Hor.
1146 3802 1189 3822 aut
1207 3796 1235 3822 in
1255 3796 1362 3829 labore,
1383 3803 1428 3823 aut
1449 3796 1476 3821 in
1495 3793 1612 3828 periculo
1638 3792 1676 3819 Id.
1690 3792 1722 3819 de
1737 3793 1773 3819 N.
1788 3794 1819 3820 D.
1839 3802 1862 3826 3,
1876 3799 1911 3826 38.
1979 3795 2041 3820 Non
2062 3793 2177 3819 militurn

10 3851 11 3854 =
57 3837 132 3872 Epist.
153 3846 172 3869 1,
185 3844 212 3871 7,
225 3838 264 3862 26.
336 3836 461 3867 Mycenae
484 3834 559 3866 Virg.
576 3833 670 3868 Georg.
686 3837 707 3866 3,
727 3846 774 3864 121.
845 3838 965 3864 Nomina
981 3835 1085 3863 fortiffi-
1146 3832 1274 3866 praesenti
1290 3832 1464 3860 fortitudine.
1485 3830 1526 3855 sed
1546 3829 1590 3854 sua
1605 3828 1702 3855 eximia
1721 3829 1804 3856 animi
1826 3830 1927 3856 virtute
1941 3829 2061 3856 hostilem
2076 3829 2177 3855 ciuium

58 3881 99 3899 nia
115 3873 159 3900 Sil.
174 3880 211 3907 17,
226 3880 284 3906 493.
357 3870 449 3897 Oculis
468 3869 583 3895 foi-tibus
603 3869 699 3902 spii-ans
717 3872 826 3899 Martem
849 3874 904 3899 Cic.
927 3875 980 3899 Att.
1000 3880 1034 3904 15,
1052 3879 1084 3897 11.
1145 3873 1260 3893 mentem
1272 3866 1418 3893 vindicauit
1432 3867 1487 3900 (δέ.
1502 3870 1587 3898 anteq.
1599 3864 1650 3891 iret
1662 3865 1689 3890 in
1703 3864 1764 3891 exil.
1777 3873 1798 3897 3.

57 3908 148 3935 oratio
161 3907 238 3934 fortis
251 3913 276 3933 et
288 3906 375 3933 Virilis
389 3905 461 3932 Idem
474 3904 505 3931 dC
517 3905 590 3931 01'3‘-
613 3913 633 3935 Ι,
653 3912 702 3935 231.
770 3908 895 3935 Orationi
911 3909 976 3934 forti
990 3909 1089 3942 opponi-
1186 3910 1200 3929 F
1211 3908 1230 3928 O
1243 3909 1259 3927 R
1269 3908 1320 3928 TA
1331 3909 1347 3927 x
1358 3923 1366 3934 ‚
1386 3902 1446 3928 acis.
1470 3901 1489 3926 f.
1525 3900 1591 3926 Cato
1605 3900 1637 3926 de
1651 3901 1681 3926 R.
1695 3901 1724 3927 R.
1739 3910 1760 3926 c.
1774 3905 1801 3932 38
1826 3901 1915 3928 Facito
1929 3900 2014 3924 fortax
2028 3903 2110 3923 totam
2123 3897 2177 3923 for-

58 3950 98 3971 ταν
110 3942 227 3975 Placida,
240 3942 384 4005 sumniilffa,
397 3940 474 3968 lenis.
507 3941 562 3967 Cic.
579 3939 610 3966 de
624 3940 699 3966 Orat.
713 3947 735 3972 2,
750 3946 787 3973 ¹83
815 3943 880 3970 Non
896 3944 967 3971 enim
986 3945 1088 3978 semper
1101 3945 1142 3972 105
1149 3947 1238 3965 naceni
1256 3936 1374 3999 infima?
1393 3935 1589 3971 complecitatur.
1613 3937 1648 3963 Vt
1665 3945 1681 3963 a
1701 3936 1828 3971 Fet-nice,
1840 3937 1958 3964 Formam
1983 3935 2021 3958 ita
2034 3942 2049 3959 a
2063 3932 2178 3993 Foigitu.

194 3986 213 4005 v
223 3985 277 4006 01..
341 3997 348 4006 .
1381 3982 1397 4005 y
1418 3981 1433 4004 y
1454 3981 1470 4003 y
2127 3975 2180 4000 uie,
