2479 4225
1942 56 1947 69 ι
2173 54 2176 56 “
2401 53 2415 66 3.
2429 50 2434 61 ι

256 164 325 201 1115
647 141 663 180 Ι
746 137 788 179 N
868 133 907 173 G
1049 179 1052 183 ,
1718 124 1736 164 l
1825 111 1869 164 N
1957 125 2000 165 H
2241 133 2346 172 Ι1116

257 238 297 264 dit
324 240 401 271 prope
414 231 447 259 eli
476 230 541 258 Plin.
555 237 588 263 9,
606 237 646 261 30.
717 227 776 254 Liu.
795 227 827 256 6,
862 243 869 249 .
906 218 927 246 .’
949 217 1038 245 Aliam
1051 216 1080 243 in
1094 221 1195 252 partem
1207 220 1294 242 terror
1347 214 1438 278 potest.
1465 250 1470 254 ¹
1498 214 1555 242 Cic.
1571 214 1603 240 de
1617 214 1652 254 N.
1668 214 1699 242 D.
1715 221 1734 244 1,
1749 221 1784 248 24
1797 221 1855 239 c.10
1884 213 1966 248 Atqui
1979 219 2063 242 tei-rae
2074 215 2201 244 maximas
2215 211 2296 249 tiones
2306 220 2348 246 in-

256 273 285 299 i„
303 256 348 297 'ens
362 261 502 302 jngrhemt,
572 263 665 292 Morbi
692 263 758 289 pun,
773 268 799 294 7,
813 266 843 291 50
858 262 921 283 extr.
991 254 1050 281 Liu.
1064 260 1093 286 5,
1107 261 1132 278 21
1142 258 1185 287 pr.
1220 251 1292 276 Haec
1373 250 1511 278 abitabiles
1524 257 1602 285 atque
1617 250 1727 275 incultas
1741 249 1870 275 videmus.
1923 249 1989 276 ΑΜ.
2003 251 2073 277 Mela
2085 260 2108 284 3,
2121 260 2138 286 7
2151 251 2197 286 fin.
2288 252 2308 292 q
2329 264 2347 282 2
2389 247 2395 251 '

254 281 372 342 prgcatus
386 305 519 338 superante
531 299 717 329 multitudine,
742 296 773 321 ab
792 291 915 318 omnibus
933 289 997 326 loeis
1017 289 1110 315 vrbem
1123 285 1291 326 aggreditur,
1353 287 1403 325 Pro
1414 296 1439 312 co
1453 290 1496 322 qui
1508 286 1672 317 inhabitatur,
1691 284 1790 311 Arnob.
1799 293 1818 316 1,
1831 293 1843 316 3
1851 291 1895 320 pr.
1920 284 1967 318 lpfi
1980 285 2101 312 homines
2114 288 2284 326 denique-{uos
2299 298 2347 325 per
2405 290 2412 299 ‘

256 350 311 375 quo
323 340 412 366 minor
424 338 456 365 ab
470 336 593 363 cuniculo
606 332 750 362 incruentis
765 327 875 363 periculi
889 325 973 352 sensus
989 326 1057 351 esset.
1130 321 1208 349 Radu
1223 321 1291 348 Solis
1353 321 1540 348 inhabitabiles
1558 330 1616 348 oras
1640 327 1726 347 terrae
1748 320 1836 354 sparsit
1864 319 1949 354 prima
1967 321 2148 357 incipiensque
2170 323 2252 354 natiqs
2301 320 2361 352 etc.x

255 376 321 404 pun,
336 384 365 407 2,
385 379 418 403 18,
490 372 569 399 Senio
587 357 722 403 ingssiieiite
750 364 823 390 Idem
837 369 866 395 5,
887 369 922 394 52.
994 361 1040 387 Vis
1071 358 1202 398 Qlinffil·
1216 365 1245 389 3,
1267 361 1290 386 8.
1313 357 1330 385 5
1353 353 1393 382 διαὶ
1405 356 1446 386 τήν
1459 357 1588 390 οἰκεμένην.
1643 358 1685 382 Ita
1697 359 1791 390 aceepit
1804 357 1876 381 etiam
1891 355 2030 388 Hcraldus,
2055 363 2078 382 et
2091 361 2135 383 vix
2145 347 2277 392 potesttgr',

255 412 355 437 Vmbra
369 409 470 435 vitibus
508 407 582 440 Virg.
601 406 695 431 Georg.
708 410 720 426 2
732 419 741 432 ‚
763 407 815 430 410-
902 397 1027 430 Ingruerc
1046 395 1088 421 in:
1123 395 1184 420 Lm·
1198 401 1215 425 4
1229 412 1238 425 ‚
1260 400 1291 431 {⁸9
1389 398 1564 419 ΙΝΗΛΒΙΤ
1573 397 1686 422 ΛΤΙΟ,
1713 392 1780 417 (mis.
1816 390 1836 417 f.
1887 390 2006 417 Tertull.
2025 397 2117 419 contra
2135 394 2217 420 Marc.
2235 407 2282 430 ,24
2324 400 2349 422 η
2387 406 2390 413 ,

256 447 346 473 primo
360 447 388 471 m
406 444 515 478 agrestes
534 431 683 474 ingruerant
701 434 800 462 morbi.
889 431 964 459 Idem
984 433 1030 463 26,
1065 449 1072 456 .
1108 449 1115 455 .
1151 428 1246 455 Eadem
1263 435 1293 453 in
1353 427 1432 460 Vulg.
1447 429 1497 454 Int.
1511 428 1567 462 Sap.
1582 436 1614 459 9,
1629 435 1663 460 15.
1700 427 1818 460 Fulgent.
1830 425 1940 465 Epist.4
1954 425 1986 452 ad
1998 426 2075 453 Prob.

254 482 328 509 viros
341 481 442 515 ingruit
457 479 570 505 fortuna·
1390 469 1401 488 1
1410 469 1432 488 N
1441 470 1462 489 H
1472 469 1494 489 Α
1503 470 1519 490 Β
1528 471 1537 489 1
1548 470 1569 490 T
1578 465 1598 489 Ᾱ
1606 470 1627 489 Τ
1636 470 1653 489 0
1663 470 1680 489 R
1690 482 1697 494 ,
1722 464 1785 488 oris.
1805 470 1840 487 m.
1877 462 1988 488 Hieron.
2003 461 2063 489 adu.
2078 462 2187 489 Heluid.
2200 466 2350 501 owlpian.
2437 483 2444 493 ‹

291 524 300 542 1
311 522 359 542 NG
372 522 391 540 v
402 522 448 542 EN
485 512 541 538 inis.
568 518 594 534 n.
637 503 757 540 [βκζών]
808 504 873 530 Pars
884 504 997 537 corporis
1009 503 1076 527 circa
1084 499 1209 534 pudenda,
1219 504 1292 534 prae·
1354 497 1372 523 1.
1387 506 1395 523 1
1413 496 1436 534 §.
1450 499 1497 525 vlt.
1516 499 1548 525 D.
1567 499 1634 525 sui-ti
1653 498 1710 524 adu.
1735 502 1805 523 nant.
1823 497 1921 523 Nouat.
1940 496 1972 523 de
1993 498 2099 524 Trinit.
2122 507 2144 524 c.
2157 507 2196 531 29-
2252 502 2350 539 *gastim
2391 520 2394 523 .
2410 499 2412 504 ’
2427 493 2438 517 ’.

248 552 339 589 sertim
346 534 463 587 fiwerjor’
473 554 495 574 et
506 545 539 572 ad
549 546 658 572 laterna,
684 540 749 576 quod
764 545 867 574 apparet
886 537 1050 571 consideranti
1067 535 1133 562 Celsi
1151 534 1291 560 dobin-inam
1309 536 1339 557 ¹0
1354 533 1467 560 Retrae't.
1481 542 1507 566 1,
1527 542 1553 569 7.

255 587 289 613 de
307 586 422 613 intestini
442 579 550 617 prolapsi
569 579 596 604 in
615 578 728 603 sci-otum
747 581 882 601 curatione
901 581 934 607 7,
953 582 998 612 20..
1041 572 1071 611 Vs.
1084 580 1108 606 g.
1132 569 1258 596 Intestina
1276 578 1291 595 a
1389 575 1432 594 1N
1445 575 1697 600 HAERitniTo,
1718 572 1771 595 {ire-
1807 567 1885 607 vulg.
1897 577 1917 600 4
1935 567 2006 595 Esdr.
2020 576 2054 603 7,
2073 570 2117 603 67.
2157 568 2196 602 At

256 623 343 651 scroto
355 620 452 654 repulsa
466 613 618 649 inguinibus
629 612 814 651 immorantur.
869 624 914 628 —
938 608 979 634 Ab
991 615 1100 641 inguine
1112 614 1194 640 vsque
1206 604 1238 631 ad
1255 609 1291 630 te·
1389 611 1400 630 1
1411 610 1433 629 N
1443 611 1464 630 Η
1473 611 1494 630 Α
1505 610 1548 631 ΕΓ.
1557 612 1572 631 E
1582 611 1600 630 D
1610 611 1628 630 O
1637 623 1652 646 ‚-
1666 608 1718 630 Ere.
1754 602 1864 629 Saluian.
1873 609 1954 630 contr.
1965 605 2044 630 Auar.
2057 613 2072 631 2
2086 613 2111 638 p.
2123 608 2179 636 384.

255 658 377 686 sticulum
391 651 472 680 incidi
486 650 578 681 debet,
599 655 644 674 etc.
717 647 793 680 Virg.
808 644 860 671 Ecl.
874 646 901 676 6,
915 651 946 678 75
972 643 1083 675 Scyllam
1097 647 1214 668 memorat
1226 641 1292 666 Can·
1390 645 1460 665 1NH
1469 646 1491 665 Λ
1500 645 1516 665 E
1527 647 1547 667 R
1556 646 1572 667 E
1584 648 1602 667 O
1612 660 1620 672 ,
1639 648 1692 665 cre.
1728 638 1893 671 [ἔπιφύομαι,
1914 638 2093 674 ἒπιλαμέὶίνω]
2141 639 2208 665 Idem
2219 642 2355 674 quotfflhag.

257 693 316 720 dida
330 688 482 716 succinctam
494 683 647 711 latrantibus
662 682 770 717 inguina
785 679 916 707 monstris.
987 680 1080 705 Horat.
1094 676 1175 711 Epod.
1189 683 1206 710 7
1227 682 1293 702 extr.
1353 683 1414 701 rere.
1467 674 1597 701 Columel.
1611 683 1638 708 5,
1654 683 1676 700 ii
1696 681 1759 700 extr.
1793 674 1935 700 Cacumina
1948 674 2042 700 deinde
2054 675 2159 706 oliuae,
2183 673 2246 700 ficut
2259 679 2302 705 111-ἰ
2314 680 2354 705 in.

257 723 334 761 Qi'iod
342 724 482 761 fascinum,
495 726 524 747 vt
539 719 651 754 superbo
681 725 791 744 rouoces
803 715 835 742 ab
850 714 975 748 inguine,
1001 720 1046 740 etc.
1117 714 1208 746 Veget.
1232 712 1292 737 Mu-
1310 712 1337 739 15
1355 709 1478 742 haerent,
1495 716 1605 745 Vtraque
1619 716 1691 744 pai-te
1703 708 1831 735 adradito.
1901 709 1967 736 Plin.
1980 709 2059 743 Epist.
2074 718 2103 743 5,
2119 712 2147 736 16
2160 716 2203 745 pr.
2236 709 2272 735 Vt
2286 724 2299 741 a
2312 722 2355 748 Pa,

254 764 317 789 lom.
327 770 345 791 3,
357 768 368 791 3
378 760 401 790 b,
416 766 432 784 2
458 757 496 782 De
510 755 635 790 inguibus
669 753 696 788 f.
711 754 758 791 leg.
773 751 946 785 inguinibus)
973 748 1111 775 soluendae
1125 749 1182 774 sunt
1194 755 1293 773 venae;
1353 746 1401 772 tris
1414 745 1560 773 ceruicibus
1574 745 1739 772 inhaerebat:
1774 750 1802 771 vt
1819 753 1867 770 nos
1881 746 1980 771 amicos
1995 751 2116 780 paternos
2128 751 2153 772 et
2165 750 2284 771 amanter
2299 758 2356 776 mo-

252 798 282 824 dc
299 796 378 822 bubus.
439 791 532 819 Deinde
555 799 612 817 vtro
628 796 676 824 pro
694 790 752 822 ipsu
766 786 883 822 partibus
901 794 962 820 quas
974 784 1057 819 pudor
1076 784 1156 816 velat,
1177 785 1293 817 ponitur.
1353 781 1422 807 deste
1435 781 1664 815 complectebatur.
1736 779 1891 807 Inhaerebat
1905 780 1988 807 oculis
2002 782 2132 808 memoria
2143 779 2275 815 imaginis,
2294 788 2356 820 uper

253 833 357 858 Sueton.
369 829 397 854 in
408 828 510 854 Neron.
519 836 540 852 c.
550 834 580 857 29
606 826 733 850 Virorum
748 831 776 848 ac
791 821 951 847 feminarum
964 820 995 846 ad
1008 820 1101 859 stipem
1116 818 1293 853 deligatorum
1347 823 1412 852 prae
1425 818 1500 843 oculis
1512 825 1582 848 erat,
1601 824 1624 843 et
1638 816 1780 852 versabatur
1792 816 1820 842 ob
1830 817 1912 842 oculos
1943 815 1981 842 Id.
1996 816 2061 843 ibid.
2077 823 2104 851 7,
2117 823 2160 850 27,
2174 818 2198 842 6.
2233 816 2276 842 ΑΙ.
2291 815 2357 848 iifl-a.

251 865 357 900 inguina
371 864 515 890 inuaderet.
586 860 645 886 Liu.
659 867 692 893 7,
712 860 742 884 io·
772 859 898 883 Ventrem
913 862 991 890 atque
1007 855 1124 889 inguina.
1196 853 1293 881 Obsce·
1354 853 1405 878 bat.
1476 852 1567 879 Studio
1580 858 1701 879 oneratus
1716 851 1814 878 inhaesi
1844 851 1925 878 Ouid.
1939 852 2005 879 Met.
2017 857 2046 884 8,
2067 860 2107 885 54.
2180 850 2309 877 Columet.
2343 862 2358 886 g

252 910 316 927 uum
342 901 409 926 Hor.
425 899 505 924 Serui.
520 905 541 928 1,
554 904 576 927 2,
591 897 630 921 26.
699 894 821 920 Tnmeiit
834 891 895 924 tibi,
909 900 990 926 quum
1004 890 1112 925 inguina
1133 889 1201 916 Ibid.
1211 890 1291 915 v.116.
1301 895 1336 914 20
1353 887 1385 913 Et
1399 886 1417 913 fi
1428 886 1537 914 eandem
1548 889 1614 922 petit
1634 888 1697 914 caeli
1710 893 1826 922 partem,
1849 886 1986 921 prioribus
1997 886 2116 914 inhaeret
2132 886 2258 920 vestigiis.
2317 876 2358 919 ’'t-

251 935 324 969 Qiid
337 934 408 960 enim
422 935 510 959 Venus
523 931 597 958 ebria
610 930 701 956 curat?
737 927 857 963 Inguinis
879 932 905 953 et
924 926 1031 960 capitis,
1050 935 1117 961 quae
1137 925 1187 952 sint
1201 924 1292 951 discri-
1353 927 1421 949 tutes
1434 923 1533 958 semper
1545 925 1683 950 Inhaerent
1694 922 1875 957 voluptatibus
1893 923 1956 949 ‘Cic.
1971 922 2003 949 de
2016 923 2073 949 Fin.
2087 931 2108 955 x,
2122 926 2159 952 68.
2254 920 2294 947 Id.
2305 918 2360 953 Ίζς,

250 972 323 998 mina
336 969 416 995 nescit
450 967 565 995 quenal.
589 968 606 992 6
617 985 625 997 ‚
648 973 704 998 299.
812 962 931 990 Destillat
944 963 976 988 ab
991 962 1100 995 inguine
1113 961 1186 987 virus
1216 960 1291 993 Virg.
1355 967 1375 988 1,
1386 966 1413 990 33
1426 966 1481 991 c.15
1507 959 1555 986 Sed
1568 960 1654 986 nescio
1669 958 1804 994 quomodo
1817 957 1937 985 inhaeret
1951 959 1980 985 in
1992 957 2134 989 mentibus,
2150 956 2236 992 quasi,
2252 962 2297 982 etc.
2337 965 2361 990 ic

250 1007 346 1040 Georg.
360 1014 383 1037 3,
397 1009 446 1034 281.
516 1000 639 1038 Qanlsibi
653 1001 706 1026 uult
717 998 780 1026 illud
793 998 869 1033 Apul.
884 999 947 1024 Met.
962 1006 971 1023 1
984 1006 1008 1032 p.
1018 1005 1064 1029 ¹04
1072 1004 1116 1032 pr.
1137 998 1198 1029 Qua
1212 995 1293 1022 bacil-
1353 993 1386 1020 de
1400 994 1474 1020 Orat.
1488 1003 1517 1027 2,
1532 996 1571 1027 163
1600 995 1737 1021 Inhaerere
1751 995 1779 1020 in
1792 994 1831 1020 rei
1844 1000 1946 1021 natura.

250 1042 306 1069 lum
323 1041 416 1067 inuerti
430 1039 476 1065 teli
489 1038 520 1064 ad
536 1036 690 1071 occipitium
705 1044 750 1069 per
764 1035 860 1069 inguen
873 1033 952 1060 subit.
1024 1033 1073 1059 Pro
1093 1033 1199 1058 Tumore
1211 1034 1294 1067 ingui-
1390 1035 1399 1054 Ι
1410 1036 1431 1055 Ν
1441 1035 1462 1055 H
1471 1036 1491 1056 A
1500 1037 1517 1056 E
1526 1037 1544 1056 R
1557 1036 1574 1056 E
1587 1037 1609 1056 N
1621 1038 1633 1057 s
1642 1051 1650 1063 ‚
1664 1031 1740 1058 entis.
1785 1029 1879 1056 Partic.
1923 1029 2078 1066 [προσίχων]
2130 1026 2256 1062 Humeris
2271 1025 2364 1059 abeung

249 1081 290 1103 uis
305 1077 403 1103 videtur
410 1073 515 1110 paficzffi’
528 1073 660 1103 Lucilius,
679 1074 722 1106 qui
735 1069 816 1101 [siffis
830 1076 853 1096 ct
864 1078 879 1095 a
894 1070 996 1095 Graecis
1010 1067 1112 1094 dicitur.
1149 1069 1207 1093 Eius
1218 1067 1292 1093 verba
1304 1071 1338 1099 25
1353 1064 1492 1104 inhaerens
1517 1065 1597 1092 Ouid.
1612 1066 1697 1093 Trist.
1712 1075 1733 1099 1,
1746 1064 1767 1098 3⁴,
1781 1073 1824 1100 79.
1897 1065 1999 1099 Opinio
2012 1065 2148 1091 inhaerens
2162 1071 2187 1091 et
2200 1062 2304 1097 penitus
2318 1060 2365 1088 insi

243 1113 316 1149 finit,
336 1113 435 1145 Inguen
449 1118 480 1135 ne
495 1108 600 1138 existat,
621 1107 738 1142 papulae,
758 1111 842 1137 tama,
863 1114 895 1131 ne
910 1104 961 1131 boa
974 1103 1058 1130 noxit.
1099 1103 1206 1129 Turncb.
1215 1113 1250 1137 15,
1259 1113 1291 1136 ¹5·
1353 1101 1409 1126 Cic.
1421 1101 1503 1127 Ture.
1517 1111 1531 1132 4
1544 1111 1564 1128 c.
1574 1110 1606 1128 11.
1721 1102 1801 1128 Multi
1820 1100 2050 1135 superstitionibus
2071 1100 2146 1127 vanis
2165 1097 2334 1133 pertinaciter
2353 1096 2392 1122 ia·
2428 1099 2451 1132 ,ἐωξὶ

248 1148 316 1176 Ρ1111,
331 1156 368 1180 21,
384 1156 413 1172 20
426 1147 478 1176 1183
503 1145 578 1176 xyris
593 1143 715 1173 strumas,
734 1141 776 1168 vel
791 1149 888 1176 panos,
902 1139 944 1166 vel
959 1139 1066 1173 inguina
1080 1138 1193 1165 discutit.
1240 1139 1291 1165 ‘Sic
1351 1135 1503 1169 haerentes,
1521 1136 1653 1164 obdurant
1666 1138 1691 1163 se
1706 1145 1797 1163 contra
1815 1137 1979 1163 manifestam
1992 1136 2131 1163 veritatem
2164 1133 2282 1161 Laetam.
2297 1141 2323 1165 1,
2337 1140 2356 1158 i.
2431 1163 2434 1166 ξ

250 1183 342 1211 Febris
357 1191 387 1208 ex
401 1181 508 1214 inguine
517 1200 525 1212 ‚
555 1182 573 1205 i.
597 1179 682 1205 Febris
696 1187 724 1203 cx
736 1177 824 1203 bubone
834 1196 842 1209 ,
861 1176 900 1202 vel
912 1183 1004 1201 tumore
1012 1182 1113 1210 praeter
1130 1181 1245 1200 naturam
1263 1175 1292 1199 in
1389 1179 1399 1198 1
1409 1177 1431 1196 N
1440 1178 1460 1197 H
1470 1178 1515 1198 ΑΕ
1524 1178 1567 1198 RE
1576 1180 1588 1199 s
1597 1178 1614 1198 C
1623 1179 1656 1203 O⁷
1674 1175 1725 1198 ere.
1746 1171 1987 1206 [ἐπιλκμέοὲνομαι]
2019 1171 2085 1198 Idem
2097 1170 2161 1207 quod
2173 1171 2298 1197 inhaereo.
2331 1166 2393 1196 Cic.
2419 1191 2421 1194 ,

249 1222 350 1254 inguine
382 1216 448 1243 Cels.
469 1225 496 1250 3,
516 1223 528 1248 5
544 1221 586 1250 pr.
761 1210 780 1249 ff
804 1221 819 1238 z
854 1212 954 1245 Inguen
973 1213 1046 1237 etiam
1068 1210 1188 1236 armzdmi
1201 1209 1292 1236 tribuit
1352 1206 1384 1233 de
1397 1207 1432 1234 N.
1445 1207 1476 1233 D.
1490 1215 1514 1238 2,
1527 1216 1575 1241 144
1588 1216 1649 1242 c.57
1681 1208 1820 1234 Prouisum
1831 1209 1920 1240 etiam,
1934 1214 1962 1235 vt
1976 1207 1993 1233 ti
2009 1216 2060 1242 qua
2070 1207 2183 1233 minima
2193 1203 2304 1231 bestiola
2316 1210 2394 1229 cona·
2434 1206 2437 1210 ⁴
2449 1226 2451 1244 Ι

248 1254 315 1282 Plin.
332 1255 375 1284 16,
388 1255 419 1284 36
438 1252 455 1278 s.
470 1254 500 1283 65
526 1251 618 1276 Latera
631 1248 755 1275 arundini
768 1248 922 1282 calamoque
935 1247 963 1272 in
976 1245 1137 1272 rotunditate
1152 1245 1230 1280 bina,
1251 1246 1291 1271 su·
1307 1248 1339 1272 30
1352 1248 1426 1269 retur
1437 1242 1585 1277 irrumpere
1595 1249 1606 1274 ,¹
1628 1244 1656 1269 in
1671 1243 1793 1270 sordibus
1807 1245 1928 1276 aurium,
1952 1249 2078 1277 tanquam
2097 1243 2126 1269 in
2142 1241 2215 1269 visco
2234 1237 2393 1267 inhaereret·
2433 1257 2436 1273 .·

248 1299 296 1324 pei·
308 1288 390 1314 nodos
402 1288 503 1314 alterno
519 1287 619 1320 semper
632 1285 758 1318 inguine,
777 1290 806 1310 vt
818 1283 930 1310 alterum
947 1281 978 1308 ad
993 1282 1083 1307 dextra
1097 1280 1157 1313 fiat,
1177 1281 1290 1307 alterum
1350 1284 1399 1305 ret.
1473 1278 1655 1305 inhaerescunt
1670 1279 1772 1313 penitus
1786 1279 1814 1305 in
1826 1279 1959 1305 mentibus
1984 1279 2021 1306 id.
2036 1278 2119 1305 Ture.
2135 1286 2158 1310 3,
2169 1286 2182 1309 3
2195 1284 2250 1305 ca..
2429 1274 2448 1315 ἦ

248 1324 385 1359 superiore
398 1322 519 1357 geniculo
532 1321 564 1347 ad
578 1321 652 1347 laeua
671 1329 716 1354 per
731 1320 810 1346 vices.
864 1318 926 1344 Inde
941 1324 1037 1343 exeunt
1048 1316 1192 1351 aliquando
1209 1316 1291 1346 rami,
1388 1321 1397 1339 1
1409 1319 1430 1338 N
1441 1320 1461 1339 H
1473 1320 1539 1341 AEs
1549 1322 1557 1340 1
1567 1321 1585 1341 ο
1595 1334 1601 1345 ,
1619 1315 1689 1340 onis.
1715 1315 1734 1341 f.
1775 1314 1852 1349 Apud
1865 1315 2000 1349 Augustin.
2037 1334 2044 1340 .
2084 1333 2091 1340 .
2331 1337 2336 1341 ,
2422 1333 2425 1335 »
2440 1319 2451 1341 u

247 1361 295 1395 qui
308 1360 366 1385 sunt
380 1358 471 1385 calami
484 1364 582 1383 tenues.
636 1357 737 1390 Inguen
750 1357 830 1391 igitur
843 1352 876 1387 est
891 1363 917 1380 ea
925 1360 989 1388 pars
998 1352 1087 1387 nodis.
1100 1353 1218 1388 geniculi,
1226 1351 1290 1378 vnde
1387 1356 1426 1375 ΙΝ
1436 1356 1455 1376 H
1466 1350 1510 1376 ᾹΙ.
1519 1356 1553 1382 o,
1572 1353 1624 1377 are.
1662 1349 1808 1385 [ἓμπνεύω]
1845 1351 1958 1376 Halitum
1974 1353 2001 1375 in
2015 1350 2120 1384 aliquem
2134 1350 2251 1374 emittere.
2294 1344 2351 1371 Cic.
2363 1343 2394 1370 in
2430 1350 2452 1387 ,tf

248 1399 300 1422 exit
311 1404 408 1430 germen
416 1394 440 1430 s.
456 1403 537 1420 inimus
546 1403 554 1418 .·
584 1391 687 1427 seruata
699 1392 814 1425 analogia
826 1392 938 1424 corporis
951 1390 1075 1414 animalis.
1352 1385 1437 1412 Pison.
1446 1394 1470 1418 ¹3
1485 1394 1506 1412 0.
1519 1387 1536 1411 6
1563 1387 1594 1412 Et
1608 1394 1690 1420 quum
1707 1385 1756 1411 isto
1769 1394 1817 1412 ore
1831 1385 1934 1411 foetido
1948 1385 2111 1411 teterrimam
2124 1382 2201 1409 nobis
2214 1380 2339 1416 popinam
2351 1379 2392 1405 in-

284 1438 324 1457 iN
336 1436 404 1457 GVI
415 1437 436 1455 N
450 1435 566 1460 ARiA,
586 1436 624 1454 ae.
657 1427 677 1453 f.
719 1425 869 1460 [βεέένιον]
927 1424 1009 1450 Herba
1022 1425 1149 1459 inguinum
1164 1421 1290 1448 doloribus
1307 1427 1336 1454 35
1351 1420 1471 1454 halass'es,
1491 1421 1658 1448 excusatione
1678 1426 1702 1446 te
1716 1420 1755 1447 vti
1767 1420 1937 1446 valetudinis.
1971 1422 1990 1446 i.
2015 1421 2130 1446 Halitum
2145 1421 2266 1454 popinam
2284 1415 2394 1442 redolen-
2435 1415 2437 1419 '

246 1468 329 1494 vtilis.
390 1465 455 1492 Plin.
475 1467 505 1490 26
513 1483 521 1496 ,
542 1472 558 1495 9
597 1463 747 1496 Inguinaria
773 1464 782 1492 (
791 1469 869 1495 quam
883 1460 990 1494 quidam
1003 1467 1162 1493 argemonen
1177 1461 1290 1489 vocant)
1350 1463 1399 1483 tem
1411 1458 1438 1481 in
1453 1466 1497 1483 nos
1509 1456 1657 1489 exhalaffes,
1684 1462 1708 1482 et
1720 1454 1852 1489 {ffudlffi's-
1883 1477 1891 1487 ,

246 1502 334 1537 113111111
348 1501 376 1527 111
389 1500 514 1535 vepribus
526 1499 642 1529 nascenS‚
663 1504 691 1524 vt
706 1496 786 1532 prosit
800 1495 969 1531 inguinibus,
996 1495 1025 1521 in
1039 1503 1117 1521 manu
1130 1499 1232 1520 tantum
1245 1493 1291 1520 ha·
1388 1499 1397 1517 1
1408 1499 1429 1517 N
1439 1499 1460 1519 H
1469 1499 1490 1518 Α
1500 1499 1516 1518 L
1525 1493 1547 1518 Ᾱ
1556 1499 1576 1519 Τ
1587 1500 1607 1517 v
1617 1498 1629 1517 s
1638 1511 1645 1521 ,
1662 1499 1693 1522 a,
1714 1499 1768 1517 uin.
1804 1487 1880 1517 Parti
1908 1488 2027 1524 Afflatus.
2063 1489 2141 1523 Apul.
2154 1489 2218 1515 Met.
2232 1496 2248 1514 2
2260 1496 2284 1521 p.
2296 1493 2343 1519 190
2362 1483 2394 1511 ld
2430 1482 2439 1512 ᾗ

246 1537 333 1565 ‘benda
352 1537 396 1563 est.
1351 1536 1432 1563 genus
1446 1527 1553 1554 friuolis
1569 1526 1699 1553 inhalatis.
2068 1551 2071 1553 .

284 1581 293 1599 1
302 1580 324 1599 N
332 1578 353 1598 G
362 1580 383 1598 v
395 1579 402 1597 1
413 1579 435 1597 N
445 1571 465 1598 ,τῑ
475 1577 491 1596 L
501 1578 510 1596 1
519 1578 532 1597 s
541 1590 549 1603 ,
568 1579 590 1596 e.
626 1568 687 1596 Adi.
724 1567 768 1596 Ad
783 1571 874 1604 inguen
881 1564 1010 1603 speffans.
1049 1564 1194 1600 Inguinalis
1208 1564 1291 1592 herba
1386 1571 1396 1590 1
1405 1570 1426 1589 N
1437 1570 1457 1589 H
1467 1570 1488 1590 A
1500 1569 1516 1588 L
1527 1570 1549 1589 A
1558 1569 1579 1589 T
1590 1569 1599 1588 1
1610 1568 1629 1589 o
1639 1582 1647 1595 ,
1669 1562 1736 1589 otiis.
1757 1561 1778 1588 f.
1813 1560 1961 1598 Iiispiratio.
1997 1559 2074 1597 Apud
2087 1558 2153 1587 Plin.
2168 1564 2198 1585 vt
2209 1560 2280 1585 aiunt
2287 1556 2395 1583 Lexica:
2438 1551 2443 1558 ’

250 1608 328 1643 Apul.
343 1607 373 1633 de
388 1607 468 1633 Herb.
481 1614 502 1631 0.
512 1609 555 1631 60.
1298 1606 1336 1632 40
1351 1604 1443 1635 negant
1455 1598 1558 1624 iiitliccs.
2106 1603 2114 1610 ·
2432 1595 2436 1604 ¹
2447 1607 2451 1615 1

285 1651 295 1670 i
303 1650 324 1669 N
333 1649 354 1668 G
363 1650 382 1668 v
390 1649 410 1668 R
421 1647 441 1667 G
451 1644 459 1666 1·
467 1648 487 1667 Τ
496 1648 515 1667 0
524 1660 531 1671 ,
557 1644 608 1665 are.
651 1640 836 1673 [ἓμφορὲομαι,
855 1637 1008 1672 dirimi-[gb]
1063 1635 1196 1673 Significat
1209 1636 1250 1662 vel
1261 1638 1289 1661 in
1388 1641 1397 1660 1
1407 1642 1428 1660 N
1438 1641 1458 1660 H
1468 1641 1490 1660 Α
1498 1641 1513 1660 L
1522 1635 1545 1660 Ᾱ
1557 1639 1579 1660 'r
1592 1640 1613 1660 v
1623 1640 1634 1660 s
1644 1652 1653 1665 ,
1669 1630 1708 1660 sis.
1726 1641 1762 1660 m.
1799 1631 1874 1660 Idem.
1918 1631 1995 1667 Apul.
2010 1632 2074 1663 Met.
2084 1639 2100 1658 2
2112 1639 2137 1665 p.
2146 1637 2192 1662 219
2212 1625 2325 1656 Patentis
2338 1624 2395 1653 oris
2428 1606 2451 1660 Ἠ

269 1681 372 1714 urgitem
379 1677 406 1712 se
419 1678 551 1707 coniicere,
571 1675 610 1700 ucl
624 1673 703 1705 instar
735 1677 827 1713 tergitis
840 1673 972 1700 abundare.
1027 1674 1129 1707 Proprie
1142 1673 1236 1698 locutus
1256 1669 1291 1703 est
1351 1669 1471 1696 inhalatu
1486 1669 1626 1696 cinasmeo.
1920 1666 1923 1667 ⁷
2380 1689 2382 1691 ,
2428 1654 2451 1703 ξς

249 1688 317 1740 gliti.
333 1720 371 1746 17,
385 1721 400 1738 2
420 1711 486 1737 docet
499 1712 559 1736 utile
569 1707 611 1742 effe
624 1709 697 1734 niues
730 1710 825 1734 iutinas
840 1708 936 1734 sedere.
991 1708 1073 1734 Causa
1105 1722 1150 1727 —
1169 1706 1240 1741 quod
1260 1705 1292 1732 li-
1387 1712 1396 1731 1
1408 1713 1429 1731 N
1439 1713 1459 1732 1⁴1
1469 1706 1492 1731 Ᾱ
1502 1713 1527 1731 Μ
1537 1712 1572 1737 O,
1589 1708 1643 1731 are.
1687 1705 1766 1731 Hamo
1778 1704 1908 1731 inuoluere.
1966 1703 2084 1729 Tralate:
2121 1700 2210 1727 Sidon.
2223 1706 2254 1731 9,
2267 1705 2284 1731 9
2311 1697 2395 1724 Vtica·
2432 1706 2452 1751 ἴ

251 1757 362 1783 quorem
390 1746 479 1772 sentim
498 1744 639 1779 praebent,
666 1751 761 1777 purum
779 1748 910 1777 praeterea
930 1742 1156 1775 leuiffiniuinque,
1186 1741 1291 1775 quando
1353 1740 1386 1766 tis
1402 1740 1557 1774 syllogismis
1572 1740 1720 1767 volubilem
1733 1739 1966 1773 tergiuersantium
1977 1739 2095 1773 linguam
2109 1736 2254 1763 inhamare.

249 1785 296 1810 nix
310 1790 438 1817 aquarum
452 1780 599 1807 caelestium
614 1779 703 1813 spuma
717 1778 761 1804 est.
815 1777 884 1811 Ergo
899 1777 995 1803 humor
1010 1785 1041 1802 ex
1055 1776 1096 1802 his
1114 1785 1166 1801 nou
1185 1777 1287 1802 vniuer-
1299 1783 1333 1808 45
1388 1782 1397 1799 1
1411 1781 1435 1810 N
1445 1781 1466 1800 H
1478 1782 1487 1799 1
1498 1782 1513 1801 B
1523 1782 1543 1801 A
1552 1780 1569 1801 E
1588 1785 1645 1802 aues
1665 1775 1718 1801 vid.
1738 1783 1748 1801 1
1760 1781 1782 1800 N
1794 1781 1809 1800 Ε
1818 1782 1834 1802 Β
1843 1782 1861 1801 R
1872 1781 1892 1800 Α
1902 1782 1927 1801 F..

249 1819 291 1845 sus
304 1817 468 1851 ingurgitans
481 1815 652 1847 (niuemque,
672 1813 715 1839 scd
729 1812 864 1847 quomodo
877 1812 962 1838 sititur
979 1810 1141 1846 (pi-outJitis
1154 1818 1234 1837 terrae
1246 1817 1292 1844 pa·
1388 1816 1397 1834 1
1407 1816 1428 1834 N
1438 1815 1458 1834 H
1469 1808 1531 1835 iEE
1541 1816 1577 1840 0,
1597 1810 1643 1840 ui,
1663 1810 1745 1840 itum,
1765 1813 1818 1835 ere.
1855 1810 1980 1844 [tyetpym
1997 1808 2125 1842 οἶκος-ἐγω]
2170 1808 2207 1833 Ex
2219 1807 2250 1833 In
2263 1809 2286 1831 et
2298 1802 2396 1830 Habeo

242 1852 345 1888 stulat)
374 1851 522 1880 destillans,
549 1848 622 1874 velut
642 1856 674 1873 cx
699 1847 780 1873 vberc
804 1847 852 1873 alit
874 1847 964 1873 omnia
975 1866 982 1877 ‚
1006 1856 1073 1881 quae
1093 1855 1147 1871 non
1169 1845 1288 1872 inundat.
1350 1843 1519 1879 compafflunm
1556 1841 1589 1876 est
1601 1853 1652 1870 rem
1665 1847 1800 1879 inceptam,
1819 1853 1848 1869 ne
1862 1844 1998 1878 procedat,
2023 1842 2150 1877 impedire.
2192 1841 2295 1867 Festus:
2321 1838 2409 1864 lubi-¹·
2449 1855 2451 1858 -

248 1891 329 1916 Etiam
343 1887 385 1913 illa
394 1887 467 1921 prior
479 1880 663 1921 notioficp-erest
677 1881 744 1915 apud
756 1881 837 1906 Solin.
850 1890 871 1906 c.
885 1888 898 1912 5
925 1882 1020 1914 (Salm.
1033 1882 1079 1914 11)
1106 1882 1292 1914 Qiantamque
1351 1878 1430 1911 bere,
1449 1878 1593 1905 Cohibere.
1664 1879 1739 1913 Virg.
1754 1881 1818 1905 Aen.
1829 1887 1867 1911 12,
1875 1881 1923 1911 693
1949 1878 2049 1905 Parcite
2063 1878 2116 1903 iam
2131 1876 2233 1908 Rutuli,
2251 1881 2277 1901 et
2289 1873 2336 1900 vos
2344 1873 2396 1900 tela
2450 1871 2451 1878 ¹

250 1925 291 1951 sui
303 1930 402 1958 partem
416 1919 633 1953 ingurgitaiierit,
659 1922 756 1942 tantam
783 1917 805 1941 it
822 1915 964 1949 perditum.
1036 1915 1167 1947 Salmasius
1183 1916 1293 1949 repositi:
1352 1913 1472 1939 inhibete
1482 1914 1581 1940 Latini.
1672 1914 1728 1939 Cic.
1744 1915 1820 1940 Verr.
1836 1922 1859 1944 5,
1874 1917 1914 1943 163
1926 1923 1947 1938 c.
1962 1916 1990 1943 63
1998 1920 2042 1947 pr.
2077 1912 2104 1938 Si
2118 1917 2143 1937 te
2157 1910 2230 1937 illius
2240 1910 2333 1937 acerba
2347 1909 2397 1934 im-

249 1959 349 1994 gurgiti
361 1955 540 1986 intimauerit,
563 1959 586 1979 tt
599 1951 637 1985 fic
650 1954 759 1986 priorem
772 1949 901 1976 editionem
916 1949 945 1975 ab
957 1948 1010 1983 ipfh
1026 1948 1127 1974 afflare
1142 1949 1291 1974 cmemlatam
1304 1957 1335 1982 50
1350 1948 1466 1980 ploratio
1480 1954 1505 1973 ct
1519 1957 1572 1973 vox
1587 1947 1745 1973 miserabilis
1765 1956 1819 1972 non
1832 1947 1979 1972 inhibebat.
2054 1946 2130 1972 Curt.
2142 1953 2159 1979 7
2169 1965 2177 1977 ,
2196 1953 2211 1971 2
2226 1951 2269 1979 pr.
2300 1943 2398 1970 Infesta
2440 1963 2445 1976 ,

250 1995 389 2022 arbitratur
404 2002 427 2026 p.
436 1999 481 2026 74,
493 1998 507 2016 a
521 1991 550 2016 C.
564 1987 635 2015 Idem
649 1987 732 2013 Solin.
746 1995 767 2012 c.
781 1987 811 2018 56
834 1986 930 2019 (Salm.
941 1985 991 2018 53)
1016 1983 1045 2009 de
1056 1984 1155 2010 conchis
1168 1986 1293 2018 margari-
1351 1982 1445 2007 concio
1457 1982 1502 2007 vix
1517 1981 1636 2008 inhiberi
1650 1982 1751 2015 potuit,
1770 1982 1835 2016 quin
1849 1982 1971 2014 protinus
1984 1981 2042 2007 saxa
2056 1981 2084 2007 in
2097 1989 2156 2006 eum
2168 1981 2273 2007 iaceret.
2327 1978 2396 2005 Plin.
2431 1991 2434 2005 ι

250 2037 349 2061 tarum,
376 2028 419 2055 Ne
443 2027 576 2052 fuscentur
589 2023 685 2057 lapides
701 2021 762 2048 solis
777 2021 879 2052 calore,
904 2019 1052 2050 subsidunt,
1077 2019 1139 2044 etse
1153 2017 1292 2052 profundis
1352 2025 1382 2048 2,
1402 2024 1415 2049 5
1446 2016 1474 2043 de
1494 2018 1632 2047 elementis,
1663 2017 1694 2043 Et
1713 2016 1782 2043 leuia
1800 2016 1962 2051 ponderibus
1980 2015 2099 2042 inhiberi
2112 2024 2166 2050 quo
2179 2016 2265 2042 minus
2278 2014 2395 2041 euolent.
2422 2025 2425 2028 ’

250 2065 421 2099 ingurgitant,
472 2060 545 2096 ‚Quod
563 2059 593 2085 tle
604 2056 716 2091 Salmasti
726 2057 853 2093 sentcntia
871 2059 908 2081 ita
921 2058 1027 2081 mutauit
1040 2058 1068 2094 in
1080 2056 1159 2080 altera
1174 2053 1294 2085 editione,
1351 2053 1466 2085 Aluum,
1493 2056 1510 2080 i.
1531 2050 1634 2085 Sistere:
1670 2055 1712 2078 cui
1724 2054 1876 2078 contrarium
1889 2051 1921 2084 est
1937 2052 2045 2079 Soluere
2075 2051 2141 2078 Plin.
2157 2060 2201 2085 19,
2216 2057 2238 2081 8.
2319 2049 2394 2077 Idem

251 2100 391 2128 Subfidunt
405 2099 434 2124 in
448 2095 625 2131 profimdum,
647 2099 672 2119 et
692 2093 716 2118 se
729 2091 878 2127 gurgitibus
891 2090 923 2117 ab
938 2090 1006 2116 aestu
1020 2089 1172 2120 vmdicant,
1195 2098 1219 2123 p.
1234 2094 1292 2119 821,
1352 2096 1386 2114 20
1396 2108 1404 2120 ‚
1419 2096 1436 2122 7
1468 2088 1526 2115 Nec
1540 2087 1592 2114 vlla
1606 2096 1646 2114 res
1660 2088 1789 2114 maiorem
1803 2087 1831 2114 in
1848 2087 1915 2114 cibis
1933 2087 2088 2114 auiditatem
2104 2087 2213 2119 incitat,
2238 2084 2402 2120 inhibetque.

252 2146 268 2163 a
281 2138 312 2163 A.
365 2133 528 2168 ingurgitare
546 2133 628 2167 itaque
648 2127 680 2161 est
693 2127 723 2163 se
741 2130 769 2153 in
787 2129 927 2163 gurgitem,
951 2128 978 2152 in
993 2125 1150 2161 profundum
1168 2133 1275 2160 mergere
1283 2134 1292 2152 ;
1306 2133 1333 2158 55
1351 2123 1451 2149 eadem.
1538 2123 1694 2150 Calcitratus
1726 2124 1792 2150 Plin.
1811 2129 1841 2156 8,
1859 2132 1906 2156 44.
1991 2123 2088 2149 Cursus
2108 2122 2245 2150 inhibebat
2264 2129 2394 2156 equorum

252 2179 275 2199 et
289 2173 347 2198 hinc
358 2170 533 2204 metaphorice,
551 2165 645 2196 cibum,
658 2170 758 2198 potum,
783 2163 921 2197 voluptates
934 2169 1087 2196 quascunque
1100 2163 1293 2193 intemperanter
1351 2158 1432 2184 Ouid.
1447 2158 1478 2184 ad
1491 2158 1550 2184 Liu.
1565 2167 1622 2191 229.
1679 2158 1726 2186 Sed
1736 2161 1838 2185 coniicit
1853 2159 1938 2195 Heius.
1952 2160 2092 2187 Burmanno
2101 2159 2222 2194 probante
2235 2156 2396 2185 Sustentabat

252 2206 384 2238 inuadere,
397 2212 419 2231 et
432 2207 458 2230 in
474 2201 551 2237 casse
564 2202 668 2227 velutin
681 2201 805 2237 gurgitem
816 2196 1074 2237 quendam'coniiccre.
1144 2194 1213 2221 Gen.
1228 2203 1262 2227 15,
1277 2203 1293 2220 2
1351 2202 1446 2228 aquas,
1466 2195 1607 2227 cursusque
1622 2194 1761 2221 inhibebat
1774 2194 1805 2221 ad
1813 2203 1922 2228 aequor.
1991 2194 2103 2221 Dolores
2123 2194 2189 2220 Plin.
2206 2203 2246 2227 20,
2259 2202 2281 2226 3.
2338 2192 2423 2224 Fle-·

252 2242 361 2270 Crebris
375 2247 399 2267 et
414 2238 563 2273 ingentibus
576 2235 676 2270 poculis
691 2242 770 2261 omne
785 2241 921 2267 ingenium
933 2230 1120 2265 ingurgitabat.
1189 2229 1292 2256 Poculis
1351 2235 1393 2255 tus
1418 2229 1499 2255 Ouid.
1512 2229 1597 2255 Trist.
1609 2236 1631 2261 5,
1648 2238 1667 2261 i,
1682 2232 1720 2261 56.
1823 2231 1882 2256 Lm,
1898 2239 1917 2262 χ,
1932 2236 1965 2264 43
2000 2229 2106 2256 Restitit
2117 2229 2242 2264 pauiduh
2261 2235 2339 2264 atque
2352 2228 2394 2255 in,
2406 2234 2423 2247 ,a

246 2276 327 2316 potest
340 2278 447 2304 Datiuus
461 2273 511 2307 fib.
582 2271 637 2298 Cic.
652 2271 683 2296 de
695 2269 753 2296 Fin.
768 2277 796 2301 2,
809 2276 839 2300 23
853 2273 896 2297 c.8
922 2267 1017 2294 Nolim
1031 2267 1103 2292 enini
1115 2264 1294 2304 mihi-fingere
1351 2263 1442 2290 hibuit
1458 2264 1558 2290 frenos,
1630 2264 1755 2292 inhibere
1770 2265 1913 2299 Imperium
1920 2265 2051 2302 fignificat
2061 2285 2070 2298 ,
2089 2263 2296 2301 quafipottstatis
2309 2271 2333 2291 ct
2344 2272 2395 2290 ma-
2421 2254 2426 2270 ¹¹

252 2315 354 2345 asotos,
382 2318 410 2338 vt
424 2310 528 2342 soletis,
554 2307 599 2342 qui
614 2307 641 2332 in
656 2306 769 2333 mensam
784 2309 906 2336 vomant,
929 2308 955 2329 et
970 2303 1018 2337 qui
1029 2301 1061 2328 de
1075 2301 1208 2327 conuiuiis
1222 2301 1291 2326 aufe-
1309 2300 1344 2325 60
1351 2297 1472 2336 gistratus
1484 2301 1556 2327 telum
1564 2298 1633 2332 striri
1654 2309 1699 2326 cre.
1768 2301 1828 2327 Liu.
1841 2310 1885 2333 37,
1904 2310 1929 2331 51
1963 2302 1993 2327 Et
2012 2300 2045 2327 ad
2066 2301 2193 2335 populum
2212 2307 2237 2327 et
2255 2298 2286 2326 111
2298 2300 2393 2326 Senatu

253 2355 360 2380 rantur,
385 2346 511 2379 crudique
530 2343 655 2378 postridie
673 2342 699 2367 se
717 2341 805 2367 rursus
817 2339 989 2374 ingurgitent.
1077 2336 1179 2363 Poculis
1192 2336 1291 2362 crebris
1353 2335 1454 2369 magnis
1470 2335 1633 2362 contentioni
1654 2345 1682 2362 us
1695 2341 1821 2363 certatum
1835 2336 1884 2367 est,
1912 2342 1937 2363 et
1955 2336 2066 2369 imperia
2087 2336 2202 2362 inhibita
2222 2335 2294 2360 vltro
2312 2333 2392 2360 citro·
2410 2342 2417 2344 ⁷

253 2383 448 2420 grandibusque
461 2380 571 2414 singulos
585 2377 745 2412 ingurgitare
769 2375 845 2410 Apul.
861 2376 950 2408 Met.7
963 2381 1045 2409 p.192.
1090 2407 1096 2412 .
1117 2372 1221 2398 Merum
1231 2381 1292 2398 ven-
1353 2379 1418 2410 qne,
1438 2376 1463 2398 et
1475 2370 1586 2406 pignora
1600 2377 1682 2405 capta,
1699 2378 1723 2397 et
1735 2372 1830 2399 multae
1843 2372 1937 2404 111ἑῖ30,
1950 2377 1975 2397 et
1988 2370 2110 2397 Tribuni
2123 2370 2255 2405 appellati.
2309 2368 2391 2394 Plaut.

253 2420 289 2447 tri
299 2419 413 2445 auiditer
433 2417 505 2443 Idem
514 2416 605 2446 Mem.
678 2412 822 2446 ingurgitat
831 2412 858 2437 in
871 2411 896 2436 se
909 2418 1011 2436 merum
1025 2413 1154 2437 warner,
1175 2413 1292 2442 tanquam
1352 2406 1432 2433 Stich.
1447 2414 1476 2439 ς,
1489 2417 1524 2440 4,
1545 2412 1570 2436 18
1601 2407 1695 2433 Vtrum
1708 2407 1820 2441 fontali,
1842 2417 1874 2434 au
1887 2407 1986 2434 Libero
2001 2406 2143 2441 imperium
2157 2412 2182 2431 te
2199 2403 2320 2431 inhibere
2338 2411 2392 2439 1113-

252 2459 280 2481 in
298 2457 421 2492 gurgitem
442 2455 552 2488 ingerit,
576 2450 658 2476 Plaut.
677 2449 754 2475 Cure.
774 2456 799 2480 1,
818 2456 850 2480 2,
869 2453 905 2479 35.
1020 2444 1075 2470 Cic.
1090 2442 1204 2476 Philipp.
1242 2461 1248 2468 .
1286 2461 1293 2468 .
1351 2441 1409 2468 Vis?
1445 2444 1464 2468 i·
1490 2443 1578 2473 Istrum
1588 2440 1694 2478 Prat'zffi’
1714 2442 1780 2477 (hoc
1792 2443 1825 2478 cst
1837 2444 2001 2479 imperitare)
2021 2451 2096 2477 aquae
2110 2438 2391 2470 velvinornmffirando.

253 2491 326 2519 Idem
339 2498 420 2524 quum
440 2489 465 2514 se
478 2487 543 2513 cibis
558 2484 774 2523 ingurgitauisset.
864 2482 943 2509 Toto
956 2488 1066 2514 corpore
1080 2487 1121 2505 ine
1133 2477 1294 2512 ingurgitaui
1309 2476 1340 2507 65
1358 2478 1402 2503 Vel
1414 2476 1493 2503 bibere
1506 2480 1590 2503 vinum
1604 2478 1643 2504 vel
1656 2487 1751 2513 aquam.
1818 2479 1878 2506 Liu.
1892 2489 1913 2512 3,
1926 2484 1954 2511 38
1972 2478 2000 2504 dt·
2014 2479 2183 2508 Decemm'ris,
2202 2473 2394 2501 Tentationeni

253 2528 358 2553 Petron.
373 2534 394 2551 c.
408 2526 448 2554 86.
482 2523 510 2549 de
521 2522 656 2553 libidinosis
669 2517 786 2546 athlans.
856 2518 912 2545 Cic.
927 2517 956 2543 in
972 2517 1057 2542 Pison.
1070 2523 1106 2548 42
1119 2523 1140 2540 c.
1156 2519 1180 2543 18
1219 2514 1295 2539 Nun·
1328 2518 1331 2521 “
1353 2521 1411 2539 03111
1424 2512 1482 2538 foi-e
1495 2511 1620 2539 abolendi
1640 2512 1688 2540 sibi
1707 2514 1886 2548 magistratus,
1906 2516 1934 2540 ni
1953 2514 2077 2539 consensu
2092 2512 2250 2541 resisterent,
2270 2508 2395 2543 imperio·
2432 2521 2440 2525 -

255 2571 334 2597 quam
348 2567 372 2587 te
388 2561 415 2586 in
428 2565 468 2585 tot
482 2558 581 2592 flagitia
599 2556 786 2590 ingurgitasses.
894 2552 1056 2587 Ingurgitare
1080 2551 1105 2576 sc
1127 2550 1155 2576 in
1179 2548 1295 2583 pliiloso-
1353 2557 1405 2583 que
1418 2547 1566 2576 inhibendo
1579 2548 1675 2576 acriter
1688 2549 1716 2575 in
1739 2558 1832 2584 paucos
1851 2549 2009 2583 praeferocis
2028 2548 2127 2579 animi,
2152 2555 2260 2573 conatus
2280 2545 2404 2578 aliorum>
2431 2532 2447 2575 ᾖ

256 2597 345 2632 phiam
375 2595 440 2622 Gell.
456 2602 485 2627 ς,
505 2596 540 2620 16.
574 2589 684 2623 honeste,
701 2598 729 2616 vt
743 2590 832 2616 Heluo
843 2589 971 2616 librorum.
1037 2588 1075 2613 At
1087 2585 1250 2620 ingurgitare
1263 2584 1294 2612 Se
1354 2584 1567 2618 comprimerent.
1640 2586 1670 2610 Et
1684 2594 1704 2611 c.
1713 2592 1744 2617 50
1767 2585 1911 2620 Imperium
1925 2583 1942 2610 si
1956 2584 2014 2618 quis
2029 2583 2173 2617 inhiberet,
2195 2588 2220 2608 ct
2232 2582 2304 2608 viros
2319 2586 2343 2606 et
2355 2587 2396 2605 ar-
2430 2579 2446 2598 ἵ·

253 2635 284 2660 111
298 2632 384 2665 copias
403 2631 529 2661 alicuius,
554 2632 572 2654 i.
593 2626 738 2662 Auillius-se
750 2629 874 2662 ingerere,
900 2623 1018 2660 vtfhlcnt
1025 2622 1142 2659 samchci
1159 2627 1184 2648 et
1196 2629 1297 2647 voraces
1355 2625 1438 2646 matos
1451 2621 1476 2646 se
1490 2621 1537 2646 ess‘e
1547 2640 1555 2652 ,
1568 2620 1749 2654 respondetur.
1817 2622 1858 2647 Sic
1871 2619 1930 2647 Liu.
1945 2628 1963 2652 4
1972 2639 1979 2650 ,
1993 2627 2016 2652 51
2044 2618 2155 2646 Consuli
2169 2618 2292 2645 damnum
2304 2615 2396 2642 aliam·

256 2669 312 2696 Cic,
326 2667 438 2701 Philipp.
451 2674 476 2697 2,
491 2667 520 2697 65
533 2673 554 2690 c.
567 2671 610 2697 27.
1308 2660 1344 2689 70
1354 2663 1405 2690 que
1420 2655 1610 2681 coercitionem
1624 2655 1829 2682 detretStautibus
1848 2655 1973 2682 militiam
1993 2654 2136 2681 inhibenti.
2213 2653 2286 2679 Idem
2305 2653 2352 2688 36,
2367 2655 2397 2680 28

292 2711 302 2730 1
312 2710 333 2729 N
343 2709 363 2728 G
374 2709 393 2727 v
402 2709 420 2728 R
429 2707 448 2727 (ι
461 2708 468 2725 1
479 2707 499 2725 Τ
509 2701 528 2726 ,ti
540 2706 560 2725 T
572 2706 592 2723 v
602 2705 614 2724 s
623 2715 631 2727 ‚
650 2705 680 2729 3,
700 2705 754 2722 11111.
791 2696 884 2722 Partic.
936 2695 1039 2721 Petron.
1054 2702 1075 2719 c.
1089 2700 1124 2727 79
1153 2692 1224 2717 Anus
1240 2690 1297 2717 diu-
1355 2691 1479 2718 Phaeneas
1490 2693 1605 2721 Aetolos,
1632 2691 1741 2718 Certum
1760 2690 1861 2722 habeo,
1888 2694 1988 2726 inquit,
2010 2696 2037 2717 te
2056 2688 2233 2725 imprudentia
2255 2688 2325 2720 labi,
2349 2686 2398 2721 qui.

256 2739 309 2766 tius
324 2737 482 2772 ingurgitata
495 2744 527 2761 ne
543 2736 629 2768 ignem
644 2731 752 2766 quidem
765 2731 900 2757 admotum
911 2729 994 2756 sensit.
1073 2727 1193 2755 Macrob.
1208 2727 1295 2753 Somn.
1355 2726 1433 2753 nobis
1446 2726 1568 2761 imperes,
1581 2735 1648 2761 quae
1666 2727 1748 2753 moris
1767 2727 1929 2753 Graecorum
1951 2735 2005 2752 non
2025 2725 2082 2752 fint.
2136 2725 2176 2751 Ad
2201 2724 2265 2751 haec
2288 2721 2396 2753 consul,

256 2774 324 2807 Scip.
340 2782 383 2804 1,3
415 2771 532 2797 Το11101ο
546 2768 727 2802 ingurgitatus.
910 2799 915 2804 ·
1356 2762 1431 2794 Nec,
1447 2762 1558 2793 Hercle,
1580 2762 1684 2796 inquit,
1714 2771 1873 2797 magnopere
1892 2771 1959 2788 nunc
1972 2770 2051 2794 curo,
2080 2761 2145 2796 quid
2170 2759 2258 2787 Aetoli
2282 2758 2341 2786 satis
2363 2765 2395 2783 ex
2444 2788 2449 2793 .-

294 2817 303 2835 i
314 2816 335 2834 N
346 2814 366 2834 G
377 2814 396 2833 v
406 2812 453 2833 RG
465 2811 473 2830 1
485 2811 535 2831 ΤΛ
543 2812 564 2830 Τ
574 2810 582 2828 1
594 2809 628 2833 0,
647 2801 714 2828 onis.
744 2801 764 2827 f.
800 2799 877 2836 Apud
887 2800 995 2826 Firmic.
1011 2806 1039 2832 5,
1052 2804 1075 2829 8.
1356 2806 1430 2824 inore
1445 2797 1606 2824 Graecorum
1621 2797 1720 2824 13811111
1734 2799 1782 2825 effe
1797 2799 1929 2825 censeant:
1965 2797 2027 2824 dum
2048 2805 2097 2831 ego
2118 2805 2192 2824 inore
2212 2797 2332 2822 Romano
2348 2793 2397 2819 1111-

298 2851 306 2870 1
318 2851 337 2870 N
349 2849 369 2871 (5
382 2850 401 2867 v
411 2849 423 2868 S
432 2849 453 2867 Τ
463 2848 484 2867 A
493 2847 507 2866 11
516 2842 524 2865 i
534 2846 549 2864 L
560 2845 567 2864 1
579 2845 591 2864 ς
601 2858 608 2869 ,
626 2846 648 2863 0.
685 2836 745 2862 Adi.
781 2836 914 2869 [Elytas-05]
951 2834 1024 2870 Qeod
1040 2831 1137 2870 gustari
1150 2843 1198 2860 non
1207 2832 1296 2869 potest.
1312 2838 1343 2866 75
1356 2833 1460 2867 perium
1475 2832 1610 2859 inhibeam
1624 2833 1652 2859 in
1666 2833 1777 2860 deditos.
1838 2833 1895 2860 Vsa,
1912 2835 1987 2860 Gron.
2001 2833 2034 2860 ad
2047 2833 2096 2860 hd.
2111 2839 2135 2859 tt
2144 2832 2177 2859 ad
2185 2841 2208 2865 ³›
2220 2841 2258 2866 59.
2318 2827 2399 2859 Verbo,

259 2878 427 2914 Ingiistabilis
441 2877 499 2903 fons
523 2874 587 2901 Plin.
601 2883 622 2905 2,
637 2874 691 2899 106.
754 2871 826 2897 Idem
838 2874 877 2903 16,
893 2872 923 2896 26
947 2870 1052 2897 Femina
1065 2869 1120 2904 post
1134 2870 1297 2896 Autumnum
1356 2868 1479 2895 inhibere
1493 2867 1676 2903 imperinmest
1683 2869 1744 2894 illud
1758 2878 1876 2902 exercere,
1889 2875 1912 2894 et
1919 2875 1996 2904 prout
2008 2876 2067 2903 opus
2080 2869 2119 2894 vel
2132 2870 2218 2903 volupe
2230 2864 2264 2900 est*
2274 2863 2396 2893 adhibere,

259 2916 312 2942 fert
326 2915 414 2940 baccas
428 2911 532 2938 acerbas
547 2916 572 2936 et
585 2907 751 2942 ingustabiles
764 2906 862 2932 cunc‘tis
875 2905 1062 2933 animantibus.
1356 2904 1443 2939 illoque
1456 2906 1504 2930 vti.
1577 2905 1693 2930 Mentem
1708 2904 1832 2930 inhibere
1847 2913 1861 2931 a
1873 2905 1945 2938 turpi
1958 2903 2058 2939 probro
2090 2903 2175 2930 Catul.
2189 2907 2227 2934 88,
2238 2910 2264 2934 4.
2334 2898 2395 2925 Liu.
2429 2896 2439 2906 ‘

298 2958 337 2976 1N
348 2956 368 2975 G
380 2955 399 2973 v
412 2955 424 2974 s
434 2955 454 2974 T
464 2949 486 2973 Ᾱ
495 2951 582 2977 Tvs‚
601 2953 628 2974 a,
649 2952 702 2968 uni.
740 2942 799 2968 Adi.
834 2941 972 2975 [azymos]
1010 2942 1066 2967 Non
1072 2938 1192 2976 gustatus.
1228 2941 1296 2967 Hor.
1356 2949 1386 2973 3,
1399 2948 1430 2973 39
1466 2937 1588 2966 Inhibito
1603 2940 1741 2966 salubriter
1755 2939 1839 2966 Modo
1856 2940 1955 2966 nimiae
1967 2939 2114 2974 potestatis,
2140 2938 2204 2974 quod
2215 2940 2397 2970 interpretatur
2417 2964 2419 2966 ,

260 2987 342 3014 Serm.
356 2993 385 3014 2,
399 2989 427 3015 8,
447 2992 476 3014 30
513 2982 548 3007 Vt
561 2980 602 3006 vel
619 2979 746 3005 continuo
759 2978 858 3012 patuit,
876 2986 956 3012 quum
968 2976 1069 3012 pass'eris
1080 2997 1088 3009 ‚
1105 2982 1183 3010 atque
1220 2976 1299 3010 Ingu-
1356 2977 1462 3002 Gronau.
1474 2974 1584 3010 imposito
1598 2975 1665 3001 modo
1679 2974 1806 3011 potcstati.
1863 2977 1903 3003 Sic
1919 2976 1979 3002 Vim
1999 2975 2130 3001 inhibere.
2201 2972 2307 2998 Nauem
2326 2969 2395 2997 inhi-

260 3022 323 3049 stata
337 3020 404 3046 mihi
420 3016 569 3052 porrexerit
582 3016 628 3041 ilia
641 3012 757 3041 rhombi.
802 3023 805 3029 ¹
824 3011 870 3039 Sed
1051 3010 1058 3015 '
1320 3011 1420 3041 80berc
1432 3016 1519 3042 retro,
1546 3009 1578 3042 ‹st
1593 3012 1672 3049 Quini
1686 3015 1788 3047 remiges
1805 3021 1852 3037 non
1871 3017 1967 3037 tantum
1986 3009 2129 3046 procursum
2145 3010 2218 3034 nauis
2229 3005 2356 3041 justitient
2373 3010 2398 3031 et

297 3064 305 3082 1
316 3064 335 3083 N
345 3062 364 3081 G
376 3063 396 3081 v
406 3061 418 3081 S
428 3061 449 3080 'r
458 3060 476 3080 o
486 3059 534 3087 pro
548 3049 695 3084 Gustanclnm
707 3048 765 3075 dare
774 3067 780 3079 ,
798 3048 889 3083 legitur
903 3046 1090 3082 apudTertull.
1100 3045 1198 3072 aduers.
1210 3046 1299 3072 Gnost.
1350 3044 1458 3081 sistunt,
1477 3044 1524 3081 sed
1536 3049 1609 3071 ctiam
1622 3053 1719 3081 repente
1733 3047 1855 3082 rctrorfiAs
1869 3053 1960 3082 agunt,
1980 3046 2008 3072 id
2020 3049 2077 3081 quia
2082 3044 2119 3079 fit
2131 3046 2191 3069 naui
2206 3046 2233 3068 in
2242 3043 2346 3078 puppim
2359 3049 2398 3067 rt·
2443 3051 2447 3062 =

254 3093 280 3129 J:
293 3093 380 3125 Scorp.
401 3099 421 3115 c.
436 3097 453 3123 7
487 3088 564 3114 Latio
579 3086 610 3112 ad
624 3085 781 3111 hodiernum
797 3083 857 3109 Ioui
870 3083 897 3108 in
912 3082 998 3108 media
1010 3083 1075 3109 vrbe
1092 3082 1194 3115 sanguis
1209 3081 1300 3108 huma·
1358 3080 1473 3112 troaHa,
1498 3081 1550 3106 ideo
1565 3082 1653 3107 Gracci
1666 3081 1773 3116 πρύμναν
1790 3081 1913 3115 κρέσαιθαι
1926 3081 1969 3116 ³19²)
1981 3079 2149 3116 ἐνακρέσικιθαι
2167 3085 2265 3104 vocant.
2321 3075 2397 3112 quue

261 3137 308 3154 nus
323 3125 475 3160 ingustatur.
536 3121 608 3157 Qcod
620 3124 657 3147 ita
670 3122 786 3156 exprimit
800 3118 899 3144 Minue.
914 3118 967 3143 rel.
984 3126 1030 3150 21,
1044 3125 1068 3149 15
1102 3118 1202 3151 Iupiter
1215 3117 1300 3143 vester
1350 3116 1515 3153 ficrijblebat
1527 3117 1566 3142 vel
1584 3119 1611 3141 in
1624 3116 1692 3152 suga
1710 3117 1850 3149 moderata,
1877 3124 1907 3143 vt
1927 3123 2039 3144 canerent
2053 3112 2156 3150 puppim
2175 3115 2296 3141 obuertere
2308 3114 2399 3148 proris
2438 3112 2451 3138 32

262 3179 307 3183 ,-
334 3170 414 3196 quum
435 3158 546 3186 Latiaris
565 3163 683 3189 vocatur,
708 3162 802 3183 cruore
814 3152 993 3189 perfunditur.
1048 3153 1090 3180 An
1103 3152 1248 3188 ingustatur
1267 3150 1300 3186 ist
1357 3150 1461 3185 hostium
1473 3151 1664 3187 iii-sequentium,-
1700 3154 1739 3179 vel
1759 3156 1785 3178 in
1803 3151 1957 3189 appufflsad
1973 3153 2049 3182 litus,
2070 3157 2098 3176 vt
2113 3153 2206 3185 puppis
2215 3147 2306 3181 statim
2326 3148 2399 3174 litori
2432 3148 2444 3154 '¹

262 3198 374 3226 Libatur
382 3217 391 3231 ,
408 3194 542 3232 gustandas
554 3195 656 3229 111-ΜΡΝ
1317 3189 1346 3220 85
1359 3187 1460 3222 obuersa
1468 3194 1562 3222 partita
1576 3185 1628 3220 z’ffi't
1643 3187 1676 3213 ad
1688 3197 1774 3214 nouum
1788 3192 1891 3223 cursum.
1946 3188 1974 3214 A
1979 3188 2058 3221 puppi
2068 3193 2144 3220 porro
2157 3181 2310 3221 riligalmtur
2321 3182 2398 3218 funi·
2430 3197 2435 3202 ν

1359 3223 1402 3249 bus
1411 3224 1435 3259 J:
1453 3225 1505 3249 oris
1516 3223 1550 3249 all
1560 3224 1635 3254 litus,
1650 3232 1664 3248 a
1672 3229 1751 3257 prora
1767 3224 1921 3250 iaciebantur
1935 3230 2045 3249 ancorae.
2105 3221 2207 3247 put-hm
2221 3218 2268 3252 ista
2281 3228 2310 3245 ex
2324 3220 2400 3245 Grae·
2418 3222 2442 3251 ‚¹

640 3265 653 3297 1
760 3263 791 3296 N
895 3262 928 3294 Η
1360 3262 1398 3285 cis
1406 3258 1553 3294 pracsertim
1565 3257 1730 3293 scriptoribus
1750 3257 1901 3292 illustrauit,
1924 3264 1946 3283 ct
1960 3258 2059 3282 Latinis
2073 3265 2118 3292 qua
2133 3254 2330 3291 interpretandis
2350 3260 2399 3289 qua
2442 3279 2449 3286 Γ

1360 3294 1517 3320 emendandis
1531 3293 1641 3320 adhibuit
1655 3294 1759 3319 Gronau.
1776 3292 1841 3326 Obſjl
1855 3304 1886 3327 4,
1904 3295 1938 3320 26
1968 3298 1991 3319 ct
2006 3291 2094 3327 paffim
2112 3291 2147 3318 vd
2164 3293 2233 3317 Liuii
2251 3292 2320 3322 loca,
2339 3296 2399 3324 quae
2436 3287 2457 3320 ‘ag'

301 3348 310 3367 1
321 3347 344 3367 Ν
357 3345 378 3366 Η
388 3347 409 3367 Α
419 3339 478 3367 B't'L
488 3345 497 3365 1
508 3344 520 3365 s
529 3357 537 3370 ,
556 3345 579 3364 e.
615 3334 676 3361 Adi.
714 3330 892 3368 [duumvidios]
930 3331 988 3358 Non
1001 3335 1082 3365 aptus.
1130 3329 1261 3356 Columel.
1276 3338 1303 3362 2,
1360 3329 1498 3356 laudamus.
1553 3331 1666 3356 Breuiter
1679 3337 1768 3364 quoque
1780 3328 1882 3362 ostmdit
1893 3329 1980 3354 Grata.
1995 3328 2028 3353 ad
2040 3328 2090 3354 Cic.
2107 3328 2172 3354 Fam.
2185 3337 2221 3359 12,
2235 3335 2267 3358 13-
2336 3323 2398 3350 Liu.
2463 3326 2465 3331 ⁴

268 3386 277 3403 i
310 3373 514 3409 progenerandis
537 3373 584 3399 eise
603 3371 700 3397 fetibus
724 3369 878 3396 inhabilem.
971 3365 1098 3392 inhabilis
1118 3365 1150 3391 ad
1172 3365 1302 3399 agendum
1316 3375 1352 3400 90
1363 3373 1401 3396 30,
1419 3373 1455 3394 10,
1470 3372 1497 3398 17
1523 3365 1558 3391 Vt
1571 3372 1688 3397 quaeque
1702 3365 1812 3391 rostrata
1826 3363 1899 3390 nauis
1913 3369 1986 3388 retro
2000 3362 2123 3394 inhibita,
2134 3363 2291 3398 ,onerariam
2303 3359 2361 3395 post
2372 3359 2398 3385 se
2442 3359 2464 3386 s

267 3413 345 3438 Caius
360 3412 387 3437 in
402 3412 418 3437 1.
435 3419 443 3436 1
464 3408 550 3444 infime
569 3409 599 3434 D.
613 3405 694 3440 Qiod
708 3406 835 3439 cuiusque
850 3401 982 3430 vniuersit.
997 3401 1111 3428 nomine.
1183 3400 1243 3426 Liu.
1256 3402 1305 3430 26,
1363 3399 1498 3432 trahebat,
1518 3399 1599 3426 scindi
1612 3399 1713 3425 videres
1730 3399 1842 3426 vincula.
1896 3397 1964 3423 ΑΜ.
1980 3398 2016 3424 ld.
2032 3401 2075 3430 26,
2087 3407 2118 3432 39
2136 3399 2225 3435 Qnun
2238 3396 2329 3424 rostris
2337 3403 2398 3421 con-
2455 3423 2457 3431 Ι

268 3450 295 3472 16
325 3448 385 3473 Sine
400 3445 508 3472 consilio
522 3443 643 3478 publico,
663 3441 715 3468 sine
731 3440 845 3474 imperio
859 3437 1055 3465 multitudinem
1069 3435 1166 3462 nullius
1178 3435 1219 3462 rei
1236 3435 1304 3462 inter
1364 3436 1512 3466 curriss'ent,
1535 3444 1619 3470 neque
1639 3440 1710 3462 retro
1729 3443 1821 3461 nauem
1841 3432 2008 3467 inhiberent,
2031 3443 2079 3460 nec
2098 3434 2190 3460 dirimi
2201 3433 2243 3460 'ab
2257 3433 2282 3458 se
2297 3430 2398 3458 hostem
2441 3432 2464 3460 .,''

270 3482 295 3507 se
308 3482 418 3513 sociam,
442 3481 475 3507 ad
489 3479 640 3506 consensum
654 3476 800 3504 inhabilem
814 3476 881 3501 fore.
971 3472 1101 3499 Inhabilis
1114 3470 1304 3505 magnitudinis
1362 3476 1522 3505 paterentur.
1591 3471 1659 3496 Hinc
1671 3476 1764 3497 nautae
1777 3468 1897 3495 inhibere
1911 3469 1990 3495 remis
2003 3468 2136 3502 dicuntur,
2152 3478 2224 3504 quum
2237 3476 2323 3494 nauem
2330 3472 2399 3498 retro
2445 3466 2464 3481 ²¹

271 3517 360 3548 1131115,
382 3525 459 3550 quain
473 3515 600 3542 sexdecim
615 3514 704 3540 versus
718 3519 852 3538 remorum
866 3507 975 3543 agebant
1008 3507 1080 3534 Idem
1094 3515 1136 3540 33,
1154 3516 1192 3539 30.
1262 3507 1304 3533 In·
1362 3513 1457 3532 vertere
1485 3507 1605 3538 uolentes,
1636 3508 1761 3532 currentis
1778 3507 1906 3538 impetum,
1938 3514 2057 3531 remorum
2082 3503 2232 3539 imprqffione
2257 3502 2399 3531 retae-dam.
2441 3510 2450 3531 g

270 3550 358 3577 habile
372 3551 498 3585 imperitis
512 3550 592 3577 telum
606 3548 638 3576 ad
650 3546 836 3574 remittendum
863 3544 936 3571 Idem
950 3552 990 3576 24.
1007 3552 1047 3576 34.
1319 3550 1351 3576 95
1364 3543 1419 3568 Cic.
1433 3541 1464 3568 de
1476 3543 1549 3568 Orat.
1563 3549 1587 3573 1,
1601 3548 1638 3574 153
1658 3550 1678 3567 0.
1690 3550 1717 3573 33
1732 3545 1794 3566 extr.
1827 3539 1860 3565 Vt
1872 3540 1944 3565 enim
1958 3540 2066 3566 incitato
2079 3540 2203 3574 nauigio,
2225 3547 2306 3574 quum
2320 3537 2400 3563 remi·
2435 3561 2452 3573 Ἰ,

307 3594 316 3611 1
330 3592 349 3610 Ν
362 3593 380 3610 11
391 3594 409 3612 Α
420 3588 479 3613 Βϊτ
490 3592 508 3611 O
519 3606 526 3617 ‚
546 3590 598 3611 are.
635 3583 760 3618 [ἐνοικέω]
813 3580 879 3608 Idem
897 3579 960 3615 quod
974 3580 1102 3605 Habitare.
1153 3576 1214 3603 Liu.
1229 3585 1271 3609 ²4,
1289 3585 1302 3608 3
1363 3586 1406 3611 ges
1420 3577 1605 3608 inhibuerunt,
1629 3577 1725 3602 retinet
1744 3580 1830 3601 tamen
1850 3574 1903 3608 ipsa
1918 3575 1991 3601 nauis
2004 3580 2105 3602 motum
2118 3582 2143 3601 et
2155 3575 2258 3601 cursum
2271 3575 2345 3600 suum
2358 3572 2398 3598 in-
2441 3578 2464 3596 ’¹

271 3621 362 3647 Procul
378 3622 413 3653 ii,
427 3622 471 3655 qui
484 3620 707 3647 inhabitabantur.
734 3617 782 3654 fid
793 3620 901 3643 incertus
922 3616 988 3641 Iocus
1000 3612 1048 3646 ist:
1084 3611 1136 3639 vid.
1152 3613 1257 3651 (ironam.
1276 3612 1305 3637 dc
1364 3613 1479 3639 termisso
1492 3613 1591 3647 impetu
1604 3611 1730 3645 pulsuque
1742 3618 1889 3636 remorum:
1925 3610 1958 3636 iic
1977 3610 2003 3636 in
2025 3612 2147 3637 oratione
2161 3616 2294 3645 perpetua,
2313 3616 2398 3643 quum
2445 3636 2452 3644 ⁸

272 3666 342 3682 cium
350 3656 474 3691 fintcntia
488 3656 610 3682 Drakcnb.
631 3654 727 3685 edidit,
750 3655 803 3679 Arx
830 3650 921 3687 procul
941 3649 990 3682 iis,
1038 3657 1085 3675 uae
1108 3646 1304 3674 habitabantur.
1364 3648 1457 3682 scripta
1472 3647 1610 3678 deficiunt,
1628 3655 1716 3681 parem
1730 3651 1815 3672 tamen
1828 3646 1932 3672 obtinet
1944 3645 2031 3672 oratio
2045 3645 2145 3680 reliqua
2160 3646 2275 3676 eui-fimi,
2289 3644 2399 3677 scripto·
2442 3637 2458 3686 ἃ]

273 3691 403 3730 inhabitat
417 3692 516 3717 animus
531 3692 558 3717 in
571 3691 654 3717 oculis
684 3690 749 3715 Plin.
766 3698 805 3720 11,
820 3697 843 3720 37
857 3687 874 3713 s.
889 3694 935 3725 54..
957 3685 1012 3724 vil.
1036 3683 1148 3723 mmm:
1209 3683 1305 3723 601111111-
1364 3693 1423 3710 1·11111
1438 3683 1624 3713 similitudine,
1640 3687 1666 3708 et
1679 3681 1706 3707 vi
1720 3681 1854 3720 concitata.
1908 3681 2034 3708 inhibere
2052 3681 2187 3716 nauigium
2206 3681 2302 3707 Cicero
2316 3677 2399 3711 exilii-
2435 3677 2457 3735 ἐμ

274 3727 338 3752 Phn·
351 3730 375 3755 6.
389 3735 412 3760 17
427 3727 485 3753 [20
504 3727 559 3753 Nec
572 3732 632 3752 ante
644 3724 781 3751 dimidiam
797 3724 852 3750 fere
865 3720 1057 3754 longitudinem
1076 3733 1122 3738 —-
1141 3716 1444 3745 inhabitaturioomabat
1457 3718 1500 3752 effe
1518 3718 1624 3750 ἐπέχειν,
1641 3717 1686 3743 hoc
1698 3714 1858 3752 e’sijusiinere
1875 3715 1999 3750 etfiliere.
2050 3718 2110 3744 Alio
2122 3724 2201 3743 tamen
2213 3715 2301 3750 iocose
2320 3720 2401 3750 repre·-
2436 3717 2458 3741 ,Τί

274 3769 303 3786 ⁰¹³
318 3763 398 3794 regio·
470 3763 499 3787 Et
512 3769 577 3796 5pr.
599 3761 628 3786 de
642 3760 739 3795 Afris,
758 3759 828 3786 Alias
845 3756 945 3784 castella
957 3756 1013 3782 fere
1027 3754 1183 3781 inhabitant.
1365 3754 1466 3786 henam,
1485 3753 1516 3780 ad
1531 3753 1645 3779 Atticum
1662 3760 1693 3782 ¹3,
1707 3760 1729 3777 21
1754 3752 1877 3778 1,,1111)εκ
1896 3752 2023 3788 (inquit)
2041 3752 2108 3778 illud
2123 3758 2213 3782 mum,
2237 3749 2308 3785 quod
2322 3748 2399 3776 valde
2435 3745 2457 3789 ξ

313 3803 320 3820 1
332 3802 349 3820 N
362 3804 379 3821 Η
390 3803 433 3822 ΑΒ
445 3803 454 3821 1
467 3803 487 3821 Τ
497 3803 519 3823 Α
530 3803 550 3822 N
562 3802 592 3827 s,
611 3796 686 3821 antis.
721 3794 814 3821 Partic.
850 3794 914 3819 Pliu.
928 3791 1006 3825 Epist.
1021 3798 1047 3824 7,
1062 3799 1101 3821 27,
1115 3792 1132 3815 6
1153 3788 1216 3815 Inde
1231 3788 1304 3814 inha-
1364 3789 1433 3815 mihi
1446 3789 1584 3820 arriserat,
1601 3786 1769 3820 uehementer
1782 3787 1911 3821 displicet.
1972 3786 2014 3812 Est
2026 3788 2098 3815 enim
2112 3786 2223 3813 verbum
2235 3791 2319 3813 totum
2337 3793 2400 3811 nau-
2437 3783 2449 3817 ¹5

274 3830 416 3856 bitantibus
430 3832 511 3857 tristes
523 3823 772 3864 diraeqiieiioc’tes.'
818 3828 966 3863 ApulMet.
982 3835 990 3853 1
1006 3836 1030 3861 p.
1041 3831 1073 3856 18,
1088 3833 1110 3851 11
1136 3826 1200 3851 Flor.
1221 3825 1305 3850 Densa
1364 3825 1457 3856 ticum,
1476 3830 1632 3858 quamquam
1648 3822 1674 3848 id
1688 3822 1793 3856 quidem
1802 3822 1930 3849 sciebam:
1952 3821 1993 3848 sed
2006 3821 2154 3850 arbitrabar
2167 3821 2287 3848 sustineri
2303 3828 2400 3851 remos,
2439 3835 2443 3845 ‚

276 3865 476 3891 inhabitantium
490 3865 615 3892 aedificia.
652 3867 682 3891 it.
696 3864 775 3897 Vulg.
791 3864 868 3891 Sirac.
884 3872 920 3894 10,
934 3871 957 3889 2.
973 3868 1018 3888 etc.
1364 3868 1445 3894 quum
1458 3857 1575 3885 inhiberi
1588 3858 1664 3883 ess‘ent
1677 3858 1787 3893 remiges
1800 3857 1864 3884 iuffi.
1918 3856 1947 3884 Id
1962 3865 2016 3884 non
2029 3859 2076 3886 esse
2089 3857 2220 3884 eiusmodi
2234 3856 2317 3883 didici
2330 3855 2400 3888 heri,
2432 3861 2444 3885 ’1

310 3907 319 3926 1
330 3907 349 3926 N
359 3907 380 3926 11
388 3907 410 3927 A
418 3906 433 3927 11
443 3907 451 3925 1
460 3907 480 3927 Τ
489 3907 510 3928 A
520 3901 551 3928 Bi
560 3907 576 3927 1.
588 3907 597 3927 1
607 3907 619 3927 s
628 3918 636 3931 ‚
655 3908 679 3926 0.
726 3899 787 3926 Adi.
838 3898 993 3933 [ἀνοίκητα]
1050 3895 1124 3932 Qaeod
1134 3895 1244 3923 habitari
1257 3901 1356 3938 iumio5
1365 3902 1447 3930 quum
1458 3893 1490 3922 ad
1503 3893 1596 3920 villam
1610 3893 1724 3921 nostram
1736 3893 1812 3921 nauis
1824 3892 2007 3928 appelleretur.
2047 3893 2112 3929 Non
2125 3892 2197 3920 enim
2209 3891 2399 3956 sustinendas&
2424 3889 2445 3910 ²<

1815 3941 1817 3943 .
2371 3935 2401 3956 ω
2431 3935 2444 3958 ,-

2430 3980 2451 4001 Nl.

2445 4052 2457 4106 *l
