2479 4225
7 2327 10 2329 ’
37 2325 145 2353 ciuitatis
159 2326 308 2353 formatrix.

0 2430 8 2453 ξ’
34 2432 123 2459 Seruat
134 2433 207 2460 enim
219 2434 403 2465 formaturam,
424 2433 562 2466 sematque
572 2432 691 2467 figuram.

0 2480 15 2491 ·=
32 2476 54 2506 2,
67 2477 91 2503 p.
107 2477 147 2501 59.

0 407 3 415 .
29 393 76 420 pro

0 616 2 627 ,
30 604 52 623 ε.
58 603 92 622 20
118 594 260 629 Epistolas,
277 596 462 632 orationesque
475 602 500 622 et
513 596 599 622 edicia
611 595 698 622 alieno
709 593 842 621 formabat
854 595 971 629 ingenio.

2 659 6 664 Δ
31 631 124 665 Aug-c.
132 635 164 663 89
183 630 210 656 de
211 629 308 663 studiis
321 631 389 658 illius
397 633 514 663 Graecis,
530 632 594 658 Non
605 636 707 661 tamen,
727 636 755 656 vt
764 636 808 657 aut
821 630 976 665 loqueretur
988 639 1064 666 expe-

0 879 2 882 ’
29 877 145 905 formare
158 879 217 906 satis
228 884 387 914 putaremus.

0 946 4 953 y
50 915 129 945 'nari,
148 919 271 950 cogitare,
280 914 433 951 fibifingere
464 913 545 940 Ouid.
562 914 651 941 Amor.
665 923 687 946 3,
701 922 727 949 7,
742 916 781 946 63.

32 1344 98 1436 ιίῗέε
108 1371 242 1405 formare,
260 1376 278 1399 ι’.
297 1374 415 1409 Proferre
428 1379 451 1399 et
462 1375 541 1409 eloqui
566 1375 639 1400 Idem
654 1372 674 1407 f,
687 1383 722 1402 12.

0 2103 9 2148 f„
36 2112 151 2145 bandam.

40 2147 92 2183 124.
123 2154 146 2176 et
157 2149 234 2175 Mart.
247 2149 443 2189 Capel.2.p.58.
480 2155 531 2182 et9
546 2156 625 2184 p.312.

0 2931 7 2963 ξ
39 2927 174 2954 scebantur
184 2927 345 2961 nauigaturi.
380 2925 454 2962 ’ὅρμος
467 2933 548 2963 nempe
563 2933 654 2962 portus
667 2925 708 2960 est.

2 2972 5 2981 τ
39 2964 107 3002 ῌοῐ.
121 2964 207 2990 Carm.
221 2970 243 2995 3,
258 2969 294 2997 17,
307 2964 333 2988 6.

525 189 562 229 O
649 190 682 229 R

25 205 93 246 717
405 189 439 248 F.

4 303 6 307 .
28 287 87 307 eum
99 276 172 304 arida
186 276 236 303 fico
250 282 276 303 et
289 285 355 304 eruo
366 277 468 304 conteri
480 276 561 304 herba
575 278 723 312 santonica,
744 283 770 306 et
787 278 898 305 formata
917 276 945 303 in
963 277 1043 303 offam
1053 296 1062 309 ,

29 314 91 343 sicut
102 312 240 340 saluiatum
254 312 368 352 demitti.
440 313 514 348 Virg.
530 315 593 339 Aen.
607 322 639 347 9,
659 320 691 345 80
723 315 862 348 Tempore
877 321 930 347 quo
945 313 1061 346 primum

29 347 282 412 ‘hrysgi‘tfi'iffizbss
294 347 486 417 ...3333ssss
489 348 616 410 51539Ξῖ
632 389 676 411 a...
710 347 1063 411 ἱῗέἓῗῖἔῖεᾞὲἳὲωῗῑξέῗῖἓ

29 421 58 453 in
71 392 295 446 vngxinstitiitione
309 418 421 446 formari
435 428 489 446 non
501 419 602 454 possunt
615 394 708 446 p[dein
722 419 755 446 de
769 392 843 445 Oraf.
859 426 881 450 3,
895 392 935 450 311.)
1011 393 1026 418 q

29 453 142 483 studium
153 453 270 480 formare
282 453 398 489 aliquem
423 455 497 489 Virg.
512 455 608 490 Georg.
618 457 704 487 3,]63.

772 455 803 479 In
821 452 979 480 muliebrem
1000 454 1063 488 sigu-

30 499 100 522 ram,
118 487 291 523 habitumque
303 489 415 516 formari
439 491 495 517 Cic.
511 491 587 516 Verr.
603 499 614 516 2
627 511 636 523 ,
649 498 691 524 27.

761 488 871 515 Animos
894 488 1016 515 iudicum
1036 490 1062 515 in

0 538 6 553 ·,
30 533 105 557 eum,
122 532 202 559 quem
215 525 337 551 volumus
353 524 473 552 habitum
488 526 618 556 formare,
637 530 664 551 et
674 523 745 551 velut
753 523 936 558 transfigurare
954 524 1063 557 Qinet.

32 562 57 592 6,
68 568 91 586 2.
108 576 118 579 —
153 555 276 593 ‘Capillos
290 560 372 594 lapsos
386 561 502 588 formare
529 562 645 595 Propert.
659 568 677 590 1,
690 567 711 590 3,
728 567 766 591 23.
836 560 906 585 Suet.
919 559 947 586 iii
962 560 1063 587 Domit.

30 665 98 697 dite,
117 670 162 692 aut
174 674 333 700 componere
346 666 446 702 aliquid
461 667 576 694 auderet.
633 665 704 691 Nam
720 671 746 692 et
763 666 782 692 si
797 665 862 702 quid
879 674 919 692 res
933 667 1064 701 exigeret,

22 701 122 728 :Latine
147 701 296 734 formabat,
324 703 530 737 vertendumque
553 700 599 728 alii
622 700 708 727 dabat.
812 701 866 728 Cic.
885 701 963 728 Acad.
984 710 1009 733 1,
1030 710 1064 728 20

23 737 138 764 :Morum
151 742 238 764 autem
258 737 382 772 putabant
400 737 484 765 studia
503 736 563 767 ess'e,
589 740 615 761 et
634 735 704 771 quali
723 735 955 769 consuetudinem,
982 746 1062 771 quain

19 792 21 796 .
28 771 125 805 partim
138 772 334 800 exercitationis
350 773 506 804 affiduitate,
532 771 629 806 partim
648 771 751 798 ratione
769 771 928 799 formabant.

24 810 92 842 'pora
105 807 137 833 ad
151 808 278 842 quosdam
288 808 469 836 membrorum
484 808 564 833 flexus
575 806 688 834 formari
708 807 756 834 nili
777 814 866 834 tenera
885 816 940 834 non
963 808 1065 841 possunt

30 841 162 875 Qiintffil.
175 852 193 874 1,
209 852 228 870 1.
299 843 371 871 Idem
385 853 404 878 4
425 851 544 879 prooem.
574 843 609 868 Vt
627 843 682 875 tui,
703 843 809 878 meique
829 843 880 870 filii
899 842 1066 877 disciplinam

457 877 559 904 Gaudia
572 877 689 905 formare
707 879 785 906 tacita
798 884 900 909 mente,
924 879 949 905 h.
965 888 982 904 e.
998 881 1063 905 Ima-

869 914 1014 940 Hominem
1034 915 1063 941 in

41 957 89 975 uos
102 957 191 976 mores
215 950 303 982 Liu.3‚
316 952 346 983 36
354 956 398 985 pr.

27 983 172 1011 Cadmeida
184 984 262 1013 di&is
274 986 425 1016 formarat,
459 987 477 1010 i.
507 984 636 1017 docuerat,
662 984 823 1017 instruxerat.
893 987 1062 1013 iuuentutem

25 1019 93 1046 Plin.
106 1020 136 1047 in
148 1021 240 1056 Paneg.
310 1021 410 1048 Mentes
424 1019 578 1046 formandae
598 1019 691 1046 studiis
720 1021 787 1047 Hor.
801 1021 889 1047 earm.
904 1030 932 1053 3,
947 1030 980 1055 24
1000 1025 1062 1054 (25)

28 1061 71 1088 54.
142 1056 202 1085 Liu.
216 1065 237 1088 i,
250 1064 274 1082 21
305 1056 336 1082 Et
349 1064 430 1091 quum
442 1056 497 1090 ipse
513 1056 537 1082 se
550 1055 671 1082 homines
685 1055 714 1081 in
728 1057 796 1091 regis
811 1056 883 1083 velut
896 1057 968 1083 vnici
981 1066 1064 1083 exem-

27 1090 82 1125 pli,
105 1099 191 1118 mores
206 1092 360 1118 formarent.
455 1091 609 1118 Orationem
627 1091 759 1124 formare,
785 1100 897 1126 eamque
913 1092 1015 1119 variare
1034 1098 1060 1119 et

26 1125 205 1160 distinguere,
222 1126 335 1153 oratoris
348 1126 383 1152 est
412 1126 467 1153 Cic.
480 1125 512 1152 de
525 1126 638 1158 Orat.2,
654 1129 694 1158 36.

26 1167 54 1188 et
66 1161 127 1189 stilo
138 1162 275 1189 formanda
287 1161 365 1188 nobis
378 1161 414 1188 est
442 1161 480 1188 Id.
495 1160 561 1188 ibid.
575 1169 605 1193 3,
622 1166 649 1191 88
669 1170 690 1188 c.
704 1170 749 1196 49.

28 1197 158 1224 formauit
169 1196 287 1232 lampade
300 1197 404 1224 Phoebe
434 1196 582 1223 Nemesian.
595 1197 692 1231 Cyneg.
707 1206 759 1230 ¹30·

25 1241 113 1258 nouam
123 1233 215 1259 lunam.

843 1164 933 1196 Quum
952 1165 977 1190 se
999 1163 1063 1191 bina

798 1198 827 1224 de
837 1202 950 1234 proximo
960 1199 998 1225 die
1005 1198 1063 1234 post

282 1233 339 1260 Cic.
353 1232 384 1259 de
397 1232 487 1259 Diuin.
499 1241 525 1264 2,
538 1234 571 1261 86
595 1232 706 1258 Perinde
720 1238 853 1269 vtcunque
865 1240 1021 1275 temperatus
1033 1235 1063 1262 sit

0 1278 5 1296 ,-
26 1268 86 1298 aer,
105 1267 143 1294 ita
159 1276 255 1302 pueros
271 1269 386 1295 orientes
407 1267 520 1294 animari
538 1273 616 1302 atque
634 1268 761 1301 formari,
791 1279 822 1296 ex
840 1278 925 1305 eoque
944 1271 1064 1305 ingenia,

0 1311 2 1332 ¹.
15 1316 16 1319 =
28 1309 130 1335 mores,
149 1303 283 1336 animum,
301 1312 410 1338 corpus,
429 1303 561 1330 ac'iionein
575 1303 661 1335 vitae,
680 1304 749 1331 casus
764 1306 889 1340 cuiusque
901 1313 1061 1340 euentusque
1075 1315 1107 1339 30

30 1335 100 1372 flng'.
194 1338 285 1365 Studia
297 1338 408 1365 alicuius
421 1338 538 1365 formare
563 1339 693 1371 Qiinefil.
711 1340 739 1366 in
751 1349 870 1375 prooem.
887 1350 906 1368 1.
975 1340 1063 1368 Verba

829 1376 933 1409 Verba,
957 1383 985 1403 vt
998 1377 1065 1403 mol-

64 1416 148 1444 *mam
160 1416 260 1439 ceram,
283 1408 381 1443 fingere
394 1414 420 1435 et
432 1409 550 1435 formare
592 1409 648 1435 Cic.
668 1410 701 1437 de
721 1411 794 1437 Orat.
809 1420 838 1444 3,
859 1419 907 1447 177
927 1421 949 1438 c.
967 1421 999 1445 4,-
1020 1420 1064 1448 pr.

36 1442 118 1480 Verba
129 1443 201 1471 varie
213 1444 342 1477 formari,
359 1444 444 1480 prima
457 1445 566 1479 persona
579 1454 596 1471 o
611 1445 687 1472 litera
701 1447 841 1474 terminata
851 1468 859 1480 ‚
876 1449 930 1483 ipsa
943 1448 1065 1482 analogia

33 1478 165 1506 confitetur
192 1479 322 1513 Quinctii.
337 1488 356 1511 i,
369 1482 394 1506 6.

32 1513 84 1541 Cic.
97 1513 129 1541 de
141 1515 216 1542 Orat.
229 1524 253 1548 2,
268 1523 323 1548 359.
348 1515 376 1541 de
390 1516 523 1542 Memoriae
535 1522 597 1541 arte.
674 1517 773 1543 Vtimur
784 1518 829 1544 hoc
843 1519 915 1545 verbo
927 1520 955 1545 de
963 1522 1008 1551 iis,
1024 1522 1067 1555 qui

0 1561 3 1570 ·
22 1548 126 1585 fingunt
136 1550 234 1585 aliquid
243 1557 267 1576 et
271 1550 400 1584 simulant.
434 1557 463 1576 vt
478 1551 545 1576 Hor.
561 1550 593 1576 de
608 1551 672 1577 Arte
685 1552 757 1579 Poct.
766 1561 808 1586 123
830 1554 857 1580 Si
869 1555 933 1589 quid
946 1555 1066 1588 inexper-

29 1591 83 1613 tum
96 1585 185 1612 scenae
199 1586 343 1612 committis
356 1590 381 1611 et
393 1584 471 1611 audes
479 1585 617 1612 Personam
625 1586 741 1613 formare
754 1596 860 1615 nouam.
931 1590 992 1617 Stat.
1002 1590 1065 1616 Silu.

27 1628 50 1653 3,
63 1629 82 1653 i,
96 1629 137 1656 117
161 1621 220 1648 Nec
231 1629 306 1647 mora
315 1639 323 1652 ,
340 1620 484 1655 conscripta
497 1621 629 1648 formatur
642 1622 757 1656 imagine
770 1623 836 1656 tela,
852 1627 870 1650 i.
884 1624 971 1651 forma
983 1626 1067 1652 archi-

31 1935 173 1963 formatum
185 1942 200 1959 e
211 1942 344 1960 marmore
372 1933 454 1960 Ouid.
471 1934 534 1960 Met.
549 1942 578 1965 3,
592 1942 650 1967 419.
756 1935 847 1962 Sermo
860 1936 914 1969 hac,
925 1936 957 1964 de
970 1946 998 1964 re
1012 1939 1068 1964 for-

31 1977 128 2002 matus,
145 1969 268 1996 inuentus
286 1969 323 1995 est
339 1969 367 1995 in
381 1969 498 1996 Neronis
510 1969 607 1995 scrinio
637 1969 707 1996 Suet.
725 1970 754 1996 in
767 1971 870 1998 Neron.
885 1981 906 1998 c.
919 1980 965 2006 47.
1036 1973 1068 1999 Et

32 2005 110 2035 modo
123 2005 244 2032 formatis
255 2005 374 2039 operitur
386 2004 492 2031 Vitibus
505 2004 586 2031 arbor
605 2004 686 2031 Ouid.
701 2005 765 2032 Fast.
780 2015 830 2036 152.

34 2050 64 2070 ea
73 2042 186 2070 formata
197 2040 340 2073 habemus,
360 2048 427 2074 quae
439 2048 573 2074 nunquam
586 2039 703 2066 vidimus
728 2041 784 2067 Cic.
798 2041 830 2068 de
843 2041 936 2068 Diuin.
950 2051 974 2075 2,
988 2048 1036 2075 138.

68 2083 200 2105 FORMA
209 2083 230 2103 T
241 2083 251 2102 l
262 2082 281 2103 o
289 2096 298 2109 ,
316 2076 383 2103 onis.
402 2075 423 2102 f.
459 2076 564 2103 Vitruu.
579 2075 660 2111 praef.
676 2084 689 2101 2
718 2077 917 2104 Formationem
929 2084 994 2112 puto
1007 2087 1068 2112 pro-

203 2111 276 2148 Conf.
290 2111 358 2139 eund.
373 2121 400 2145 3,
416 2121 426 2139 1
451 2118 475 2140 et
487 2120 514 2147 5,
530 2121 549 2139 1.

595 2112 653 2139 Seii.
667 2111 745 2147 Epist.
758 2120 809 2149 117.
864 2114 961 2141 Minut.
975 2113 1028 2141 Fel.
1042 2123 1067 2148 p.

75 2190 142 2212 FOR
150 2191 174 2211 M
182 2185 233 2211 ᾹΤ
243 2190 262 2211 0
273 2191 290 2211 R
298 2204 307 2217 ,
324 2187 387 2211 oris.
413 2194 448 2211 m.
489 2183 674 2218 [κατηχις-ἢς]
1032 2222 1038 2227 ·

39 2255 116 2292 Epist.
126 2260 148 2288 8,
161 2263 197 2287 23.
267 2256 325 2282 Sen.
338 2256 369 2282 ad
384 2256 465 2281 Helu.
478 2260 518 2285 c.8
542 2256 682 2282 Formator
696 2257 820 2284 vniuerfi.
1001 2223 1068 2249 ΗΜ.

73 2296 116 2318 1-“ο
125 2297 174 2318 RM
184 2298 207 2318 A
216 2297 264 2318 'rR
276 2298 286 2317 1
298 2299 331 2324 x,
351 2290 407 2317 Icis.
425 2291 446 2317 f.
480 2290 588 2318 Termi.
601 2290 633 2316 de
645 2292 754 2327 Monog.
768 2302 790 2319 c.
804 2300 833 2327 17
865 2293 966 2328 Regina
983 2298 1069 2321 tantae

377 2324 469 2352 Claud.
483 2327 604 2352 Mamert.
617 2326 649 2352 de
662 2327 735 2355 Statu
746 2329 849 2356 animae
865 2338 892 2363 1,
906 2331 937 2355 26
966 2329 1068 2356 Accede

37 2361 181 2389 formatrici
196 2363 307 2395 formae,
323 2370 376 2397 quo
390 2361 464 2396 pollis
478 2362 525 2388 esse
536 2361 688 2389 formosior.

71 2402 88 2424 1²
97 2403 116 2424 O
124 2404 143 2423 R
152 2404 176 2424 M
184 2398 206 2424 A
216 2404 239 2425 Τ
251 2399 273 2425 v*
281 2404 299 2424 R
307 2405 328 2424 A
337 2417 345 2429 ,
365 2406 404 2424 ae.
428 2397 448 2423 f.
484 2398 644 2432 [μορφωσις]
686 2399 783 2425 Forma.
838 2399 943 2426 Lucret.
962 2408 980 2432 4
991 2420 999 2431 ‚
1022 2407 1069 2436 357

762 2433 831 2461 lbid.
843 2442 897 2468 552.
932 2441 956 2462 et
968 2435 1071 2464 Arnob.

71 2509 88 2530 F
100 2509 120 2529 Ο
129 2510 181 2530 RM
190 2509 211 2529 A
221 2509 246 2528 M
254 2509 270 2528 Ε
279 2509 301 2528 Ν
310 2507 331 2527 Τ
339 2508 360 2527 V
369 2509 393 2528 M
402 2521 409 2533 ,
429 2502 447 2528 i.
472 2511 498 2529 n.
552 2502 657 2529 Lucret.
669 2511 694 2534 2,
711 2510 740 2538 17
767 2505 868 2531 Omniav
877 2505 1071 2540 principiorum

32 2577 60 2599 in
72 2583 133 2609 quas
141 2573 290 2608 formantur
302 2579 325 2599 el
331 2578 530 2604 transmutantur
532 2576 618 2608 prima
619 2576 758 2609 principia.
779 2575 847 2602 Add.
856 2576 956 2603 Arnob.
966 2586 978 2609 3
986 2586 1010 2612 p.
1018 2586 1072 2611 109.

69 2615 86 2634 1ἶ
95 2615 115 2636 ο
123 2615 143 2634 R
150 2615 176 2634 M
185 2615 195 2634 1
203 2614 218 2633 Ρ
227 2613 246 2633 0
256 2613 277 2633 Τ
285 2614 302 2633 E
310 2615 332 2634 N
341 2615 353 2634 s
362 2629 371 2641 ,
391 2608 466 2636 entis.
519 2610 649 2645 Perper-am
661 2619 690 2636 ex
701 2611 818 2646 Propert.
833 2620 846 2637 2
855 2631 863 2644 ,
876 2620 903 2644 4,
917 2618 945 2642 28
971 2612 1074 2640 adduci-

30 2650 90 2671 tur.-
127 2643 181 2670 vid.
201 2642 350 2680 Brouckhujl

733 2680 871 2715 [Φόρμου]

70 2684 269 2710 FORMiAE,
288 2685 312 2704 et
326 2685 502 2711 FORMAE,
522 2687 606 2705 arum.
650 2680 688 2705 Pi.
927 2681 1074 2715 Campaniae

32 2709 111 2747 oris,
130 2714 202 2750 fides
221 2714 279 2740 olim
298 2712 394 2746 Laestri
411 2723 497 2746 onum,
526 2723 628 2749 quorum
650 2717 766 2741 memoria
786 2725 801 2740 a
819 2715 943 2741 nonnullis
959 2716 1118 2751 horridae70
1135 2714 1190 2741 dias
1204 2720 1277 2748 agat,
1299 2714 1332 2741 ab
1351 2715 1408 2749 ipso
1428 2714 1524 2741 effediu
1541 2713 1612 2740 dic'ia
1624 2714 1743 2741 formido
1779 2716 1836 2741 Scn.
1850 2716 1938 2744 deira
1953 2726 2027 2749 1,12.

0 2775 2 2780 ,
34 2747 114 2777 ἀέὲἲαε
130 2749 201 2786 fiant.

6 2803 8 2806 >
36 2787 156 2822 eleganter
163 2784 258 2821 scribit
270 2784 423 2811 Ouid.Met.
433 2793 471 2818 14.

0 2829 9 2854 ζ
37 2823 101 2855 693,
123 2829 191 2855 quae
203 2825 262 2846 ante
275 2821 422 2853 Hormiae,
451 2818 498 2846 οἷπό
521 2821 563 2850 τ’ἧς
584 2819 677 2856 Qum,
703 2820 732 2847 id
755 2821 791 2847 est
802 2821 835 2847 ab
858 2822 960 2856 impetu
978 2821 1073 2848 dietae.

0 2864 8 2882 1
37 2857 177 2888 Formiae,
197 2858 281 2891 inquit
293 2855 397 2888 Festus,
421 2854 557 2890 Oppidum
570 2855 715 2891 appellatur
728 2865 760 2883 ex
773 2857 889 2890 Graeco,
913 2857 986 2884 velut
1005 2858 1073 2884 Hor·

254 2750 322 2775 Nam
340 2749 369 2775 hi
389 2758 404 2776 a
440 2748 563 2776 humanis
579 2749 724 2776 visceribus
742 2759 796 2776 non
821 2750 1020 2783 abstinuerunt,
1044 2757 1073 2777 vt

542 2785 679 2816 Formiae,
704 2787 787 2821 inquit
800 2786 905 2812 Seruius
917 2786 950 2812 ad
963 2787 1029 2812 Aen.
1041 2793 1074 2821 7,

1021 419 1098 454 Ad5

1024 596 1062 622 ld.
1079 608 1108 626 10
1119 598 1240 631 pertinet.

1000 773 1064 799 Cor·
1081 782 1106 808 ¹⁵
1123 775 1274 799 currentium
1285 770 1353 797 modo
1360 769 1481 805 sentitur.

465 948 547 976 Ouid.
561 950 625 975 Met.
639 957 662 981 3,
677 955 720 980 288
744 949 987 984 Talibusignaruin
996 951 1061 976 Iuno
1076 962 1111 981 20
1119 955 1204 984 parua
1216 947 1340 974 tubercula
1353 946 1460 974 rotunda
1473 953 1497 973 et
1504 950 1614 983 pinguia
1625 954 1713 986 corpus
1725 945 1856 982 infestant.

466 1479 554 1506 Verba
566 1481 680 1508 formari
692 1482 766 1508 nulla
779 1482 953 1510 similitudine
964 1485 1066 1518 possunt
1081 1496 1109 1523 35·
1123 1487 1198 1516 p-18·

937 2009 968 2034 In
976 2007 1067 2034 animo
1084 2015 1116 2041 50
1129 2013 1174 2031 nes
1188 2014 1202 2030 a
1215 2005 1325 2038 nostris,
1345 2005 1398 2031 vid.
1414 2012 1422 2030 1
1434 2011 1457 2030 M
1467 2012 1481 2030 Ρ
1490 2011 1506 2030 E
1517 2012 1536 2030 N
1546 2011 1564 2030 D
1574 2011 1590 2030 Γ.
1598 2010 1628 2030 Ο.

1 2215 4 2218 ⁴
227 2220 232 2225 .
266 2221 270 2225 .
728 2187 781 2222 Qui
799 2184 904 2219 irfiruit
923 2192 947 2213 et
957 2187 1068 2224 format.
1084 2192 1112 2220 5¹5·
1129 2182 1286 2212 perterritus
1298 2186 1402 2212 animus
1415 2184 1560 2212 formidine
1586 2183 1717 2218 Qiineiil.
1731 2192 1759 2220 7,
1773 2194 1792 2218 4
1813 2188 1860 2218 (3)

3 2240 5 2242 -
41 2220 172 2247 Formator
190 2228 289 2254 animi,
319 2221 458 2247 Formator
475 2229 582 2247 morum
621 2221 752 2248 Columel.
771 2221 799 2248 in
819 2222 901 2257 praef.
921 2231 942 2250 1.

1496 187 1529 228 F
1619 186 1656 227 O
1740 187 1773 226 R
2102 199 2169 244 718

1123 278 1141 304 F
1144 277 1260 304 ormicae
1272 276 1375 304 semitas
1389 284 1530 311 quaerere,
1548 275 1611 303 idem
1624 273 1657 308 est
1669 284 1697 302 ac
1711 275 1770 301 Rem
1782 277 1927 303 intricatam
1941 284 1963 304 et
1984 277 2167 316 impermstiga-

1123 313 1194 340 bilem
1207 315 1349 348 exquirere:
1385 311 1439 338 vid.
1457 313 1558 339 Taubm.
1572 315 1599 338 in
1608 311 1688 339 Plaut.
1702 319 1727 345 p.
1736 317 1795 345 741.
1868 312 1887 336 F
1890 315 2004 340 ormicae
2017 317 2075 341 olim
2089 325 2167 352 augu-

1123 352 1188 375 rium
1195 348 1295 383 secere,
1315 353 1424 382 utputa-t
1437 356 1467 373 ex
1479 348 1534 374 Cic.
1549 348 1581 374 de
1595 346 1686 374 Diuin.
1700 354 1726 378 1,
1742 347 1780 378 36.
1838 345 1907 372 Suet.
1924 348 2024 376 Neron.
2038 360 2059 376 c.
2074 353 2127 384 46,
2140 360 2165 378 2.

1124 392 1146 410 et
1155 385 1255 410 Tibcr.
1264 392 1286 410 c.
1297 390 1341 417 72,
1355 392 1377 415 3.
1412 382 1485 417 Conf.
1500 384 1592 409 Pottcr.
1605 382 1734 410 Archaeol.
1748 382 1833 407 Graec.
1842 390 1866 412 2,
1880 391 1914 415 ¹5·

1161 425 1177 444 F
1189 425 1208 445 o
1219 426 1269 445 RM
1279 426 1288 444 1
1300 424 1316 444 c
1327 424 1417 448 VLA‚
1438 426 1477 443 ac.
1496 418 1515 443 f.
1554 418 1654 444 Dimin.
1690 415 1790 443 Arnob.
1807 424 1823 451 7
1835 425 1860 451 p.
1874 425 1928 449 240
1953 419 2032 450 Qiod
2045 421 2063 447 si
2077 430 2165 449 cerne-

1126 460 1184 480 rent
1198 463 1244 480 nec
1258 454 1327 480 inter
1338 451 1507 480 formiculam
1521 453 1665 487 plui-imum
1687 452 1791 486 seseque
1810 453 1857 478 esse
1873 452 2041 480 discriminis.
2112 458 2163 485 Au-

1126 489 1190 524 gust.
1206 489 1266 516 Ciu.
1279 489 1329 516 Dei
1341 496 1384 520 22,
1396 496 1431 520 24
1468 488 1527 514 Plus
1549 488 1752 515 formicularum
1777 493 1803 514 et
1816 487 1978 522 apicularum
1990 498 2069 523 opera
2083 492 2164 527 stupe-

1127 534 1184 551 mus
1192 545 1201 557 ,
1221 533 1299 559 quain
1313 523 1440 551 immensa
1452 530 1563 557 corpora
1576 522 1752 549 balaenarum.

1163 567 1179 586 F
1193 566 1212 586 O
1223 567 1241 586 R
1251 567 1275 586 Μ
1284 567 1293 586 Ι
1302 566 1318 587 C
1326 560 1366 586 ῙΝ
1376 565 1397 583 V
1406 565 1419 584 S
1428 577 1435 588 ,
1454 566 1468 583 a
1476 577 1484 589 ,
1500 567 1554 584 um.
1591 558 1650 584 Adi.
1687 557 1860 593 [μυρμήκιος]
1902 559 1975 595 Qod
1986 560 2020 586 ad
2027 561 2164 596 formicam

1283 595 1365 622 Plaut.
1379 594 1451 620 Men.
1468 600 1491 626 5,
1507 601 1530 625 3,
1544 601 1572 626 19
1606 594 1694 628 Atque
1706 602 1794 620 eccum
1811 593 1926 628 incedit,
1943 599 2034 622 mouet
2046 597 2166 625 fortuiti.

1124 640 1188 657 num
1207 630 1325 665 gradum.

1162 671 1231 693 FOR
1242 672 1268 692 M
1279 667 1293 692 1‘
1301 671 1319 693 c
1330 670 1349 692 Ο
1358 683 1365 696 ,
1387 667 1439 690 are.
1490 663 1631 691 Adhibetur
1647 663 1675 690 de
1693 670 1759 690 motu
1776 665 1848 691 celeri
1858 665 1907 700 sed
1917 669 2020 702 exiguo,
2038 669 2119 704 qualis
2132 668 2166 704 est

1124 700 1228 735 incastus
1234 701 1409 738 formicarum.
1446 698 1511 725 Plin.
1525 707 1563 732 12,
1575 707 1606 731 3ο
1618 697 1681 735 §.41
1707 700 1796 726 Donec
1809 700 1933 727 formicet
1947 703 2022 729 cutis.

1163 744 1178 763 F
1187 744 1206 763 O
1217 743 1235 763 R
1245 737 1316 763 Mic
1326 743 1348 762 A
1359 741 1380 760 Ν
1388 742 1401 761 s
1410 754 1419 767 ,
1438 735 1516 761 antis.
1552 735 1644 761 Partic.
1680 736 1693 769 [
1699 735 1873 770 μνρμηκίζων]
1918 737 1991 772 ‚Quod
1997 739 2166 774 formicarum

1548 770 1637 796 Pulsus
1651 770 1808 801 formicans;
1843 774 1886 807 qui
1898 776 2003 799 omnium
2015 778 2118 802 maxime
2133 778 2166 804 le.

1124 810 1184 834 talis
1198 804 1240 841 eli.
1311 805 1378 832 Plin.
1392 813 1418 840 7,
1432 814 1457 838 51
1484 806 1618 832 Venarum
1632 806 1796 840 inaequabili
1808 812 1854 833 aut
1867 807 2026 835 formicante
2039 812 2165 844 percussu.

1125 846 1144 869 i.
1162 844 1321 870 Arteriarum
1334 840 1388 877 sese
1407 840 1571 867 artollmtium
1588 847 1611 867 et
1630 842 1823 874 demittentium,
1847 844 1887 868 ita
1905 849 1934 869 vt
1953 846 2029 871 veluti
2040 845 2166 882 formicae

1123 884 1250 905 :terrentes
1262 877 1407 912 sentiantur
1426 879 1453 902 in
1462 876 1544 916 pulsu.

1159 919 1175 939 F
1183 921 1202 940 ο
1212 920 1230 939 R
1239 920 1262 939 Μ
1272 919 1282 938 1
1291 919 1307 939 C
1315 917 1337 938 A
1347 917 1368 937 T
1379 918 1414 937 10
1424 931 1432 944 ,
1448 915 1515 937 onis.
1549 911 1568 937 f.
1603 911 1771 947 [μυρμηκία]
1832 913 1927 939 Vitium
1945 919 2057 950 corporis
2064 937 2073 950 ,
2093 927 2167 954 quum

1928 950 1993 976 Pliu.
2006 960 2020 977 2
2131 955 2138 961 '
2158 969 2167 974 .

1125 984 1183 1018 pilli
1196 983 1341 1010 mulierum
1353 981 1371 1008 si
1383 988 1546 1014 crementur,
1567 988 1611 1008 etc.
1633 990 1721 1008 cinere
1733 990 1766 1008 eo
1778 991 1873 1016 panos,
1893 991 1937 1011 etc.
1961 955 2167 1023 sangiii’ngng‘tie

1126 1019 1189 1046 sistit
1204 1019 1294 1051 illico,
1321 1023 1347 1045 et
1361 1018 1559 1044 formicationes
1580 1026 1732 1051 corporum.
1805 1018 1966 1046 Forinicatio
1983 1020 2068 1048 dista:
2104 1025 2170 1060 quod

1124 1056 1192 1081 velut
1206 1053 1279 1088 exqffi:
1294 1063 1392 1080 carnem
1404 1053 1531 1080 formicae
1545 1051 1688 1079 videantur.
1744 1051 1816 1078 Idem
1832 1062 1871 1085 30,
1887 1059 1909 1082 8.

1162 1096 1178 1116 F
1187 1096 1206 1116 0
1216 1097 1235 1117 R
1243 1096 1269 1117 M
1279 1096 1287 1115 1
1298 1095 1316 1116 C
1326 1096 1348 1115 A
1356 1097 1372 1115 L
1381 1096 1390 1115 1
1399 1096 1411 1115 s
1420 1108 1427 1120 ‚
1447 1098 1470 1115 e.
1515 1087 1576 1114 Adi.
1619 1087 1687 1114 Idem
1706 1088 1771 1123 quod
1785 1088 1938 1116 formicam.
1991 1091 2062 1119 Cael.
2076 1094 2167 1124 Aurei.

763 1127 858 1154 Oratio
872 1128 1062 1155 exercitatione
1076 1137 1108 1165 ²5
1119 1126 1155 1152 ’Τ
1157 1125 1212 1152 ard.
1225 1134 1249 1157 2,
1262 1134 1292 1159 14
1314 1123 1470 1152 Formicalis
1481 1123 1578 1159 pulsus.

1162 1168 1178 1188 F
1189 1167 1209 1187 o
1219 1167 1271 1188 RM
1281 1167 1316 1188 ic
1327 1168 1347 1187 A
1358 1167 1390 1187 Bi
1402 1167 1472 1191 Lis,
1493 1168 1515 1185 e.
1553 1158 1612 1185 Adi.
1655 1157 1731 1184 Idem.
1805 1158 1874 1185 Cael.
1893 1160 1983 1188 Aurei.
1999 1162 2074 1189 Acut.
2088 1173 2117 1197 2,
2133 1173 2169 1202 27

1125 1197 1214 1224 Pulsus
1227 1196 1308 1223 latens
1322 1202 1368 1223 aut
1381 1194 1573 1226 formicabilis,
1588 1202 1669 1229 quem
1682 1193 1777 1220 Gracci
1788 1195 1970 1229 μυρμηκιξοντα
1983 1205 2086 1226 vocant.

1160 1239 1176 1259 F
1186 1238 1206 1259 Ο
1216 1239 1235 1258 R
1243 1239 1268 1259 M
1277 1240 1287 1258 1
1295 1238 1312 1259 C
1323 1233 1341 1258 E
1349 1238 1370 1258 T
1379 1238 1399 1257 V
1408 1238 1431 1257 M
1443 1251 1451 1264 ,
1469 1231 1488 1258 i.
1513 1239 1540 1256 ii.
1584 1230 1694 1256 Caucrna
1702 1229 1879 1265 formicarum.
1934 1233 2042 1267 Apuleii
2054 1233 2095 1268 effi
2107 1235 2169 1263 dici.

1125 1274 1184 1300 tur,
1204 1267 1335 1294 nonhabet
1348 1267 1404 1294 Ind.
1423 1265 1528 1293 Floridi.

1161 1310 1178 1329 F
1188 1308 1208 1329 o
1219 1310 1238 1330 R
1247 1310 1271 1329 M
1281 1311 1290 1329 1
1298 1310 1315 1330 e
1323 1304 1342 1330 6
1353 1310 1365 1329 s
1376 1309 1395 1328 v
1406 1309 1419 1329 s
1428 1322 1436 1334 ,
1456 1310 1487 1334 a,
1507 1310 1560 1328 11111.
1599 1299 1659 1326 Adi.
1695 1298 1889 1335 [μυρμηκώὸης]
1926 1303 2027 1331 Plenum
2035 1304 2168 1341 formicis.

1127 1338 1194 1365 Plin.
1210 1347 1248 1370 10,
1262 1346 1299 1373 74
1326 1338 1505 1365 Formicosam
1519 1336 1644 1363 arborem
1659 1335 1755 1362 sorices
1767 1342 1868 1363 cauent.

1162 1379 1178 1400 F
1189 1381 1268 1401 ORM
1279 1376 1291 1400 I
1300 1380 1346 1400 DO
1355 1393 1362 1405 ,
1380 1373 1440 1400 i'nis.
1461 1373 1482 1400 f.
1517 1370 1678 1407 [ὁπόση-ἥξω,
1697 1369 1801 1401 κακότης
1813 1373 1825 1406 ]
1879 1372 1908 1399 A
1919 1373 2038 1406 Formk,
2048 1375 2102 1409 flue
2110 1377 2167 1412 spe.

1128 1407 1206 1436 Hris:
1241 1408 1288 1441 nisi
1300 1415 1394 1436 veteres
1409 1410 1520 1435 Formus
1539 1407 1623 1434 dixere
1638 1413 1688 1442 pro
1711 1407 1828 1438 Galidus,
1858 1414 1929 1443 atquc
1946 1409 2002 1435 inde
2023 1412 2168 1446 Formido,

1126 1454 1184 1481 quia
1197 1444 1321 1471 nonnullis
1339 1451 1400 1480 prae
1422 1451 1485 1471 metu
1500 1443 1583 1479 sudor
1591 1445 1750 1478 prorumpit,
1781 1443 1849 1469 Haec
1868 1443 1932 1477 VQffi
1953 1445 2014 1476 Infl.
2028 1448 2101 1474 Orat.
2116 1450 2169 1476 P.2

1255 1482 1331 1507 Prius
1343 1481 1434 1507 malim.
1494 1480 1550 1506 Cic.
1565 1479 1647 1505 Tusc.
1660 1487 1693 1510 4,
1713 1486 1741 1510 19
1760 1486 1780 1504 c.
1797 1483 1810 1508 8
1847 1478 2043 1513 Formidinem,
2067 1489 2169 1512 metum

1544 1515 1612 1540 Hor.
1626 1512 1705 1548 Epist.
1719 1521 1728 1539 1
1737 1533 1745 1546 ,
1758 1515 1794 1544 16,
1806 1521 1832 1546 33
1860 1514 1908 1540 Tu
1926 1515 1995 1542 nihil
2008 1517 2129 1546 admittes
2141 1520 2169 1546 in

1510 1550 1604 1576 Plenus
1616 1547 1769 1575 formidinis
1782 1548 1864 1575 homo
1897 1551 1952 1577 Cic.
1970 1553 2024 1578 Att.
2035 1562 2068 1585 9,
2081 1563 2109 1581 12
2124 1562 2168 1590 pr.

1254 1587 1292 1613 Id.
1307 1586 1373 1613 ibid.
1387 1592 1414 1617 8,
1435 1594 1464 1612 21
1491 1585 1609 1612 Omnino
1624 1584 1761 1618 intelligo,
1784 1584 1886 1611 nullum
1902 1585 1976 1612 fuisse
1990 1593 2091 1621 tempus
2112 1591 2170 1623 post

1128 1522 1322 1551 permanentem
1336 1514 1473 1542 definiunt.

1128 1558 1153 1578 tc
1168 1551 1313 1578 formidine
1332 1560 1440 1586 poenae.

1142 1596 1168 1613 10

1129 1590 1180 1649 lias)
1197 1622 1273 1662 fugas
1292 1629 1317 1648 et
1337 1621 1511 1653 formidines,
1541 1620 1614 1655 quod
1637 1620 1720 1653 magis
1740 1619 1864 1645 debuerit
1887 1627 1990 1647 mutum
2010 1624 2058 1648 esse
2075 1623 2170 1650 literis.

25 1655 149 1682 reffonica
160 1659 188 1682 in
198 1656 248 1683 tela
260 1656 405 1682 delineatur.
499 1655 640 1692 lfjliirpatur
652 1660 725 1684 etiam
738 1657 784 1684 hoc
800 1659 900 1686 verbum
913 1660 942 1686 de
959 1662 1066 1687 Numis:
1078 1674 1116 1700 40
1130 1659 1266 1684 Acerruna
1280 1657 1399 1684 formido
1426 1656 1501 1683 Au&-
1519 1656 1551 1682 ad
1565 1657 1665 1682 Heren.
1678 1663 1704 1685 2,
1739 1674 1746 1679 -
1783 1673 1790 1679 ·
1860 1655 1964 1681 Lucret.
1976 1665 2006 1688 4,
2022 1665 2070 1690 174
2101 1659 2170 1694 quast

28 1691 83 1717 vid.
98 1690 199 1726 Salmas:
212 1690 246 1717 ad
256 1690 323 1717 Hist.
337 1692 403 1725 Aug.
417 1699 442 1726 p.
451 1696 491 1720 218
510 1697 534 1717 et
546 1700 597 1724 321.
1129 1696 1277 1727 orfea-worma,
1289 1694 1420 1727 personam
1450 1693 1518 1723 acit,
1541 1689 1739 1720 Formidinem,
1758 1689 1847 1722 Vsque
1854 1688 1921 1715 adeo
1934 1695 2001 1717 tetra
2014 1693 2172 1722 nimborum

68 1732 86 1752 F
96 1732 115 1752 O
124 1733 176 1752 ΚΜ
185 1726 207 1752 A
215 1732 265 1752 TV
274 1733 286 1753 s
295 1746 303 1758 ‚
321 1734 349 1758 a,
366 1735 420 1752 uin.
456 1726 548 1754 Partic.
583 1728 807 1764 [μεμορφωμένσς]
844 1729 884 1755 Ad
897 1739 999 1757 morem
1006 1731 1068 1757 Dia-
1128 1727 1207 1753 noe‘te
1221 1734 1312 1753 coorta
1326 1728 1416 1760 Impen
1436 1731 1480 1752 ent
1491 1732 1562 1752 atrae
1573 1723 1727 1750 formidinis
1743 1732 1790 1748 ora
1803 1723 1922 1757 superne.
2016 1728 2100 1755 Caum
2125 1730 2171 1757 Sil,

29 1760 185 1787 lecticorum
198 1761 310 1787 formata
324 1760 454 1788 conclusio
480 1761 609 1795 Qinc‘til.
636 1781 644 1793 ‚
657 1770 683 1793 4.
754 1764 891 1790 Formatus
900 1772 949 1799 pro
964 1767 993 1791 In
1018 1768 1067 1791 im·-
1130 1763 1168 1792 ι6,
1183 1764 1243 1786 600·
1314 1760 1405 1786 Subita
1418 1766 1443 1786 et
1457 1759 1602 1797 improuisa
1635 1758 1691 1796 Cic·
1712 1757 1881 1799 ⁸(le-Prouinc.
1894 1760 1972 1787 Cons.
1987 1770 2025 1795 43.
2096 1764 2170 1792 Tur-

28 1802 85 1828 tus,
104 1793 204 1821 edoctus
236 1796 325 1822 lustin.
337 1802 371 1829 18,
388 1805 410 1829 3,
425 1805 462 1822 10.
551 1798 614 1829 Ina
634 1798 802 1824 mirationem
825 1799 969 1828 formatus,
1001 1799 1026 1824 h.
1046 1808 1065 1823 e.
1129 1796 1167 1828 pis
1195 1796 1270 1828 Virg.
1285 1795 1349 1820 Aen.
1365 1803 1396 1826 2,
1417 1803 1481 1827 400.
1553 1794 1660 1827 Agitare
1675 1801 1771 1818 animis
1791 1793 1950 1822 formidines
1978 1797 2039 1824 Liu.
2060 1807 2109 1832 3ο,
2129 1806 2169 1831 28.

28 1829 228 1857 Admirationem
233 1829 371 1863 simulans,
395 1830 520 1856 admirari
536 1830 566 1864 se
579 1830 684 1864 fingens
725 1832 794 1856 Suet.
819 1832 848 1857 in
871 1832 964 1858 Claud.
989 1841 1011 1857 c.
1026 1840 1066 1865 37.
1081 1837 1116 1863 45
1129 1829 1251 1862 Caligans
1265 1829 1338 1854 lucus
1352 1830 1428 1863 nigra
1440 1827 1587 1855 formidine
1620 1828 1695 1862 Virg.
1707 1828 1803 1862 Georg.
1818 1840 1851 1862 4,
1863 1833 1923 1863 468.
1995 1834 2171 1863 Contrahitui·

29 1863 146 1893 Libellus
164 1864 231 1890 Plin.
245 1864 323 1897 Epist.
337 1872 363 1897 7,
378 1873 410 1889 12.
444 1867 463 1890 i.
482 1866 510 1889 in
521 1868 595 1898 Juam
607 1865 720 1899 sormam
737 1864 863 1892 redaflus.
934 1867 1067 1893 Notiones
1128 1864 1230 1890 animus
1244 1863 1391 1890 formidine
1405 1862 1515 1895 diuum,
1532 1867 1552 1890 i.
1573 1864 1748 1898 Compi-imitar
1776 1865 1880 1891 Luci-et.
1894 1874 1922 1898 5,
1938 1874 2003 1901 1217.
2077 1872 2170 1907 Nempe

30 1899 141 1926 deorum
153 1898 182 1925 in
192 1898 289 1925 animis
303 1898 397 1926 nostris
410 1898 538 1925 formatae
571 1898 627 1924 Cic.
641 1897 673 1924 de
686 1899 722 1927 N.
737 1900 768 1926 D.
783 1908 811 1932 3,
831 1903 867 1927 16.
958 1902 1067 1936 Signum
1128 1898 1256 1926 Formido
1269 1901 1358 1936 reh'gio
1369 1898 1411 1933 ςΙῗ.
1475 1899 1532 1926 Vid.
1548 1898 1672 1925 Drakenb.
1686 1898 1719 1924 ad
1731 1897 1775 1924 Sil.
1787 1908 1795 1924 1
1804 1918 1810 1929 ,
1826 1905 1865 1929 82.
1937 1902 2056 1937 Diriguit
2067 1906 2171 1940 sanguia

1128 1935 1214 1960 subita
1226 1935 1372 1962 formidine
1400 1935 1473 1968 Virg.
1488 1935 1550 1960 Aen.
1563 1942 1586 1965 3,
1598 1942 1654 1966 259.
1723 1934 1843 1961 Existunt
1856 1935 2000 1964 horribiles
2013 1940 2172 1970 formidines

1129 1978 1161 1995 ex
1175 1970 1343 2004 ignoratione
1354 1978 1446 1996 rerum
1468 1969 1524 1995 Cic.
1538 1968 1570 1995 de
1584 1969 1641 1995 Fin.
1655 1977 1675 2001 i,
1690 1971 1719 2000 63
1735 1978 1755 1995 c.
1764 1978 1800 2002 19.
1869 1972 2024 2006 Impendent
2045 1976 2170 2005 formidi-

1699 2004 1763 2031 Non
1776 2005 1917 2034 mediocris
1933 2010 2055 2036 omnium
2068 2012 2171 2040 animos

1129 2040 1248 2066 formido
1263 2041 1399 2067 incesserat
1424 2041 1497 2067 Curt.
1510 2048 1534 2073 3,
1549 2046 1572 2072 8,
1587 2047 1622 2072 25-
1693 2039 1808 2066 Solicitis
1822 2041 1918 2076 religio
1932 2049 1957 2070 et
1970 2054 2002 2071 ex
2015 2047 2171 2077 eafonnido

1130 2076 1226 2102 incufl'a
1239 2076 1274 2102 est
1296 2076 1334 2103 Id.
1348 2086 1376 2109 4,
1393 2085 1430 2109 10,
1442 2084 1467 2104 2.
1536 2075 1650 2102 Iniicere
1664 2074 1837 2104 formidinem
1851 2078 1945 2112 alicui,
1971 2081 2025 2107 vid.
2044 2090 2170 2112 INiicio.

1129 2110 1284 2138 intendebat
1297 2112 1472 2139 formidinem
1500 2111 1592 2139 Tacit.
1604 2109 1672 2139 Hist.
1685 2120 1715 2144 2,
1729 2120 1760 2147 54
1769 2132 1776 2144 ‚
1794 2122 1816 2145 3.
1887 2115 2030 2150 opponere
2049 2118 2173 2147 formidi-

1129 2155 1188 2178 nes,
1213 2146 1311 2175 iactare
1330 2148 1414 2176 minas
1458 2148 1513 2175 Cic.
1533 2157 1582 2184 pro
1602 2148 1695 2182 Quint.
1714 2156 1751 2183 47
1778 2158 1800 2176 c.
1822 2158 1860 2183 14.
1918 2151 1977 2178 Vid.
2005 2159 2172 2183 OPPONO.

1489 2221 1493 2225 Ι
1672 2221 1676 2225 ¹
1795 2221 1800 2225 ¹
1931 2187 1987 2215 Cic.
2002 2188 2031 2215 in
2050 2190 2128 2217 Catil.
2144 2201 2173 2225 4,

1130 2226 1144 2250 8
1176 2222 1267 2256 Itaque
1278 2227 1308 2248 vt
1321 2221 1410 2256 aliqua
1427 2221 1456 2247 in
1468 2226 1524 2247 Vita
1537 2220 1657 2247 formido
1670 2220 1814 2254 improbris
1826 2222 1887 2248 esset
1900 2222 1996 2256 posita,
2020 2225 2088 2259 apud
2108 2226 2174 2253 infe.

1130 2265 1173 2318 ἷος
1187 2256 1318 2284 eiusmodi
1331 2256 1458 2292 quaedam
1476 2256 1519 2283 illi
1537 2256 1641 2296 antiqui
1657 2255 1783 2290 supplicia
1796 2256 1888 2291 impiis
1903 2258 2042 2286 constituta
2059 2262 2108 2288 esse
2127 2272 2175 2290 vo-

1141 2298 1253 2324 uerunt,
1277 2299 1323 2320 etc.

1419 2293 1516 2319 Pressus
1534 2292 1643 2326 ancipiti
1664 2295 1780 2318 mentem
1800 2291 1946 2320 formidine
1981 2295 2052 2330 Virg.
2068 2298 2129 2324 Aen.
2143 2306 2174 2331 3,

1130 2335 1175 2362 47·
2046 2332 2051 2336 '

1245 2329 1300 2355 Cic.
1314 2329 1391 2354 Verr.
1406 2336 1428 2360 5,
1442 2337 1478 2360 24
1513 2326 1662 2367 Reperietis
1677 2326 1776 2353 idcirco
1791 2326 1854 2354 haec
1868 2328 1895 2354 in
1908 2338 1961 2355 vno
1978 2330 2087 2358 homine
2098 2342 2173 2367 pecu-

1077 2370 1112 2394 60
1130 2364 1207 2390 nioso
1220 2368 1260 2391 tot
1275 2363 1430 2395 constituta,
1445 2369 1473 2390 vt
1491 2370 1600 2390 caeteris
1620 2361 1779 2388 formidines
1799 2362 1922 2391 similium
1942 2365 2174 2396 incommodorum

1131 2405 1209 2433 atque
1228 2400 1349 2434 exempla
1369 2398 1548 2433 periculorum
1571 2404 1790 2433 proponerentur.

1132 2435 1233 2460 midine
1244 2436 1349 2462 somnos
1373 2434 1449 2466 Si1.3,
1464 2436 1519 2468 167.

1133 2470 1185 2496 Ecl.
1195 2480 1222 2504 4,
1237 2479 1274 2503 14.

1862 2400 1930 2426 Rum
1950 2401 1971 2427 it
1990 2402 2100 2430 immissa
2118 2405 2174 2431 for-

1590 2434 1700 2460 Soluent
1713 2434 1925 2467 perpetuaformi
1946 2436 1988 2462 ine
1996 2443 2077 2464 terras
2097 2439 2172 2474 Virg.

1346 2470 1464 2497 Terret-e
1478 2469 1594 2504 aliquem
1607 2468 1755 2495 formidine
1778 2468 1858 2495 Ouid.
1868 2471 1931 2496 Met.
1946 2480 1974 2503 4,
1989 2477 2042 2501 801.
2098 2474 2172 2501 Tor-

1132 2515 1194 2541 pens
1209 2507 1271 2532 cassa
1284 2504 1431 2532 formidine
1462 2505 1566 2531 Lucret.
1579 2513 1606 2536 3,
1626 2512 1689 2537 994.
1843 2502 1864 2540 ¹]
1885 2514 1901 2530 z
1937 2507 2080 2540 Formido,
2100 2518 2175 2536 vena-

0 2534 13 2542 ’“
32 2539 216 2565 For-mamenta
230 2543 330 2571 queunt
344 2537 372 2563 in
384 2538 481 2572 quouis
491 2537 540 2565 else
552 2538 649 2565 nitore.
675 2541 693 2565 i.
715 2540 851 2566 simulacra
862 2547 887 2566 et
892 2540 1072 2576 formationes,
1085 2543 1117 2574 65
1132 2545 1210 2568 tionis
1218 2545 1349 2577 proprium
1368 2544 1442 2567 etiam
1461 2539 1617 2570 vocabulum,
1638 2539 1701 2565 idem
1718 2538 1783 2573 quod
1799 2539 1878 2565 Linea
1888 2539 2054 2576 significans,
2078 2544 2107 2570 de
2126 2554 2174 2580 qua

1132 2576 1189 2603 vide
1196 2577 1242 2612 suo
1254 2578 1322 2607 loco,
1351 2575 1394 2602 vbi
1413 2581 1436 2601 et
1453 2575 1526 2601 huius
1536 2576 1764 2613 interpretationem
1784 2578 1898 2613 reperies.
1968 2578 2006 2602 De
2029 2578 2076 2606 hac
2096 2581 2174 2615 Virg.

1133 2612 1231 2645 Gcorg.
1245 2619 1274 2642 3,
1289 2618 1336 2644 372
1368 2610 1530 2636 Puniceaeue
1544 2614 1643 2643 agitant
1655 2608 1764 2634 timidos
1780 2609 1925 2637 formidine
1945 2620 2052 2646 pennae.
2104 2616 2175 2643 Add,

1133 2645 1206 2684 Ideni
1222 2654 1265 2676 12,
1284 2653 1342 2679 750.
1378 2646 1443 2671 Hor.
1458 2645 1507 2671 Sat.
1523 2653 1549 2684 1,
1568 2649 1596 2674 8,
1617 2651 1638 2674 3-
1666 2679 1671 2683 Ι
1694 2643 1767 2683 C⁰‚²²f‚·
1788 2645 1884 2671 Lucan·
1905 2656 1938 2678 4²
1951 2655 2008 2682 437-
2084 2652 2175 2684 Quum

1133 2688 1262 2706 maximos
1278 2680 1395 2706 ferarum
1410 2687 1500 2714 greges
1513 2679 1581 2705 linea
1594 2687 1685 2713 pennis
1704 2678 1826 2705 distinCIa
1845 2682 1992 2715 contiueat,
2020 2689 2046 2711 et
2063 2685 2093 2711 i'n
2114 2686 2174 2713 insi-

1321 2785 1326 2790 ·
1351 2786 1355 2790 .
1437 2784 1444 2790 ⁶
1477 2751 1578 2777 Verum
1592 2758 1641 2784 ego
1654 2749 1701 2776 ista
1713 2752 1937 2784 commemoraui,
1957 2763 2012 2780 non
2032 2722 2177 2791 quodcgi'ifs:

1135 2794 1228 2812 narum
1245 2784 1404 2812 formidines
1423 2791 1546 2813 timerem
1577 2785 1653 2819 Apul.
1673 2785 1750 2819 Apol.
1786 2786 1829 2813 vbi
1850 2788 1903 2814 vid.
1926 2789 1993 2815 Colu.
2024 2793 2054 2817 it.
2076 2792 2176 2828 Casaub.

1135 2823 1210 2848 Paret
1222 2822 1281 2847 Lex.
1295 2821 1358 2848 Crit.
1368 2827 1397 2856 p.
1407 2824 1466 2855 496.
1523 2821 1630 2847 Turneb.
1644 2820 1751 2861 Aduers-
1763 2832 1793 2854 5,
1810 2832 1833 2856 5.
1887 2824 1977 2850 Barth.
1996 2825 2030 2852 ad
2041 2827 2115 2854 Grat.
2128 2829 2178 2861 Cy.

1134 2866 1192 2891 neg.
1207 2863 1252 2890 74.
1324 2857 1381 2883 Huc
1387 2859 1500 2893 pertinet
1511 2855 1574 2882 illud
1585 2857 1670 2882 lemma
1683 2857 1834 2884 Gellianum
1846 2858 1908 2885 libri
1919 2858 2041 2899 deperditi
2049 2867 2070 2893 8,
2084 2871 2112 2889 10
2128 2864 2179 2890 Re-

1135 2751 1192 2777 Sen.
1207 2750 1316 2784 Hippol.
1331 2759 1357 2776 ν.
1365 2753 1410 2784 46.

38 2891 123 2924 miae,
145 2890 218 2926 quod
231 2899 299 2917 circa
312 2891 339 2917 id
352 2890 458 2918 crebrae
471 2891 594 2918 stationes
603 2912 610 2924 ,
629 2896 752 2926 tutaeque
765 2898 855 2924 erant,
876 2892 947 2918 vnde
969 2892 1074 2932 profici·
1089 2897 1121 2926 75
1136 2898 1268 2919 motarum
1282 2892 1467 2927 quaestionum
1480 2891 1587 2918 nebulas
1601 2897 1626 2918 et
1645 2891 1803 2919 formidines
1826 2893 1858 2919 ad
1876 2895 2017 2929 capiendos
2040 2897 2177 2932 imperito-

779 2928 888 2954 Moenia
906 2928 1075 2955 Formiarum

77 3004 94 3023 i=
106 3004 125 3024 o
135 3005 202 3024 11Μ1
211 3005 233 3024 Α
242 3005 293 3024 Nv
302 3005 314 3024 s
324 3018 332 3030 ‚
351 3006 379 3028 a,
398 3005 453 3023 um.
490 2997 576 3023 Colles
589 2997 727 3024 Formiani
756 2998 823 3024 Hor.
839 2998 927 3025 Carm.
941 3008 966 3031 1,
985 3008 1032 3031 20,
1044 3008 1075 3026 ii.

36 3032 113 3057 «Hinc
131 3033 315 3065 Formianum,
331 3032 371 3068 sc.
389 3032 534 3064 Praedium,
552 3032 614 3059 villa
625 3033 752 3059 Ciceronis
763 3035 790 3058 in
800 3042 862 3069 agro
876 3035 1004 3061 Formiano
1014 3034 1076 3069 fita.

48 3065 103 3092 Cic.
117 3066 210 3100 Atha,
228 3078 247 3103 4
282 3069 342 3096 Nos
363 3067 469 3095 circiter
490 3069 546 3095 Cal.
570 3073 615 3095 aut
637 3068 666 3094 in
688 3067 832 3095 Formiano
854 3069 967 3103 erimus,
987 3076 1032 3097 aut
1048 3070 1117 3102 in80
1137 3070 1192 3096 Cic.
1207 3068 1320 3104 Philipp.
1329 3071 1393 3103 2,64
1407 3071 1467 3095 2:26

46 3101 281 3171 Poingeiialli‘icA,
297 3148 336 3166 ae.
357 3139 377 3165 f.
413 3138 554 3175 [μύρμηξ]
594 3139 623 3166 Α
636 3137 761 3166 Ferendis
774 3139 851 3166 micis
863 3139 942 3167 ditia.
999 3140 1076 3175 Apul.

45 3171 136 3198 Met.6
147 3180 171 3204 p.
180 3177 233 3207 177,
244 3181 276 3200 20
296 3175 339 3201 vbi
351 3181 515 3208 narrauerat,
529 3172 615 3208 iuffiim
629 3173 659 3201 ab
679 3177 749 3201 irata
771 3176 861 3202 Venere
880 3176 990 3212 Pfflchen
1001 3177 1077 3212 fimi-

46 3216 104 3233 num
114 3205 265 3241 confusorum
273 3213 406 3246 congeriem
425 3210 453 3236 di
464 3219 575 3242 cernere,
600 3209 687 3241 addit,
707 3210 789 3236 Tunc
807 3210 949 3239 formicula
961 3211 1007 3238 illa
1021 3220 1078 3246 par-

49 3242 111 3268 vula
125 3246 204 3275 atque
221 3243 331 3272 ruricola
365 3260 411 3266 —
436 3246 583 3273 discurrens
608 3245 729 3280 gnauitcr
747 3252 878 3274 conuocat
901 3253 1077 3282 corrogatque
1092 3251 1121 3281 85
1140 3247 1248 3274 Auxilia
1262 3246 1389 3274 formidat
1420 3247 1494 3273 Curt.
1510 3255 1585 3279 3,11,
1606 3255 1642 3272 12.

48 3276 170 3303 cunEtam
190 3276 358 3306 formicarum
378 3282 526 3308 accolarum
548 3281 648 3308 classem
668 3296 713 3301 -—
763 3282 856 3309 Ruunt
884 3298 930 3303 —
949 3282 1073 3317 sepedum

48 3312 211 3347 populorum
218 3312 312 3345 vndae,
327 3315 478 3352 summoque
491 3317 577 3343 studio
592 3316 721 3351 granatim
728 3316 842 3352 singulae
854 3323 941 3345 totum
954 3317 1077 3352 digerunt

47 3356 187 3388 πει-11111115
222 3347 405 3385 separatimque
417 3352 562 3379 distributis
574 3352 716 3387 diffitisque
727 3353 867 3387 generibus
875 3373 883 3385 ,
909 3363 923 3379 e
937 3353 1077 3388 conspc&u

48 3388 193 3419 pernititer
206 3380 310 3409 abeunt·
378 3388 451 3420 Apul.
466 3388 529 3415 Met.
543 3393 555 3418 8
569 3397 593 3423 p.
607 3397 662 3420 211,
675 3397 700 3420 31
736 3388 845 3415 Nudum
859 3399 887 3415 ac
900 3395 985 3416 toturn
999 3389 1077 3415 melle

46 3418 173 3455 perlitum
186 3417 298 3444 firmiter
310 3417 424 3453 alligauit
434 3423 525 3450 arbori
536 3423 661 3450 ficulneae
670 3444 678 3455 ,
695 3423 769 3450 cuius
781 3425 811 3450 in
823 3425 879 3459 ipso
893 3425 994 3451 carioso
1006 3424 1077 3459 stipi·
1089 3437 1126 3463 90
1140 3425 1238 3452 Omnia
1249 3424 1394 3451 formidare
1421 3424 1476 3450 Cic.
1492 3424 1549 3450 Fin.
1564 3431 1577 3449 2
1594 3432 1616 3451 c.
1630 3425 1666 3450 16.

48 3461 75 3482 te
90 3453 294 3480 inhabitantium
308 3452 475 3492 formicarum
491 3459 610 3486 nidificia
627 3459 798 3492 burriebant,
822 3465 848 3487 et
866 3460 938 3487 vltro
959 3460 1080 3494 citroque

49 3488 232 3518 commeabant
251 3487 391 3528 mul-muza
406 3491 566 3529 scaturigine.
621 3496 695 3527 Quae
731 3509 776 3515 —-
794 3497 881 3530 paruis
894 3494 1019 3530 quidem,
1036 3494 1080 3522 sed

49 3524 193 3552 numerosis
204 3529 232 3564 et
244 3528 376 3564 continuis
389 3527 566 3556 morsiunculis
579 3531 683 3565 penitus
697 3530 861 3557 inhaerentes
880 3546 925 3550 —
944 3531 980 3557 ita
996 3530 1081 3557 carni-

50 3561 99 3588 bus
111 3567 189 3596 atque
202 3558 261 3594 lPfiS
275 3558 419 3585 V¹s00r1b115
431 3561 506 3591 adeste
517 3564 626 3592 homine
639 3567 775 3592 consumto
794 3566 913 3593 membra
932 3565 1081 3598 nudarunt,

51 3601 81 3623 vt
92 3596 142 3622 ossa
153 3602 241 3622 tamen
252 3593 358 3621 viduata
373 3594 470 3628 pulpis,
486 3598 570 3627 nitore
581 3601 667 3628 nimio
680 3601 815 3629 candentia
823 3623 831 3635 ,
852 3602 968 3629 funestae
989 3600 1082 3628 cohae-
1092 3613 1125 3640 95

52 3637 139 3672 rerem}
150 3630 250 3672 §timri-
322 3629 401 3656 Plfflst-
410 3630 490 3671 Tri-¹¹·
504 3641 528 3664 2,
539 3640 566 3668 4,
579 3641 593 3666 8
619 3636 706 3663 Confit
720 3637 783 3669 cito,
803 3646 883 3672 quam
895 3643 923 3664 tu
938 3637 955 3664 fi
968 3636 1081 3664 obiicias

53 3667 172 3708 formicis
184 3674 349 3706 papaiierem.
416 3664 507 3705 §ilices
526 3668 619 3698 itinere
632 3681 723 3698 earnm
748 3673 953 3708 (formicarum)
977 3672 1081 3699 attritos

52 3702 180 3742 Videmus,
198 3708 259 3728 etin
270 3709 349 3736 opere
361 3701 478 3727 semitam
490 3701 596 3742 saltiam:
629 3716 662 3733 ne
674 3708 733 3742 quis
746 3707 864 3741 dubitet,
883 3707 1002 3743 qualibet
1015 3708 1044 3734 in
1052 3717 1080 3734 re

54 3737 118 3773 quid
130 3737 202 3772 poslit
215 3736 444 3772 quantulacunque
458 3736 578 3764 sedulitas
601 3741 665 3768 Plin.
675 3752 706 3775 ii,
717 3752 759 3776 29.
867 3745 933 3770 Hor.
942 3744 1023 3769 Serm.
1032 3752 1052 3775 1,
1062 3752 1081 3774 1,

55 3781 83 3805 33
107 3772 216 3800 Paruula
233 3776 309 3805 (nam
321 3771 442 3806 exemplo
458 3771 511 3803 est)
529 3775 616 3807 magni
628 3775 739 3805 formica
753 3777 861 3805 laboris.

56 3815 96 3839 30.
130 3809 234 3843 etVirg.
248 3808 346 3842 Georg.
360 3817 379 3840 1,
394 3809 444 3837 186·
514 3807 663 3843 Frugilegae
675 3812 802 3840 formicae
827 3814 1084 3848 Ouid.Met.7,624.

3 3835 21 3863 ’ἓν
56 3843 173 3871 Formica
187 3843 365 3878 anteponenda
378 3842 571 3878 pulcherrimae
584 3843 660 3876 vrbi,
678 3849 748 3880 quod
765 3849 794 3875 in
805 3849 871 3876 vrbe
886 3850 970 3876 sensus
985 3849 1016 3876 fit
1026 3849 1085 3875 nul-

57 3877 113 3912 lus,
129 3880 159 3906 in
170 3879 285 3906 formica
296 3888 349 3906 non
363 3878 445 3906 modo
469 3878 570 3910 sensus,
587 3878 630 3904 sed
649 3879 728 3906 etiam
744 3891 830 3915 mens,
849 3885 935 3917 ratio,
954 3884 1085 3911 memoria

56 3913 154 3980 ξῖἰεὲἐε
167 3915 204 3942 Ν.
218 3915 249 3940 D.
263 3923 291 3947 3,
308 3923 342 3941 21.
411 3914 489 3948 Inopi
500 3920 616 3940 metuens
628 3913 739 3941 formica
754 3918 868 3946 semeiae
898 3921 973 3955 Virg.
987 3921 1084 3955 Georg-

70 3967 77 3981 ‚
91 3957 99 3976 1
134 3969 140 3977 .

903 3778 962 3805 Vid.
976 3778 1041 3804 Plin.
1051 3787 1136 3810 '12100
1145 3785 1174 3803 ve
1186 3782 1209 3802 et
1217 3776 1310 3812 paffiue
1316 3777 1433 3813 sumitur.

208 3949 272 3977 Inda
284 3950 353 3978 cauis
367 3958 461 3978 aurum
474 3949 558 3977 mittit
569 3949 681 3978 formica
696 3951 808 3979 metallis
837 3955 953 3990 Propert.
966 3965 989 3989 3,
1003 3964 1042 3989 13,
1061 3963 1084 3990 5.
1092 3966 1137 3994 ¹05
1148 3962 1189 3982 ren
1198 3954 1270 3980 suut:
1289 3953 1442 3987 semperque
1460 3953 1492 3979 iis
1499 3953 1584 3980 aliena
1590 3953 1676 3981 virtus
1684 3953 1857 3981 formidolosa
1869 3952 1912 3978 esi.

1135 2937 1196 2955 rum
1208 2928 1311 2954 animos
1323 2927 1462 2954 ostentare.
1536 2928 1594 2953 Non
1608 2927 1692 2953 dubito
1706 2929 1838 2964 elegantem
1854 2928 1919 2956 hanc
1933 2933 2122 2960 translationem
2134 2933 2177 2968 effi

1137 2963 1167 2990 ab
1179 2963 1231 2998 ipso
1246 2963 1330 2989 Gellio.
1384 2965 1426 2990 Ita
1439 2963 1548 2990 Irretire
1563 2962 1679 2997 laqueis,
1706 2970 1752 2990 etc.

1173 3004 1189 3024 F
1198 3006 1218 3025 0
1227 3006 1245 3025 R
1254 3006 1277 3024 M
1286 3000 1297 3024 Ϊ
1307 3004 1325 3024 D
1336 3003 1356 3024 0
1366 3019 1373 3030 ‚
1395 3003 1448 3024 are.
1482 2997 1643 3031 [ὗποπτὴσσω
1649 3017 1659 3030 ,
1678 2997 1778 3025 πτώσσω
1785 3019 1793 3032 ,
1810 3000 1993 3035 καταπτῶπσω]

1136 3043 1208 3060 mt'rt'.

1261 3034 1342 3060 Plaut.
1358 3033 1421 3060 Cist.
1432 3042 1451 3066 4
1460 3053 1468 3065 ,
1483 3042 1510 3064 2,
1525 3042 1558 3059 20
1594 3033 1666 3060 Nam
1680 3040 1705 3060 et
1718 3034 1788 3060 intus
1803 3044 1903 3069 pauco,
1922 3042 1947 3062 et
1961 3003 2177 3064 fornifdzge'fiiriii

1490 3068 1570 3102 Qiod
1582 3069 1703 3095 omnium
1719 3069 1880 3096 formidasset
1890 3071 2006 3098 audacia.
2040 3073 2178 3099 ALrefor-

1138 3105 1264 3132 midasl'et.
1335 3104 1463 3131 Formido
1473 3104 1552 3137 mihi,
1572 3113 1602 3130 ne
1610 3104 1710 3140 scilicet
1719 3105 1819 3140 aliquod
1828 3107 1889 3131 mali
1905 3106 1967 3132 mihi
1975 3107 2073 3133 accidat
2094 3108 2176 3135 Plaut.

1139 3139 1234 3175 Amph.
1251 3149 1269 3172 1,
1282 3148 1303 3172 1,
1316 3146 1359 3173 48.
1429 3139 1502 3166 Idem
1515 3140 1575 3166 Aul.
1588 3148 1641 3174 arg.
1655 3142 1672 3166 6
1698 3143 1770 3166 Auro
1784 3141 1912 3167 formidat
1925 3141 2031 3174 Euclio,
2046 3142 2176 3170 abstrudit

1139 3176 1216 3203 foris.
1272 3177 1363 3211 Nempe
1374 3182 1403 3202 ut
1413 3176 1505 3202 Metuo
1521 3175 1589 3206 tibi,
1614 3179 1632 3202 i.
1641 3182 1746 3210 propter
1761 3182 1799 3207 tc,
1819 3185 1849 3201 ne
1859 3176 1907 3202 tibi
1919 3184 2043 3204 noceatur.
2114 3179 2177 3206 Ani-

1139 3221 1197 3239 mus
1209 3210 1349 3242 formidat,
1368 3210 1484 3243 tamdiu,
1503 3217 1548 3238 etc.
1580 3211 1663 3238 Plaut.
1682 3209 1771 3237 Bacch.
1787 3219 1818 3243 2,
1838 3219 1864 3242 3,
1882 3220 1904 3243 3.
1994 3213 2079 3239 Pauor
2095 3215 2178 3241 etiam

1713 3245 1880 3273 iracundiam
1897 3247 2008 3274 alicuius
2031 3248 2178 3277 formidare

1140 3284 1195 3311 Cic.
1209 3284 1262 3309 Att.
1275 3287 1303 3315 8,
1323 3290 1360 3315 25.
1430 3282 1513 3309 Plaut.
1526 3281 1620 3315 Amph.
1636 3281 1703 3315 prol.
1718 3289 1749 3315 27
1783 3282 1847 3308 Non
1866 3283 1952 3310 minus
1971 3292 2049 3318 quam
2061 3285 2178 3312 vestrum

1138 3319 1228 3354 quiuis
1241 3317 1370 3345 formidat
1382 3317 1488 3344 malum.
1560 3317 1598 3343 Id.
1611 3316 1677 3343 ibid.
1692 3325 1718 3346 1,
1732 3326 1758 3349 1,
1770 3323 1814 3349 148
1846 3318 1974 3345 Formido
1992 3318 2059 3345 male
2077 3329 2110 3346 ne
2128 3329 2178 3355 ego

1139 3363 1238 3382 nomen
1250 3361 1411 3380 commutem
1426 3362 1529 3383 meum,
1553 3358 1578 3379 et
1591 3353 1708 3385 Quintus
1721 3352 1782 3378 fiam
1795 3361 1809 3378 e
1822 3353 1890 3380 Sosia
1910 3362 1959 3389 pro
1972 3355 2049 3381 male.
2084 3357 2128 3382 Al.
2142 3366 2180 3383 rc-

1140 3388 1206 3417 eiius
1226 3388 1302 3416 mihi.
1380 3389 1471 3416 Nimis
1491 3388 1559 3414 male
1580 3387 1657 3414 illum
1679 3387 1798 3414 formido
1835 3389 1915 3415 Plaut.
1938 3390 2012 3423 Capt.
2033 3400 2051 3424 4
2064 3409 2071 3420 ‚
2092 3400 2111 3424 4
2125 3411 2132 3422 ‚
2155 3399 2178 3425 ς,

1772 3423 1888 3450 Verbera
1906 3424 2087 3452 formidauere
2116 3427 2179 3454 Stat.

1140 3462 1205 3487 Silii.
1215 3468 1236 3493 5,
1250 3470 1272 3492 3,
1289 3467 1343 3493 184.
1413 3459 1539 3487 Interdum
1552 3458 1614 3484 idem
1636 3457 1669 3491 est
1680 3464 1752 3493 atque
1766 3459 1864 3490 chuo,
1887 3461 1957 3485 nolo:
1993 3460 2072 3487 Plaut.
2088 3462 2178 3489 Pseud.

1143 3505 1161 3528 1,
1173 3505 1195 3529 3,
1208 3501 1233 3526 81
1257 3497 1307 3522 Fac
1320 3496 1371 3522 hoc
1383 3504 1441 3521 mea
1455 3494 1524 3527 fide,
1543 3494 1560 3520 si
1576 3494 1619 3521 isti
1632 3493 1758 3521 formidas
1767 3494 1880 3519 credere.
1915 3495 1987 3531 Conf.
2000 3496 2068 3522 Asin.
2078 3505 2099 3529 2,
2108 3508 2134 3531 4,
2143 3506 2179 3531 55.

1179 3538 1195 3557 F
1206 3537 1226 3557 Ο
1237 3537 1255 3556 R
1264 3538 1289 3557 M
1302 3533 1314 3557 1'
1323 3537 1341 3556 D
1350 3538 1371 3557 A
1380 3538 1400 3557 N
1410 3538 1422 3557 s
1430 3551 1439 3563 ,
1456 3531 1486 3557 is.
1521 3530 1614 3556 Partic.
1667 3528 1856 3563 [ὑποπτήσσων]
1912 3531 1994 3557 Cerui
2006 3532 2180 3560 formidantes

1144 3565 1224 3594 Ouid.
1237 3567 1302 3593 Met.
1316 3574 1354 3599 15,
1367 3574 1427 3601 475.
1461 3567 1504 3593 Al.
1519 3565 1688 3591 Formidatis.

1180 3607 1197 3627 F
1207 3607 1227 3628 o
1237 3608 1255 3627 R
1267 3608 1293 3628 M
1304 3602 1317 3628 1·
1326 3609 1344 3627 D
1356 3602 1402 3628 ᾸΤ
1411 3608 1452 3628 Vs
1461 3621 1470 3634 ,
1488 3610 1520 3633 a,
1541 3610 1594 3627 um.
1635 3599 1715 3627 Aliud
1726 3599 1819 3625 Partic.
1856 3599 1869 3633 [
1877 3598 2046 3636 ὖπὸπτηκτος]
2099 3603 2181 3631 Classe

1144 3636 1303 3663 formidatus
1326 3637 1520 3668 Hor-Carm.3,
1535 3639 1561 3668 6,
1576 3644 1609 3668 ις.
1680 3634 1718 3660 Id.
1732 3634 1809 3669 Epist.
1824 3643 1846 3666 2,
1862 3644 1879 3667 1,
1893 3638 1942 3668 256
1966 3635 2117 3666 Formidata
2124 3640 2182 3665 Par-

1143 3671 1196 3697 this
1209 3672 1302 3698 Roma.
1339 3672 1413 3708 Conf.
1425 3671 1505 3699 Ouid.
1514 3680 1544 3697 ex
1554 3672 1626 3697 Pont.
1637 3678 1686 3701 1,3,
1699 3678 1742 3703 24.
1778 3669 1887 3704 et'Virg.
1896 3671 1959 3697 Aen.
1974 3681 1997 3705 3,
2011 3680 2067 3708 275.
2121 3676 2183 3700 Item

1145 3706 1247 3733 Sallust.
1260 3706 1337 3734 Catil.
1352 3716 1371 3740 1,
1387 3716 1415 3733 10
1432 3715 1454 3734 a.
1526 3707 1619 3733 Manus
1633 3704 1790 3731 formidatae
1816 3705 1897 3732 Ouid.
1913 3708 2004 3734 Amor.
2019 3718 2039 3740 i,
2053 3717 2079 3743 7,
2094 3711 2132 3735 62.

1182 3748 1197 3767 1·
1206 3748 1224 3767 0
1236 3748 1254 3768 R
1265 3749 1289 3768 M
1300 3749 1310 3768 1
1322 3748 1340 3767 D
1349 3749 1368 3768 o
1377 3749 1392 3768 L
1402 3744 1420 3769 ὁ
1430 3750 1442 3769 s
1454 3750 1472 3768 v
1481 3750 1493 3769 s
1503 3762 1511 3774 ,
1532 3750 1556 3773 a,
1575 3749 1628 3766 um.
1665 3738 1724 3766 Adi.
1761 3740 1927 3775 [nardoeoC'oQ
1945 3742 2074 3777 ψοφοδεὴς]
2108 3740 2182 3769 Affi-

1486 3774 1590 3806 Ainus,
1612 3775 1805 3811 Qiformidat.
1874 3777 1943 3804 Ter.
1965 3780 2029 3805 Eun.
2048 3787 2080 3810 4,
2101 3780 2133 3809 6,
2154 3786 2183 3809 19

1147 3812 1281 3846 Apagffls,
1301 3813 1356 3847 Ego
1369 3811 1573 3839 formidolosus³
1609 3819 1688 3837 nemo
1700 3810 1736 3837 est
1749 3810 1906 3845 hominum,
1925 3815 1971 3848 qui
1986 3814 2069 3843 vinat,
2086 3813 2181 3838 minus.

1147 3847 1280 3873 Columel.
1295 3849 1327 3879 6,
1344 3856 1361 3873 2
1393 3848 1449 3874 Nec
1468 3847 1499 3873 ad
1512 3845 1682 3879 ingredienda
1696 3847 1821 3878 flumina,
1839 3855 1883 3874 aut
1900 3854 1991 3883 pontes
2006 3846 2182 3873 formidolosi.

1147 3881 1357 3909 Forinidolosior
1369 3883 1484 3909 hostium
1496 3881 1625 3908 exercitus
1645 3882 1735 3909 Tacit.
1749 3883 1815 3909 Ann.
1830 3891 1849 3915 1,
1865 3887 1906 3909 62.
2008 3881 2117 3915 Paffi‘ue,
2133 3883 2183 3915 Qu

1142 3918 1309 3954 formidatur.
1380 3918 1478 3944 Sallust.
1492 3916 1569 3943 Catil.
1582 3924 1613 3952 7,
1627 3926 1636 3943 1
1670 3917 1786 3952 Regibus
1798 3918 1863 3945 boni
1877 3925 1955 3951 quam
1965 3915 2183 3977 gialirfusipeCiio-

1988 3958 2021 3978 ic.
2061 3960 2076 3976 u
2090 3960 2110 3976 c.
2119 3960 2146 3983 4.
2155 3959 2183 3983 52

1299 3988 1323 4017 X
1334 3996 1351 4015 x
1371 3997 1387 4014 x
1400 3997 1416 4015 11·
1455 3996 1471 4015 2
2070 3986 2181 4013 Conser-
