2479 4225
271 208 340 259 63,
655 202 688 242 r
776 199 810 239 E
899 194 931 235 R
1763 191 1798 232 F
1888 192 1922 233 E
2008 193 2042 234 R
2345 172 2460 242 636?

273 296 332 323 lore
345 294 398 322 Cic.
412 292 496 321 Tusc.
510 300 539 326 4,
550 300 597 326 44.
668 289 747 316 Plaut.
763 289 835 320 Capt·
850 283 919 319 pr01·
932 291 964 316 30
997 282 1085 310 Huius
1098 282 1169 314 illle,
1181 279 1226 307 hic
1240 279 1312 307 illius
1377 283 1454 310 malis
1467 283 1562 316 rebus,
1583 287 1609 310 et
1622 282 1655 309 iis
1667 282 1714 317 qui
1734 282 1767 309 de
1784 282 1864 309 salute
1879 281 1956 309 dubii
1970 283 2044 316 sunt,
2063 283 2098 311 ad
2115 282 2184 310 illam
2193 266 2362 317 parturlevitis
2372 270 2417 313 iao,
2444 290 2446 315 ι

274 332 355 358 hodie
374 330 426 356 fert
439 329 600 363 Imaginem,
619 329 638 353 i.
649 325 777 362 personant
792 323 866 356 gerit.
939 320 1173 358 Immoderateyes
1192 315 1312 355 aduersi}s
1378 319 1505 359 cemoTer.
1521 319 1595 346 Adel.
1609 328 1629 351 3,
1642 327 1670 351 4,
1682 327 1712 351 41
1731 319 1799 358 Iuno
1813 318 1913 358 Lucina
1926 318 1967 358 fer
1978 320 2073 353 Opem.
2087 354 2091 358 ⁵
2178 317 2325 357 C¹⁰·.T¹¹.s“·
2341 324 2369 355 4,
2381 316 2419 353 45'

274 373 300 393 et
313 365 434 392 secundas
449 365 537 397 ferre,
553 362 666 390 leuitatis
680 359 715 386 est
731 359 784 384 CK·
798 355 849 382 Off·
866 364 885 387 Ι,
899 363 943 388 90-
1015 353 1162 382 Immodlce
1176 352 1251 392 ‘ferre
1264 351 1312 377 2¹1·
1378 354 1504 389 Reliquas
1517 364 1624 389 quoque
1635 360 1718 389 partes
1731 354 1903 394 aegritudinis
1915 354 1992 394 Vtiles
2006 353 2167 394 effodicunt.
2203 350 2414 380 Mtserlcordlam

276 411 355 437 quem
368 402 471 433 casum,
492 410 516 426 υ.
530 401 554 426 h.
569 408 594 425 v.
664 394 734 421 Caes.
748 393 775 418 B.
789 392 821 417 G.
834 399 856 422 Ξ»
871 399 898 424 ¹9
933 392 968 417 Vt
986 400 1020 418 ne
1038 399 1120 417 Vffllffl
1139 386 1246 423 quidem
1261 388 1312 413 1¹¹1·
1377 389 1409 415 ad
1423 390 1507 424 Opem
1523 390 1673 422 ferendam,
1689 395 1714 415 et
1726 389 1884 416 calamitates
1898 389 2037 416 hominum
2051 390 2223 423 indignorum
2236 385 2433 420 subleuandasarg

275 444 367 472 petum
381 436 533 463 nostrorum
546 435 658 460 fen-ent,
681 432 699 454 i·
713 426 878 462 fisti’lt'rffll:
888 425 936 462 fid
946 427 1077 463 fugerent.
1148 423 1223 450 Idem
1237 423 1265 449 B·
1280 423 1313 448 G·
1338 427 1352 454 5
1379 425 1465 458 Opem
1483 426 1562 452 alicui
1582 427 1648 452 Hor.
1662 426 1693 451 de
1708 426 1770 451 Arte
1785 425 1856 452 Po'e't.
1870 427 1927 459 461.
1997 426 2082 460 Opem
2105 431 2182 459 atque
2202 423 2333 450 auxilium
2359 416 2422 452 eici

276 482 286 501 1
310 482 339 506 14
365 472 498 506 Qiodque
510 471 534 496 se
547 475 598 495 tam
612 466 657 491 din
671 465 780 496 Impune
794 462 878 488 tuliffe
891 462 1004 489 iniurias
1018 461 1219 488 admirarentur.
1286 459 1317 484 In
1380 461 1457 487 Verr.
1471 470 1493 493 2,
1507 470 1532 494 9.
1578 462 1663 495 Opem
1675 467 1701 487 et
1715 461 1821 487 salutem
1834 459 2015 494 indigentibus
2027 461 2101 488 Idem
2115 459 2147 486 de
2162 460 2219 486 Fin.
2235 467 2259 488 2,
2273 462 2319 487 118.
2359 456 2416 488 Cic.

277 493 370 543 a'liquo
389 507 524 543 quidpiam
553 499 680 534 Qlinffil·
696 507 716 530 Ι,
729 500 754 523 6·
823 499 855 524 1¹¹
876 504 952 525 Vtere
971 498 1042 524 ferre
1061 497 1179 523 dicuntur
1192 494 1313 531 grauidae
1381 495 1452 522 Fam.
1464 505 1498 529 13,
1511 500 1546 532 67
1577 496 1656 529 Qod
1679 497 1696 522 fi
1710 497 1810 523 Romae
1826 496 1925 527 fuisset,
1947 497 2025 523 etiam
2045 497 2155 523 salutem
2173 496 2204 521 A.
2218 494 2342 521 Caecinae
2357 492 2420 530 effe:

278 544 353 571 Idem
366 549 390 573 g,
411 552 423 575 3
452 550 493 575 ³¹4·
565 536 619 562 Cic.
634 536 673 568 Q
685 534 754 559 Frat.
770 542 789 564 1,
803 541 816 558 2
844 533 931 568 Atque
951 534 987 560 ita
1004 532 1072 559 mihi
1089 531 1193 558 dicebat
1207 530 1314 556 Flauius
1378 540 1437 557 mus
1451 535 1496 563 (vt
1510 533 1611 567 Opinio
1625 541 1683 558 mea
1696 533 1765 564 fert)
1782 541 1828 566 per
1846 538 1872 558 te
1887 532 2026 559 consecuti.
2097 531 2199 566 Opinio
2215 538 2294 565 quam
2306 536 2365 554 mea
2378 533 2438 563 ιιι-ιχ,

280 581 404 615 scriptum
420 563 447 603 i'n
464 584 493 601 ea
510 570 631 606 epistola,
652 578 731 604 quam
754 575 826 595 tuam
838 570 887 595 effe
905 569 1022 600 dicebat,
1041 574 1066 595 te
1081 574 1125 594 aut
1139 565 1209 601 quali
1223 564 1317 591 amicis
1379 566 1442 593 lerit
1459 574 1503 594 aut
1523 569 1644 594 voluntas
1662 577 1735 599 mea,
1752 568 1828 602 plura
1846 567 1903 593 dixi
1923 567 1979 593 Cic.
1992 576 2041 602 pro
2053 567 2142 594 Domo
2159 575 2198 599 32.
2269 564 2424 603 Opinione-{2

280 615 333 642 tuis
349 614 440 649 gratias
458 609 593 637 acturum,
613 611 656 631 aut
677 604 747 639 quasi
766 605 883 631 inimicis
896 604 1066 631 Incommoda
1079 604 1204 629 laturum.
1275 602 1319 627 In·
1342 609 1371 627 10
1380 601 1520 629 hominum
1539 611 1564 630 et
1577 604 1719 637 religiones
1733 604 1822 630 ferunt
1835 602 1907 629 Idem
1919 604 1995 631 Verr.
2009 610 2033 636 5,
2070 623 2076 629 .
2113 623 2120 629 .
2206 601 2255 627 Per
2271 607 2319 626 ora
2332 598 2423 637 homif‘

282 651 446 677 differenter,
465 642 516 669 vid.
543 647 690 668 mmrrffl
698 647 763 667 ENs.
832 641 898 667 Plin.
912 645 946 671 18,
959 649 971 673 3
1009 641 1042 666 Vt
1056 649 1112 665 non
1125 638 1209 665 inuita
1223 646 1269 668 ea,
1281 642 1316 676 'et
1379 646 1514 674 num‚pro
1527 640 1664 670 celebrare,
1676 639 1743 675 apud
1759 639 1825 665 Plin.
1840 638 1916 673 Epist.
1929 647 1956 670 2,
1970 647 2006 670 10,
2020 648 2042 664 2.
2114 639 2169 665 Ora
2181 637 2213 663 ad
2225 644 2288 667 ora,
2302 634 2425 675 Oscularff‘

281 687 390 719 Indigne
408 682 524 709 ferente,
539 677 659 704 credatur
679 676 707 702 id
727 675 796 703 fieri.
867 677 935 702 Ter.
956 675 1030 702 Adel.
1049 684 1074 708 2,
1094 684 1114 707 1,
1132 683 1168 706 24
1192 673 1315 706 Tetigm’
1380 673 1462 701 Ouid.
1477 674 1510 700 ad
1522 675 1582 701 Liu.
1597 680 1644 707 158.
1719 675 1802 701 Plaut.
1814 674 1889 708 Epid.
1904 683 1930 708 2,
1942 682 1968 707 2,
1982 683 2001 707 4
2024 673 2092 707 Qis
2107 673 2184 700 istaec
2198 681 2277 707 quam
2290 669 2417 697 Osculum

281 722 320 748 tui
335 715 492 754 quidquam?
511 720 562 739 ΑΕ.
582 712 599 738 si
619 712 756 745 attigisses,
769 712 852 738 ferres
866 711 1056 745 Insortunrium.
1145 709 1235 736 Tacit.
1249 707 1316 734 Hist.
1380 708 1449 735 mihi
1468 710 1539 737 ferre
1557 710 1649 736 iubes?
1670 713 1688 736 i.
1709 710 1817 743 afferre,
1829 710 1942 745 osculari.
2040 709 2135 735 Oscula
2153 710 2244 735 saeuae
2260 706 2323 733 tulit
2340 703 2419 738 diuae
2437 739 2442 745 ἱ

282 766 300 788 1,
315 763 343 788 32
361 750 483 785 Oppress'a
496 748 634 783 Capitonis
648 747 755 774 consilia
769 747 872 780 Ingrate
891 746 994 773 tuliss'et.
1089 746 1184 780 Inique
1200 745 1267 778 Nep.
1284 748 1319 775 18,
1381 745 1468 772 Valet.
1482 747 1580 780 Argon.
1595 754 1621 780 7,
1634 748 1689 771 216.
1761 747 1851 772 Pacate
1870 752 1896 771 et
1915 744 2050 771 moderate
2071 744 2172 778 aliquid
2197 744 2252 771 Cic.
2268 743 2340 768 Fam.
2361 743 2385 771 6,
2397 748 2425 802 ἔ,

281 800 291 817 1
316 798 339 821 3,
443 785 497 811 Cic.
512 785 583 810 Fam.
600 792 632 816 13,
646 792 656 815 1
693 783 824 817 Sapientia
842 788 903 815 tua,
918 791 969 816 qua
988 783 1040 809 fers
1054 782 1198 811 Iniuriam,
1217 779 1318 806 laetitia
1345 780 1460 816 uertant.
1474 782 1533 808 Mil.
1546 791 1572 814 4,
1587 788 1609 813 8,
1622 790 1658 814 40
1685 782 1831 815 Metuoque
1846 787 1871 807 et
1883 781 1982 812 timeo,
1996 789 2029 806 ne
2043 779 2094 807 hoc
2107 779 2209 806 tandein
2223 778 2307 814 palam
2320 776 2366 803 fiat
2378 784 2395 801 n
2407 791 2429 813 τ’

278 810 320 851 ιιίε
334 821 461 849 affeciffet.
532 820 600 846 Ter.
616 820 711 845 Heaut.
725 826 747 851 5,
761 827 780 850 1,
793 826 825 851 45
859 819 893 844 At
912 827 960 844 nae
975 818 1042 845 illud
1056 817 1125 844 haud
1144 816 1278 845 Inuitum,
1298 815 1316 840 fi
1379 816 1438 842 mis.
1458 823 1503 844 ΡΥ.
1524 818 1588 852 quid
1603 816 1669 843 illud
1684 817 1736 843 est?
1758 823 1807 843 ΡΑ,
1826 826 1874 842 nos
1894 816 1996 848 Palam,
2016 816 2087 843 ferre
2105 824 2173 842 nunc
2186 824 2232 850 per
2247 813 2340 840 vrbem
2357 810 2438 851 iia-eta]

278 860 359 890 vino,
375 857 469 883 ferent.
562 854 740 881 Pseudo-Cic.
762 860 848 888 anteq.
869 854 921 880 iret
941 855 969 879 in
983 854 1046 880 exil.
1061 862 1090 886 19
1121 852 1166 878 Isti
1180 851 1261 878 modo
1275 851 1315 877 vi·
1379 853 1485 886 omnia,
1503 862 1535 879 ne
1548 854 1606 888 quis
1619 852 1669 878 tibi
1683 852 1734 878 hoc
1752 853 1822 878 vitio
1842 858 1944 884 vertat,
1964 859 1993 878 vt
2011 853 2123 886 Aperte,
2137 852 2223 882 Clam,
2243 856 2288 875 etc.
2361 847 2429 884 Cle?-¹

277 895 362 925 deant,
376 900 427 927 qua
446 892 549 917 ratione
562 890 628 916 hanc
648 890 762 916 Inultam
775 898 860 915 meam
880 890 970 923 fugam
984 890 1054 916 ferre
1074 888 1175 923 ponint.
1248 887 1315 913 Plin.
1379 888 1434 914 Att.
1446 896 1474 921 4,
1488 897 1517 922 ¹4
1531 892 1590 921 (ις)
1615 889 1657 914 Nc
1672 888 1773 914 diutius
1785 887 1912 922 pendeas,
1926 887 2041 914 Palmam
2054 887 2133 918 tulit,
2152 889 2170 913 i.
2189 887 2285 913 retulit.
2351 882 2445 920 Terg,

276 939 309 962 11,
324 937 355 963 37
394 927 479 954 Diuus
493 925 623 960 Augustus
644 926 703 951 suos
715 925 806 951 oculos
821 924 974 959 diligentius
987 925 1114 959 speciari,
1139 921 1266 950 iracunde
1280 922 1317 948 fc·
1380 923 1456 950 Adel.
1472 933 1493 957 1,
1506 934 1527 955 2,
1542 927 1572 957 36
1601 925 1655 957 Ego
1675 924 1717 950 illi
1736 924 1879 950 maximam
1891 924 1992 950 Partem
2005 923 2097 949 feram.
2117 923 2136 948 i.
2149 931 2172 949 e.
2194 919 2341 952 Sustinebo,
2354 917 2435 959 tole-3⁷³

276 964 359 991 rebat.
432 963 487 989 Cic.
502 970 551 996 pro
566 962 641 987 Rosc.
656 962 732 987 Com.
744 969 782 994 45·
804 962 890 994 Qiem
908 969 971 995 ergo
985 961 1002 987 fi
1015 961 1114 987 ferrem
1128 959 1261 990 Iudicem,
1277 967 1359 985 re-zo
1379 959 1459 990 rabo,
1471 963 1555 995 inquit
1569 960 1694 986 Donatus.
1767 959 1835 986 Plin.
1849 964 1872 991 8,
1887 967 1918 991 32
1937 958 2050 985 Οόὶοῃὶς
2065 957 2194 984 mensibus
2208 957 2307 984 Ferunt
2320 955 2410 980 Partus
2435 964 2438 976 ε

276 1001 370 1034 fugere
387 1007 441 1025 non
455 997 579 1024 deberet:
606 1006 687 1031 quum
708 996 797 1023 testem
816 996 959 1031 producam
981 994 1173 1030 reprehendere
1192 994 1318 1020 audebit?
1381 999 1406 1020 et
1419 994 1551 1022 interdum
1564 996 1690 1029 geminos.
1726 995 1799 1022 Idem
1818 1003 1845 1029 7,
1859 1002 1871 1028 5
1891 995 1990 1021 Gerere
2003 996 2109 1021 Partum
2123 993 2207 1025 dixit,
2222 992 2249 1018 cie
2257 991 2410 1026 praegnans
2428 1008 2432 1023 3
2441 995 2445 1002 ¹

276 1036 338 1062 Liu.
353 1039 375 1065 8,
388 1043 414 1066 33
449 1034 569 1059 Prouoco
587 1033 619 1058 ad
633 1032 774 1066 Populum:
793 1041 906 1067 eumque
926 1031 978 1058 tibi
999 1032 1113 1066 fugienti
1133 1032 1239 1057 Senatus
1252 1029 1320 1056 iudi-
1380 1029 1433 1056 bus.
1503 1031 1614 1057 Paffibus
1627 1030 1725 1066 rapidis
1739 1030 1806 1057 ferri
1826 1031 1899 1064 Virg.
1912 1031 1976 1057 Aen.
1990 1040 2013 1063 7,
2028 1039 2080 1065 157.
2146 1030 2292 1060 Patienter,
2309 1025 2363 1052 vid.
2377 1025 2410 1051 Pa
2427 1038 2437 1055 μ

275 1071 364 1102 cium,
382 1069 500 1095 Iudicem
514 1069 583 1095 fero.
620 1069 673 1094 Hoc
685 1068 768 1104 solent
780 1068 889 1094 homines
902 1067 991 1103 facere
1004 1071 1030 1093 in
1049 1076 1139 1102 magna
1151 1066 1236 1101 causae
1248 1065 1319 1101 fidu-
1381 1065 1449 1091 tiens
1466 1069 1492 1092 in
1510 1073 1647 1094 PATIOR.
1719 1067 1850 1093 Patienter
1867 1073 1893 1092 et
1910 1074 1996 1100 aequo
2014 1067 2104 1092 animo
2119 1063 2286 1091 difficultates
2303 1060 2376 1088 Caes.
2390 1056 2437 1105 δύ’

275 1110 316 1133 cia
333 1105 503 1140 aducrfitrium
516 1110 695 1138 prouocantes,
712 1112 782 1140 quum
801 1110 844 1129 aut
860 1104 978 1130 Iudicem
997 1103 1023 1129 ei
1043 1103 1149 1133 serunt,
1170 1103 1197 1128 zd
1209 1099 1242 1133 .st
1256 1100 1317 1134 offe·
1380 1101 1411 1127 C.
1425 1109 1446 1133 3,
1461 1109 1494 1135 15.
1560 1103 1697 1130 'Patienter
1720 1103 1867 1137 potentiam
1891 1101 2003 1128 alicuius
2029 1102 2086 1129 Cic.
2102 1101 2174 1127 Fam.
2196 1108 2215 1130 1,
2234 1104 2257 1129 8.
2328 1096 2406 1129 Tact
2431 1102 2439 1135 j,

275 1148 351 1173 runt,
369 1147 412 1166 aut
424 1140 453 1166 ab
473 1149 497 1165 ro
512 1145 613 1174 petunt.
649 1140 722 1174 Saepe
741 1143 804 1165 enim
819 1140 924 1165 Romani
932 1138 972 1172 stc
986 1138 1083 1165 Iudices
1095 1137 1241 1174 fi1mebaut‚
1259 1140 1352 1172 ‹1110523
1379 1137 1446 1162 Ann.
1460 1146 1493 1170 11,
1507 1140 1523 1164 6
1542 1138 1584 1164 Sic
1598 1139 1653 1166 fori
1666 1138 1737 1165 tabes
1750 1138 1889 1164 Pecuniam
1901 1137 2035 1164 aduocatis
2048 1138 2132 1169 ferat,
2150 1142 2179 1162 vt
2193 1131 2322 1172 frustum.
2377 1131 2416 1163 P„
2431 1132 2445 1166 J

276 1179 381 1204 Praetor
394 1185 442 1202 non
457 1175 541 1214 dabat..
633 1174 694 1201 Liu.
713 1184 733 1207 3,
749 1183 781 1207 24
806 1175 845 1201 Ni
862 1175 899 1200 ita
913 1175 986 1205 efl'et,
1005 1174 1091 1200 multo
1109 1173 1236 1213 priuatim
1249 1174 1318 1198 fere·
1380 1172 1456 1205 dem,
1465 1176 1575 1208 poetice,
1586 1181 1634 1209 pro
1646 1175 1738 1209 Aliquo
1746 1174 1869 1211 progredi
1887 1181 1910 1200 et
1929 1177 1967 1200 ire
1979 1173 2061 1201 Plaut.
2075 1174 2147 1199 Men.
2160 1180 2182 1212 3,
2195 1180 2217 1212 3,,
2231 1179 2273 1203 3ο.
2342 1166 2442 1212 Virgffi

276 1213 340 1240 bant
354 1211 463 1238 Volscio
484 1210 611 1237 Iudicem.
648 1209 716 1237 Add.
731 1219 754 1242 3,
771 1218 811 1244 57.
835 1213 865 1236 it.
886 1218 912 1242 9,
933 1219 953 1236 1.
994 1211 1069 1236 Tales
1081 1209 1182 1235 Iudices
1194 1208 1257 1244 fiant
1271 1215 1317 1242 po·
1380 1208 1446 1234 Aen.
1460 1216 1486 1240 2,
1497 1212 1546 1242 756
1565 1210 1629 1236 Inde
1645 1209 1768 1244 domuin,
1783 1210 1800 1237 si
1816 1210 1884 1236 forte
1897 1209 2005 1240 Pedem,
2021 1209 2039 1236 fi
2052 1209 2123 1235 forte
2135 1207 2241 1238 tulisset,
2264 1204 2310 1231 Me
2321 1203 2438 1233 refero‘'·.

275 1251 327 1275 tius
350 1246 453 1273 arbitri.
509 1248 593 1273 Aliter
612 1246 668 1272 Cic.
687 1246 716 1272 in
737 1246 817 1279 Toga
832 1245 914 1272 Cand.
934 1247 977 1272 Fr.
997 1253 1021 1278 15
1046 1245 1179 1271 Praeclara
1197 1243 1318 1270 dicentur
1383 1244 1553 1276 Permoleste,
1572 1255 1596 1271 υ.
1610 1245 1634 1272 h.
1647 1255 1673 1272 v.
1745 1246 1805 1272 Liu.
1818 1255 1839 1278 3,
1853 1248 1938 1285 36.Ρν.
1974 1245 2022 1272 Ille
2041 1244 2101 1270 finis
2114 1243 2201 1278 Appio
2219 1241 2322 1273 alienae
2333 1238 2398 1266 Pers
2425 1248 2437 1274 ,ς

276 1283 378 1309 Iudicia
393 1282 490 1313 tuliss'e,
501 1282 517 1307 si
528 1303 536 1315 ,
555 1281 603 1316 qui
620 1281 777 1308 infitiantem
789 1282 914 1308 Luscium
931 1281 1152 1311 condemnarunt,
1176 1279 1320 1306 Catilinam
1381 1288 1429 1306 nae
1442 1279 1565 1307 ferendae
1578 1281 1646 1314 fuit,
1667 1282 1713 1307 suo
1727 1281 1781 1307 iam
1793 1281 1855 1308 inde
1868 1290 1960 1308 vmere
1972 1282 2081 1317 ingenio
2097 1279 2193 1313 coepit.
2256 1275 2330 1303 Idem
2343 1282 2378 1307 252
2391 1282 2403 1314 ,Ι

275 1318 437 1346 absoluerint
451 1317 635 1349 confitentem,
655 1320 673 1343 i.
689 1317 838 1353 fivztentias.
910 1318 978 1345 Hor.
993 1318 1081 1344 Carni.
1096 1325 1115 1349 1,
1128 1323 1164 1348 35,
1176 1323 1211 1350 27
1330 1320 1362 1345 30
1381 1315 1520 1342 Caeterum
1542 1316 1575 1342 ab
1594 1317 1651 1351 ipso
1665 1317 1784 1344 Graccho
1802 1317 1892 1344 eadem
1913 1317 1976 1344 haec
1988 1316 2080 1344 audire
2098 1315 2176 1342 malle
2190 1322 2251 1345 eos,
2269 1311 2388 1352 praesent
2434 1319 2435 1322 ¹
2457 1331 2468 1351 .-

545 1368 590 1374 -—-
624 1352 766 1387 diffugiunt
786 1353 856 1379 cadis
1381 1359 1434 1386 que
1452 1352 1605 1386 contingere
1621 1352 1751 1379 dextram:
1771 1353 1798 1379 id
1815 1353 1908 1387 Pignus
1927 1353 1990 1379 fidei
2009 1353 2095 1379 secum
2115 1352 2195 1378 ferre.
2251 1345 2403 1379 (Cim-Tus
2432 1348 2461 1387 ’ᾗ

473 1389 541 1415 Cum
565 1389 637 1415 faece
661 1388 759 1415 siccatis
779 1388 868 1419 amici,
1381 1395 1405 1419 2,
1419 1389 1456 1420 46
1474 1388 1557 1414 Tune
1568 1397 1628 1414 cum
1641 1397 1735 1422 pueros
1749 1388 1961 1420 Lacedaemone,
1975 1388 2148 1414 adolescentes
2160 1384 2315 1419 Olympiae,
2332 1379 2397 1421 bari?
2412 1387 2414 1389 ’
2450 1399 2451 1407 ι

470 1425 551 1451 Ferre
568 1425 660 1458 iugum
678 1424 777 1458 pariter
795 1423 886 1450 dolosi.
1380 1430 1425 1449 ros
1438 1423 1467 1448 in
1480 1431 1558 1449 arena
1573 1423 1671 1450 videris
1684 1424 1842 1459 excipientes
1857 1424 2015 1459 grauissimas
2027 1424 2128 1458 Plagas,
2143 1428 2167 1448 et
2182 1422 2296 1447 ferentes
2310 1417 2395 1444 filenti

276 1460 349 1487 Caes.
363 1460 391 1486 B.
407 1459 438 1486 G.
454 1462 481 1492 6,
494 1468 526 1492 3ο
564 1461 654 1486 Aetate
678 1460 731 1486 iam
751 1459 901 1490 confectus,
923 1467 1006 1493 quum
1026 1457 1159 1485 Laborem
1174 1461 1219 1484 aut
1241 1456 1318 1488 belli,
1380 1464 1425 1484 etc.
1498 1459 1554 1485 Cic.
1570 1459 1601 1485 de
1618 1460 1675 1485 Fin.
1687 1468 1713 1490 2,
1726 1468 1758 1493 54
1776 1461 1853 1485 Anno
1867 1460 1991 1494 proximo
2005 1460 2031 1485 P.
2045 1458 2168 1485 Scaeuola
2182 1456 2324 1483 Tribunus
2338 1453 2381 1492 ple

275 1503 319 1522 aut
339 1496 415 1530 fugae
434 1495 504 1522 ferre
522 1504 576 1521 non
595 1496 682 1529 pollet,
698 1502 743 1521 etc.
839 1495 970 1521 Laborem
984 1503 1032 1528 pro
1044 1494 1145 1520 cunctis
1158 1494 1214 1520 Cic.
1230 1499 1353 1527 ἱππεῖς-35
1380 1494 1464 1520 ferret
1480 1494 1511 1519 ad
1526 1494 1646 1525 Plebem,
1666 1495 1764 1521 vellent
1777 1504 1859 1521 necne
1872 1494 1904 1521 de
1917 1504 1948 1523 ea
1961 1504 1991 1522 re
2003 1494 2105 1528 quaeri.
2180 1493 2294 1518 Poenam
2309 1488 2381 1515 ambl

277 1532 329 1558 iret
342 1532 369 1557 in
378 1531 440 1557 exil.
455 1540 487 1563 ι3.
542 1530 674 1557 Laborem
687 1531 757 1558 ferre
771 1536 816 1557 aut
829 1530 921 1565 fugere
937 1530 1082 1564 VirgAen.
1096 1532 1122 1562 6,
1139 1535 1197 1562 892.
1254 1529 1318 1554 Lae·
1381 1530 1438 1556 Cic.
1455 1538 1504 1563 pro
1519 1529 1580 1556 Sull.
1595 1532 1634 1562 63.
1704 1531 1760 1556 Cic.
1770 1531 1822 1557 Att.
1838 1539 1861 1562 3,
1897 1550 1903 1556 .
1940 1550 1947 1556 .
1984 1530 2140 1557 Existimato
2155 1536 2199 1553 me
2212 1525 2393 1564 stilltitiaelme'

276 1573 303 1593 te
310 1574 401 1600 ,atquc
421 1566 564 1593 insolenter
583 1567 639 1593 Cic.
654 1566 767 1601 Philipp.
786 1575 824 1598 10,
837 1574 863 1601 7.
958 1566 1033 1592 Idem
1047 1566 1099 1592 Att.
1115 1574 1155 1599 14,
1171 1573 1195 1596 13
1219 1565 1318 1598 Quem·
1382 1566 1495 1591 Poenam
1510 1565 1580 1591 ferre
1594 1565 1715 1599 grauun,
1735 1574 1814 1600 quam
1828 1565 1928 1592 euenti.
1998 1565 2080 1591 Plaut.
2096 1563 2174 1590 Stich.
2189 1569 2212 1595 5,
2226 1570 2253 1594 4,
2265 1569 2275 1587 1
2295 1561 2372 1594 Agite
2383 1563 2425 1585 ite

279 1611 380 1636 cunque
394 1602 456 1627 haec
471 1610 526 1635 pars
546 1602 709 1636 perditorum
731 1603 854 1629 lactatum
868 1601 984 1628 Caesaris
999 1607 1086 1627 morte
1099 1599 1202 1635 putabit
1216 1600 1320 1632 (Laeti-
1381 1601 1469 1631 foras,
1488 1600 1556 1626 ferte
1568 1601 1694 1635 Pompam
1706 1601 1771 1627 cado
1785 1607 1811 1628 te
1824 1601 1947 1636 praeficio
1959 1600 2056 1627 Stiche.
2125 1600 2188 1626 Prae
2201 1598 2227 1624 sc
2240 1596 2309 1626 ferre
2327 1595 2423 1621 dicitu·-

279 1637 344 1663 tiam
359 1643 444 1663 autem
465 1637 618 1670 apertissime
636 1638 743 1663 tulimus
757 1642 863 1669 omnes)
878 1637 946 1664 hunc
965 1638 993 1663 in
1013 1636 1129 1663 hostium
1144 1645 1257 1662 numero
1277 1635 1319 1662 ha·
1380 1637 1489 1671 aliquis,
1511 1645 1570 1671 quae
1584 1638 1651 1665 uelut
1665 1635 1785 1670 ostentat,
1803 1644 1827 1663 et
1837 1637 1921 1664 videri
1934 1637 1997 1662 vult.
2035 1638 2137 1662 Praeter
2151 1643 2187 1666 ea,
2200 1641 2258 1668 quae
2274 1635 2301 1658 in
2320 1634 2420 1669 Pit-AB

279 1672 362 1698 bebit.
434 1672 564 1702 Laudem,
585 1673 718 1706 chortarc
730 1673 850 1699 honorem.
886 1674 958 1699 Caes.
974 1673 1001 1698 B.
1014 1674 1045 1698 G.
1059 1676 1085 1704 6,
1099 1680 1112 1704 5
1136 1671 1191 1705 Qu
1211 1671 1319 1697 diutiffi-
1327 1679 1363 1703 40
1380 1671 1536 1706 ciffi-rentur,
1553 1675 1639 1698 notari
1651 1671 1752 1707 pcffunt
1770 1670 1834 1705 1sta:
1871 1673 1935 1699 Prae
1950 1673 1975 1698 se
1989 1672 2056 1698 ferat
2072 1676 2164 1697 orator
2177 1668 2298 1706 fiduciam
2312 1663 2422 1705 Qun&-

279 1716 322 1734 me
345 1706 495 1741 impuberes
516 1708 719 1741 permanserint,
738 1708 880 1734 maximam
903 1708 972 1734 inter
998 1709 1056 1734 suos
1077 1709 1169 1733 ferunt
1191 1707 1318 1733 Laudem.
1382 1715 1454 1741 5,13,
1469 1716 1502 1740 51.
1540 1708 1668 1734 Animum
1689 1717 1813 1743 magnum
1832 1708 1871 1734 Id.
1890 1716 1923 1739 ιι,
1939 1716 1958 1739 ι,
1972 1716 2011 1742 34.
2052 1707 2198 1733 Caritatem
2215 1704 2325 1730 alicuius
2343 1699 2382 1726 Id.
2396 1700 2437 1732 6,

280 1743 397 1769 Laudem
410 1743 478 1769 mihi
491 1751 548 1769 mea
560 1742 627 1768 faeta
641 1743 727 1769 ferent
741 1743 815 1776 Virg.
829 1743 894 1768 Aen.
910 1751 941 1772 11,
954 1750 1011 1776 793.
1094 1742 1242 1772 Laudibus,
1256 1744 1318 1767 Lau·
1382 1752 1403 1772 2,
1418 1752 1456 1775 14.
1510 1743 1571 1769 Liu.
1585 1752 1630 1776 42,
1645 1752 1673 1769 10
1692 1745 1755 1770 Prae
1767 1745 1793 1770 se
1805 1744 1901 1776 ferens,
1916 1743 1933 1770 fi
1949 1742 2014 1778 quid
2027 1742 2207 1771 decernerent,
2219 1736 2424 1765 intercessurum.
2442 1758 2444 1760 ,

280 1778 347 1804 dare.
402 1778 466 1804 Plin.
482 1778 558 1812 Epist.
573 1783 595 1810 8,
609 1783 643 1809 18,
657 1786 669 1810 3
697 1777 752 1804 Alii
772 1784 860 1804 contra
871 1796 878 1808 ,
893 1777 942 1803 hoc
963 1778 1049 1811 ipsum
1066 1776 1201 1802 Laudibus
1220 1777 1322 1807 ferunt,
1382 1777 1464 1802 Ouid.
1478 1778 1542 1803 Met.
1555 1787 1589 1809 ι3,
1601 1781 1652 1803 626
1673 1779 1811 1813 Mediique
1826 1789 1872 1813 per
1885 1788 2001 1813 aequora
2014 1779 2091 1813 ponti
2110 1778 2170 1804 Fert
2184 1773 2315 1802 Praedam.
2359 1770 2409 1810 Pra

279 1812 351 1847 quod
365 1812 396 1838 fit
415 1812 552 1839 frustratus
565 1813 697 1847 improbas
716 1814 770 1847 spes
783 1813 931 1840 hominum.
966 1812 1034 1838 Adel.
1050 1810 1086 1837 Id.
1102 1816 1122 1841 8,
1136 1813 1160 1840 6,
1175 1818 1199 1842 9.
1272 1811 1319 1835 Le-
1382 1812 1408 1836 se
1424 1811 1509 1837 serre:
1525 1812 1578 1837 vid.
1593 1819 1682 1838 PRAE.
1720 1814 1790 1839 Ter.
1803 1815 1868 1839 Eun.
1884 1822 1904 1846 5,
1918 1822 1934 1845 9
1954 1817 1991 1844 (8)
2003 1816 2034 1839 26
2069 1814 2127 1839 Hoc
2140 1812 2157 1838 fi
2171 1810 2296 1839 effeceris,
2309 1806 2411 1842 quodni

280 1857 353 1882 gem,
372 1847 435 1872 idem
457 1848 521 1881 quod
535 1849 606 1873 l-'crre
624 1848 658 1873 ad
670 1850 786 1882 populum
801 1850 884 1883 legem.
921 1847 976 1875 Cic.
993 1848 1064 1873 Fam.
1079 1855 1097 1877 1,
1111 1854 1127 1878 9
1148 1845 1236 1872 Postea
1251 1845 1358 1875 dixit43
1384 1845 1484 1872 donum
1503 1852 1529 1872 et
1542 1847 1691 1873 Praemium
1703 1856 1718 1874 a
1736 1856 1779 1874 me
1792 1855 1896 1882 optato,
1916 1847 1943 1874 id
1964 1853 2084 1882 optatum
2103 1848 2181 1873 feres.
2251 1843 2369 1870 Praemia
2386 1840 2414 1867 di

279 1884 358 1909 etiam
372 1883 399 1908 in
412 1882 505 1907 Senatu
519 1881 617 1915 palam,
638 1883 704 1914 sese,
719 1883 736 1908 fi
752 1883 856 1909 licitum
874 1883 947 1913 esset,
961 1883 1057 1915 Legem
1072 1881 1208 1916 Ciu-iatam
1222 1881 1320 1916 ferret.
1382 1890 1432 1915 gna
1446 1882 1521 1915 Virg.
1535 1883 1600 1908 Aen.
1614 1891 1633 1914 1,
1647 1886 1707 1915 609.
1776 1883 1935 1910 Praesidium
1950 1883 2020 1910 ferre
2035 1882 2134 1909 labenti
2155 1887 2181 1908 et
2193 1879 2333 1906 inclinatae
2347 1877 2425 1911 Reip.
2439 1907 2441 1910 ,

279 1919 375 1952 Legem
397 1917 515 1951 aliquam
533 1916 680 1951 perniciose
705 1917 760 1943 Cic.
777 1918 828 1943 Off.
843 1926 865 1948 2,
880 1925 920 1950 73.
956 1919 1059 1941 Dicitur
1082 1919 1155 1940 etiam
1169 1914 1320 1949 simpliciter
1383 1917 1438 1941 Cic.
1453 1916 1485 1941 ad
1498 1916 1571 1942 Brut.
1585 1922 1618 1945 18.
1690 1918 1766 1951 Virg.
1781 1919 1847 1944 Aen.
1859 1924 1882 1950 8,
1897 1922 1931 1944 60
1956 1919 2055 1944 Iunoni
2068 1918 2109 1943 fer
2121 1918 2172 1943 rite
2186 1917 2289 1942 Preces:
2309 1914 2415 1948 irasque

280 1955 359 1981 Ferre
373 1953 403 1979 ad
418 1952 545 1987 populum
559 1952 613 1978 Cic.
627 1960 674 1985 pro
688 1953 766 1978 Corn.
777 1951 858 1977 Balbo
873 1960 895 1976 c.
910 1959 932 1975 11
948 1957 1011 1975 extr.
1048 1949 1108 1975 Liu.
1122 1957 1165 1980 42,
1178 1957 1217 1979 30.
1260 1948 1320 1974 Vid.
1384 1950 1522 1983 minasque
1557 1950 1723 1984 Supplicibus
1743 1953 1834 1985 supera
1850 1953 1937 1983 votis,
1954 1956 1972 1978 i.
1994 1952 2058 1984 qffer
2077 1959 2107 1976 vt
2121 1950 2283 1985 sacrificium.
2353 1949 2433 1977 Ter-⁴

282 1989 415 2016 Atrociter
428 1989 506 2014 ferre.
578 1987 714 2013 Lenissime
731 1987 833 2021 aliquid
853 1986 908 2013 Cic.
923 1986 993 2011 Fam.
1008 1992 1030 2016 5,
1045 1989 1080 2014 18·
1151 1984 1247 2013 Lente,
1268 1982 1322 2009 vid.
1385 1982 1467 2010 Andr.
1482 1992 1504 2016 3,
1520 1992 1543 2016 5,
1556 1996 1570 2016 4
1607 1985 1676 2019 Ergo
1690 1987 1806 2012 Pretium
1823 1986 1859 2012 ob
1873 1986 2012 2012 stultitiam
2027 1986 2100 2013 fero:
2119 1985 2161 2011 sed
2182 1984 2296 2011 inultum
2316 1983 2345 2010 id
2359 1991 2425 2010 nun-

280 2030 414 2051 LENTVS.
485 2023 611 2055 Leniter,
627 2023 680 2049 viil.
701 2029 819 2049 LEvls.
891 2021 999 2047 Leniter
1016 2020 1086 2046 serre
1108 2024 1134 2045 ct
1155 2018 1359 2052 negligenter50
1384 2028 1462 2053 quam
1475 2019 1584 2046 auferet.
1657 2020 1747 2047 Tacit.
1764 2022 1831 2048 Ann.
1847 2030 1879 2054 11,
1893 2024 1909 2047 6
1936 2023 1972 2048 Vt
1987 2021 2124 2056 quomodo
2139 2021 2180 2047 vis
2194 2019 2350 2046 morborum
2365 2019 2433 2054 Preq.

280 2059 419 2086 defendere
432 2058 534 2094 aliquid
550 2059 606 2085 Cic.
620 2067 668 2092 pro
678 2059 751 2084 Rosc.
760 2059 836 2084 Com.
851 2059 887 2083 16.
942 2056 1105 2082 Libertatem
1118 2054 1248 2087 Qiinctil.
1260 2063 1287 2086 4,
1301 2063 1319 2080 1.
1383 2055 1420 2081 tia
1443 2055 1625 2089 medentibus,
1646 2055 1678 2082 sic
1702 2057 1757 2083 fori
1777 2057 1847 2083 tabes
1870 2058 2008 2092 pecuniam
2030 2057 2164 2084 aduocatis
2186 2056 2268 2088 ferat,
2293 2053 2421 2087 luc-rasit.

279 2096 348 2122 Ter.
366 2096 460 2121 Heaut.
477 2106 495 2127 3,
509 2103 530 2127 3,
546 2103 572 2120 12
599 2094 686 2120 Multa
704 2094 755 2119 fert
767 2093 881 2120 Libido:
905 2100 935 2117 ea
949 2090 1073 2125 prohibet
1090 2090 1176 2116 facere
1191 2096 1234 2115 tua
1247 2098 1319 2123 prae·
1383 2090 1438 2117 Cic.
1452 2089 1484 2116 de
1498 2091 1568 2117 Clar.
1583 2091 1656 2118 Orat.
1673 2097 1710 2124 ¹83
1746 2093 1783 2119 Ex
1803 2093 1844 2119 his
1864 2094 1940 2120 Cotta
1960 2099 1986 2120 et
2005 2093 2135 2127 Sulpicius
2155 2101 2213 2119 cum
2227 2099 2291 2119 meo
2309 2088 2421 2120 iudicio,

280 2131 376 2161 sentia,
397 2134 415 2156 i.
426 2131 531 2165 fitadet,
546 2129 579 2156 ad
592 2139 620 2161 ςιι
631 2129 743 2164 impellit.
779 2128 836 2155 Vid.
850 2128 953 2154 Natura
967 2127 1019 2152 fert
1030 2129 1060 2151 it.
1076 2126 1163 2151 Aetas.
1218 2123 1318 2162 Libido
1383 2131 1440 2151 tum
1455 2127 1577 2152 omnium
1591 2127 1668 2153 facile
1682 2127 1780 2155 Primas
1795 2129 1928 2161 tulerunt,
1945 2131 1963 2155 i.
1978 2131 2199 2164 partes,prim¹m1
2211 2129 2296 2156 Ionum.
2346 2124 2421 2151 Idem
2453 2138 2470 2155 ι]

280 2173 409 2201 quantum
422 2166 497 2196 tulit,
517 2172 617 2191 tantum
636 2164 758 2192 relietum
779 2164 815 2190 est
834 2163 891 2189 Cic.
905 2163 981 2188 Verr.
996 2169 1019 2192 3,
1033 2163 1071 2193 56.
1091 2164 1110 2186 i.
1128 2162 1318 2198 pe›·m1y1t,pzon
1383 2160 1411 2185 in
1425 2160 1514 2186 Parad.
1529 2170 1548 2193 4
1568 2161 1617 2187 Sed
1631 2163 1695 2195 quid
1715 2172 1764 2197 ego
1779 2173 1930 2190 communes
1949 2164 2018 2198 leges
2039 2165 2162 2199 profem,
2182 2162 2278 2198 quibus
2297 2159 2421 2187 omnibUfl
2453 2159 2479 2191 ff!

280 2201 389 2235 abstulit.
460 2200 588 2234 QtinCfil.
611 2202 638 2227 in
657 2208 775 2234 prooem.
790 2209 799 2226 1
833 2199 919 2233 Atque
938 2206 971 2223 eo
983 2196 1081 2230 magis,
1102 2194 1174 2229 quod
1194 2194 1247 2220 duo
1266 2202 1353 2227 iam55
1383 2203 1410 2220 es
1423 2195 1513 2220 exsul?
1548 2196 1769 2224 Familiariffnnus
1785 2205 1845 2225 tuus
1859 2200 1891 2225 de
1905 2205 1930 2225 te
1944 2200 2117 2235 priuilegium
2130 2199 2205 2230 tulit,
2225 2204 2253 2224 vt
2271 2196 2288 2223 fi
2308 2197 2336 2223 in
2347 2203 2424 2231 opere,¹

282 2237 329 2264 snb
346 2236 455 2262 nornine
473 2245 533 2261 meo
555 2236 632 2262 Libri
651 2236 814 2262 ferebantur.
892 2234 989 2260 Lucem
1012 2231 1083 2257 ferre
1103 2228 1241 2260 eondisco,
1262 2227 1319 2264 post
1383 2235 1439 2256 tum
1462 2230 1550 2255 Bonae
1574 2229 1637 2256 deae
1659 2232 1807 2265 acceffiffes,
1827 2234 1955 2260 exuiares.
2062 2236 2130 2261 Hor,
2151 2234 2183 2260 de
2202 2235 2266 2260 Arte
2287 2233 2420 2266 Po'e‘tffm

282 2272 389 2299 morbum
403 2273 524 2297 oculorum
539 2271 692 2304 PlinAEpist.
705 2278 731 2304 7,
745 2280 780 2297 21.
852 2269 975 2308 Mandata
987 2267 1098 2308 alicuius¹
1110 2266 1188 2299 virg.
1201 2266 1265 2291 Aen.
1282 2273 1319 2296 10,
1383 2266 1470 2292 Omne
1489 2265 1550 2306 tulit
1565 2265 1709 2307 Punfiium,
1728 2268 1776 2302 qui
1795 2269 1900 2295 miscuit
1915 2269 1980 2295 vtile
1993 2268 2078 2301 dulci,
2094 2273 2112 2295 i.
2125 2268 2282 2304 suffragium
2300 2266 2420 2307 fflflftffi

278 2313 343 2342 840.
364 2310 383 2333 i.
398 2307 523 2342 perferre.
593 2306 674 2332 Plaut.
687 2306 772 2332 Truc.
786 2314 810 2335 2,
823 2312 848 2339 7,
863 2307 896 2330 60
920 2303 970 2329 Adi
983 2312 1046 2333 nos,
1061 2304 1078 2328 11
1092 2307 1191 2331 iturus,
1205 2301 1246 2326 fer
1259 2309 1320 2326 con·
1383 2307 1434 2327 tur.
1508 2301 1564 2327 Cic.
1577 2310 1626 2335 pro
1641 2302 1734 2328 Milon.
1749 2311 1777 2329 21
1808 2304 1873 2330 Non
1890 2304 1941 2330 fuit
1955 2313 1984 2330 ea
1997 2305 2086 2336 causa,
2103 2303 2207 2330 Iudices
2220 2311 2274 2329 non
2286 2302 2354 2336 fuit,
2369 2306 2416 2338 εξιξ

283 2349 323 2370 tra
336 2344 461 2373 Manum,
482 2348 507 2368 et
526 2341 624 2375 pariter
643 2341 766 2375 gradere,
785 2345 803 2367 i.
824 2340 972 2365 dammum.
1044 2338 1151 2364 Manum
1164 2337 1251 2368 ferre,
1272 2345 1320 2370 pro
1384 2335 1433 2362 fibi
1451 2337 1565 2362 censeret
1584 2337 1722 2371 Pompeius
1736 2339 1923 2372 Qiaestioncm
1937 2339 2082 2366 ferendam.
2128 2337 2201 2371 Quod
2212 2339 2319 2372 explicat
2330 2344 2356 2371 ις
2378 2336 2420 2367 ὓς
2452 2342 2453 2354 ³

283 2377 465 2405 Contenderc:
500 2378 574 2411 Virg.
588 2378 653 2403 Aen.
675 2384 696 2409 5,
711 2385 759 2410 403
798 2377 877 2402 Ferre
895 2383 1017 2403 manum,
1045 2372 1164 2407 duroque
1185 2371 1322 2398 intendere
1330 2373 1364 2396 60
1383 2371 1434 2397 hoc
1449 2372 1532 2433 ιῗίωι·
1544 2372 1626 2398 latum
1644 2372 1680 2399 cst
1697 2379 1725 2400 vt
1740 2381 1923 2408 quaereretur:
1941 2378 1960 2402 i.
1985 2376 2018 2402 Vt
2036 2374 2154 2400 iudicium
2172 2379 2330 2399 exerceretur.
2365 2372 2420 2398 Ser·
2452 2367 2459 2385 ¹*

283 2413 391 2440 brachia
403 2414 487 2439 ferro.
506 2413 620 2439 Seruius.
677 2413 707 2438 T
709 2421 745 2437 cr.
761 2413 855 2437 Heaut.
870 2419 896 2443 4,
910 2419 930 2442 3,
946 2419 975 2443 14
996 2409 1068 2442 Qud
1082 2409 1175 2434 faciam
1191 2408 1252 2439 Syre
1267 2407 1322 2432 mi!
1384 2416 1421 2433 mo
1440 2416 1450 2432 e
1492 2407 1521 2433 dc
1533 2408 1639 2443 Legibus
1657 2408 1691 2434 ad
1703 2411 1819 2444 populum
1830 2409 1956 2446 ferendis.
2025 2407 2213 2442 Quaestionem
2229 2407 2261 2433 de
2273 2412 2359 2433 morte
2371 2405 2418 2433 affl

284 2449 400 2483 gaudeo:
418 2449 458 2474 fer
473 2448 526 2474 Me.
598 2448 643 2474 Me
657 2447 748 2478 ferres,
762 2446 780 2473 fi
794 2455 842 2480 ego
856 2445 926 2472 idem
938 2445 1066 2471 dicerem?
1087 2442 1229 2470 Cic.Acad.
1244 2452 1269 2475 4.
1279 2451 1320 2476 72.
1386 2442 1460 2469 cuius
1480 2443 1534 2468 Cic.
1554 2452 1602 2477 pro
1616 2444 1712 2470 Milon.
1729 2452 1766 2479 17.
1837 2447 1922 2472 Aliter
1951 2444 2025 2470 Idem
2051 2453 2098 2479 pro
2118 2443 2221 2469 Cluent.
2240 2447 2276 2471 181
2292 2440 2418 2468 *Mulieri

282 2484 457 2511 Mediocriter
476 2483 613 2518 quippiam
626 2483 680 2509 Cic.
695 2484 770 2508 Verr.
793 2491 814 2513 3,
845 2501 851 2507 .
885 2501 891 2507 .
923 2480 976 2507 vid.
996 2485 1181 2506 MEDIOCRlS.
1251 2479 1320 2504 Ter.
1385 2478 1572 2505 crudelissimae
1600 2480 1703 2506 seruum
1726 2479 1916 2514 fideliffimum,
1937 2489 1993 2507 non
2021 2480 2049 2506 in
2067 2478 2255 2513 Qiaestionem
2277 2476 2354 2509 tulit,
2374 2473 2419 2502 sed

285 2521 357 2547 Adel.
371 2529 397 2552 4.
412 2528 432 2550 2,
447 2521 463 2545 6
503 2518 559 2544 Nifi
583 2527 625 2544 me
643 2517 722 2544 credo
740 2517 802 2543 huic
822 2517 870 2543 effe
887 2522 976 2542 natum
995 2516 1049 2546 rei,
1062 2514 1181 2541 ferundis
1194 2513 1321 2540 Miseriis.
1385 2514 1460 2547 plane
1473 2513 1504 2540 ad
1519 2514 1675 2549 supplicium
1689 2515 1777 2548 dedit,
1796 2519 1814 2542 i.
1832 2517 1922 2543 obtulit
1935 2516 1969 2542 ad
1981 2522 2154 2542 tormentorum
2167 2511 2326 2550 quaestionem
2338 2511 2366 2537 de
2378 2510 2422 2550 islo

284 2556 378 2582 Mitius
397 2555 444 2581 ista
464 2554 531 2580 feres
552 2554 632 2580 Ouid.
648 2555 712 2580 Met.
729 2560 763 2584 ις,
778 2560 837 2584 49ς.
907 2551 1058 2580 Moderate‚
1076 2550 1128 2577 vid.
1148 2557 1173 2575 M
1183 2557 1201 2575 O
1212 2556 1230 2575 D
1240 2556 1254 2575 F.
1266 2556 1321 2575 Ro.
1334 2551 1365 2582 65
1384 2549 1525 2576 habendam.
1596 2551 1651 2577 Cic.
1665 2552 1742 2578 Verr.
1756 2560 1778 2584 5,
1794 2560 1835 2583 103
1867 2552 1939 2578 Dicit
1952 2552 1976 2578 ei
1986 2572 1993 2583 ,
2006 2552 2031 2577 se
2044 2551 2154 2577 statuisse
2172 2548 2380 2576 animaduertere
2393 2553 2424 2573 m

284 2592 420 2618 Moderate
435 2597 460 2616 et
477 2589 581 2615 modice
598 2589 699 2623 aliquid
718 2589 773 2614 Cic.
787 2587 868 2613 Tusc.
883 2595 909 2620 4,
920 2596 964 2620 40.
1037 2585 1109 2612 Idem
1123 2585 1155 2611 de
1168 2585 1275 2610 Amicit.
1289 2593 1322 2610 22
1385 2593 1476 2611 omnes
1489 2585 1647 2613 nauarchos:
1668 2586 1704 2613 ita
1718 2587 1757 2613 sui
1772 2588 2016 2622 periculiRationes
2030 2586 2101 2612 ferre
2115 2595 2143 2612 ac
2158 2583 2297 2620 postulare.
2316 2591 2324 2594 “
2339 2582 2374 2609 Vt
2385 2580 2440 2623 tii-⁷le

285 2627 335 2653 Sed
347 2635 396 2659 ego
410 2625 438 2651 id
450 2625 609 2659 respondeo,
624 2624 695 2659 quod
712 2622 888 2650 animaduerti
908 2629 933 2649 te
946 2622 1065 2648 dolorem
1075 2641 1082 2654 ,
1101 2630 1180 2656 quem
1193 2621 1324 2654 acceperis
1384 2624 1451 2647 citur
1470 2623 1560 2653 Aetas,
1576 2622 1641 2653 Res,
1655 2622 1792 2656 Tempus,
1806 2623 1950 2649 Facultates
1965 2623 2062 2649 ferunt.
2135 2620 2260 2647 Rationes
2285 2626 2360 2645 meae
2386 2617 2438 2650 itui·

285 2669 340 2688 tum
360 2660 454 2687 summi
474 2661 545 2691 viri,
561 2666 618 2685 tum
637 2659 783 2686 amicifflmi
803 2664 902 2689 morte,
916 2659 986 2685 ferre
1005 2657 1151 2684 Moderate.
1193 2657 1235 2683 Sic
1249 2656 1323 2682 Cala·
1385 2655 1504 2683 tulerunt
1523 2657 1579 2682 Cic.
1594 2657 1665 2683 Fam.
1681 2666 1703 2690 ς,
1718 2667 1730 2683 2
1743 2658 1804 2684 med.
1879 2658 2018 2692 Repulsam
2038 2658 2109 2683 ferre
2128 2654 2162 2690 est
2179 2655 2287 2689 Repelli‚
2302 2660 2326 2679 ct
2345 2659 2387 2688 rep
2402 2680 2403 2683 ,

285 2698 404 2723 mitatem
418 2696 487 2729 Nep.
502 2704 544 2727 20,
558 2704 584 2727 4,
600 2703 619 2720 1.
691 2695 750 2721 Cic.
763 2694 875 2728 Philipp.
892 2703 923 2724 ιι,
937 2702 953 2727 7
971 2693 1011 2719 Est
1019 2694 1090 2719 enim
1105 2691 1235 2726 sapientis,
1247 2691 1323 2726 quid·
1379 2691 1435 2727 ιβιηι
1444 2694 1515 2727 pati:
1551 2692 1611 2718 Liu.
1627 2700 1661 2725 35,
1675 2701 1709 2726 24
1734 2694 1789 2727 Qui
1805 2694 1894 2727 priore
1913 2702 1982 2719 anno
1996 2693 2134 2727 Repulsam
2147 2691 2252 2718 tulerat.
2299 2688 2355 2716 Cic.
2370 2689 2403 2714 At

286 2732 352 2767 quid
373 2731 490 2758 accidere
507 2730 611 2756 homini
630 2729 718 2764 poslit,
733 2730 758 2755 id
780 2730 978 2763 praemeditari:
1011 2728 1150 2755 ferendum
1170 2727 1292 2759 Modice,
1306 2726 1322 2752 fi
1332 2734 1366 2761 70
1386 2735 1409 2760 5,
1424 2736 1451 2759 19
1476 2727 1555 2760 Qlod
1569 2728 1659 2755 scribis
1672 2728 1786 2757 libenter
1799 2729 1936 2764 Repulsam
1950 2729 2034 2755 tulisse
2047 2737 2105 2755 cum
2119 2727 2166 2762 qui
2180 2735 2241 2753 eum
2252 2723 2349 2752 sororis
2363 2730 2407 2750 tua

287 2767 438 2798 aduenerit,
453 2767 509 2792 effe.
554 2765 659 2791 Modice
673 2765 785 2791 iniurias
799 2766 920 2792 fortunae
933 2765 989 2790 Cic.
1003 2764 1035 2790 de
1048 2764 1106 2790 Fin.
1123 2772 1142 2795 ι,
1157 2765 1201 2796 46.
1249 2763 1322 2789 Idem
1387 2763 1438 2788 filii
1452 2769 1545 2796 patruo
1566 2770 1693 2796 certaret,
1712 2765 1800 2799 magni
1818 2767 1916 2792 amoris
1929 2765 2038 2800 signum.
2093 2765 2115 2790 A
2128 2771 2197 2789 vano
2216 2760 2314 2797 populo
2327 2760 2401 2794 Repu
2417 2769 2419 2771 ¹

288 2802 320 2828 de
333 2802 432 2828 senech
447 2811 459 2834 7
490 2802 612 2834 Quorum
630 2810 679 2834 ego
692 2801 835 2827 multorum
855 2800 970 2834 cognoui
989 2799 1148 2826 senectutem
1167 2797 1218 2823 fine
1232 2807 1324 2832 qucre-
1388 2799 1440 2824 sam
1459 2798 1511 2824 fert
1536 2799 1592 2826 Cic.
1608 2800 1691 2825 Tusc.
1707 2808 1719 2832 ς
1737 2810 1758 2826 c.
1774 2809 1809 2832 19.
1882 2801 1931 2827 Res
1944 2800 2048 2827 acerbas
2073 2799 2146 2826 Idem
2166 2798 2198 2824 de
2216 2797 2288 2823 Orat.
2309 2804 2334 2827 2,
2371 2816 2378 2822 .

287 2838 327 2865 la.
347 2839 393 2872 qui
408 2838 431 2863 se
444 2846 458 2862 a
474 2836 616 2862 libidinum
630 2836 742 2862 vinculis
757 2836 854 2864 laxatos
870 2837 933 2869 csse,
949 2844 1003 2861 non
1016 2835 1124 2861 Moleste
1142 2834 1254 2863 ferrent,
1275 2842 1322 2859 nec
1386 2833 1413 2860 Si
1426 2834 1476 2859 Res
1494 2834 1522 2860 in
1540 2836 1703 2861 contrarium
1721 2835 1816 2862 tulisset
1828 2836 1957 2869 Qiinciil.
1973 2845 2004 2868 ιι,
2018 2845 2037 2867 ι,
2048 2840 2070 2865 8.
2139 2834 2207 2860 Ter.
2226 2831 2306 2858 Andr.
2327 2839 2349 2863 5,
2363 2839 2384 2863 1,
2397 2838 2412 2869 ι
2440 2835 2445 2844 ‘

287 2881 302 2901 a
317 2874 368 2900 suis
386 2873 588 2906 despicerentur.
619 2872 675 2898 Vni.
698 2878 755 2898 ΜΟΙ
769 2879 871 2898 lsTvs.
942 2872 1009 2898 Ter.
1024 2871 1088 2896 Eun.
1104 2879 1122 2901 1,
1135 2879 1154 2900 1,
1168 2878 1197 2901 39
1227 2870 1322 2903 Neque
1387 2869 1490 2902 Incepi,
1506 2869 1569 2904 dum
1589 2871 1638 2896 Res
1657 2870 1758 2896 tetulit:
1778 2880 1846 2897 nunc
1863 2880 1917 2898 non
1934 2871 2001 2903 fert,
2012 2871 2087 2897 feras.
2122 2868 2187 2896 Add.
2210 2867 2266 2893 Cic.
2281 2868 2353 2893 Fam.
2369 2875 2390 2899 1,
2402 2874 2413 2892 r

307 2917 470 2942 raetcrquam
486 2916 547 2942 quas
563 2908 616 2942 ipse
635 2915 710 2933 amor
725 2907 856 2934 Molestias
870 2907 956 2938 habet,
970 2906 1060 2933 addas:
1080 2911 1104 2932 ct
1120 2905 1188 2936 illas,
1201 2914 1265 2939 quas
1281 2905 1324 2930 ha·
1337 2906 1368 2935 75
1388 2905 1438 2930 Res
1453 2903 1469 2929 fi
1490 2904 1526 2930 ita
1538 2905 1632 2931 tulisset
1658 2906 1712 2932 Cic.
1726 2906 1838 2941 Philipp.
1852 2916 1880 2940 4,
1896 2916 1935 2940 14.
2006 2906 2052 2934 Sed
2062 2904 2120 2931 Liu.
2131 2909 2171 2933 28,
2208 2922 2214 2928 .
2253 2923 2260 2929 .
2295 2903 2326 2929 Et
2340 2905 2431 2936 quum,
2452 2905 2454 2932 ζ

287 2919 349 2975 bet,
364 2943 434 2970 reete
448 2943 523 2969 seras.
595 2942 651 2969 Cic.
664 2942 695 2968 dc
709 2943 807 2968 Senect.
822 2951 833 2976 5
863 2944 911 2970 Sed
932 2950 1019 2969 tamen
1037 2942 1132 2968 necesse
1149 2941 1201 2967 fuit
1215 2939 1323 2974 aliquod
1388 2939 1500 2972 caeteri,
1512 2939 1612 2967 laetitia
1631 2941 1768 2977 gloriaque
1789 2943 1891 2977 ingenti
1903 2951 1960 2971 earn
1973 2942 2039 2968 Rem
2059 2939 2139 2973 vulgo
2153 2938 2252 2964 ferrent
2259 2933 2327 2971 ,'etc.
2345 2940 2364 2964 i.
2384 2935 2430 2972 tes-5
2442 2950 2453 2963 η

289 2981 337 3006 esse
351 2985 506 3008 extremum,
521 2985 565 3004 etc.
580 2978 652 3012 quod
670 2977 806 3005 ferendum
825 2979 860 3004 est
874 2979 995 3005 Molliter
1014 2977 1132 3012 sapienti.
1163 2975 1221 3002 Vsd.
1245 2982 1324 3001 MOL-
1384 2975 1496 3011 ferrem.
1568 2977 1743 3010 Responsum,
1763 2981 1781 3004 i.
1800 2981 1924 3012 accipere,
1944 2976 2038 3012 nferre
2062 2975 2120 3000 Liu.
2143 2983 2163 3005 3,
2200 2994 2206 2999 .
2244 2994 2250 3000 .
2323 2974 2377 3000 Cic.
2392 2972 2421 2998 in

290 3022 345 3042 Lis.
417 3014 565 3040 Monstrum
589 3014 680 3040 Tacit.
703 3014 769 3039 Anu.
794 3022 836 3046 14,
874 3034 880 3040 .
917 3034 924 3040 .
1007 3014 1105 3039 Munus
1127 3013 1213 3042 ferre,
1232 3015 1250 3037 i.
1271 3013 1324 3038 Au·
1390 3010 1466 3037 Catil.
1481 3018 1501 3042 1,
1518 3019 1545 3042 19
1564 3013 1653 3045 Quum
1668 3021 1682 3039 a
1694 3022 1735 3039 me
1750 3022 1856 3048 quoque
1871 3012 1897 3039 id
1911 3012 2069 3046 Responsum
2083 3009 2188 3040 tuliss’es,
2201 3018 2243 3035 me
2253 3009 2327 3035 nullo
2339 3007 2433 3035 modu.
2451 3028 2452 3033 ,

282 3050 357 3086 ferre*
371 3050 438 3076 Hor·
454 3051 540 3075 Carm-
555 3059 581 3082 4,
594 3055 615 3080 8,
629 3058 655 3081 4·
691 3048 797 3074 Tibull.
820 3058 839 3080 1,
854 3058 873 3081 1,
888 3058 931 3083 24.
1002 3049 1074 3075 Caes.
1090 3050 1117 3075 B.
1132 3049 1160 3074 C.
1182 3057 1203 3080 3,
1217 3050 1244 3073 61
1276 3046 1324 3072 Sed
1391 3046 1474 3081 pofl‘e,
1487 3053 1532 3071 etc.
1605 3047 1678 3073 Idem
1693 3050 1745 3075 Att.
1761 3058 1782 3081 1,
1802 3057 1825 3081 13
1858 3049 1888 3074 In
1912 3048 1959 3074 hae
1981 3047 2053 3073 causa
2074 3045 2132 3071 Piso
2150 3045 2265 3072 amicitia
2284 3045 2310 3071 P.
2329 3042 2425 3071 Clodii
2452 3054 2454 3060 ⁸

289 3086 332 3112 hic
347 3086 459 3119 cognitis
475 3085 598 3111 omnibus
612 3084 689 3110 rebus
699 3104 706 3116 ,
722 3085 765 3110 seu
779 3084 843 3118 quid
860 3086 887 3110 in
901 3084 1096 3110 munitionibus
1111 3084 1258 3118 perfeetum
1271 3091 1325 3121 ¹¹⁰.¹¹
1340 3085 1371 3111 80
1390 3080 1497 3112 duetus,
1517 3089 1623 3115 operam
1637 3083 1688 3114 dat,
1706 3090 1734 3110 vt
1752 3092 1781 3110 ea
1796 3083 1909 3118 Rogatio
1927 3091 2004 3117 quam
2023 3082 2076 3115 ipse
2090 3080 2155 3112 fert,
2172 3088 2197 3107 ct
2215 3081 2267 3107 fert
2281 3088 2313 3107 ex
2331 3080 2377 3107 SC.
2394 3084 2438 3114 etl„
2452 3089 2453 3095 ¹

290 3128 360 3153 crat,
380 3122 422 3147 scu
445 3121 510 3155 quid
532 3130 545 3146 a
569 3119 757 3154 peritioribus,
777 3125 855 3153 prout
880 3121 1007 3153 cuiusque
1023 3129 1133 3151 eorum,
1151 3118 1197 3154 qui
1210 3118 1324 3152 negotiis
1388 3117 1421 3143 de
1440 3116 1584 3149 religione,
1602 3119 1761 3152 antiquetur.
1829 3118 1973 3145 Saccharon
1990 3122 2015 3143 et
2034 3116 2130 3142 Arabia
2147 3115 2272 3148 sert‚'sed
2291 3115 2421 3143 laudatius
2452 3123 2453 3130 ¹

290 3163 440 3191 praeerant,
461 3162 505 3181 aut
535 3156 652 3188 Natura,
672 3161 717 3182 aut
739 3155 861 3181 Studium
886 3155 1002 3186 ferebat,
1022 3155 1083 3181 hacc
1110 3156 1142 3181 ad
1169 3154 1325 3188 Pompeium
1388 3152 1465 3180 India
1484 3152 1548 3178 Plin.
1568 3161 1602 3184 12,
1616 3159 1638 3181 8.
1708 3154 1822 3180 Salutem
1840 3153 1919 3181 alicui
1944 3153 2018 3187 Virg.
2037 3153 2100 3178 Aen.
2123 3161 2141 3181 ι,
2156 3155 2214 3187 467.
2287 3152 2425 3186 Sapienter,

290 3193 380 3218 omnia
399 3191 555 3218 detulerunt.
596 3191 652 3217 Vici.
673 3191 765 3223 Aetas,
786 3189 885 3216 Libido
906 3190 966 3216 fert:
1037 3191 1140 3217 Natura
1162 3190 1214 3216 fert
1234 3195 1263 3216 vt
1283 3198 1326 3215 ex·
1390 3189 1460 3214 casus
1480 3187 1601 3214 aduersos
1620 3188 1703 3218 ferre,
1721 3199 1775 3215 non
1794 3189 1882 3223 frangi
1900 3188 2023 3219 fortuna,
2042 3188 2157 3214 retinere
2175 3188 2203 3214 in
2216 3187 2295 3214 rebus
2305 3187 2419 3214 aduersis

290 3234 373 3254 trema
389 3236 420 3254 ex
433 3227 515 3253 altera
534 3233 605 3260 parte
623 3227 753 3260 grauiter,
772 3234 803 3252 cx
823 3226 904 3252 altera
919 3231 1006 3251 autem
1021 3232 1093 3252 acute
1108 3226 1213 3257 sonent,
1232 3228 1250 3251 i.
1273 3226 1326 3251 Na-
1391 3224 1545 3258 dignitatem
1569 3224 1623 3250 Cic.
1640 3223 1671 3249 dc
1685 3226 1757 3251 Orat.
1780 3234 1805 3257 z,
1821 3227 1878 3257 346.
1950 3223 1980 3249 Se
2004 3224 2074 3249 ferre
2094 3223 2200 3258 aliquo,
2215 3230 2263 3258 pro
2281 3225 2323 3250 Ire
2344 3223 2435 3258 Virg..

290 3270 348 3289 tura
363 3269 527 3297 comparatum
541 3263 596 3288 Cic.
612 3262 638 3288 in
646 3263 734 3288 Somn.
747 3262 812 3295 Scip.
832 3270 863 3287 11.
935 3261 1001 3293 Qiis
1017 3261 1065 3286 hoc
1079 3260 1270 3295 ti1nc1·et.quod
1285 3269 1329 3286 ne·
1336 3261 1364 3290 83
1393 3261 1458 3286 Aen.
1472 3261 1564 3293 2„456.
1626 3260 1683 3285 Ibat
1697 3267 1722 3286 et
1736 3260 1900 3294 ingentiSese
1912 3259 2027 3285 clamore
2041 3258 2141 3285 serebat
2156 3259 2228 3293 Virg.
2244 3260 2308 3284 Aen.
2322 3268 2348 3292 9,
2363 3266 2431 3294 579ss
2452 3258 2453 3281 ἶ

292 3308 342 3332 que
360 3297 489 3324 acciderat
507 3304 595 3329 antea,
615 3307 661 3323 nec
681 3297 821 3323 videbatur
835 3297 938 3323 Natura
957 3296 1038 3327 ferre,
1052 3302 1079 3321 vt
1093 3297 1211 3322 accidere
1231 3296 1328 3329 posset?
1393 3297 1468 3322 Ferte
1485 3304 1532 3321 vos
1551 3294 1599 3321 huc
1624 3295 1681 3320 Sen.
1694 3295 1764 3321 Med.
1778 3305 1802 3323 v.
1819 3297 1893 3327 9465
1952 3295 1981 3321 Se
2001 3295 2132 3321 consulem
2158 3295 2226 3320 Tac.
2242 3295 2308 3320 Anu.
2329 3303 2347 3325 1,
2359 3303 2382 3327 2,
2394 3301 2430 3321 2³³

292 3335 346 3360 Cic.
364 3335 415 3360 Att.
431 3342 463 3365 ι3,
479 3342 514 3365 27.
587 3334 703 3364 Vereor,
713 3342 746 3359 ne
759 3332 927 3367 grauioribus
939 3337 997 3358 vtar
1011 3331 1114 3362 verbis,
1135 3340 1212 3365 quam
1225 3332 1327 3357 Natura
1393 3332 1451 3357 Sese
1464 3330 1571 3356 obuiam
1585 3329 1662 3357 alicui
1676 3331 1731 3357 Cic:
1746 3340 1793 3365 pro
1808 3330 1890 3356 Plane.
1904 3332 1946 3362 69.
2013 3331 2190 3357 Gralsatorum
2206 3330 2316 3364 plurimi
2334 3330 2433 3364 palam>
2452 3327 2454 3337 '

293 3378 348 3395 inea
365 3370 416 3395 sert
432 3369 503 3395 Idem
517 3377 564 3402 pro
578 3368 670 3402 Qtint.
685 3377 720 3400 57.
790 3368 835 3393 Te
850 3367 928 3394 Nihil
942 3375 974 3393 ex
995 3366 1066 3392 fabio
1085 3366 1132 3392 nifi
1153 3375 1205 3392 non
1220 3367 1329 3399 peccasse
1391 3367 1422 3392 Sc
1437 3366 1557 3392 ferebant
1574 3365 1697 3392 succincti
1716 3366 1789 3392 ferro
1814 3365 1881 3392 Suet.
1894 3366 1959 3399 Aug.
1974 3375 1994 3392 c.
2009 3375 2032 3392 2.
2078 3367 2110 3392 Se
2127 3365 2304 3392 tractandum:
2324 3368 2342 3392 i.
2362 3367 2447 3402 Part-,-

294 3405 437 3436 serentem,
457 3405 552 3437 Sponte
572 3405 616 3430 sua
636 3404 751 3436 probitas
771 3402 942 3436 officiumque
960 3404 1053 3428 iuuant
1078 3401 1158 3428 Ouid.
1173 3410 1203 3427 cx
1217 3402 1290 3426 Pont.
1307 3410 1329 3432 ε,
1390 3402 1455 3428 Plin.
1469 3410 1494 3433 9,
1507 3406 1528 3431 8.
1548 3400 1575 3426 de
1588 3401 1719 3435 delphinis.
1755 3403 1791 3427 Ex
1809 3398 1900 3432 verusio
1917 3401 1996 3427 corin-e
2014 3403 2106 3437 legitur
2119 3400 2305 3435 praebensque.
2363 3401 2419 3427 Cic.
2431 3416 2444 3418 ψ’

294 3449 315 3470 3,
329 3448 363 3470 33.
436 3441 490 3466 Cic.
504 3440 556 3466 Off.
569 3448 590 3471 3,
606 3448 635 3471 93
652 3449 673 3465 c.
688 3445 711 3468 18
739 3438 786 3465 Sed
807 3447 887 3472 quum
904 3438 1010 3464 Basilius
1025 3439 1143 3463 Marcum
1159 3436 1271 3462 Satrium
1292 3436 1371 3470 so-90
1391 3437 1423 3462 de
1437 3437 1543 3463 Amicit.
1557 3438 1587 3468 56
1618 3435 1801 3462 Constituendi
1815 3442 1900 3461 autem
1914 3437 1980 3468 sunt,
1992 3439 2040 3471 qui
2060 3437 2107 3463 fint
2121 3437 2148 3462 in
2166 3437 2283 3462 amicitia
2295 3436 2376 3467 fines,
2393 3441 2420 3463 et

295 3475 362 3499 roris
376 3474 460 3500 filium
474 3475 582 3502 Nomen
595 3477 669 3502 suum
683 3475 752 3501 ferre
767 3474 1019 3508 voluifl'et,e11mq11e
1032 3473 1129 3499 fecisset
1143 3472 1327 3502 heredcnnetc.
1392 3472 1462 3506 quali
1482 3471 1589 3498 termini
1603 3470 1744 3505 diligendi:
1772 3470 1804 3497 de
1817 3472 1913 3505 quibus
1929 3479 1979 3498 tres
1999 3473 2079 3499 video
2094 3472 2234 3498 Sententias
2249 3472 2330 3503 ferri,
2358 3480 2434 3507 (μᾶ-,-

295 3508 402 3534 Nomen
417 3509 513 3540 insani,
531 3514 549 3536 i.
576 3512 668 3537 Vocari
681 3510 791 3546 insanum
804 3510 872 3535 Hor.
888 3509 964 3544 Epist.
980 3518 999 3538 1,
1014 3512 1039 3540 6,
1054 3516 1086 3540 15.
1148 3509 1178 3534 In
1193 3507 1328 3533 Notitiam
1391 3516 1451 3534 rum
1463 3507 1559 3532 nullam
1573 3506 1708 3540 probo‚§.
1724 3507 1894 3541 cir-cuttff1·›⁴›-1',
1908 3515 1978 3534 notas
1996 3506 2047 3541 tffc.
2084 3507 2131 3535 Sed
2147 3507 2304 3533 Sententiam
2323 3507 2355 3533 de
2373 3507 2435 3536 ho-,

296 3543 407 3568 alicuius
437 3545 500 3570 Plin.
516 3546 590 3580 Epist.
609 3555 647 3579 10,
661 3551 698 3579 38.
719 3548 737 3571 i.
757 3546 898 3571 Declarare.
968 3545 1023 3570 Cic.
1042 3544 1069 3569 in
1088 3542 1176 3570 Parati.
1199 3545 1216 3568 6
1250 3543 1326 3568 Istam
1391 3543 1493 3568 minum
1513 3542 1627 3568 fortunis
1642 3542 1712 3567 serre
1731 3542 1821 3568 iudicis
1839 3549 1896 3577 opus
1916 3542 1948 3576 est
1968 3544 2024 3570 Cic.
2043 3552 2091 3578 pro
2110 3543 2212 3569 Cluent.
2231 3551 2264 3577 72
2279 3553 2300 3569 c.
2315 3552 2341 3574 53
2355 3549 2419 3569 extr.

296 3584 489 3612 paupertatem,
514 3582 556 3606 vel
578 3582 666 3615 potius
685 3580 821 3615 egestatem
840 3588 868 3606 ac
887 3579 1083 3605 mendicitatem
1103 3585 1174 3605 tuam
1194 3587 1329 3612 nunquam
1392 3577 1548 3605 Seruitutem
1574 3576 1653 3603 Plaut.
1668 3578 1740 3610 Capt.
1753 3585 1776 3605 2,
1790 3585 1814 3609 2,
1827 3581 1868 3604 26.
1939 3579 2082 3605 Seruitium
2108 3577 2186 3605 Ouid.
2202 3579 2283 3604 Amor
2312 3587 2331 3610 1,
2346 3587 2370 3610 2,
2384 3584 2419 3607 18.

297 3612 414 3639 Obscure
434 3614 532 3646 tulisti,
550 3619 566 3640 ι’.
585 3615 746 3650 ἀζζῙῑιηιιΙαΙῗὶ.
787 3617 827 3643 Sic
846 3615 942 3649 Aperte
962 3621 986 3641 et
1003 3615 1078 3640 Clam
1097 3621 1120 3640 et
1141 3613 1225 3640 Palam
1248 3614 1368 3650 scr1·e.95
1392 3614 1465 3640 Caes.
1480 3613 1507 3639 B.
1521 3613 1551 3638 G.
1567 3620 1586 3644 1,
1603 3620 1629 3643 :9
1662 3612 1792 3638 Nonnulli
1812 3614 1889 3640 ctiam
1904 3615 2007 3640 Caesari
2027 3612 2224 3645 renuntiabant,
2246 3623 2326 3648 qmnn
2341 3613 2420 3640 castra
2441 3618 2443 3620 ’

297 3649 339 3675 Sic
351 3648 417 3674 Ter.
432 3648 505 3673 Adel.
521 3657 543 3680 3,
556 3658 581 3680 2,
596 3659 628 3676 20
656 3652 752 3686 Neque
765 3651 791 3678 id
805 3650 912 3678 Occulte
924 3651 990 3677 fert:
1010 3660 1024 3676 a
1040 3650 1134 3676 lenone
1149 3650 1216 3683 ipsus
1231 3649 1329 3682 cripuit
1392 3648 1513 3680 moueri,
1542 3652 1567 3674 et
1587 3647 1663 3681 Signa
1681 3647 1746 3674 ferri
1766 3648 1880 3680 iuffiss'ct,
1907 3658 1960 3676 non
1982 3650 2041 3676 fore
2061 3648 2133 3675 dieto
2157 3648 2291 3675 audientes
2312 3649 2419 3681 milites,

298 3683 391 3718 palam.
465 3684 538 3717 Virg.
553 3687 616 3711 Aen.
630 3695 652 3717 3,
667 3695 720 3719 490
744 3687 784 3714 Sic
799 3686 915 3719 Oculos,
933 3685 966 3712 s1c
982 3686 1026 3711 ille
1040 3694 1145 3717 manus,
1159 3685 1191 3711 fic
1203 3694 1250 3711 ora
1263 3685 1329 3710 fere·
1393 3687 1411 3710 i.
1427 3683 1570 3719 praeferri,
1595 3691 1654 3716 quae
1673 3683 1831 3717 ‚liquet-futur
1854 3686 1952 3711 milites.
1993 3706 1998 3711 c
2024 3682 2231 3711 Similitudinem
2260 3684 2324 3710 Plin.
2341 3693 2377 3714 12,-
2396 3693 2427 3716 7.-

299 3719 358 3751 bat,
383 3719 410 3744 de
425 3717 512 3758 gestu.
582 3720 612 3745 In
637 3722 727 3748 Oculis
752 3723 884 3756 aliquem,
903 3728 953 3756 pro
979 3720 1134 3747 Vehementer
1158 3728 1181 3746 ct
1196 3723 1329 3755 praecipue
1393 3719 1509 3745 Martial.
1525 3726 1550 3750 2,
1563 3719 1580 3744 6
1598 3718 1668 3744 Haec
1682 3719 1739 3745 sunt
1752 3718 1863 3753 singula,
1878 3729 1944 3754 quae
1956 3720 2017 3747 Sinn
2031 3719 2141 3746 ferebas.
2175 3719 2252 3747 Sirim
2265 3726 2291 3746 et
2305 3719 2445 3746 inediam?

297 3763 379 3781 amare
400 3754 455 3779 Cic.
470 3754 507 3786 Q
519 3754 585 3779 frat.
601 3763 623 3785 3,
642 3764 660 3780 1.
721 3756 793 3783 Idem
806 3758 837 3782 de
853 3757 945 3791 Arusp.
959 3757 1034 3791 Resp.
1072 3776 1078 3782 .
1117 3776 1123 3781 .
1161 3775 1168 3782 .
1203 3755 1231 3781 dc
1246 3755 1328 3782 Clodio
1393 3754 1460 3780 Plin.
1473 3754 1501 3780 in
1513 3754 1604 3786 Paneg.
1622 3761 1643 3783 ¹3
1659 3760 1701 3787 pr.
1772 3755 1968 3782 Solicitudinem
1990 3755 2060 3782 Idem
2073 3754 2152 3788 Epist.
2168 3764 2186 3787 1,
2200 3763 2222 3787 5.
2293 3756 2352 3781 Sors
2368 3751 2431 3787 (al-21

295 3791 395 3824 loquens
415 3789 508 3814 homine
521 3787 571 3821 fibi
587 3789 681 3824 musso,
704 3791 832 3818 Fercbant
846 3793 873 3818 in
887 3793 977 3819 Oculis
990 3791 1125 3818 hominem
1143 3790 1250 3825 quidam
1265 3791 1330 3817 boni
1338 3802 1384 3820 100
1392 3790 1474 3820 Fors)
1489 3796 1669 3822 quemcunque
1688 3789 1778 3816 tulerit
1796 3791 1881 3817 casum
1895 3790 1982 3817 subire
2002 3791 2057 3816 Cic.
2073 3790 2126 3815 Att.
2140 3795 2163 3822 ε,
2178 3799 2195 3817 ι.
2253 3790 2340 3824 'Virg.
2356 3791 2429 3816 Acin·

296 3825 400 3856 viri,et
413 3823 444 3849 de
464 3832 505 3850 nie
524 3824 624 3857 optime
643 3826 742 3851 meriti.
778 3827 923 3854 Terentius
935 3827 1112 3855 VerbumFero
1127 3825 1205 3860 omisit
1223 3830 1249 3853 in
1266 3827 1330 3852 Eun.
1392 3833 1420 3858 9,
1431 3831 1477 3856 291
1508 3824 1580 3849 Hanc
1593 3823 1645 3849 fine
1657 3833 1698 3850 me
1710 3825 1784 3859 Spem
1798 3827 1868 3852 ferre
1881 3827 1938 3853 tui?
1958 3826 2097 3852 audentior
2110 3824 2156 3851 ibo
2193 3827 2222 3851 In
2240 3827 2308 3852 casus
2319 3832 2420 3857 omnes,

297 3868 321 3892 3,
336 3869 354 3890 ι,
372 3869 392 3886 ιι
414 3860 469 3885 Rex
490 3865 514 3885 te
538 3868 601 3892 ergo
615 3859 643 3884 in
657 3860 764 3887 Oculis?
834 3862 900 3888 Ter.
913 3863 986 3891 Adel,
1001 3870 1024 3896 ς,
1036 3872 1063 3897 4,
1080 3865 1109 3889 ι6
1141 3862 1219 3888 Nunc
1239 3861 1329 3888 exafta
1393 3862 1412 3885 i.
1432 3859 1477 3885 hoc
1490 3858 1517 3884 de
1531 3858 1671 3894 lesperore.
1726 3861 1822 3895 Sponte
1836 3862 1878 3888 sua
1893 3862 1958 3888 ferri
1971 3861 1998 3886 in
2012 3860 2113 3894 aliquid
2131 3861 2188 3887 Sen.
2204 3861 2236 3887 de
2249 3861 2338 3887 Bcnef.
2354 3867 2420 3893 3,14·

297 3902 396 3927 aetatc,
413 3894 462 3920 hoc
477 3894 559 3921 fruffi
570 3903 618 3928 pro
633 3893 723 3920 labore
735 3895 768 3921 ab
781 3896 821 3922 his
835 3896 902 3928 fero,
914 3898 1022 3926 Odium.
1092 3899 1166 3924 Onus
1179 3896 1330 3931 impositum
1393 3893 1474 3920 Plaut.
1489 3894 1559 3919 Men.
1575 3901 1594 3925 ς,
1608 3902 1634 3928 7,
1648 3903 1668 3926 ¹3
1689 3896 1791 3923 Herum
1805 3905 1894 3923 meum
1909 3894 2081 3930 indigniffime
2093 3896 2181 3922 nescio
2198 3896 2261 3930 quid
2275 3896 2419 3922 Sublimem

297 3930 376 3956 Ouid.
391 3930 476 3956 Trist.
494 3939 514 3961 3,
529 3939 557 3962 4,
571 3932 610 3956 62.
683 3930 763 3956 Plaut.
777 3931 870 3964 Amph.
888 3940 905 3961 1,
920 3942 938 3964 1,
953 3942 984 3959 20
1020 3933 1178 3960 Habendum
1198 3939 1223 3959 et
1243 3932 1328 3957 feren·
1391 3929 1495 3958 ferunt,
1514 3932 1532 3954 i·
1553 3930 1745 3965 comprehensim
1758 3932 1894 3966 abripiunt.
1931 3931 1978 3957 Sed
1990 3930 2054 3956 Plin.
2067 3939 2110 3963 20,
2125 3940 2157 3957 22
2182 3931 2338 3965 Pythagoras
2350 3929 2420 3966 prin-

295 3965 358 3991 duni
372 3966 407 3992 est
421 3965 471 3992 hoc
484 3966 557 3992 Onus
571 3973 631 3992 cum
646 3963 745 3992 labore.
822 3967 923 4001 Opem,
935 3968 1046 4002 dicitur,
1059 3972 1142 4005 inquit
1157 3969 1288 4000 Donatus,
1302 3967 1329 3992 in
1339 3973 1383 3998 105·
1391 3964 1505 3999 cipatum
1523 3963 1619 3992 habere
1637 3974 1667 3992 ex
1681 3966 1739 3999 his,
1755 3975 1869 4003 quorum
1888 3965 2005 3993 Sublime
2023 3966 2063 3993 vis
2081 3966 2197 4000 feratur,
2211 3967 2352 3998 iudicauit..
2382 3965 2420 3993 De

2332 3999 2422 4036 finapr',
