2479 4225
253 183 343 222 1039
649 162 665 201 Ι
719 131 787 199 >N
867 154 902 193 C
1208 138 1210 140 V
1733 145 1748 183 1
1827 145 1870 184 Ν
1954 146 1989 186 C
2231 165 2234 168 ·
2284 156 2424 198 ¹040

255 258 313 285 bus.-
348 261 377 281 vt
390 254 471 281 Cerea
482 251 605 279 interdum
611 256 658 286 pro
666 246 779 284 Jbrdidis
789 247 930 279 ponuntur,
954 239 982 265 de
988 246 1039 300 31ιο
1046 237 1071 275 s.
1086 237 1103 264 1·
1157 235 1205 263 Sed
1220 237 1228 261 1
1236 233 1285 267 'offi
1383 239 1530 260 INCERT
1542 239 1580 275 0⁴,
1599 237 1651 274 ὅτε.
1689 231 1822 274 [dirum]
1878 234 2003 261 Incertum
2014 234 2121 262 reddere.
2175 232 2256 272 Plaut.
2269 230 2344 267 Epid.
2357 218 2402 268 42'.
2442 218 2469 272 lb,

255 296 282 318 in
297 291 399 325 Etymol.
419 288 539 325 Rutgers„
552 289 581 313 V.
597 287 624 312 L.
640 295 654 319 5
664 305 672 317 ,
688 295 710 317 5.
744 288 767 307 ct
780 281 920 313 Gra’lgssfm
933 275 966 301 1¹⁶1
977 277 987 300 ἱ
1007 284 1045 300 1⁰²¹
1058 281 1145 299 morem
1158 271 1271 306 '‘ferlffll
1278 288 1286 300 2
1350 276 1369 300 Ι,
1383 275 1408 299 18
1438 270 1528 304 Longa
1541 271 1595 297 dies
1608 278 1724 296 animum
1739 275 1849 296 incertat
1862 279 1950 296 meum
1960 290 1968 302 ,
1993 269 2030 295 sin
2043 279 2073 297 ea
2086 270 2132 302 est,
2145 278 2224 304 quam
2232 274 2333 295 incerto
2345 277 2399 295 au—,
2442 278 2460 303 >f

254 336 299 363 quo
311 324 443 360 nonfhlum
456 331 540 359 genua
554 322 706 354 contingunt
720 324 744 342 et
758 313 918 341 contrectant
930 316 1050 341 orantes,
1067 315 1096 334 vt
1109 311 1145 334 ait
1160 306 1260 332 Arnob.
1269 306 1286 331 6
1351 310 1442 337 tumo,
1461 305 1526 331 hanc
1540 305 1694 340 congrediar
1708 304 1771 331 astu.
1825 305 1899 341 Cous.
1913 305 1989 340 Apul.
2003 306 2068 332 Met.
2077 313 2090 339 5
2106 315 2130 340 p.
2138 308 2195 338 164.
2229 310 2253 331 et
2269 312 2291 330 11
2303 307 2388 338 μιᾶς.
2442 298 2461 343 '4

275 382 280 387 .
301 369 364 387 202:
395 359 442 396 sed
465 362 562 386 vorsum-
580 357 678 383 tabellas
697 359 751 377 cera
769 346 883 384 affigunt.
937 348 975 373 De
987 346 1027 371 his
1045 344 1097 370 vid.
1110 345 1214 369 Lucian.
1229 341 1289 367 Phi·
1351 345 1374 367 et
1388 340 1460 367 Non.
1475 349 1500 373 2,
1518 350 1576 375 423.
2101 345 2111 349 -·
2442 338 2460 375 g,

256 372 363 431 i'opfiude
374 404 395 421 c.
405 405 432 422 2⁰
464 395 506 421 vbi
522 397 683 419 memorantur
698 385 836 416 νομίσματα
856 384 904 407 ἔασι
915 380 1008 417 deque&
1021 379 1075 414 πρὸς
1088 377 1127 403 τᾶν
1139 376 1213 412 μηρόν
1226 387 1255 405 κη
1271 377 1287 408 ᾧ
1311 378 1325 405 5
1389 381 1401 401 1
1412 382 1431 401 N
1444 382 1461 402 C
1472 383 1488 402 E
1498 384 1510 403 S
1520 384 1532 402 S
1542 384 1561 404 O
1571 397 1579 409 ‚
1604 384 1613 402 1
1623 383 1644 402 N
1653 383 1670 403 C
1679 383 1694 402 E
1704 381 1716 401 S
1725 382 1766 402 SV
1774 382 1788 401 S
1796 395 1804 406 ,
1839 375 1892 402 vid.
1914 383 1955 402 IN
1964 381 1981 402 C
1990 382 2006 402 E
2015 381 2033 401 D
2042 381 2071 402 0.
2444 393 2474 421 ,ἡ

257 431 424 463 κεκολλημένα
475 430 501 462 ᾳ)
514 431 610 455 πέταλα
623 424 651 455 ἐξ
660 420 767 456 deripit,
790 418 865 451 ἐυχαί
877 427 943 443 τινος.
1017 417 1075 441 Vct.
1094 413 1179 439 Schol-
1196 413 1288 438 lunen.
1390 416 1430 435 IN
1439 418 1455 438 c
1465 418 1481 438 E
1490 419 1503 437 s
1512 419 1533 439 T
1542 418 1561 437 ν
1574 420 1602 443 s,
1623 411 1660 437 ιἰς.
1682 420 1716 437 m.
1753 412 1793 437 vel
1811 419 1820 437 1
1830 419 1851 437 N
1861 417 1877 437 c
1886 418 1903 437 E
1913 417 1954 437 sT
1965 418 1985 437 ν
1994 418 2019 437 Μ
2032 429 2040 442 ,
2063 411 2081 437 i.
2103 420 2128 437 n.
2183 409 2260 444 [etym
2269 429 2277 441 ,
2295 409 2402 435 aurach*
2444 415 2473 446 ιη.

257 476 273 500 9
297 474 338 498 ¹“9
363 467 393 492 [η
407 441 479 492 egri}
487 470 547 490 vota
560 462 673 487 ficuntur
685 454 752 489 apud
767 453 870 487 templa.
943 450 1044 478 Erudit?
1057 457 1113 490 crgo
1129 448 1191 474 idem
1204 446 1291 474 Schol.
1352 441 1479 480 βδελυροὶ]
1533 449 1607 482 Qaast
1622 448 1685 474 Non
1699 446 1795 472 castum
1809 453 1831 472 et
1839 447 1964 481 pudicum.
2020 448 2061 473 Sic
2080 452 2183 473 vocatur
2197 448 2276 471 coitus
2290 445 2330 469 vel
2342 444 2389 470 mii-
2402 457 2423 474 s..
2444 446 2445 474 j
2457 463 2460 468 .

258 487 292 529 ai!
305 483 342 533 1³0,
356 508 383 534 55
408 502 523 527 incerare
534 482 711 528 irzuf'rpretatur
724 491 754 516 1n
767 489 844 524 signis
857 487 995 522 infignare,
1014 491 1075 512 vota
1084 489 1179 511 tacere.
1234 484 1290 508 Fir·
1352 483 1511 515 aimonium,
1530 492 1575 518 quo
1587 483 1695 510 laeditur
1703 485 1787 517 pietur
1799 485 1824 507 ιή
1834 482 2133 518 propiy1q2205fh71gujm,
2153 488 2181 507 ω
2200 483 2226 506 i„
2245 479 2390 518 masth-fi„

258 543 341 563 matur
353 537 458 563 hocloco
472 530 613 563 Philostrati
629 528 728 553 Heroic.
743 535 766 557 2,
781 535 793 551 1
818 523 939 557 deflatua
953 520 1094 556 Protesilai,
1119 519 1138 545 οἱ
1153 518 1292 552 α’λείφογτές
1354 525 1436 557 rore-,2
1454 519 1507 558 ,ιιι-Ι,
1518 521 1623 553 religio,
1646 525 1675 544 vt
1694 521 1720 543 in
1745 516 1846 550 Vqslali.
1917 518 1989 544 Non.
2003 520 2033 548 6,
2051 526 2088 551 74
2125 516 2271 548 Incestum,
2295 513 2430 554 di?¹¹⁰t.,i,·
2444 498 2450 524 i·

258 584 285 598 n
298 571 340 606 w)
353 568 569 604 ἐπιήρανε-ἀμφ,
581 562 623 589 ng,
638 561 713 594 ‘'vaca'‘
727 559 876 593 ggnmaexum
890 559 923 584 τᾶ
935 557 1009 590 εἴδω,
1028 556 1091 592 quod
1103 554 1201 589 confert
1215 555 1286 580 Olea·
1307 562 1336 581 10
1355 551 1484 585 flagitium
1499 561 1527 579 in
1539 554 1627 581 affines
1640 553 1787 580 admistum.
1841 552 1943 579 Festus:
1979 553 2092 578 Incestus
2111 561 2125 578 a
2145 553 2248 578 Graeco
2265 549 2423 577 trahitur-en*
2444 521 2447 599 l

2444 638 2447 651 Ι

257 611 310 635 rius
323 617 375 633 cum
393 605 508 632 Prudent.
529 609 556 625 m
574 596 718 630 symmach.
734 604 759 628 ι,
777 604 826 628 203
859 595 924 621 Saxa
939 593 1008 620 illita
1027 600 1085 618 cera
1097 590 1221 620 Viderat,
1240 598 1287 614 vn·
1356 595 1417 613 nam
1430 587 1472 613 illi
1484 588 1584 616 facinus
1598 589 1687 615 dicunt
1701 588 1818 617 οἱνέκες-ον.
1923 584 1979 614 Cic.
1993 589 2111 622 Tusc.4‚
2123 595 2154 622 75
2169 596 2190 613 c.
2203 594 2229 619 33
2262 575 2432 613 Omnibueff'.

258 648 405 678 guentoque
418 640 481 665 lares
496 635 646 662 humescere
661 632 747 666 nigro.
805 631 882 658 Verbo
892 627 1095 663 ἓπισφρωγίζειθαι
1108 624 1235 661 inflammet
1244 625 1292 650 La·
1355 624 1426 663 enim
1439 631 1470 650 cx
1482 625 1565 651 animi
1577 625 1818 659 perturbationibus
1832 623 1867 649 est
1880 623 2002 658 profe&o
2015 623 2086 650 nulla
2099 622 2283 649 vehementior
2292 641 2300 653 ‚
2327 626 2355 654 vg
2373 619 2393 648 fi
2404 640 2408 646 .
2430 621 2447 656 '1

258 682 336 705 tinum
350 676 484 703 Inlignare.
556 671 611 695 Huc
625 671 698 694 ctiam
711 666 825 702 referunt
836 668 891 691 viri
909 663 978 690 doeh·
995 662 1058 690 illud
1075 662 1152 696 Apul.
1166 660 1244 694 Apol.
1266 668 1291 693 p.
1355 667 1408 698 iam
1422 659 1476 692 ipsa
1487 659 1532 686 illa
1546 661 1663 687 accusare
1675 660 1760 692 nolis,
1787 660 1873 693 stupra
1886 659 1961 691 dico,
1988 665 2013 685 et
2027 658 2188 693 corruptelas
2201 664 2226 684 et
2251 655 2395 690 adulteria,

258 721 322 746 309,
346 719 371 736 ιι.
401 703 498 734 Votum
511 705 538 732 in
551 704 662 732 alicuius
676 702 772 729 statuae
786 702 888 728 femore
901 699 1043 734 assignasti:
1078 697 1223 733 quodplane
1236 704 1292 720 con-
1354 693 1450 720 incesta
1461 694 1591 730 denique,
1609 704 1724 730 quorum
1738 695 1858 721 omnium
1871 695 2024 721 accusabilis
2038 694 2073 721 est
2088 693 2235 729 turpitudo.
2326 691 2396 718 Suet:
2423 707 2434 726 J
2448 694 2451 726 s

257 750 326 774 venit
335 754 385 771 cum
404 745 454 770 Ioco
472 743 584 768 Luciani.
658 740 767 772 Denique
786 738 833 763 huc
851 735 932 771 refert
949 733 1128 768 Rittcrshufius
1147 731 1209 758 illud
1226 730 1292 756 Plin.
1309 737 1335 764 15
1355 730 1384 755 in
1398 729 1500 757 Neron.
1515 740 1535 758 c.
1545 740 1557 764 5
1592 731 1735 758 Maiestatis
1748 740 1854 765 quoque
1866 737 1891 756 et
1905 731 2113 761 adulteriorum,
2128 729 2271 763 incestique
2285 735 2344 753 cum
2357 727 2396 752 so-

257 781 332 816 Epist.
352 788 396 810 10,
413 787 450 811 44
490 777 587 812 precati
605 775 689 806 Deos,
711 779 739 799 vt
752 773 836 798 velint
849 780 879 797 ea
892 779 955 797 vota
971 771 1072 804 semper
1086 768 1170 800 solui,
1191 767 1293 800 semper
1355 773 1416 791 rore
1439 765 1538 800 Lepida
1555 767 1601 793 sub
1623 767 1722 792 excelsu
1745 766 1858 792 Tiberii
1879 774 1955 798 reuS,
1980 766 2127 792 mutatione
2138 772 2288 799 temporum
2308 761 2403 789 enaiim?
2432 763 2442 799 ¹¹

255 814 355 851 tignari.
417 813 540 840 Videntur
552 815 633 846 itaque
647 815 719 839 vota,
740 811 758 833 i.
771 807 871 834 tabellae
885 813 998 832 votorum
1004 805 1100 839 statuis
1112 807 1149 830 ita
1157 800 1243 837 affixa,
1263 807 1293 828 vt
1354 800 1428 827 Idem
1441 802 1540 829 Domit.
1556 812 1576 829 c.
1585 808 1597 832 8
1624 802 1719 828 Incesta
1734 802 1880 827 Vestalium
1893 802 2030 836 virginum
2045 802 2118 827 varie
2130 810 2160 827 ac
2167 801 2256 826 seuere
2265 800 2395 825 coercere.
2408 798 2410 802 '
2431 799 2433 805 ¹
2467 800 2468 803 ’

247 853 319 887 signo
337 848 448 884 imprqslb
474 849 582 879 cerular,
609 854 658 881 qua
677 842 857 879 affigebantur,
895 848 966 869 tanto
985 845 1078 868 certius
1095 839 1238 875 fideliusque
1257 837 1294 863 ibi
1356 836 1429 871 Conf.
1445 836 1503 863 Liu.
1519 838 1632 872 Epit.63.
1670 838 1786 871 Obsequ.
1801 845 1876 871 c.97.
1984 837 2078 864 Oratio
2095 836 2196 863 nobilis
2215 835 2293 862 Curii
2313 833 2345 860 de
2358 833 2398 859 in,
2436 838 2442 851 ἵ.

252 888 388 914 haererent.
418 879 421 882 ⁴
1355 871 1424 897 cestu
1439 881 1486 906 pro
1499 873 1589 900 Seruio
1604 873 1702 900 Fuluio
1737 874 1792 899 Cic.
1806 872 1838 899 de
1850 872 1919 899 Clar.
1933 873 2007 899 Orat.
2021 881 2074 899 122.
2169 872 2208 898 De
2226 870 2307 897 seruis
2326 867 2399 895 nulla
2440 875 2443 902 ¹¹,

289 927 329 947 IN
339 925 356 946 C
366 920 471 946 ERAT
482 924 539 949 vs,
560 926 587 947 a,
608 924 663 941 um.
700 913 794 940 Partic.
831 913 892 939 Cera
903 911 992 938 illitus.
1030 911 1098 937 Cels.
1106 915 1129 944 8,
1144 915 1157 939 8
1183 908 1293 943 Siplura
1309 917 1341 936 πο
1357 907 1474 941 quaestio
1488 909 1523 935 est
1536 910 1564 936 in
1578 909 1724 940 dominum,
1738 908 1786 934 nifi
1802 909 1833 934 de
1847 908 1963 940 incestu,
1981 914 2009 934 vt
2023 908 2076 934 fuit
2092 908 2120 934 in
2132 907 2259 933 Clodium
2297 904 2337 930 Id.
2349 910 2410 939 pro¹
2441 933 2443 938 .

254 956 398 990 fragmenta
411 954 483 985 sunt,
502 951 657 986 excipienda
671 951 729 976 sunt
742 958 773 975 ex
787 948 874 976 ferula
887 947 958 974 fa&o
973 947 1129 978 canaliculo,
1146 944 1294 978 eodemque
1357 942 1417 969 Mil.
1430 952 1452 969 c.
1465 952 1501 970 22.
1535 945 1564 971 de
1573 946 1845 980 poHustoneJizcrmwm
1857 947 2069 970 caerimomarum.
2141 942 2316 969 Committere
2329 939 2398 966 ince—
2441 945 2443 972 ζ

253 992 323 1019 intus
336 991 451 1016 incerato
461 1009 469 1021 ,
488 997 520 1014 ne
535 988 612 1014 fascia
624 986 772 1013 diducatur.
1231 1014 1237 1019 .
1358 977 1424 1004 stum
1448 979 1577 1012 Qinffll.
1593 991 1620 1014 4,
1634 983 1659 1006 6.
1750 980 1878 1006 Liberare
1892 979 2009 1013 aliquem
2023 977 2121 1005 incesto
2147 978 2203 1004 Cic.
2218 978 2247 1003 in
2259 977 2346 1003 rison.
2357 970 2398 1008 9ςῖ
2412 979 2414 987 ²
2428 986 2430 991 ·

291 1033 300 1052 1
313 1032 334 1052 N
345 1033 361 1053 c
370 1032 385 1052 Ε
394 1032 442 1051 RA
452 1031 476 1050 M
486 1031 501 1050 E
510 1031 559 1051 NT
568 1030 588 1049 V
598 1030 622 1049 M
633 1042 641 1055 ,
662 1022 679 1049 i.
700 1031 726 1047 n.
763 1019 910 1052 Liu.28,4;
933 1018 981 1045 Vbi
989 1018 1169 1043 Interamenta
1176 1022 1295 1041 nauium.
1358 1013 1487 1041 Incestum
1500 1015 1638 1042 Pontifices
1651 1017 1773 1050 supremo
1787 1015 1916 1050 supplicio
1930 1016 2065 1041 sanciunto
2090 1015 2163 1041 Idem
2177 1014 2208 1040 de
2222 1010 2314 1047 Legib.
2328 1019 2354 1042 2,
2363 1018 2400 1045 ,22
2414 1012 2444 1051 *tf

256 1064 339 1097 Neque
352 1064 414 1087 enim
428 1060 525 1091 dubito,
545 1062 604 1094 quin
615 1058 673 1084 hacc
685 1056 757 1083 lectio
766 1076 774 1088 ,
798 1057 920 1083 Gronom'o
936 1057 1009 1081 etiam
1018 1053 1125 1087 probata
1134 1071 1143 1084 ,
1167 1052 1242 1077 alteri
1254 1051 1296 1076 ln·
1358 1058 1379 1075 c·
1387 1057 1413 1082 9·
1450 1048 1571 1086 destupro
1590 1050 1682 1084 Vestali
1694 1052 1772 1077 illato.
1854 1051 1928 1084 Quin
1941 1057 1966 1077 et
1978 1050 2103 1076 incestum
2116 1049 2282 1079 metuebatur
2307 1045 2433 1082 Ί“ε«ις;ἰι.,ῖ·ιζ

254 1103 398 1124 teramenta
413 1094 582 1131 praeferenda
593 1093 641 1127 fit.
695 1094 850 1119 Promittant
881 1090 917 1116 ibi
941 1087 1145 1126 Populonienses
1177 1087 1296 1125 ferrum,
1307 1090 1338 1116 25
1357 1085 1426 1111 Ann.
1439 1094 1474 1116 12,
1487 1094 1511 1118 5,
1523 1095 1544 1113 2.
1561 1089 1628 1115 inter
1643 1087 1770 1113 Claudium
1778 1094 1896 1122 patruum
1909 1094 1933 1112 ct
1945 1088 2123 1122 Agrippinam,
2125 1086 2228 1121 fratris
2240 1081 2438 1119 illiusffliam.q-

254 1132 465 1167 Tarquinienses
487 1131 567 1156 lintea
591 1130 618 1155 iu
639 1128 696 1154 vela
706 1148 714 1160 ‚
739 1129 786 1154 alii
807 1127 858 1152 alia
871 1124 939 1160 chiffl
953 1122 1100 1157 neceſjaria,
1130 1122 1297 1149 Volaterram
1359 1120 1432 1160 Conf.
1447 1130 1507 1156 quae
1513 1123 1659 1158 sequuntur.
1755 1123 1882 1148 Incestum
1893 1124 1988 1148 Neutro
2001 1131 2056 1158 gen.
2064 1121 2124 1158 fere
2137 1123 2230 1157 legitur
2242 1114 2439 1156 affaminis-4:

255 1170 429 1195 inceramenta
443 1167 566 1197 nauium,
589 1168 606 1190 i.
621 1167 702 1199 picem
716 1172 772 1189 cera
785 1165 904 1191 mixtam,
922 1159 1060 1191 Ζώπισσαν,
1083 1168 1132 1194 qua
1146 1167 1220 1184 naues
1234 1160 1299 1183 ince-
1358 1157 1496 1196 consultos.-
1532 1159 1687 1192 Papinianus
1707 1157 1735 1183 in
1753 1158 1770 1184 l.
1797 1158 1823 1184 Si
1836 1158 1998 1184 adulterium
2021 1155 2044 1193 §.
2062 1160 2185 1191 Stuprum
2209 1156 2241 1182 D.
2260 1154 2300 1181 Ad
2316 1154 2344 1179 L.
2358 1153 2401 1179 Iu-
2418 1155 2445 1191 ιζ’

254 1211 344 1232 rantur
356 1211 378 1229 er
394 1202 508 1237 adim-fils
520 1202 629 1229 humoris
643 1209 716 1226 corru
735 1200 806 1225 telam
820 1200 972 1223 muniuntur.
1359 1192 1424 1218 liam
1441 1192 1473 1218 de
1493 1193 1653 1226 Adulteriis,
1682 1193 1811 1220 Incestum
1826 1200 1928 1226 autem,
1956 1196 2027 1228 quod
2040 1201 2086 1227 per
2099 1192 2223 1218 illicitam
2234 1187 2402 1217 matrimonii
2429 1204 2441 1226 ···.

292 1246 300 1266 1
312 1245 333 1265 N
346 1245 362 1265 C
373 1246 415 1264 ER
424 1245 445 1263 T
457 1244 475 1261 v
489 1243 501 1263 s
511 1256 519 1269 ,
540 1245 571 1269 a,
589 1245 645 1262 um.
689 1237 711 1260 A
733 1235 750 1260 i.
792 1231 912 1268 [ἄδηλος,
929 1230 1073 1265 viariam-os]
1128 1231 1186 1256 Non
1199 1234 1299 1259 certus,
1358 1227 1574 1255 coniuneiionem
1586 1229 1745 1256 admittitur.
1938 1227 1958 1266 q
1985 1237 1998 1254 2
2042 1230 2069 1256 Si
2074 1226 2171 1261 stamus
2184 1228 2288 1262 vulgata
2300 1224 2403 1255 lectione

254 1274 366 1306 Dubius,
391 1271 502 1306 Noizfibi
515 1270 638 1304 conflans.
703 1270 759 1296 Cic·
775 1278 823 1303 ΡΓΟ
837 1269 958 1294 ΜιΙΓὸΕΠ·
972 1275 1003 1299 59
1020 1276 1041 1292 c·
1056 1273 1084 1300 ¹7
1116 1264 1244 1304 Nihi1,est
1258 1264 1298 1289 in·
1310 1271 1342 1295 30
1360 1264 1430 1290 Iouis
1443 1273 1496 1290 cum
1509 1267 1627 1301 Alf-''⁷¹3²‘'
1640 1263 1778 1300 “wlgrff‘s
1792 1265 1905 1291 Incestus
1922 1264 2016 1292 dieitur
2037 1264 2095 1290 sen·
2110 1265 2189 1290 Herc*
2201 1262 2253 1289 fur'
2273 1268 2329 1295 ¹¹57
2359 1257 2403 1286 Ubi
2425 1285 2435 1296 ¹⁴

254 1310 349 1336 certius
365 1309 459 1344 vulgo,
479 1307 547 1334 nihil
562 1305 698 1333 obscurius
715 1306 852 1332 voluntate
866 1303 1023 1334 hominum,
1041 1301 1110 1327 nihil
1123 1300 1242 1327 fallacius
1255 1308 1297 1325 ra·
1360 1300 1496 1332 Hercules,
1514 1301 1598 1327 Cuius
1612 1301 1709 1327 incestu
1727 1300 1866 1327 stetitNox
1879 1301 1988 1335 longior
2001 1308 2080 1334 quam
2092 1299 2189 1326 nostra.
2245 1295 2403 1332 Sedpulchre
2424 1295 2438 1324 *i

255 1345 327 1372 tione
341 1350 394 1371 tota
408 1343 588 1371 comitiorum.
677 1343 754 1368 Aetas
767 1340 878 1374 puerilis
891 1339 992 1365 lubrica
1006 1344 1031 1364 et
1045 1338 1145 1363 incerta
1175 1336 1213 1362 Id.
1222 1336 1302 1375 Vcrr-
1355 1334 1426 1374 *uidit
1440 1336 1591 1367 Gronouius,
1616 1346 1665 1363 non
1679 1337 1783 1362 tolerari
1792 1335 1858 1371 post?
1869 1336 1933 1363 hanc
1945 1334 2086 1366 leffionem,
2106 1341 2130 1361 et
2143 1333 2297 1365 emendauit,
2321 1331 2404 1358 Cuius
2419 1328 2442 1370 '4'P

257 1388 280 1414 5,
295 1382 345 1412 136.
415 1379 484 1406 Ter.
500 1379 595 1405 Heaut.
612 1386 632 1409 1,
649 1386 669 1410 1,
686 1385 715 1412 71
739 1377 856 1403 Domum
870 1381 993 1402 reuertor
1007 1372 1131 1404 moestus,
1151 1378 1228 1405 atque
1237 1372 1304 1397 Ani·
1360 1379 1390 1397 ln
1402 1370 1459 1396 fetu
1473 1371 1543 1398 stetit
1554 1380 1606 1398 nox
1619 1371 1743 1405 longior,
1760 1373 1778 1398 i.
1797 1376 1930 1407 concepru,
1949 1374 2114 1407 generatione.
2365 1393 2370 1396 ,
2411 1364 2445 1402 Ἣ

255 1425 299 1442 mo
314 1417 370 1442 sere
383 1414 537 1449 perturbato
548 1435 555 1446 ,
574 1419 653 1447 atque
673 1412 791 1444 incerto,
816 1420 877 1445 prae
899 1409 1073 1444 aegritudine.
1142 1407 1234 1433 Animi
1254 1406 1303 1432 ho·
1397 1411 1465 1433 INC
1478 1412 1573 1434 ESTV
1583 1413 1613 1439 s,
1631 1416 1660 1438 a,
1679 1415 1732 1432 um.
1777 1406 1839 1433 Adi.
1882 1405 2067 1442 [διοίφθαρτος]
2121 1405 2252 1437 Incastus,
2269 1403 2335 1430 mala
2348 1401 2405 1428 tibi·
2421 1400 2439 1434 ..f

254 1452 356 1478 minum
369 1451 463 1477 incerti
477 1458 502 1477 et
514 1450 599 1476 exitus
614 1448 776 1483 praeliorum
803 1447 860 1473 Cic.
872 1447 955 1472 Bruto
968 1454 1007 1479 14.
1112 1444 1183 1469 Aura
1215 1441 1297 1469 Ouid.
1310 1446 1339 1473 35
1359 1441 1415 1468 dine
1422 1442 1543 1477 pollutus.
1599 1442 1667 1469 Plin.
1680 1442 1709 1467 in
1722 1442 1815 1476 Paneg.
1835 1451 1857 1467 c.
1867 1444 1898 1473 63
1911 1449 1975 1468 extr.
2003 1442 2176 1475 stuprorum,
2195 1438 2404 1472 incestarumque

254 1487 345 1513 Amor.
361 1495 385 1517 2,
402 1495 418 1518 9
428 1506 436 1518 ,
452 1495 488 1518 33.
559 1485 643 1511 Bestia
657 1485 773 1516 incerta,
792 1482 859 1518 apud
871 1482 990 1508 Plautum
1004 1478 1046 1513 effe
1059 1478 1174 1511 dicitur,
1188 1487 1248 1514 quae
1261 1480 1299 1503 ni·
1358 1477 1479 1504 no&ium
1494 1478 1600 1504 conscii.
1680 1477 1737 1503 Cic.
1751 1485 1799 1510 pro
1814 1477 1885 1503 Cael.
1900 1485 1931 1509 34
1960 1475 2024 1502 Ideo
2036 1485 2131 1510 aquam
2144 1475 2259 1507 adduxi,
2283 1479 2312 1500 vt
2325 1482 2356 1499 ea
2375 1478 2404 1499 tu

253 1522 291 1549 hil
302 1526 363 1548 certi
370 1523 515 1558 praesagit:
544 1520 591 1556 fid
603 1529 651 1546 non
662 1522 769 1546 inuenio.
841 1518 920 1544 Casus
936 1517 1062 1550 ancipites
1075 1521 1101 1542 et
1113 1515 1209 1541 incerti
1242 1514 1298 1539 Cic.
1359 1512 1456 1539 inceste
1468 1519 1580 1540 vterere.
1652 1513 1721 1539 Aues
1736 1512 1846 1538 incestae
1871 1512 1933 1539 Stat.
1947 1511 2038 1538 Theb.
2054 1520 2081 1544 9,
2093 1516 2134 1541 28.
2168 1519 2228 1546 quae
2246 1507 2419 1535 cadaueribus*

254 1558 283 1584 in
296 1558 369 1584 Orat.
379 1562 419 1590 98.
525 1556 631 1582 Coloris
652 1555 747 1581 incerti
766 1553 934 1588 emplastrum
962 1551 1082 1578 Scribon.
1097 1559 1155 1584 214.
1226 1549 1296 1575 Ter.
1358 1549 1481 1575 hominum
1489 1549 1638 1584 pascuntur.
1684 1566 1686 1569 -
1709 1548 1786 1582 Prop.
1799 1555 1829 1580 3,
1841 1555 1873 1580 9,
1885 1556 1914 1580 39
1943 1547 2037 1579 Incesti
2057 1546 2183 1573 meretrix
2197 1545 2288 1580 regina
2302 1543 2406 1578 Canopi
2430 1550 2433 1564 ³

256 1593 336 1619 Andr.
350 1601 381 1625 2,
402 1601 431 1624 3,
451 1594 485 1618 26
524 1592 612 1621 Cedo,
632 1591 697 1625 quid
710 1589 863 1624 obiurgabit
876 1589 979 1616 tecum?
1016 1587 1059 1614 hic
1084 1585 1177 1613 reddes
1197 1585 1299 1616 omnia,
1358 1585 1502 1620 Cleopatra,
1521 1587 1580 1619 quia
1593 1587 1620 1609 in
1633 1584 1754 1619 Aegypw
1764 1583 1897 1619 fratribus
1909 1579 2065 1619 conficescmzt
2073 1582 2183 1617 sorores.
2255 1581 2352 1612 Lucan.
2365 1587 2407 1612 10,
2425 1586 2443 1595 ‘⁷

246 1637 323 1662 quae
335 1637 403 1654 nunc
418 1628 475 1653 sunt
488 1633 558 1653 certa
571 1628 596 1653 ei
609 1626 740 1658 Confilia,
761 1626 860 1651 incerta
881 1631 910 1651 vt
928 1623 1001 1650 sient.
1106 1622 1199 1648 Crines
1214 1621 1338 1655 incer-40
1361 1627 1404 1652 103
1434 1619 1462 1645 de
1478 1620 1607 1654 Cleopatra
1620 1619 1898 1656 CaeJarifiappIicante,
1924 1619 2018 1645 Vultus
2035 1617 2105 1645 adest
2118 1617 2255 1652 precibus,
2272 1615 2406 1649 faciesque
2433 1632 2437 1634 -

256 1669 296 1689 tos
318 1663 444 1696 colligere
483 1662 564 1688 Ouid.
587 1663 678 1688 Amor.
701 1670 727 1693 ι,
746 1669 784 1693 ιι,
804 1669 822 1686 ι.
918 1659 1028 1685 Eri-ores
1059 1658 1164 1684 Lucret.
1180 1665 1213 1689 4,
1229 1665 1298 1691 ¹071·
1359 1654 1455 1682 incesta
1470 1660 1584 1689 perorat.
1689 1655 1744 1681 Cic.
1759 1663 1808 1689 pro
1822 1655 1910 1681 Domo
1924 1662 1968 1683 105
1987 1663 2008 1680 c.
2023 1663 2060 1688 40
2087 1653 2179 1686 Istius,
2194 1652 2240 1687 qui
2254 1660 2308 1677 non
2320 1651 2405 1678 solum
2442 1654 2445 1694 4¹

256 1699 370 1725 Euentus
383 1697 467 1723 futuri
481 1704 530 1722 tem
551 1697 605 1723 oris
619 1697 714 1722 incerti
737 1696 793 1722 Cic.
804 1703 851 1727 pro
864 1695 994 1727 Qum-83
1010 1703 1031 1719 c.
1041 1696 1082 1719 26.
1154 1692 1245 1718 Exitus
1257 1701 1298 1718 ar·
1360 1690 1497 1725 adspectu,
1518 1691 1561 1717 sed
1575 1690 1654 1717 etiam
1666 1689 1765 1716 incesto
1779 1690 1891 1724 flagitio,
1908 1696 1934 1717 et
1945 1689 2035 1725 stupro
2043 1689 2150 1724 polluit,
2169 1686 2352 1718 caerimonias,
2360 1693 2406 1713 eta.
2426 1691 2445 1719 ,i

256 1742 362 1760 morum
376 1733 489 1759 incertus
513 1732 524 1757 I
545 1741 585 1758 em
600 1732 653 1758 Att.
667 1738 694 1765 7,
707 1738 728 1761 3.
798 1729 889 1755 Exitus
902 1737 1064 1763 pugnarum,
1088 1729 1213 1761 Marsque
1226 1735 1297 1753 com-
1360 1727 1462 1753 Mulier
1491 1727 1549 1752 Scn.
1570 1728 1649 1753 Herc.
1669 1726 1722 1752 fur.
1741 1734 1808 1759 1190.
1842 1729 1872 1752 it.
1895 1733 1962 1760 1179.
2067 1724 2167 1751 Noetes
2187 1722 2299 1750 incestae
2338 1721 2405 1748 Plin.

255 1769 341 1794 munis
355 1768 450 1794 incerti
476 1767 514 1793 Id.
530 1776 578 1801 pro
593 1767 729 1799 Milon.57
743 1773 809 1790 c-21.
903 1764 968 1789 Plin.
982 1766 1014 1794 6,
1037 1767 1062 1791 18
1103 1763 1177 1787 Hanc
1196 1762 1242 1787 alii
1257 1763 1297 1788 in·
1361 1762 1422 1787 Pan.
1436 1763 1466 1792 63
1487 1769 1551 1787 extr.
1658 1761 1776 1794 Nuptiae
1809 1761 1900 1788 Tacit.
1914 1763 1981 1787 Anu.
1997 1769 2036 1793 11,
2055 1768 2093 1793 25.
2166 1756 2284 1794 Nuptiae
2297 1757 2407 1784 incestae
2425 1773 2428 1778 .

257 1804 333 1830 certis
347 1803 476 1834 fontibus,
494 1808 522 1827 vt
536 1802 643 1834 Nilum,
663 1803 859 1834 rigantemque,
879 1805 924 1825 etc.
994 1797 1064 1825 letus
1092 1796 1221 1830 Quinem.
1231 1805 1296 1828 1,10.
1307 1800 1341 1825 45
1362 1795 1515 1821 confirmari
1527 1804 1582 1821 non
1595 1796 1679 1821 solent
1704 1796 1838 1830 Papinian.
1853 1797 1882 1822 in
1895 1796 1911 1822 l.
1923 1797 1951 1822 Si
1964 1796 2126 1823 adulterium
2139 1794 2164 1832 ᾗ.
2179 1796 2303 1829 Stuprum
2329 1793 2362 1819 D.
2374 1791 2407 1819 ad

256 1839 330 1865 Litus
344 1838 424 1863 breue
437 1843 462 1862 et
484 1837 614 1862 incertum
646 1836 736 1861 Tacit.
757 1837 825 1860 Ann.
848 1843 894 1866 14,
913 1842 952 1866 29.
1047 1832 1119 1858 Idem
1134 1831 1246 1864 Hist.4‚
1270 1839 1297 1864 35
1363 1831 1393 1857 L.
1410 1830 1507 1856 Iuliam
1522 1830 1554 1856 de
1573 1829 1729 1857 Adultei‘iis.
1836 1831 1892 1857 Cic.
1913 1831 2026 1865 Philipp.
2046 1840 2084 1862 11,
2104 1839 2117 1863 5
2153 1833 2242 1864 Quum
2262 1828 2417 1855 verborum.
2442 1831 2445 1834 ’

254 1875 398 1907 Pugnatum
413 1872 493 1905 longo
514 1871 635 1904 agmine,
661 1876 686 1895 et
700 1870 802 1894 incerto
821 1870 916 1894 Marte.
987 1868 1062 1893 Mens
1099 1867 1179 1893 Ouid.
1192 1867 1257 1892 Met.
1271 1875 1299 1898 9,
1362 1865 1532 1892 contumeliis
1546 1871 1676 1899 optimum
1691 1866 1780 1892 virum
1794 1865 1892 1893 incesto
1912 1874 1959 1892 ore
1978 1866 2116 1892 laceraflet.
2210 1865 2309 1891 Praedo
2346 1864 2408 1890 Stat.

255 1912 313 1941 629.
381 1907 449 1934 Ter.
464 1905 544 1932 Andr.
558 1914 580 1938 5,
594 1914 613 1936 ι,
627 1913 648 1930 ιι
671 1903 810 1937 Pei-pulisti
822 1911 875 1933 me,
888 1901 1033 1940 vtqhomini
1045 1901 1251 1932 adolescentulo,
1269 1902 1299 1927 in
1362 1901 1459 1926 Achill.
1475 1910 1484 1926 1
1493 1920 1501 1932 ‚
1514 1909 1554 1933 43.
1591 1900 1707 1926 Paridem
1719 1901 1848 1937 intelligit.
1939 1901 1999 1927 Liu.
2014 1906 2038 1934 8,
2049 1906 2080 1930 28
2106 1901 2196 1928 Primo
2209 1900 2334 1934 pellicere
2347 1897 2422 1926 eum*

255 1945 310 1971 alio
324 1949 451 1977 occupato
465 1949 571 1973 amore,
592 1939 748 1965 abhorrenti
762 1937 795 1976 ab
809 1945 839 1963 re
851 1944 946 1962 vxoria
955 1956 964 1968 ‚
989 1936 1072 1961 filiam
1088 1935 1178 1960 darem
1192 1936 1220 1960 iu
1233 1935 1300 1960 sedi·
1363 1936 1484 1961 sermone
1497 1935 1595 1960 incesto
1610 1941 1718 1961 conatus
1732 1935 1784 1966 est,
1802 1943 1849 1962 etc.
1884 1935 2007 1969 destupro
2021 1939 2109 1961 maris.
2202 1934 2411 1969 Stuprunrince.

254 1981 368 2009 tionem,
386 1984 464 2013 atque
477 1978 587 2004 incertas
600 1974 723 2009 Nuptias.
759 1973 784 2000 h.
798 1981 818 1999 e.
831 1973 869 1998 De
880 1971 968 2007 quibus
980 1980 1028 1996 non
1043 1968 1151 2009 constat,
1166 1968 1297 2003 anfirmae
1313 1975 1345 2001 50
1363 1969 1431 1994 stum
1459 1968 1559 2008 Cic3de
1571 1970 1664 2003 Amsp.
1679 1970 1754 2003 Resp.
1770 1979 1793 2000 4.
1868 1970 1979 1996 Vestalis
2011 1970 2077 1997 Plin.
2092 1975 2128 2001 28,
2140 1978 2162 1996 2.
2234 1970 2326 1997 Tacit.
2341 1971 2408 1996 Ann.
2419 1971 2429 2000 (ἐ

247 2013 422 2051 futzcracfim.
517 2013 567 2039 Pax
582 2009 747 2038 incertissima
772 2009 833 2034 Liu.
846 2013 870 2042 8,
882 2016 924 2033 20.
996 2005 1063 2032 Pede
1076 2011 1179 2031 1ncerto
1193 2003 1298 2040 ferebar
1363 2007 1388 2034 6,
1403 2011 1415 2036 5
1442 2004 1571 2038 Arguitur
1585 2004 1725 2038 pleraque,
1750 2005 1779 2030 C.
1795 2004 1933 2032 Caesarem
1948 2005 2018 2040 quali
2033 2005 2144 2032 incestae
2158 2005 2294 2032 virilitatis
2308 2006 2400 2033 dixisse
2418 2003 2422 2010 ‘

254 2052 321 2077 Hor,
335 2049 416 2084 Epod,
431 2056 464 2080 11,
477 2056 516 2079 30.
623 2045 741 2072 Pericula
767 2044 842 2077 Virg.
857 2045 921 2069 Aen.
936 2050 962 2073 9,
976 2044 1019 2073 96.
1087 2040 1143 2067 Cic.
1158 2049 1206 2073 pro
1220 2040 1297 2066 RosC.
1362 2041 1482 2074 Proprie,
1501 2039 1530 2065 de
1544 2041 1664 2066 violatore
1674 2047 1722 2075 per
1736 2040 1864 2067 libidinem
1873 2044 1981 2076 pietatis
1995 2044 2022 2067 in
2035 2048 2130 2073 matre,
2165 2041 2271 2068 Senatus
2284 2041 2350 2077 apud
2362 2041 2413 2068 Ca*

255 2087 331 2112 Com.
344 2094 370 2117 33
404 2084 480 2111 Tum
493 2082 566 2109 enim
577 2087 686 2117 propter
698 2079 821 2114 Reipubl.
835 2077 1010 2109 calamitates,
1039 2077 1160 2115 omnium
1174 2075 1299 2109 poffeffio-
1361 2074 1467 2109 pitolin.
1480 2075 1592 2101 Macrin.
1602 2084 1617 2101 2
1648 2076 1778 2108 Qiemuis
1793 2076 1875 2111 magis
1889 2086 1967 2111 quam
1982 2076 2117 2103 incestum.
2153 2076 2181 2103 de
2196 2077 2338 2113 Elagabalo.

254 2130 299 2148 nes
312 2126 384 2147 erant
402 2120 525 2146 incertae.
596 2117 669 2143 Soles
708 2116 784 2149 Virg.
800 2115 864 2140 Aen.
878 2122 906 2146 3,
925 2122 947 2144 7.
967 2147 973 2152 ·
1054 2112 1114 2145 Spes
1130 2110 1297 2137 incertislima
1398 2117 1437 2136 ΙΝ
1447 2117 1489 2136 CE
1499 2118 1511 2135 s
1522 2117 1577 2137 TE.
1615 2110 1683 2137 Adu.
1719 2108 1925 2146 [διεφθαρμένω]
1962 2112 2046 2145 Foede,
2059 2115 2176 2148 turpiter,
2212 2113 2268 2139 Cic·
2278 2122 2326 2147 P¹·0
2335 2112 2398 2139 Cael

255 2157 312 2183 Cic.
327 2165 374 2191 pro
387 2156 455 2182 Sext.
469 2162 534 2182 c.22.
597 2152 703 2179 ‘Tellus
715 2150 882 2177 incertissima
899 2155 975 2182 regni
1004 2146 1171 2186 Stat3Theb.
1185 2154 1223 2177 11,
1243 2153 1297 2177 391·
1312 2147 1340 2174 55
1361 2153 1394 2186 {4
1408 2153 1429 2170 c.
1441 2153 1471 2177 14
1495 2145 1559 2184 Ideo
1575 2154 1669 2180 aquam
1682 2146 1791 2179 adduxi,
1803 2155 1832 2174 vt
1844 2154 1873 2174 tu
1886 2157 1916 2174 ea
1929 2148 2024 2174 inceste
2036 2154 2150 2175 vterere.
2222 2149 2325 2176 Luci-et.
2341 2157 2362 2182 1,
2377 2157 2393 2182 9
2420 2158 2440 2179 ρ

255 2193 333 2219 Vices
347 2192 460 2218 incertae
486 2187 567 2216 Ouid.
579 2188 666 2215 Trist.
680 2197 700 2221 3,
715 2195 748 2219 11,
761 2188 801 2215 68.
909 2183 1010 2217 Vulgus
1040 2184 1117 2216 Virg.
1131 2183 1196 2222 Aen.
1210 2189 1240 2211 2,
1259 2188 1298 2212 39.
1362 2179 1411 2206 Sed
1425 2179 1491 2205 casta
1504 2180 1600 2219 inceste
1614 2180 1732 2208 nubendi
1745 2188 1864 2216 tempore
1878 2183 1906 2209 in
1920 2184 1978 2218 ipso
2015 2184 2108 2210 Hostia
2120 2182 2278 2211 concideret.
2322 2184 2351 2210 de
2363 2183 2434 2212 Ροᾶὲ

255 2226 277 2265 q
303 2236 319 2254 2
357 2227 480 2253 formulae
498 2226 576 2252 aliae:
611 2224 680 2250 Ter.
695 2223 760 2249 Hec.
777 2230 796 2253 1,
809 2228 835 2253 2,
848 2221 885 2254 46
911 2218 959 2245 Sed
973 2218 1109 2252 postquam
1126 2225 1212 2243 acrius
1224 2221 1297 2250 pater
1362 2217 1468 2254 &xe-na,
1492 2218 1561 2241 cuius
1568 2215 1724 2251 Jacrzficium
1738 2215 1850 2250 castitati
1862 2218 1960 2245 deorum
1973 2218 2100 2254 aduersam
2120 2217 2162 2252 est.
2256 2219 2355 2247 Inceste
2372 2210 2429 2246 [εἷ

256 2263 348 2295 instat,
368 2263 431 2288 fecit
449 2260 538 2287 Animi
553 2265 580 2285 vt
593 2259 707 2286 incertus
722 2258 801 2284 foret.
871 2254 981 2281 Confilii
994 2254 1108 2280 incertus
1138 2251 1177 2278 Id.
1190 2251 1297 2278 Phorm.
1361 2250 1492 2277 crihcium
1506 2251 1607 2277 Dianae
1620 2251 1708 2278 facere
1736 2252 1797 2279 Liu.
1815 2261 1841 2285 1,
1860 2261 1902 2286 45.
2009 2254 2122 2289 Compar.
2175 2254 2275 2282 Arnob.
2289 2263 2302 2289 5
2321 2265 2347 2290 p.
2361 2249 2414 2290 170*

256 2308 291 2333 4,
305 2307 331 2331 1,
351 2307 387 2324 12.
456 2296 550 2323 Salutis
563 2295 663 2321 incerta
697 2293 776 2320 Ouid.
792 2290 870 2326 Epist.
885 2299 927 2322 21,
946 2298 979 2322 31.
1048 2289 1107 2314 Liu.
1122 2296 1156 2321 4,
1170 2295 1202 2322 57
1233 2287 1297 2326 Non
1361 2286 1424 2320 Agit
1437 2285 1559 2312 incestius
1571 2295 1613 2313 res
1627 2287 1691 2313 suas.

257 2334 321 2369 quia
333 2334 446 2361 incertus
460 2331 608 2358 Sententiae
621 2330 712 2356 fuerit.
784 2327 857 2353 Idem
870 2336 888 2359 4
897 2346 903 2357 ‚
916 2334 946 2358 23
976 2323 1093 2365 Tubero
1106 2324 1221 2350 incertus
1234 2324 1298 2348 Veri
1305 2321 1341 2346 60
1400 2329 1409 2347 1
1419 2327 1465 2347 Nc
1474 2328 1489 2347 E
1498 2328 1540 2348 ST
1551 2328 1589 2362 ⁰?
1608 2325 1661 2348 are.
1699 2322 1819 2355 [μιαι’νω,
1838 2323 1949 2358 mihipte]
1985 2322 2102 2350 Polluerc.
2154 2326 2236 2352 Plaut.
2251 2326 2329 2351 Poen.
2343 2331 2366 2357 5,
2381 2332 2408 2358 2,

257 2370 303 2396 est.
374 2368 511 2402 Suspensus
525 2372 551 2393 et
565 2367 678 2392 incertus
691 2364 800 2392 obscura
813 2364 855 2397 spe
869 2361 972 2396 pendeo
996 2361 1053 2386 Cic.
1067 2360 1099 2385 de
1114 2360 1143 2385 L.
1153 2360 1214 2393 Agr.
1224 2366 1249 2390 2,
1258 2360 1298 2390 65.
1363 2359 1405 2389 136
1440 2357 1536 2383 Earum
1551 2357 1594 2383 luc
1607 2357 1717 2383 alteram
1728 2357 1848 2385 efflifflm
1861 2359 1944 2393 perit,
1963 2366 2049 2392 neque
2060 2367 2116 2384 eam
2128 2360 2266 2386 incestauit
2280 2368 2406 2394 vnquam.

257 2406 326 2432 Ter.
340 2405 405 2431 Hec.
418 2413 450 2436 4,
464 2412 492 2435 3,
513 2408 527 2433 8
558 2402 629 2435 Qiia
645 2401 676 2427 de
690 2409 772 2428 vxore
786 2400 900 2425 incertus
914 2398 971 2423 sum
983 2396 1063 2422 etiam
1079 2394 1144 2429 quid
1157 2394 1203 2420 sim
1218 2393 1301 2420 faciu-
1363 2393 1392 2418 de
1402 2393 1483 2427 puella
1497 2394 1608 2424 lenonis,
1626 2399 1649 2419 et
1664 2393 1790 2420 concubitu
1805 2403 1868 2430 vago
1881 2393 1976 2430 quidem
1987 2413 1994 2424 ,
2007 2393 2054 2429 sed
2066 2395 2135 2420 licito
2147 2394 2220 2427 Virg.
2236 2395 2300 2420 Aen.
2315 2397 2347 2425 6,
2361 2403 2407 2428 ¹50

256 2450 311 2468 rus.
381 2439 435 2466 Cic.
451 2439 513 2465 Diu.
527 2439 644 2464 Verr.60
670 2438 761 2470 Quum
775 2436 904 2461 incertum
918 2433 947 2459 sit
962 2432 992 2458 de
1001 2431 1112 2457 iniuria.
1182 2431 1301 2456 Incertus
1364 2429 1521 2463 Totamque
1535 2428 1641 2454 incestat
1655 2429 1748 2456 funere
1761 2428 1877 2461 classem,
1896 2430 1996 2465 polluit.
2071 2429 2115 2456 Sed
2134 2429 2225 2456 Tacit.
2239 2430 2307 2456 Arm.
2327 2431 2358 2461 6,
2377 2438 2408 2462 19

257 2482 332 2502 tuum
346 2483 408 2501 caue
420 2474 451 2500 ad
466 2483 508 2500 me
521 2473 642 2500 retuleiis
655 2473 747 2508 pedem
775 2471 855 2497 Plaut.
870 2469 945 2504 Epid.
958 2476 980 2500 3,
994 2476 1028 2500 4,
1042 2475 1062 2498 3.
1098 2469 1116 2491 i.
1137 2472 1194 2492 ante
1211 2473 1300 2500 quam,
1364 2463 1422 2489 Post
1434 2472 1501 2498 quos
1522 2464 1578 2490 Sex.
1598 2464 1698 2490 Marius
1712 2465 1898 2498 Hispaniarum
1911 2464 2061 2495 ditissimus,
2085 2463 2204 2490 defertur
2216 2464 2343 2490 incestaffe
2355 2464 2408 2491 fili-

274 2511 321 2538 uod
332 2509 401 2545 ίιιΠῐ,
420 2511 595 2544 exploraueris.
699 2509 814 2534 Incertus
829 2514 918 2537 eram,
937 2503 985 2531 vbi
999 2503 1059 2529 esl'es
1088 2501 1145 2528 Cic.
1158 2501 1212 2528 Att.
1228 2508 1255 2530 1,
1274 2502 1299 2525 6.
1313 2495 1344 2526 65
1364 2508 1424 2531 am,
1454 2505 1479 2525 et
1502 2499 1564 2525 saxo
1587 2499 1710 2533 Tarpeio
1728 2500 1861 2527 deiicitur.
1965 2500 2104 2526 Gremium
2137 2499 2263 2526 incestare
2294 2501 2409 2534 parentia

271 2547 388 2573 ncertior
401 2546 486 2571 multo
502 2545 557 2571 sum
567 2565 574 2577 ‚
595 2552 673 2579 quam
687 2542 787 2570 dudum
818 2542 886 2568 Ter.
902 2540 1008 2567 Phorm.
1024 2547 1050 2570 2,
1063 2546 1092 2570 4,
1106 2545 1144 2569 19.
1229 2536 1301 2561 Aura
1365 2535 1426 2561 Stat.
1442 2533 1533 2574 Theb.
1548 2543 1557 2560 1
1567 2554 1575 2567 ‚
1589 2543 1644 2567 ²34·
1751 2535 1826 2569 Virg'.
1839 2536 1903 2561 Aen.
1919 2543 1965 2567 10,
1984 2541 2030 2567 389
2069 2535 2264 2569 Anchemolum
2275 2533 2410 2562 *thalamos
2429 2534 2433 2542 “

258 2581 351 2617 quauis
364 2581 491 2607 incertior
513 2580 595 2607 Ouid.
610 2588 641 2605 ex
657 2581 730 2606 Pont.
745 2588 779 2612 4,
790 2586 812 2611 3,
828 2585 863 2610 33.
934 2574 1031 2602 Stabile
1043 2581 1066 2599 ει
1079 2574 1226 2603 Incertum,
1245 2580 1302 2596 con·
1367 2571 1458 2597 ausum
1472 2570 1598 2596 incestare
1610 2579 1748 2597 nouercae.
1803 2570 1877 2606 Conf.
1893 2569 1984 2597 Sidon.
1999 2570 2078 2604 Epist.
2092 2579 2121 2603 3,
2136 2579 2168 2602 13·

258 2620 342 2644 traria
369 2617 424 2643 Cic.
438 2617 466 2642 in
478 2616 577 2649 Topic.
592 2623 636 2649 70.
743 2615 773 2640 In
785 2615 933 2643 incertum,
952 2612 992 2637 vel
1004 2611 1035 2636 In
1050 2609 1165 2635 incerto:
1184 2606 1238 2633 vid.
1256 2613 1302 2632 IN.
1403 2613 1443 2632 1N
1457 2611 1473 2631 C
1486 2611 1553 2631 EST
1565 2612 1573 2632 1
1587 2612 1600 2631 ι·
1612 2605 1624 2631 i
1634 2612 1650 2631 C
1661 2613 1680 2632 ν
1690 2613 1719 2638 s,
1744 2614 1757 2631 a
1767 2625 1775 2638 ‚
1795 2615 1850 2632 um.
1887 2605 1946 2632 Adi.
1984 2605 2163 2641 [φθοροποιδς]
2198 2606 2255 2633 Sen.
2270 2605 2363 2633 Theb.
2370 2613 2398 2639 23

261 2654 384 2686 Imposne
397 2652 490 2677 mentis
505 2660 536 2677 an
551 2651 669 2677 simulata
682 2649 827 2678 dementia,
852 2648 982 2674 incertum
1021 2646 1128 2671 Sueton.
1142 2644 1209 2677 Aug.
1230 2651 1252 2667 c.
1267 2650 1304 2673 19.
1368 2641 1423 2675 Ego
1437 2640 1529 2667 castam
1543 2649 1650 2667 manum
1662 2641 1805 2671 nefandus,
1824 2640 1996 2673 incestificus,
2012 2641 2168 2668 execrabilis
2179 2641 2310 2668 attre&03

259 2688 326 2715 Plin.
341 2687 419 2721 Epist.
432 2696 466 2720 4,
480 2695 502 2712 11
532 2686 667 2712 Confessus
680 2685 716 2711 est
731 2684 838 2719 quidam
852 2683 987 2712 incestum,
1007 2681 1048 2707 sed
1062 2681 1201 2709 incertum,
1214 2684 1303 2703 vtrum
1311 2684 1347 2711 70
1404 2684 1443 2703 IN
1456 2682 1472 2702 C
1485 2683 1500 2704 Ε
1510 2684 1521 2703 S
1531 2683 1552 2702 T
1565 2683 1585 2701 v
1595 2678 1614 2703 ὁ
1623 2685 1634 2703 s
1645 2683 1664 2702 V
1675 2683 1687 2702 s
1696 2696 1703 2707 ,
1724 2685 1753 2707 a,
1773 2686 1827 2703 um.
1865 2677 1926 2703 Adi.
1980 2677 2038 2704 Val.
2052 2677 2121 2703 Max.
2136 2679 2163 2709 6,
2176 2686 2198 2709 3,
2211 2685 2229 2712 7
2258 2677 2396 2704 Mandauit
2408 2688 2411 2690 ·

261 2723 323 2758 quia
332 2731 425 2749 verum
439 2727 501 2751 erat,
520 2730 552 2747 an
566 2722 629 2755 quia
643 2720 765 2755 grauiora
777 2718 920 2749 metuebat,
934 2717 950 2743 si
965 2718 1084 2751 negalset.
1191 2713 1263 2740 Idem
1277 2721 1302 2746 7,
1367 2717 1397 2739 vt
1410 2713 1442 2739 de
1455 2712 1503 2741 his,
1518 2721 1585 2746 quae
1599 2713 1675 2739 sacris
1688 2712 1886 2739 Bacchanalium
1901 2712 2062 2739 incestuosae
2075 2713 2180 2739 fuerant
2189 2713 2365 2748 inquirerent.

262 2764 295 2791 48
321 2759 360 2784 De
375 2758 457 2791 spatio
470 2763 547 2790 atque
559 2755 754 2789 longinquitate
766 2755 836 2780 vitae
849 2753 997 2782 hominum,
1016 2760 1070 2777 non
1086 2750 1206 2776 locorum
1221 2749 1301 2775 modo
1406 2755 1446 2774 IN
1455 2755 1471 2774 C
1483 2754 1503 2773 Η
1513 2755 1592 2774 ARA
1602 2755 1617 2774 x
1631 2755 1649 2775 o
1661 2768 1669 2780 ,
1688 2753 1741 2774 are.
1786 2749 1871 2774 Auem
1884 2747 2055 2775 incharaxare
2080 2748 2154 2782 Apic.
2167 2751 2192 2780 6,
2205 2756 2228 2782 5.
2262 2751 2281 2775 i.
2299 2751 2414 2783 aperire,

264 2794 342 2825 situs,
366 2801 459 2819 verum
479 2791 598 2824 exempla
615 2799 644 2816 ac
660 2792 703 2815 sua
715 2790 811 2823 cuique
825 2790 878 2814 sors
898 2786 1037 2818 nascendi,
1061 2787 1191 2812 incertum
1208 2785 1303 2811 secere.
1363 2784 1512 2820 perforare,
1544 2783 1577 2809 ad
1597 2783 1766 2819 acc1piendum
1784 2784 1970 2810 emittendumue
1990 2784 2122 2811 humorem.
2238 2783 2413 2812 Incharaxare

263 2829 370 2856 Habere
384 2828 483 2853 incerta
499 2835 546 2860 pro
559 2826 646 2859 certis,
665 2825 771 2851 stultum
792 2824 846 2850 Cic.
861 2822 891 2849 de
904 2823 1005 2848 Sene&
1020 2824 1059 2851 68.
1153 2821 1303 2850 Incertum,
1365 2820 1505 2847 veritatem
1523 2820 1580 2845 Vct.
1597 2820 1706 2853 Interpr.
1721 2820 1790 2846 Iren.
1827 2839 1834 2846 .
1873 2839 1880 2846 .
1916 2823 1935 2846 i.
1956 2819 2105 2855 deformare.
2366 2816 2371 2819 ”

263 2873 326 2891 vere
335 2883 342 2894 ,
362 2864 511 2889 inaniterne
525 2868 664 2887 moueatur
691 2859 763 2886 Idem
778 2859 854 2885 Acad.
869 2868 895 2892 4,
911 2867 949 2891 34.
1025 2857 1160 2883 Reuocare
1173 2857 1261 2890 aliqua
1276 2856 1302 2881 in
1315 2860 1346 2888 75
1404 2863 1414 2881 1
1423 2862 1443 2882 N
1453 2860 1469 2880 c
1481 2861 1500 2879 Η
1510 2861 1530 2880 Α
1540 2862 1557 2880 R
1568 2862 1590 2881 A
1599 2863 1647 2881 XA
1656 2861 1675 2880 T
1687 2862 1738 2885 10,
1759 2855 1824 2881 onis.
1846 2854 1865 2881 f.
1903 2856 1933 2881 In
1946 2854 2031 2881 oculis
2044 2855 2245 2883 diuturnafadta
2253 2854 2412 2889 Apollonius

264 2900 394 2931 dubium,
409 2899 591 2931 incertumque
622 2896 696 2922 Idem
710 2904 756 2929 pro
769 2895 872 2922 Caecin.
888 2896 930 2928 76.
1025 2893 1157 2918 Incertum
1177 2892 1213 2918 est
1233 2890 1302 2917 mihi
1365 2890 1445 2926 nescio
1457 2892 1512 2925 quis
1525 2893 1619 2916 citatus
1634 2891 1806 2927 Humelbcrgio
1824 2890 1853 2917 in
1865 2897 1920 2918 not.
1932 2891 1964 2918 ad
1978 2889 2053 2926 Ap'ic.
2073 2900 2094 2917 c.
2107 2890 2125 2917 l.
2215 2891 2330 2923 Oportet
2350 2889 2426 2923 fieti,

265 2935 330 2970 quid
344 2943 435 2969 agam,
454 2940 478 2959 et
491 2934 622 2959 Incertum
642 2931 694 2963 cst,
710 2932 828 2966 absolute,
844 2937 891 2965 pro
908 2928 1010 2964 Nescio,
1029 2935 1052 2954 et
1066 2932 1162 2963 ignoro.
1218 2928 1302 2953 Plaut.
1364 2925 1598 2953 incharaxationes.
1625 2926 1706 2952 Idem.
2394 2947 2395 2950 ,
2425 2930 2427 2933 ·

267 2971 327 2998 Aul.
340 2979 375 3004 4,
390 2978 422 3002 9,
438 2978 465 3000 ¹9
497 2969 575 2995 Nunc
589 2966 658 2993 mihi
670 2967 798 2992 incertum
812 2965 857 2996 cst,
870 2965 934 2999 quid
948 2973 1035 2997 agam:
1071 2964 1180 2996 abeam,
1204 2972 1236 2990 an
1250 2972 1304 2989 ma-
1403 2968 1468 2988 lNC
1479 2967 1499 2986 H
1509 2967 1528 2986 Ο
1539 2967 1558 2986 o
1570 2981 1577 2993 ‚
1596 2966 1649 2988 sire.
1686 2961 1833 2996 [ἅρχομαι,
1851 2960 2032 2995 κατάρχομαι]
2069 2961 2189 2994 Incipere.
2226 2958 2344 2991 Inchoat,
2363 2959 2411 2995 qui

265 3014 357 3038 neam,
375 3014 407 3032 an
420 3004 530 3038 fugiam.
617 3002 684 3028 Ter.
700 3000 781 3028 Andr.
800 3009 824 3031 1,
838 3008 865 3032 5,
880 3009 912 3032 29
937 3001 1067 3025 Incertum
1084 2999 1130 3031 est,
1144 2999 1208 3034 quid
1219 3008 1304 3033 agam.
1368 2996 1496 3023 incertum
1512 2996 1587 3023 facit:
1625 2997 1731 3031 incipit,
1750 2997 1823 3023 cuius
1839 2997 2037 3029 exitum-sperat
2069 2995 2168 3021 Fronto
2183 3004 2207 3029 p.
2224 3004 2282 3028 ¹334
2308 2996 2411 3031 Pmscb.

266 3041 339 3075 Qiid
354 3049 473 3075 quaeque
484 3048 537 3066 nox
551 3044 595 3065 aut
609 3037 664 3064 dies
678 3037 759 3067 serat,
777 3036 905 3062 incertum
938 3035 999 3060 Liu.
1014 3043 1026 3066 3
1036 3055 1042 3066 ,
1057 3043 1100 3069 27.
1171 3036 1304 3061 Incertum
1317 3039 1349 3065 80
1370 3033 1444 3067 Virg.
1458 3032 1553 3065 Georg.
1569 3041 1591 3064 3,
1605 3041 1640 3065 42
1661 3033 1705 3059 Te
1721 3033 1772 3058 sine
1785 3032 1823 3058 nii
1836 3032 1917 3058 altum
1931 3040 2002 3057 mens
2018 3029 2132 3056 inchoat.
2174 3030 2231 3057 md.
2247 3032 2413 3067 Seruanfra:
2433 3055 2435 3058 .

266 3078 302 3104 est
316 3077 375 3111 quis
388 3076 466 3107 deus,
487 3082 532 3101 etc,
560 3074 634 3108 Virg.
643 3074 707 3099 Aen.
717 3077 740 3104 8,
752 3080 803 3104 332.
875 3071 1007 3096 Incertum
1021 3070 1066 3102 est,
1079 3078 1156 3104 quam
1169 3070 1246 3104 longa
1260 3079 1306 3096 no-
1369 3069 1425 3095 Cic.
1439 3067 1470 3093 de
1484 3067 1542 3093 Fin.
1555 3077 1590 3099 4,
1614 3077 1639 3100 ¹5
1683 3068 1767 3094 Potest
1785 3067 1818 3094 ab
1841 3068 1895 3094 alio
1914 3066 2064 3093 inchoatum
2085 3065 2203 3100 accipere
2223 3073 2249 3093 et
2262 3066 2410 3097 absoluere.
2433 3063 2437 3069 '

266 3113 348 3140 strum
361 3112 487 3145 cuiusque
500 3111 554 3137 vita
566 3110 654 3135 futura
667 3108 695 3134 sit
726 3107 782 3134 Cic.
804 3107 879 3132 Verr.
896 3114 921 3137 1,
945 3114 992 3137 153.
1084 3106 1209 3132 Interdum
1218 3106 1308 3141 sabau-
1343 3120 1347 3123 -
1369 3103 1442 3131 Idem
1463 3102 1540 3129 Acad.
1561 3111 1587 3133 1,
1625 3123 1631 3129 .
1668 3123 1675 3130 .
1712 3104 1742 3129 In
1755 3112 1806 3137 qua
1820 3103 1892 3137 quod
1905 3102 2057 3129 inchoatum
2071 3101 2125 3134 est,
2147 3102 2410 3138 neque-perfeetum.

266 3147 343 3175 ditur.
400 3147 618 3181 Pompeianarum
631 3144 744 3179 partium
760 3141 879 3168 centurio
893 3149 925 3166 an
937 3146 1059 3166 euocatus
1085 3141 1154 3167 Suet.
1166 3142 1242 3177 Vesp.
1257 3150 1308 3167 c.1.
1370 3139 1442 3175 Coris.
1458 3137 1497 3163 Id.
1512 3137 1544 3164 de
1556 3137 1625 3163 Clar.
1641 3139 1714 3165 Orat.
1730 3141 1775 3165 126
1795 3148 1816 3165 c.
1830 3147 1865 3171 33.
1901 3145 1924 3165 et
1938 3138 2011 3171 Top.
2032 3145 2054 3162 c.
2067 3141 2101 3166 18.
2216 3138 2270 3164 Cic,
2289 3137 2322 3164 de
2334 3137 2412 3166 Clu,

268 3184 348 3210 Plaut.
363 3182 432 3209 Asin.
447 3191 472 3214 2,
486 3191 514 3214 4,
529 3184 564 3207 60
590 3181 643 3214 Ego
659 3185 739 3211 certe,
759 3186 802 3204 me
814 3178 927 3208 incerto,
947 3176 1000 3201 scio
1014 3175 1063 3201 hoc
1077 3176 1199 3202 daturum
1207 3176 1309 3203 nemini
1370 3175 1444 3201 Orat.
1454 3182 1486 3200 20
1513 3174 1587 3199 Meos
1600 3173 1766 3207 libros‚quos
1777 3174 1917 3209 exspedhs,
1930 3172 2051 3199 inchoaui
2062 3192 2068 3202 ,
2086 3172 2128 3198 sed
2142 3172 2271 3200 conficere
2285 3182 2339 3200 non
2354 3174 2411 3208 pos-

266 3218 388 3251 homini,
406 3221 424 3244 i.
444 3227 516 3253 quam
530 3216 572 3242 diu
585 3218 695 3242 incertus
702 3214 773 3251 sitm:
809 3212 855 3247 ”fi
872 3220 914 3239 me
929 3209 1149 3245 tstAccufiztiuus‚
1166 3219 1189 3238 et
1203 3211 1305 3238 incerto
1322 3215 1351 3244 85
1371 3211 1427 3236 sum
1444 3209 1484 3235 his
1499 3209 1598 3235 diebus.
1706 3209 1778 3236 Idem
1794 3216 1910 3237 extrema
1922 3208 2101 3243 persequitur,
2116 3209 2164 3242 qui
2178 3208 2319 3235 inchoaujf
2335 3209 2413 3240 Idem
2427 3206 2441 3238 λ·.

267 3256 390 3286 Daunus,
407 3258 425 3280 i.
437 3254 495 3285 tali,
510 3251 622 3286 cuifidcs
633 3251 718 3278 haberi
730 3257 777 3276 non
789 3247 884 3284 potest,
903 3256 971 3283 quem
985 3255 1033 3272 non
1047 3249 1112 3285 noui.
1254 3245 1274 3284 q
1293 3256 1306 3280 3
1371 3245 1403 3272 de
1411 3247 1487 3272 Pron.
1496 3245 1573 3271 Cons.
1587 3253 1608 3270 c.
1616 3248 1639 3274 8.
1742 3246 1834 3272 quen.
1848 3246 1899 3271 Sat.
1912 3247 1947 3271 16.
1960 3252 1991 3276 42
2012 3243 2202 3277 Exspceiandus
2215 3245 2276 3277 erit,
2289 3245 2335 3279 qui
2349 3245 2410 3271 lites

269 3288 393 3321 Substane.
435 3289 583 3317 Incertum,
613 3290 630 3312 i.
654 3286 817 3313 incertitudo.
894 3282 1048 3316 Papinianus
1062 3289 1089 3307 in
1104 3282 1121 3306 1.
1139 3281 1194 3314 Qui
1212 3291 1242 3308 ex
1261 3283 1284 3320 9.
1297 3291 1307 3309 1
1371 3281 1494 3311 inchoet,
1512 3289 1602 3307 annus.
1685 3280 1826 3308 Oratorem
1841 3279 1987 3315 perfeetum
2002 3279 2127 3306 inchoare
2136 3285 2164 3305 ct
2177 3280 2324 3307 informare
2353 3280 2411 3308 Cic.

269 3325 301 3352 D.
316 3326 353 3352 De
367 3325 439 3351 bono
453 3324 513 3358 poss.
529 3321 629 3349 secund.
643 3321 695 3348 tab.
728 3318 895 3347 Admittenda
915 3317 951 3345 est
971 3317 1069 3344 Iuliani
1090 3317 1215 3343 sententia
1227 3337 1234 3349 ,
1261 3318 1309 3352 qui
1372 3317 1401 3343 in
1414 3317 1488 3343 Orat.
1502 3324 1538 3348 33.
1608 3313 1804 3350 Philosophiam
1829 3314 1866 3343 Id.
1881 3314 1958 3341 Acad.
1974 3322 1993 3346 1,
2005 3316 2029 3340 6.
2123 3316 2192 3342 Hor.
2211 3316 2298 3342 Carm-
2315 3324 2336 3348 1,
2347 3325 2372 3348 a,
2386 3324 2412 3347 15

220 3355 224 3362 ⁵
269 3369 375 3395 propter
389 3362 517 3387 incertum
531 3357 691 3385 conditionis
701 3377 707 3388 ,
734 3356 814 3382 etiam
830 3354 927 3389 prioris
940 3354 988 3379 ess'e
1001 3352 1054 3387 peti
1068 3352 1201 3378 bonorum
1219 3354 1310 3386 poss'es-
1371 3352 1451 3378 Vitae
1466 3353 1566 3378 summa
1583 3349 1672 3377 breuis
1694 3352 1763 3386 spem
1783 3357 1853 3378 vetat
1866 3350 1991 3376 inchoare
2006 3350 2120 3384 longam.
2234 3352 2291 3378 Cic·
2304 3351 2336 3378 de
2350 3351 2423 3379 Fi„-¹

270 3396 365 3423 {ionem
380 3394 523 3430 respondit.
583 3395 657 3420 Talia
668 3394 779 3427 plurima
792 3400 820 3416 ex
832 3390 905 3417 libris
918 3392 982 3415 iuris
995 3386 1096 3414 colleHa
1109 3386 1352 3424 vid.apudfir1·s-90
1373 3395 1400 3420 5,
1418 3396 1447 3420 59
1478 3388 1508 3413 Et
1522 3385 1625 3413 induxit
1638 3387 1666 3412 in
1682 3396 1721 3419 ea,
1740 3395 1806 3421 quae
1818 3387 1929 3417 inerant,
1942 3392 2065 3420 tanquam
2080 3385 2209 3412 elementa
2222 3387 2346 3419 virtutis,
2367 3386 2410 3414 sed

266 3432 320 3467 [οη.
336 3432 363 3458 de
383 3433 411 3458 V.
427 3432 450 3457 S.
474 3431 516 3456 vbi
531 3432 603 3456 etiam
616 3428 644 3454 αἰ·
656 3429 753 3455 Incerti
767 3426 888 3459 afflone,
907 3423 1092 3455 condietione‚
1109 3429 1154 3449 cte.
1181 3424 1258 3449 multa
1273 3427 1312 3450 1⁴21-
1373 3423 1500 3449 virtutem
1521 3423 1600 3457 ipsam
1615 3422 1760 3449 inchoauit.
1853 3421 1971 3456 perficere
1983 3432 1991 3446 .·
2034 3422 2109 3455 Virg.
2123 3422 2187 3448 Aen.
2203 3424 2236 3454 6,
2255 3430 2303 3456 252
2332 3422 2411 3449 Tum

272 3470 362 3492 venies.
427 3466 509 3492 Plaut.
524 3465 611 3492 Pseud.
627 3473 649 3497 ε’,
663 3465 735 3497 4,·69
770 3460 909 3496 Quidquid
924 3460 1019 3486 incerti
1030 3458 1100 3485 mihi
1114 3459 1142 3484 in
1155 3458 1245 3485 animo
1259 3459 1311 3493 pri·
1374 3458 1464 3492 Stygio
1477 3459 1534 3491 regi
1546 3456 1686 3484 noeiurnas
1699 3458 1805 3484 inchoat
1818 3465 1883 3482 aras.
1943 3457 1990 3483 lshi
2001 3457 2121 3483 Seruius:
2150 3456 2276 3490 Inchoat,
2293 3457 2412 3491 perficit:

274 3510 318 3531 1¹⁸,
337 3508 380 3527 aut
393 3502 544 3535 ambiguum
558 3501 625 3531 fuit,
644 3508 713 3525 nunc
733 3498 831 3532 liquet,
852 3505 921 3523 nunc
935 3495 1098 3522 defaecatum
1112 3493 1156 3520 est.
1228 3495 1258 3520 In
1272 3495 1311 3520 in-
1374 3500 1399 3521 ct
1413 3494 1449 3520 est
1463 3495 1573 3520 verbum
1587 3493 1728 3519 sacrorum.
1837 3494 1992 3519 Ncutralitcr
2006 3502 2021 3517 υ
2035 3502 2062 3518 us
2076 3490 2107 3525 <st
2134 3492 2280 3524 Synunach.
2293 3493 2372 3528 Epist.
2385 3501 2413 3528 7,

275 3542 347 3561 certo
360 3536 512 3563 diuitiarum
537 3536 660 3570 Vulgat.1
678 3534 757 3561 Tim.
769 3535 795 3566 6,
809 3541 846 3567 17.
917 3531 984 3558 Belli
999 3531 1129 3557 incertum
1161 3529 1250 3559 Iustin.
1265 3535 1292 3562 58
1303 3550 1310 3563 ,
1375 3537 1407 3563 75
1433 3530 1517 3556 Moris
1530 3529 1575 3560 est,
1588 3535 1616 3554 vt
1629 3537 1722 3555 munus
1736 3526 1889 3554 huiusmodi
1904 3537 1918 3554 a
1930 3526 2154 3562 proficiscentibus
2169 3528 2285 3555 incho'e‘t.
2355 3526 2377 3566 ff
2395 3537 2412 3556 2.

278 3580 297 3603 1,
313 3576 334 3600 8.
405 3573 532 3598 Fortunae
547 3572 647 3598 incerta
681 3570 748 3596 Plin.
760 3568 838 3603 Epist.
851 3575 878 3599 3,
891 3575 927 3599 ¹9·
998 3565 1080 3592 Maris
1092 3571 1118 3591 et
1131 3565 1312 3600 tempestatum
1324 3571 1356 3597 93
1374 3567 1412 3592 De
1417 3565 1549 3600 scriptura
1558 3562 1611 3598 siue
1625 3563 1802 3600 orthographia
1815 3565 1883 3589 uerbi
1897 3563 1996 3590 inchoo
2005 3582 2013 3595 ‚
2031 3565 2088 3589 olim
2102 3563 2242 3590 dubitatum
2254 3562 2295 3596 est.
2343 3564 2412 3591 Geli.
2440 3580 2445 3597 g

275 3606 372 3633 incerta
401 3607 489 3633 Tacit.
504 3608 570 3634 Ann.
583 3616 611 3639 3,
631 3614 680 3640 54,
699 3608 724 3633 6.
761 3605 839 3632 Plura
850 3602 877 3630 de
889 3603 947 3634 his,
970 3610 1030 3637 quae
1049 3611 1074 3627 n.
1087 3611 1103 3628 2
1115 3600 1241 3634 dedimus,
1266 3602 1313 3630 huc
1377 3610 1405 3632 2,
1426 3610 1436 3632 3
1469 3600 1594 3627 inchoare
1607 3601 1704 3625 verbum
1718 3602 1783 3624 imcr
1797 3608 1823 3624 ea
1834 3600 1931 3635 refert,
1961 3599 1988 3625 in
2010 3598 2107 3633 quibus
2129 3599 2222 3625 literae
2244 3601 2288 3626 seu
2305 3599 2412 3634 spiritus
2445 3610 2447 3616 ¹

272 3646 344 3668 etiam
358 3645 493 3677 pertinent.
1377 3636 1451 3663 istius
1464 3636 1535 3662 nulla
1547 3634 1616 3662 ratio
1629 3635 1683 3660 visa
1697 3633 1746 3664 est,
1765 3633 1812 3660 nili
1826 3641 1854 3661 vt
1869 3634 1980 3662 firmitas
1993 3640 2018 3660 et
2031 3634 2109 3668 vigor
2117 3634 2202 3666 vocis,
2218 3635 2288 3669 quasi
2303 3634 2412 3670 quibus-

312 3685 319 3703 ι
331 3685 350 3703 N
360 3685 426 3704 ei-„R
437 3684 457 3704 Τ
470 3685 495 3704 E.
549 3677 615 3704 Adu.
673 3676 741 3703 Geli.
755 3684 797 3709 19,
811 3684 840 3702 10
874 3674 976 3701 Incerte
990 3676 1061 3698 errat
1073 3671 1186 3698 animus.
1238 3671 1313 3708 Conf.
1378 3671 1437 3698 dam
1452 3672 1540 3698 neruis
1551 3669 1646 3696 additis
1661 3668 1849 3696 intenderetur.
1956 3670 2063 3697 Seruius
2076 3671 2104 3695 in
2117 3670 2214 3704 Georg.
2227 3669 2257 3703 3,
2273 3679 2305 3704 42
2333 3669 2411 3705 Apud

277 3712 348 3739 Non.
361 3720 387 3747 7,
401 3722 424 3738 2.
459 3714 550 3747 Antiq.
1377 3707 1486 3734 Latinos
1499 3705 1599 3732 nullum
1612 3705 1723 3731 verbum
1743 3705 1787 3737 est,
1807 3705 1880 3740 quod
1897 3711 1957 3732 ante
1975 3714 1992 3731 ο
2005 3705 2111 3731 finalem
2123 3705 2219 3731 habeat
2238 3714 2268 3732 o:
2302 3711 2412 3740 excepto
2426 3698 2430 3705 '

314 3754 321 3772 1
333 3755 352 3772 N
362 3754 377 3773 c
388 3755 402 3774 Ε
411 3755 429 3774 R
442 3754 462 3773 T
476 3754 506 3773 o.
543 3746 610 3772 Adu.
646 3746 728 3773 Plaut.
741 3744 816 3779 Epid.
832 3753 853 3777 3,
866 3753 894 3777 4,
906 3745 940 3776 69
965 3742 1103 3776 Postquam
1118 3741 1202 3768 libera
1215 3741 1251 3768 est
1265 3741 1312 3769 vbi
1321 3742 1491 3772 1001nchoo:
1528 3740 1599 3775 quod
1612 3746 1699 3766 tamen
1713 3741 1824 3767 maiores
1837 3742 1914 3768 aliter
1927 3740 2090 3772 scribebant,
2114 3740 2320 3775 adspirationem
2332 3742 2421 3773 inter·N
2437 3746 2450 3770 μ

277 3781 376 3809 habitet
391 3783 453 3809 dum
466 3783 567 3808 incerto
582 3780 643 3806 scio.
738 3781 888 3807 Admodum
903 3780 1004 3805 incerto
1018 3778 1071 3804 scio
1096 3777 1170 3805 Idem
1181 3777 1270 3804 Pseud.
1284 3787 1314 3811 4,
1378 3783 1503 3812 ponentes
1517 3775 1615 3802 duabus
1628 3776 1768 3802 Vocalibus
1777 3797 1784 3808 ‚
1810 3783 1836 3804 et
1850 3775 1971 3803 dicebant
1983 3774 2110 3803 Inchoho.
2167 3776 2238 3803 Tria
2251 3776 2323 3802 enim
2336 3775 2415 3803 habe.
2444 3783 2448 3803 ,·

278 3825 308 3848 2,
322 3824 346 3851 7.
434 3819 538 3844 Incerto
550 3820 658 3842 autumo
688 3815 761 3842 Idem
774 3815 850 3850 Epid.
862 3824 890 3848 4,
904 3824 928 3846 1,
942 3819 978 3844 18.
1378 3814 1441 3841 bant
1452 3812 1571 3841 nomina,
1584 3811 1612 3836 in
1626 3811 1722 3845 quibus
1737 3818 1753 3838 C
1768 3812 1871 3839 literam
1884 3813 2036 3847 sequeretur
2048 3810 2208 3845 adspiratio,
2228 3812 2415 3846 Sepulchrum,
2438 3827 2440 3832 ⁴

316 3859 322 3876 1
334 3859 355 3877 N
365 3857 409 3887 ctis
418 3859 435 3878 R
445 3859 466 3877 ‘r
475 3860 483 3878 1
493 3859 514 3878 'r
525 3859 545 3877 ν
555 3857 573 3876 D
585 3856 604 3876 ο
613 3870 621 3881 ,
640 3851 700 3877 inis.
724 3851 743 3876 f.
799 3852 852 3876 Vox
865 3851 987 3881 barbara,
998 3854 1047 3884 pro
1059 3857 1108 3884 qua
1123 3847 1219 3882 Claffici
1230 3847 1314 3875 aueto-
1379 3848 1497 3878 Orchus,
1514 3845 1640 3881 Pulcher:
1677 3856 1690 3873 e
1705 3847 1801 3882 quibus
1816 3847 1926 3874 Pulcher
1937 3846 2039 3874 tantum
2051 3845 2132 3872 hodie
2143 3847 2238 3881 recipit
2259 3846 2414 3882 adspiratio·
2437 3868 2445 3883 ι

279 3895 317 3911 res
330 3887 459 3912 Incertum
468 3906 476 3918 ‚
496 3888 536 3912 υεΙ
546 3887 646 3912 Incerta
659 3885 753 3912 dicunt.
794 3885 851 3911 isid.
870 3887 943 3911 Paret
956 3886 1014 3911 Lex.
1028 3884 1093 3911 Crit.
1101 3889 1190 3920 p.590.
1237 3883 1313 3911 Vech-
1378 3892 1446 3910 nem.
1517 3881 1564 3909 Sed
1583 3891 1629 3907 non
1649 3882 1719 3909 habet
1732 3881 1779 3915 zsta
1791 3884 1890 3910 Seruius
1902 3883 2027 3919 Afijensii,
2052 3882 2179 3914 Fabricii,
2192 3882 2329 3917 Mafiaeicii,
2351 3883 2415 3909 Bur·
2438 3895 2439 3898 ¹

280 3929 329 3947 ner.
342 3922 458 3947 Hellenos
471 3932 492 3953 1,
504 3931 520 3955 9
533 3927 561 3956 p.
569 3929 609 3953 123
615 3920 657 3957 sq.
693 3926 717 3947 et
728 3919 814 3947 Cellar.
826 3920 960 3948 Antibarb.
968 3927 997 3956 p.
1008 3929 1045 3955 5¹·
1319 3920 1361 3948 ⁸05
1376 3920 1477 3951 manni,
1495 3917 1537 3946 bic
1549 3926 1578 3944 m
1590 3916 1686 3953 quidem
1696 3921 1725 3945 in
1742 3919 1804 3947 Var.
1818 3916 1886 3945 Lefl.
1979 3916 2095 3950 inchoo,
2113 3919 2197 3952 inquit
2216 3917 2319 3949 Festus,
2338 3916 2413 3944 vide·

2370 3958 2413 3979 tur
