2479 4225
0 2496 2 2500 ’
43 2486 156 2513 fiturum.
193 2487 267 2522 Conf.
279 2487 311 2513 de
324 2487 398 2513 Orat.
412 2493 421 2512 1
435 2495 455 2514 c.
469 2495 512 2521 42.

423 179 680 221 DIF

38 272 144 307 fugiunt
158 269 226 297 cadis
239 276 297 295 cum
310 268 365 295 fece
378 267 476 295 necatis
488 268 568 295 amici
586 270 654 296 Hor.
669 268 719 296 Od.
734 274 755 300 t,
767 275 850 301 35,25·.
920 266 1006 294 Niues
1020 266 1070 294 dif.

40 306 132 342 fugere
171 307 237 332 Hor.
252 303 303 330 Od·
316 312 343 336 4,
357 311 389 337 7,
403 312 422 330 1.
492 303 585 331 Stellae
617 304 755 338 diffugiunt
792 302 873 329 Ouid.
892 303 955 329 Met.
976 311 998 335 2,
1019 311 1070 335 1¹4·

41 343 173 369 Terrores
185 339 269 367 animi
281 338 423 373 diffugiunt
441 339 543 366 Lucret.
557 348 579 373 3,
595 342 623 367 16
693 337 826 371 Diffugere
841 346 872 364 ex
886 338 974 364 castris
1000 339 1071 364 Hirt.

40 377 103 405 Bell.
119 377 175 403 Afr.
189 385 209 402 c.
225 383 263 406 32.
607 376 636 401 In
655 373 786 407 proximas
799 372 888 407 dilapsi
902 372 993 405 filuas,
1013 373 1072 399 inde

41 413 134 439 domos
166 409 335 444 diffugerunt.

39 448 233 484 gio‘pertinrnt.
697 477 702 482 .

79 487 229 508 ntrrvG
240 486 334 512 1vM,
353 479 381 506 ii.
398 489 424 506 n.
461 476 601 514 [ὢαφυγῆ]
634 477 725 504 Tacit.
749 478 818 504 Ann.
843 486 863 508 1,
888 485 928 511 39,
940 487 958 511 4
981 479 1071 505 Proxi-

41 525 147 547 morum
160 513 270 550 diffugia
283 514 464 548 languentibus
477 516 528 542 iam
541 512 639 540 studiis.

34 561 38 565 “
69 558 96 578 1)
107 558 116 577 1
128 557 197 578 FFV
206 557 279 577 LGV
288 557 349 582 RO,
369 554 418 577 arc.
454 549 536 576 Postes
555 547 710 579 chrysolithi
721 547 810 573 suluus
823 546 975 581 diffirlgurat
993 547 1072 574 ardor

42 587 132 614 Sidon.
147 585 258 621 Epithal.
270 586 371 611 Ruricii
391 587 408 611 s.
422 587 507 612 Carm-
519 591 541 610 ιι
557 592 581 608 v.
591 591 633 609 20.
668 584 709 609 Sic
721 582 844 609 sirmond.
854 584 1011 618 Dlffirlgurat
1023 585 1055 609 al.

77 628 96 648 0
107 628 118 648 1
129 628 145 648 r
154 628 170 649 1:
181 628 200 647 v
210 627 226 647 1.
235 627 259 646 M
270 618 309 646 iN
321 627 339 647 o
351 640 358 652 ‚
377 624 428 648 are.
463 619 506 646 Sil.
520 625 542 651 5,
556 625 608 652 277
631 618 723 650 Furit,
740 623 765 644 et
785 618 945 645 diffulminat
965 627 1071 646 omnem

41 657 194 684 Obstantem
207 662 329 682 turmam.
349 657 373 682 h.
387 666 405 683 e.
421 653 527 688 Diffipat
539 653 619 685 instar
625 653 756 688 fulminis.

77 698 96 719 D
105 700 114 719 1
124 699 140 719 F
148 697 165 719 F
173 699 194 718 v
202 697 226 717 M
236 698 245 716 1
255 697 275 717 G
285 698 314 724 o,
322 696 374 717 arc.
397 683 584 722 Diffinnigatur
591 688 688 714 mulier
695 687 727 714 de
736 689 834 714 storace
848 688 907 715 061.
917 689 1009 715 Horat.
1019 688 1035 715 l.
1045 697 1070 722 4.

77 733 97 754 D
106 735 115 754 1
125 734 141 754 F
150 733 166 754 F
175 733 197 752 V
206 734 227 753 N
238 733 256 753 D
267 732 286 752 O
299 746 308 759 ‚
326 726 385 758 udi,
403 725 493 755 fisum,
510 726 563 749 ffre.
600 721 726 756 [δὶιὶχυμι
734 741 741 753 ,
762 722 870 756 διαχέαι]
908 724 1033 759 spargere,
1044 728 1071 750 in

39 187 103 234 165

367 374 427 400 Liu.
443 379 483 406 28,
519 395 525 401 .
563 394 570 402 .

41 762 152 798 diuerflzs
159 768 248 797 partes
255 761 371 797 fiuzderc.
405 759 460 785 Cic.
473 758 506 784 de
520 758 556 784 N.
570 759 602 785 D.
619 767 642 787 2,
658 761 688 784 26
708 761 782 793 Qxae
796 767 881 793 neque
901 760 1075 793 conglaciaret
1103 766 1128 792 15

41 796 205 832 frigoribus,
225 805 309 832 neque
320 796 380 822 niue
392 793 537 828 pruinaque
551 794 742 827 concresceret,
761 794 808 821 uisi
822 793 912 820 eadem
925 795 949 820 sc
963 795 1073 822 admisto

41 833 128 860 calore
145 832 287 867 liquefacita
298 837 324 858 et
337 829 431 863 dilapsa
445 827 611 855 diffunderet.
714 829 830 856 Vndanti
851 837 883 855 ue
895 830 1008 856 animam
1023 831 1074 857 dif-

41 868 132 894 fundit
145 870 174 894 in
187 876 258 894 arma
271 873 362 893 cruore
381 864 455 898 vii-g.
469 864 534 890 Aen.
548 872 586 897 10,
598 869 656 897 908.
676 864 700 891 h.
715 875 734 891 r.
755 864 829 899 Effun
850 867 871 890 ie
884 868 990 891 animam
1002 873 1025 891 ct
1038 870 1075 892 ui.

40 910 93 930 tam
107 913 156 930 vna
170 913 222 929 cum
235 903 333 932 cruore,
353 907 397 934 quo
412 902 503 925 circum
510 899 668 936 sparguntur
682 909 759 927 arma.
837 900 931 926 Anima
951 901 1075 928 diffimdi-

41 945 87 966 tur
103 939 130 965 in
144 947 234 965 omnes
246 934 362 970 corporis
375 940 459 969 partes
478 935 582 961 Lucret.
595 940 680 968 3,438.

39 974 82 1001 ius
97 969 289 1006 ditibuderqest
302 970 447 997 Exhilarare
459 971 570 1005 aliquem,
579 977 608 996 υι
622 968 760 996 contractio
772 970 806 996 ad
816 968 949 1003 tristitiam
958 976 1077 1006 pertinet.

42 1009 125 1037 Ouid.
139 1009 172 1036 de
185 1010 246 1035 Arte
263 1008 321 1032 Am.
346 1013 366 1036 1,
388 1010 429 1035 218
454 1005 647 1040 Diffundetque
669 1005 771 1031 animos
793 1006 918 1032 omnibus
941 1006 988 1033 ista
1012 1008 1076 1035 dies.

46 1044 106 1072 Vid.
116 1054 170 1072 mox
186 1043 273 1070 Virtus
286 1039 451 1067 diffunditur.
508 1041 602 1067 Comas
616 1040 763 1067 diffundere
779 1041 864 1067 ventis
886 1042 960 1076 Virg.
977 1044 1040 1070 Aen.
1055 1053 1076 1076 1,

44 1089 98 1113 319.
155 1078 260 1105 Crimen
275 1084 418 1110 paucorum
433 1075 579 1103 diffundere
592 1076 620 1102 in
633 1084 724 1102 omnes
742 1076 822 1103 Ouid.
835 1076 867 1102 de
880 1077 944 1103 Arte
957 1079 1013 1105 Am.
1023 1088 1043 1111 3,
1051 1088 1076 1112 9.

43 1115 169 1148 Dolorem
183 1112 327 1140 diffundere
345 1111 427 1138 Ouid.
441 1112 505 1138 Met.
521 1120 547 1144 9,
562 1119 616 1143 142.

44 1153 69 1177 6.
128 1148 184 1177 Vid.
197 1148 232 1174 ibi
243 1148 329 1174 Burni.
345 1153 368 1173 ει
383 1147 472 1174 Barth.
486 1146 520 1173 ad
532 1147 593 1173 Stat.
608 1145 699 1173 Theb.
714 1155 738 1178 2,
751 1155 802 1179 213.

43 1185 109 1212 bull.
122 1190 145 1218 1‚'
155 1192 186 1216 11,
199 1191 220 1215 3.
272 1182 351 1208 Iubar
371 1182 458 1209 Valer.
470 1183 569 1217 Argon.
583 1190 606 1214 3,
623 1183 680 1214 560.
749 1183 780 1208 In
797 1182 964 1210 latitudinem
982 1186 1008 1211 se
1022 1184 1073 1212 dif-

41 1219 131 1248 fundit
146 1219 242 1246 lactuca
263 1217 395 1244 Columel:
410 1227 441 1251 11,
454 1226 475 1250 3.
530 1218 561 1243 In
574 1217 657 1243 maria
670 1217 798 1244 interiora
810 1217 968 1247 diffunditur
985 1220 1073 1247 Atlan-

39 1257 108 1284 tiens
119 1262 227 1282 oceanus
245 1253 310 1280 Plin.
326 1261 338 1285 3
352 1254 472 1280 Prooem.
508 1253 539 1279 In
552 1261 601 1279 ora
613 1251 703 1279 virum
717 1252 803 1287 passim
818 1253 965 1282 diffimdere
976 1256 1073 1292 aliquid

66 1300 119 1318 ama
130 1289 221 1316 dicitur
240 1288 314 1323 Vir-g.
329 1288 393 1315 Aen.
406 1297 434 1329 4,
451 1295 501 1329 195.
514 1289 683 1328 ‘ot-Spargere.

841 1148 961 1175 Brouckh.
973 1150 1006 1175 ad
1023 1150 1075 1176 Ti-

44 1343 46 1345 >
69 1330 128 1361 tque
141 1325 169 1352 in
182 1324 351 1358 corporibus,
369 1324 401 1350 fic
414 1333 442 1350 111
454 1332 568 1358 unperio
582 1323 743 1358 grauissimus
756 1324 792 1350 est
805 1325 915 1351 morbus
925 1346 932 1358 ,
947 1327 993 1361 qui
1007 1336 1021 1353 a
1035 1336 1074 1354 ca-

41 1363 96 1397 pite
108 1360 270 1388 diffimditur.
325 1359 391 1386 Plin.
405 1359 433 1386 in
446 1360 536 1393 Paneg.
551 1368 574 1385 c.
588 1361 619 1392 56
641 1360 703 1392 Qio
723 1358 760 1390 fit,
776 1365 805 1386 vt
823 1369 906 1395 prope
921 1362 949 1388 in
962 1362 1073 1389 immen-

42 1398 100 1424 sum
112 1395 273 1423 diffundatur
285 1395 372 1422 oratio
384 1404 454 1428 mea,
473 1400 498 1421 et
510 1403 557 1421 nec
570 1394 633 1421 dum
647 1395 678 1421 de
691 1394 802 1422 biennio
816 1395 921 1430 loquor.
966 1398 1074 1424 Radices

41 1431 172 1466 angustius
190 1437 235 1457 aut
256 1430 334 1457 latius
358 1432 433 1457 Varr.
452 1431 483 1457 R.
506 1431 538 1457 R.
560 1439 580 1462 1,
600 1438 639 1465 37,
652 1437 673 1463 5.
716 1430 773 1457 Vid.
785 1441 841 1457 mox
853 1432 942 1459 Vitem
955 1440 979 1459 et
991 1433 1075 1460 Vastis

38 1467 128 1494 ramiS.
187 1467 288 1492 Vinum
306 1466 471 1499 diffundere,
495 1467 516 1492 E
532 1464 596 1492 dolio
615 1468 641 1491 in
660 1465 770 1501 diuersos
787 1466 860 1493 cados
879 1475 922 1494 aut
945 1469 1076 1503 amphoras
1085 1478 1113 1505 33

33 1501 151 1538 sundere.
188 1501 270 1529 Ouid.
284 1502 349 1528 Fast.
363 1509 386 1535 5,
400 1509 444 1536 517
461 1502 589 1536 Qraeque
602 1510 668 1535 puer
681 1501 813 1536 quondam
826 1503 919 1536 primis
935 1503 1075 1531 diffuderat

39 1537 130 1570 3111115,
165 1537 274 1567 Promfit
286 1537 390 1564 fumoso
404 1536 510 1563 condita
523 1537 586 1563 vina
599 1537 673 1563 cado.
727 1537 792 1563 Plin.
808 1546 848 1571 14,
862 1547 892 1571 14
909 1540 928 1565 s.
951 1541 980 1565 16
1005 1541 1075 1574 Apo.

39 1572 125 1600 thecas
138 1572 228 1605 fuilse,
244 1578 270 1599 et
282 1572 396 1599 diffundi
411 1573 488 1599 solita
500 1572 563 1599 vina
575 1580 643 1599 anno
668 1573 699 1600 Ιῑ)
707 1578 836 1599 CXXXIII
859 1574 948 1606 vrbis,
968 1581 1073 1609 apparet

38 1608 190 1640 indubitato
202 1608 348 1642 Opimiami
362 1608 420 1634 vini
431 1614 595 1642 argumento.
649 1608 717 1633 Male
734 1607 770 1633 ibi
790 1608 938 1635 Harduinus
957 1610 1077 1636 Diffundi

38 1645 161 1680 explicat,
178 1643 278 1670 recondi
289 1647 316 1670 in
330 1644 413 1670 doliis.
455 1645 480 1670 V
479 1643 513 1669 id.
527 1652 581 1669 mox
598 1642 728 1668 Diffusum
740 1642 847 1669 Vinum.

39 1687 75 1714 12,
87 1684 128 1712 28,
140 1687 153 1711 3
173 1679 261 1705 Omne
281 1679 390 1712 vinum,
404 1687 464 1705 cum
480 1677 628 1709 condieris,
641 1677 728 1703 nolito
743 1677 827 1704 statim
846 1678 1007 1711 diffundere,
1032 1680 1077 1707 sed

41 1713 122 1743 finito
140 1715 169 1739 in
187 1714 267 1740 doliis
284 1715 418 1749 quiescere
431 1724 437 1740 =
471 1713 560 1748 postea
579 1721 639 1739 cum
652 1712 684 1738 de
701 1712 780 1739 doliis
792 1719 836 1739 aut
849 1714 880 1739 de
893 1715 967 1740 seriis
982 1715 1078 1741 diffun-

42 1748 105 1775 dere
118 1749 208 1781 voles‚
227 1757 305 1782 vere,
321 1750 433 1775 florente
451 1749 524 1781 rosa,
543 1748 690 1774 defecatum
734 1756 792 1773 uam
817 1748 1025 1781 limpidiffimrun
1047 1750 1077 1774 in

40 1785 100 1810 vasa
122 1783 189 1809 bene
210 1784 295 1817 picata
318 1790 344 1810 et
366 1793 431 1818 pura
447 1783 596 1809 transferte.
644 1783 674 1807 In
688 1790 715 1807 ca
735 1790 752 1806 0
766 1781 877 1807 duarum
890 1790 1017 1808 vrnarum
1030 1789 1075 1808 ctc.

40 1817 114 1852 Conf.
129 1818 234 1843 Colum.
248 1826 270 1850 3,
284 1827 310 1849 2,
323 1821 364 1843 26.

41 1857 68 1878 et
80 1851 218 1884 complexu
232 1852 292 1882 suo,
314 1851 439 1876 diffundit
463 1855 488 1875 et
509 1850 582 1875 elicit
602 1847 796 1875 herbescentem
813 1858 844 1875 ex
858 1858 890 1876 eo
904 1851 1078 1879 viriditatem.

37 1887 95 1913 Cic.
109 1885 141 1912 de
153 1886 260 1911 Amicit.
272 1890 306 1919 48
326 1886 421 1919 Neque
436 1885 507 1910 enim
520 1885 578 1910 sunt
592 1883 635 1910 isti
650 1883 789 1915 audiendi,
809 1884 856 1919 qui
876 1886 1009 1913 Virtutem
1029 1888 1076 1914 du.

39 1931 96 1950 ram
121 1927 147 1948 et
172 1921 242 1956 quali
269 1921 384 1946 ferream
404 1920 453 1946 effe
470 1919 600 1954 quandam
620 1918 733 1945 volunt:
769 1929 836 1954 quae
850 1921 958 1955 quidem
973 1922 1008 1948 est
1021 1929 1078 1950 tum

37 1957 127 1984 multis
141 1957 170 1983 in
182 1957 276 1989 rebus,
295 1961 350 1982 tum
365 1956 393 1981 in
408 1955 523 1982 amicitia
534 1960 623 1981 tenera
635 1961 713 1989 atque
725 1955 886 1989 tra&abilis,
907 1964 935 1983 vt
949 1966 980 1983 ex
999 1958 1076 1985 bonis

39 1992 121 2020 amici
146 1992 216 2027 quasi
237 1990 416 2022 diffundatur,
435 1997 461 2017 et
481 1990 657 2017 incommodis
686 1990 863 2017 contrahatur.
899 1992 924 2019 h.
938 2002 958 2018 e.
982 1993 1076 2020 Gaudio
1086 1999 1119 2026 50

39 2025 183 2062 afficiatur,
203 2034 226 2054 et
238 2024 362 2059 tristitia,
395 2026 448 2052 vid.
457 2033 484 2062 p.
497 2035 520 2052 a.
552 2026 677 2052 Animum
711 2025 872 2058 diffimdere,
889 2030 919 2054 it.
953 2028 1074 2056 Vultum.

38 2064 102 2091 Vim
112 2063 184 2089 suam
198 2061 345 2088 diffundere
357 2062 435 2095 longe
447 2061 550 2095 lateque
576 2061 631 2088 Cic.
645 2060 676 2087 de
688 2061 779 2088 Diuin.
794 2071 813 2092 1,
825 2069 868 2096 79.
945 2064 1076 2093 Columel.

40 2106 86 2133 5,5
104 2099 189 2133 Atque
203 2098 239 2124 ita
252 2103 334 2124 totam
347 2097 438 2123 Vitem
451 2097 525 2122 omui
537 2101 609 2130 parte
622 2096 649 2122 in
663 2095 757 2122 orbem
774 2096 894 2124 diffundi.
966 2100 1078 2126 Vultum

40 2134 202 2166 diffundere,
220 2131 252 2167 esi
274 2134 374 2159 Laetum
396 2138 419 2158 et
442 2132 545 2158 hilarem
567 2131 677 2157 exhibere
684 2131 713 2166 se
731 2132 811 2159 Ouid.
826 2142 857 2159 ex
871 2134 954 2160 Ponto
968 2144 996 2168 4,
1010 2143 1037 2167 4,
1052 2144 1077 2168 9.

40 2169 115 2198 Idem
127 2169 192 2195 Met.
207 2177 247 2202 14,
260 2176 316 2202 272.
386 2166 472 2194 Vastis
484 2167 563 2193 ramis
578 2166 736 2193 diffunditur
749 2167 811 2194 ficus
824 2168 852 2194 in
865 2168 940 2195 India
960 2170 1027 2196 Plin.
1041 2179 1077 2201 12,
1088 2177 1116 2204 55

41 2212 74 2273 ᾗ
87 2204 200 2266 PElt'Ciic.
214 2203 246 2230 de
258 2204 332 2231 Orat.
345 2212 366 2236 1,
378 2208 406 2234 28
425 2202 524 2230 Diffusa
542 2203 622 2229 ramis
640 2202 736 2237 patulis
757 2203 883 2238 platanos.

39 2249 51 2265 e
106 2248 120 2266 a
142 2248 155 2266 a
174 2244 308 2271 .1‚18,2.
356 2247 361 2249 ·

79 2275 287 2309 Dirrx‘tsvs,
307 2283 337 2306 a,
356 2282 409 2300 um.
427 2273 520 2301 Partic.

39 2318 72 2336 ne
92 2310 147 2336 Cic.
162 2309 194 2336 de
208 2309 282 2336 Orat.
295 2318 323 2342 3,
337 2317 379 2344 97.

41 2344 149 2377 diffusae
166 2344 247 2372 Ouid.
261 2345 339 2380 Epist.
353 2352 375 2378 5,
388 2352 437 2378 114.

41 2387 90 2408 tus.
161 2381 243 2407 Error
256 2380 362 2407 diffusus
376 2380 454 2415 longe
466 2380 569 2416 lateque
593 2381 649 2408 Cic.
663 2381 695 2407 de
709 2381 766 2409 Fin.
786 2391 813 2415 2,
833 2390 870 2415 115
885 2391 905 2408 c.
927 2391 967 2416 34,
1038 2383 1078 2410 Id.

41 2416 74 2442 de
86 2417 160 2443 Orat.
174 2425 198 2448 2,
212 2424 258 2449 142
272 2425 293 2442 c.
306 2424 333 2448 33
353 2416 394 2442 Est
406 2416 478 2443 enim
491 2416 550 2444 heri
562 2416 639 2443 nobis
652 2417 698 2443 ille
713 2417 762 2444 hoc
776 2418 869 2444 Catule
883 2419 1015 2452 pollicitus
1025 2439 1032 2451 ‚
1054 2420 1080 2445 se

41 2452 82 2478 ius
96 2451 192 2484 ciuile,
210 2451 282 2486 quod
295 2460 363 2477 nunc
375 2451 497 2478 diffusum
511 2459 537 2479 et
549 2451 694 2486 dissipatum
707 2452 759 2485 est,
783 2453 812 2479 in
824 2460 894 2480 certa
906 2463 1001 2488 genera
1020 2463 1078 2481 coa-

584 2487 651 2513 Laus
662 2487 772 2514 alicuius
784 2488 862 2523 longe
879 2489 983 2524 lateque
1002 2489 1078 2516 diffu-

954 2206 1080 2232 peculiare

557 2271 716 2308 [διαχυθεὶς]
754 2275 837 2302 Color
852 2275 958 2303 diffusus
978 2277 1080 2312 sangui-

450 2309 543 2344 Campi
575 2309 659 2335 diffusi
687 2311 801 2337 Martial.
822 2320 845 2343 3,
872 2320 906 2343 31.
977 2314 1077 2340 Comae

30 2521 376 2585 ‚l'idedig'vlsltxgasrsiinonia
388 2558 438 2584 late
451 2557 542 2584 diffusa
562 2557 669 2585 diuersis
687 2557 879 2594 disiunffisque
899 2560 927 2586 in
947 2561 1012 2587 locis
1035 2561 1081 2587 lita

43 2591 152 2618 Paulhl.
166 2592 276 2619 Decreto
291 2602 323 2626 24
337 2593 368 2618 D.
383 2592 415 2618 de
428 2593 504 2619 Adm.
518 2593 587 2620 Tut.
602 2595 698 2628 Imper.
712 2594 730 2622 l.
743 2595 861 2622 Testam.
876 2604 907 2628 11,
927 2598 943 2622 6
964 2596 995 2622 de
1017 2597 1078 2622 Exc.

43 2627 143 2653 Tutor.
177 2634 200 2654 et
211 2627 352 2662 leian.in
365 2628 382 2654 l.
396 2637 406 2654 1
419 2627 442 2665 §.
456 2629 482 2655 Si
495 2629 555 2662 quis
568 2629 596 2654 iu
612 2629 681 2655 Villa
695 2630 726 2655 D.
741 2629 773 2656 de
786 2631 809 2656 S.
830 2632 860 2657 C.

937 2631 1013 2657 Sinus
1029 2631 1080 2657 dif-

43 2661 100 2688 fusa
119 2661 205 2688 Valer.
220 2663 318 2697 Argon.
331 2671 354 2693 2,
367 2672 423 2695 104.

470 2664 538 2692 ,8115
569 2663 661 2690 diffusa
691 2670 717 2690 et
747 2665 893 2698 grauiffima
923 2666 989 2691 Pliu.
1004 2668 1041 2697 16,
1055 2668 1080 2691 6.

44 2697 143 2723 Vinum
157 2697 299 2728 diffusum»,
320 2706 330 2722 o
350 2697 414 2722 dolio
432 2699 460 2722 in
479 2697 568 2729 cados,
589 2699 719 2732 amphoras
743 2700 868 2725 Proculus
882 2701 900 2725 1.
916 2702 933 2725 6
947 2700 973 2726 ff.
987 2700 1019 2726 de
1034 2701 1080 2726 tri·
1091 2703 1126 2730 ’ΖΟ

43 2733 112 2763 tico,
127 2732 191 2758 vino
205 2732 247 2758 vel
267 2732 310 2758 ol:
321 2732 371 2764 leg.
391 2731 442 2757 Cui
463 2731 556 2757 vinum
575 2731 636 2758 dare
655 2733 729 2759 heres
748 2733 881 2760 damnatus
894 2734 945 2766 est,
965 2734 1036 2769 quod
1051 2736 1079 2761 in

42 2768 177 2800 amphoris
190 2774 215 2793 et
227 2767 296 2793 cadis
308 2766 430 2793 diffusum
444 2766 496 2799 est,
517 2766 573 2792 dari
588 2767 674 2793 debet.
729 2769 761 2795 Et
774 2768 791 2794 l.
807 2777 831 2802 15
843 2769 901 2796 eod.
921 2770 973 2796 Cui
986 2770 1080 2796 vinum

44 2811 103 2828 cum
123 2802 187 2828 valis
207 2803 321 2836 legatum
341 2802 406 2834 erit,
429 2801 454 2827 ei
467 2801 619 2835 amphoras,
639 2802 731 2835 cados,
749 2803 778 2830 in
795 2804 892 2838 quibus
910 2805 971 2831 vina
985 2804 1079 2831 diffusa

44 2838 184 2869 seruamus,
199 2838 296 2871 legatos
309 2838 366 2864 else.
437 2837 479 2863 Sic
490 2844 514 2862 et
528 2836 545 2862 1.
555 2845 592 2869 14·
605 2840 636 2863 it.
652 2846 675 2869 15
690 2844 713 2863 et
730 2840 766 2863 16.
837 2840 977 2874 opponitur
995 2843 1077 2875 itaque

45 2909 88 2935 cil.
101 2916 141 2943 ap.
155 2908 211 2935 Cic.
226 2907 258 2934 de
272 2907 329 2934 Fin.
344 2916 370 2939 23
384 2916 406 2933 c.
421 2912 443 2937 8.
514 2907 578 2934 Non
590 2908 670 2942 erigit
683 2916 773 2942 aegros
788 2909 898 2935 Nobilis
917 2910 1009 2944 ignoto
1027 2910 1077 2936 dif-

46 2944 115 2970 fusus
128 2943 231 2970 consule
243 2943 356 2970 Bacchus
378 2943 481 2968 Lucret.
500 2950 522 2975 5,
534 2948 588 2977 378.

658 2944 774 2970 quenal.
790 2953 871 2977 11,159
892 2946 943 2971 Hic
958 2946 1077 2973 tibivina

48 2978 120 3005 dabit
133 2978 224 3006 diffusa
232 2979 260 3005 in
273 2978 407 3006 montibus
420 2977 480 3003 illis.

550 2977 589 3004 Id.
607 2987 630 3010 5,
648 2987 679 3010 30
712 2980 767 3013 Ipse
801 2980 923 3015 capillato
954 2981 1078 3008 diffusum

46 3014 151 3041 consule
168 3020 247 3049 potat.
323 3015 356 3040 Vt
376 3014 444 3039 Hor.
470 3013 548 3047 Epist.
575 3023 595 3045 1,
615 3021 637 3046 5,
656 3023 675 3047 4
701 3016 771 3041 Vina
784 3015 859 3042 bibes
872 3016 968 3043 iterum
980 3017 1077 3044 Tauro

49 3049 148 3076 diffusa.
218 3051 278 3077 Vox
291 3049 382 3076 diffusa
396 3058 441 3083 per
455 3057 529 3075 auras
566 3050 669 3075 Luci-et.
681 3058 707 3083 4,
721 3057 775 3084 573.

50 3085 112 3111 Stat.
125 3084 186 3117 Silu.
200 3094 227 3120 4,
242 3094 263 3111 2.
378 3084 489 3120 Compar.
516 3084 655 3113 Diffuliora
679 3087 799 3120 consepta
821 3096 875 3113 non
899 3088 983 3114 solum
997 3089 1079 3123 pluris

49 3119 228 3153 aedificamus,
246 3119 289 3147 sed
313 3120 392 3147 etiam
418 3119 538 3154 impenfis
562 3120 709 3147 maioribus
728 3127 834 3148 tuemur
857 3123 988 3150 Columcl.
1010 3133 1029 3156 1,
1053 3134 1080 3159 4.

51 3155 114 3181 Plin.
126 3155 154 3181 iu
167 3157 257 3190 Paneg.
270 3165 292 3182 c.
305 3163 330 3188 53
351 3155 441 3181 Adiice
455 3155 527 3190 quod
540 3156 705 3190 imperatoris
719 3157 802 3183 nostri
815 3167 869 3184 non
884 3158 955 3185 aliud
969 3159 1080 3194 amplius

53 3189 329 3218 acdiffufiusmeritum
337 3191 380 3221 est,
394 3200 472 3224 quam
482 3191 553 3226 quod
561 3191 684 3218 insectari
692 3193 774 3219 malos
781 3193 910 3228 principes
920 3200 1005 3221 tutum
1019 3195 1062 3221 est.

88 3227 254 3254 D1FFVSE.
274 3225 341 3253 Adu.
377 3224 589 3261 [διακεχυμένως]
623 3227 719 3254 Cic.de
732 3229 834 3255 Inuent.
849 3238 869 3263 1,
883 3235 914 3262 98
928 3239 948 3256 c.
962 3238 991 3263 52
1010 3231 1078 3257 Enu-
1091 3230 1119 3258 83

56 3261 163 3286 metatio
186 3261 222 3288 est
241 3271 286 3296 per
306 3271 384 3296 quam
401 3271 441 3288 res
461 3261 572 3296 disperse
593 3267 618 3287 et
631 3263 724 3289 diffuse
738 3263 838 3296 1116120,
857 3274 939 3291 vnum
952 3266 980 3291 in
994 3265 1081 3292 locum

56 3300 198 3333 coguntur.
273 3297 364 3323 Latius
376 3297 511 3332 aliquanto
524 3297 633 3324 dicenda
647 3300 704 3325 sunt
718 3305 744 3325 et
763 3299 878 3326 diffitlius
902 3301 958 3327 Cic.
972 3301 1054 3328 Tusc.
1068 3310 1081 3334 3

56 3338 77 3355 c.
86 3338 122 3355 10.
156 3330 189 3356 At
201 3330 264 3358 latus
275 3332 325 3359 hoc
336 3338 420 3360 terrae
433 3333 546 3360 diffirlius
559 3334 667 3367 explicat
679 3343 755 3368 agros
778 3335 872 3362 Auien.
881 3336 978 3370 Perieg.
987 3339 1046 3369 269.

92 3371 111 3390 o
123 3371 130 3389 1
142 3370 292 3399 rrvsm,
310 3369 377 3394 onis.
398 3367 417 3395 f.
453 3366 599 3404 [διάχυσις]
641 3371 690 3401 Vt,
713 3370 769 3396 Sen.
797 3370 829 3397 de
847 3372 909 3397 Vita
928 3372 1006 3398 Beata
1025 3381 1046 3398 c.
1060 3379 1081 3405 ς.

57 3400 94 3426 Ex
110 3399 258 3432 cognitione
270 3403 326 3429 θοι-ί
337 3404 460 3438 gaudium
474 3404 570 3438 grande
585 3412 610 3431 et
623 3405 764 3432 immotum
777 3407 938 3441 comitasque
959 3413 984 3433 et
1006 3407 1083 3434 difsu-
1093 3413 1128 3438 90

54 3434 354 3506 ἓίᾗῖῒζξῆὺᾶἰὶαΐαιιϊίῑ
367 3439 401 3475 ‘fi
419 3440 485 3476 quasi
502 3446 526 3466 et
544 3440 606 3466 bona
623 3441 672 3477 flia
688 3443 760 3467 etiam
786 3441 819 3468 acl
830 3445 960 3478 proximos
980 3452 1085 3479 quosque

92 3512 111 3531 D
123 3513 130 3531 1
141 3489 262 3544 FFVSD¹
268 3512 300 3536 R,
317 3507 375 3535 aris.
392 3518 427 3535 m.
468 3511 519 3543 Vt,
540 3510 657 3537 Diffusor
675 3511 807 3545 olearius,
833 3515 851 3538 i.
878 3512 997 3540 Venditor
1023 3514 1068 3539 olei
1075 3524 1084 3539 .-

56 3542 134 3573 lnscr.
157 3541 265 3567 Gruteri
285 3549 310 3574 P·
332 3545 383 3574 466
403 3553 428 3570 11.
450 3551 468 3579 7
502 3546 756 3574 REGVLIANO
793 3549 821 3574 E.
857 3549 888 3575 R.
924 3549 1081 3576 DIFFVS.

58 3577 83 3603 Ο
91 3573 111 3602 L'
119 3577 138 3602 E
146 3576 168 3602 A
175 3576 197 3602 R
204 3576 216 3602 1
223 3576 247 3602 O
283 3576 302 3602 E
309 3575 332 3601 Χ
363 3578 382 3603 B
390 3579 409 3604 A
419 3580 472 3607 ET
479 3581 491 3606 1
499 3581 519 3607 C
526 3581 556 3607 A.
598 3581 721 3616 nemesius
740 3583 924 3610 DIFFVSORI
946 3584 1046 3620 legebat.
1093 3590 1125 3617 95

93 3618 111 3638 D
122 3619 154 3638 lF
163 3618 178 3638 F
187 3619 207 3638 V
217 3619 229 3638 S
238 3619 247 3637 1
256 3618 271 3636 L
280 3619 289 3637 1
299 3618 311 3637 S
319 3630 326 3641 ,
346 3619 367 3637 e·
385 3613 441 3640 Adi.
466 3614 577 3642 'Lucreh
593 3625 615 3649 5,
628 3621 678 3651 468
694 3619 773 3644 Leuis
785 3628 814 3645 ac
828 3618 948 3646 diffusslis
957 3618 1063 3645 Aether.

12 3678 15 3681 .
89 3653 111 3688 p
120 3655 129 3673 1
138 3653 154 3673 F
164 3653 209 3673 Fv
219 3653 238 3671 Ν
250 3652 268 3686 D
278 3654 287 3672 1
296 3653 317 3686 Ίζ
328 3651 365 3686 Oq,
381 3651 438 3688 aro..
464 3650 544 3677 Plaut.
558 3653 638 3678 Merc.
653 3661 673 3687 1,
685 3661 694 3679 1
704 3673 712 3685 ,
727 3655 758 3686 56
791 3654 932 3681 Rationem
952 3654 1082 3689 pessimam

57 3684 105 3708 esse
114 3701 122 3714 ‚
138 3691 167 3708 ea
180 3690 277 3708 amoris
290 3690 318 3707 vi
331 3680 499 3711 drffuuduari.
539 3687 596 3713 Vid.
611 3688 646 3714 ibi
664 3689 766 3715 Taribm.
802 3690 933 3717 Ammian.
950 3692 987 3722 16,
996 3698 1025 3721 23
1034 3696 1080 3724 pr.

57 3717 133 3750 (Val.
145 3727 166 3743 c.
182 3720 225 3749 12)
244 3717 352 3751 Vbique
366 3717 416 3742 sese
429 3717 601 3749 diffunditans.
639 3723 706 3750 Adi.
719 3725 756 3750 Id.
771 3733 809 3757 21,
825 3734 845 3757 3.

93 3759 112 3780 D
124 3759 134 3778 1
144 3759 212 3779 FFV
222 3759 243 3780 Τ
252 3760 273 3779 V
282 3759 303 3778 T
313 3759 333 3778 V
343 3758 367 3784 3,
380 3761 404 3784 ὃ,
417 3761 470 3779 um.
491 3755 549 3782 Adi.
584 3758 711 3786 Diffututa
725 3760 840 3787 mentula
859 3760 955 3787 Catull.
968 3768 1008 3794 39,
1023 3769 1062 3794 14.
1092 3768 1138 3786 100
1152 3771 1184 3788 ex
1198 3762 1245 3789 hac
1260 3763 1336 3797 copia
1348 3762 1503 3797 digeremus.

409 3814 438 3845 D
556 3817 570 3847 1
602 3823 608 3825 “

94 3864 293 3887 DlGAMMA.
329 3861 401 3886 Nom.
415 3859 502 3886 iudea-l.
520 3861 615 3895 Duplex
633 3822 747 3899 Gamga,
766 3867 794 3893 de
811 3876 856 3903 quo
867 3865 917 3901 ista
935 3871 978 3895 vir
996 3868 1083 3895 doftur

58 3896 86 3920 in
104 3895 225 3930 Thesauro
243 3896 302 3922 Rob.
318 3896 449 3930 Stephani,
463 3895 546 3930 sumta
561 3897 674 3933 pleraque
686 3906 766 3937 omnia
790 3912 817 3929 cx
834 3904 956 3930 Priscian.
972 3913 981 3930 1
995 3914 1019 3939 p.
1036 3911 1082 3938 545

424 409 569 437 Laudamur
599 409 641 436 hic
673 407 813 440 interdum,
837 417 897 443 quae
928 408 962 434 acl
994 409 1074 435 Defu-
1100 413 1113 440 5
1147 410 1275 445 Formasc.
1290 410 1363 445 vulgo
1375 409 1480 435 audiret.

756 936 844 961 Verum
857 935 981 962 Animum
995 937 1075 964 alicu.
1085 944 1119 962 20
1143 946 1198 962 nac.
1211 936 1264 970 (2)
1281 939 1308 961 in
1323 937 1469 962 Praeteritis
1479 936 1626 972 temporibus
1629 938 1694 966 3t1'ae
1700 941 1723 960 et
1730 941 1786 968 4tac
1793 935 1921 995 Coniugat.
1931 935 2086 970 interseritur
2099 937 2124 962 V
2128 943 2179 970 pro

686 1112 757 1138 Iram
771 1111 857 1138 flendo
873 1112 1039 1148 Ouid.Epist.
1048 1122 1074 1150 7,
1086 1116 1114 1143 25

739 1288 803 1314 Plin.
823 1289 900 1323 Epist.
913 1299 946 1324 4,
964 1299 996 1317 22
1009 1298 1073 1318 extr.
1084 1300 1115 1325 30
1139 1287 1258 1326 pottstate
1271 1288 1366 1324 quidem
1383 1289 1417 1321 τῷ·
1437 1289 1489 1315 Vau
1503 1290 1618 1319 Aeolica,
1630 1286 1719 1324 figura
1733 1296 1790 1312 vero
1803 1291 1822 1319 φ

891 1645 931 1671 Sic
945 1645 1077 1672 Columel.
1086 1653 1123 1678 40

421 1818 477 1842 Cic.
491 1817 523 1841 de
536 1815 667 1846 Sene&.51
689 1814 791 1840 Deinde
803 1815 961 1848 tepefatPtum
977 1825 1076 1851 vapore
1085 1821 1119 1849 43

507 2347 612 2372 Corona
627 2345 745 2372 diffirfior
765 2346 830 2373 Plin.
845 2347 891 2381 Ep.
904 2355 931 2382 7,
945 2356 981 2382 17.
1001 2351 1019 2374 i.
1027 2357 1078 2375 coe·
1090 2346 1124 2370 60

362 2522 444 2556 Large
458 2522 554 2548 diffuso
566 2522 666 2549 lumine
680 2523 750 2549 ridet
763 2523 860 2551 Aether
878 2525 981 2551 Lucret.
995 2534 1023 2557 3,
1036 2533 1079 2552 22.
1095 2524 1126 2555 65

844 3052 938 3078 Vultus
971 3053 1078 3079 diffusus
1095 3055 1127 3080 80

1526 180 1564 220 D
1645 180 1662 219 1
1739 180 1778 219 G
2098 182 2174 223 166

1140 269 1199 301 μίαν
1211 267 1282 301 ὅρθνῑν
1294 269 1346 329 tm?

1347 267 1482 302 ευγνύμενον
1493 271 1546 294 rotis
1558 267 1690 301 πλαγίαις,
1710 265 1738 293 ὥς
1753 268 1852 300 Γελένη,
1871 269 1913 302 ²3²)
1935 268 2017 302 Ἐρίναξ
2034 267 2076 303 ugr)
2091 269 2176 301 Formas,

1142 311 1187 330 etc.
1224 303 1323 330 Notam
1345 312 1400 329 rane
1414 305 1480 330 olim
1495 303 1675 338 excogitrirunt
1688 303 1780 329 Acolcs
1795 309 1852 328 ante
1873 305 1981 330 Vocalcs
2001 304 2176 337 inserendam,

1143 344 1168 364 et
1182 340 1237 364 Vau
1251 339 1359 365 Nomen
1373 338 1498 366 dederunt
1510 339 1543 365 ab
1555 338 1632 373 ipssus
1645 339 1716 364 Voce
1729 337 1876 371 profestum
1891 338 1947 370 testa
1960 341 2079 366 Varrone
2092 347 2114 366 et
2129 340 2178 366 Di-

1143 374 1221 406 dymo
1243 373 1310 409 apud
1330 373 1406 400 Prisc.
1434 383 1453 406 1,
1474 384 1492 407 4
1510 373 1595 400 deinde
1609 380 1688 401 autem
1707 372 1873 408 comprobauit
1886 374 1952 407 ofin,
1966 382 1993 400 vt
2008 376 2146 409 Digaunna
2159 383 2176 401 a

1521 411 1600 436 Varia
1620 415 1699 435 autem
1719 415 1791 443 opera
1808 407 1963 444 fiuxgeliatur
1981 411 2046 444 apud
2069 412 2175 436 Aeolus.»

1392 444 1447 478 (1)
1484 443 1745 480 Cbnjbnacfimffiicis,
1765 443 1829 469 vnde
1841 442 1906 477 apud
1921 444 2048 470 llomcrum
2055 446 2175 480 frequen-

1141 480 1227 513 tiflimt·
1248 479 1328 506 breuis
1350 478 1446 513 Syllaba
1461 479 1607 512 producitur
1624 485 1680 505 ante
1696 487 1777 505 vocem
1793 488 1808 504 a
1832 479 1917 504 Vocati
1929 481 2100 512 incipit-ntem,
2122 483 2174 506 iam

1141 513 1228 548 39:25&
1244 513 1278 540 ὥς.
1299 515 1340 540 vel
1355 515 1420 540 Fun.-
1448 514 1561 545 Οἷόμεης
1580 516 1682 544 Femina.
1720 516 1794 541 Immo
1830 513 1887 546 (2)
1924 513 2045 548 Con-lonae
2057 515 2173 549 duplicis.

1141 552 1200 582 φιλέ
1212 551 1278 584 ἑκυρὲ
1290 547 1356 576 δεινός
1367 559 1403 575 τε.
1438 548 1507 583 quasi
1528 552 1587 582 φιλέ
1609 551 1723 584 ΡῊεκυρέ,
1739 555 1764 575 et
1779 547 1845 574 alibi
1861 549 1951 584 Ns'rnfoe
1975 546 1998 574 δε
2024 550 2057 574 1⁸⁸
2083 549 2173 576 παιδός.

1137 444 1285 479 potil7initcm
1298 453 1355 470 vero

1100 594 1128 611 10
1141 585 1196 618 (3)
1220 585 1384 620 usurpabatur
1398 583 1507 619 quotidie
1521 585 1570 609 loco
1583 585 1754 619 aspirationis,
1772 594 1788 610 a
1803 593 1850 619 qua
1858 585 1943 610 Aeoles
1951 584 2048 619 fimipcr
2062 585 2173 611 abhorre-

1139 620 1207 646 bant.
1242 620 1303 654 (4)
1322 619 1422 655 denique
1433 621 1525 645 minori
1543 629 1595 645 cum
1615 619 1764 653 ncceffitare,
1777 619 1825 655 sed
1845 625 1873 644 ut
1889 618 1983 645 biulaae
2008 621 2064 644 voci
2084 620 2174 646 mederi

1133 654 1234 690 pqffint.
1272 657 1312 681 lta
1325 657 1387 680 enim
1393 654 1450 690 scri
1467 661 1518 680 tum
1533 658 1624 689 reperit
1633 655 1774 689 Prifitianur
1781 658 1807 681 in
1822 652 1925 686 vetustis
1938 653 2079 690 quibusdam
2093 663 2175 680 monu-

1140 692 1229 716 mentis
1242 689 1449 723 Constantinopo
1462 698 1514 715 eos.
1549 689 1706 723 Armooedb'wv
1730 689 1892 716 AxFondev.
1930 690 2002 715 Hunc
2014 691 2094 726 igitur
2106 689 2176 724 usum

1140 725 1170 751 ab
1183 725 1307 757 Aeolibus,
1315 734 1329 750 a
1341 724 1428 760 quibus
1437 726 1549 759 plurima
1563 731 1704 759 acceperunt
1718 726 1831 757 Romani,
1839 731 1861 751 et
1874 725 1899 751 V
1910 724 2042 760 Gon-sonam
2054 724 2177 750 veteribus

1141 763 1292 795 incognitam
1319 762 1346 785 in
1368 759 1529 794 Alphabetum
1552 767 1665 795 recepere.
1707 761 1732 786 V
1740 764 1819 792 enim,
1837 766 1867 786 vt
1887 762 1969 795 inquit
1987 759 2108 786 Priscian.
2121 761 2138 785 l.
2155 769 2176 785 c.

1142 796 1200 822 loeo
1207 794 1381 821 Consonantis
1389 794 1469 828 polita
1477 794 1584 821 eandem
1593 796 1696 829 prorsus
1704 795 1731 820 in
1739 794 1862 821 omnibus
1870 795 1925 821 vim
1933 794 2025 821 habuit
2032 795 2098 829 apud
2107 795 2178 821 Lati-

1142 839 1201 862 nos,
1209 838 1287 864 quam
1296 829 1364 864 apud
1372 830 1465 856 Aeolas
1473 830 1625 864 Diagamma
1633 831 1660 857 F.
1697 831 1728 856 lit
1735 831 1777 863 (1)
1786 831 1945 865 Quaecunque
1952 839 2021 856 voces
2027 840 2079 856 cum
2086 832 2110 856 V
2116 831 2178 856 Con-

1136 866 1201 902 sona
1203 865 1370 901 proferuntur
1376 865 1409 890 ad
1416 874 1503 891 morem
1511 867 1610 892 Aeolum
1617 865 1668 891 dici
1669 865 1807 900 putandum
1814 863 1854 896 ist.
1875 866 1915 892 Sic
1925 865 1953 891 ab
1967 864 2023 891 ἴλας
2031 867 2178 892 Graecorum

1137 902 1188 938 fic.
1198 900 1301 936 Dionjfi
1315 901 1360 926 l-c.
1374 900 1478 936 defluxit
1488 899 1562 927 Velia
1569 903 1731 927 Romanorum
1745 898 1812 934 quast
1825 900 1920 925 Ουέλιοι
1931 910 1984 926 cum
1996 912 2011 925 x
2024 902 2074 927 loco
2086 899 2180 936 'Conso—

1145 971 1254 1007 Consona
1267 970 1368 1005 duplici,
1377 972 1417 997 vel
1424 974 1534 1006 priorem
1542 972 1559 997 S
1552 971 1662 1005 yllabam
1672 969 1828 1004 producente.
1879 969 1953 1002 ‘upii,
1974 972 2088 1004 Cupiui3
2124 973 2179 997 Au-

1145 1006 1262 1038 dieram,
1280 1005 1442 1032 Audiueram
1455 1013 1500 1033 etc.
1538 1007 1594 1040 (3)
1620 1004 1693 1040 Qcod
1703 1004 1737 1030 ad
1755 1005 1889 1038 spirituum
1909 1005 2063 1038 asperitatem
2082 1008 2181 1042 longius

1138 1041 1307 1078 proces-strunt
1325 1042 1430 1067 Romani
1449 1048 1472 1068 ct
1489 1050 1537 1068 non
1550 1041 1630 1077 Jblum
1650 1039 1742 1071 Vesta,
1763 1039 1876 1071 Vesper,
1900 1039 1987 1071 [35qu
2008 1040 2118 1075 ἕσπερος]
2132 1041 2179 1077 sed

1143 1080 1217 1104 etiam
1238 1079 1306 1102 tenui
1321 1076 1516 1112 praeposuerunt
1529 1083 1551 1102 et
1565 1076 1661 1107 Vicus,
1681 1074 1781 1101 Vinum
1799 1071 1895 1107 Ninos,
1913 1070 1985 1108 ἷινος]
2012 1081 2057 1100 etc.
2081 1076 2179 1103 dixere.

1143 1113 1205 1147 (4)
1223 1113 1326 1138 Hiatum
1349 1115 1422 1138 etiam
1438 1111 1519 1146 fimili
1540 1111 1608 1138 modo
1630 1111 1814 1136 declinauerum
1835 1115 1858 1134 et
1872 1108 1977 1141 Dauus,
1996 1110 2083 1142 Pauo,
2104 1111 2181 1143 Ornis,

1143 1147 1224 1175 Bonis
1233 1167 1241 1180 ,
1260 1153 1306 1173 etc.
1325 1146 1414 1180 efferre
1420 1148 1482 1182 sunt
1489 1147 1571 1183 soliti.
1608 1147 1696 1172 Latini
1703 1151 1780 1181 porro
1795 1153 1843 1170 non
1855 1144 1922 1179 usum
1935 1144 2012 1176 modo,
2020 1145 2182 1180 fidfiguram

1144 1191 1234 1219 quoque
1253 1183 1453 1214 introduxerunt,
1465 1191 1524 1218 quae
1538 1184 1565 1207 in
1579 1181 1662 1207 verbis
1676 1181 1769 1212 Fama,
1789 1180 1904 1211 Fanum,
1925 1180 1944 1206 F
1946 1179 2033 1206 aetum
2043 1200 2051 1212 ‚
2065 1186 2109 1206 etc.
2123 1179 2182 1214 vifi-

1142 1226 1202 1250 tur,
1223 1221 1244 1244 ci
1253 1218 1292 1254 sc.
1307 1218 1367 1245 Sono
1381 1224 1404 1244 et
1417 1218 1473 1254 usui
1485 1217 1644 1254 confidentes,
1659 1219 1701 1251 qui
1708 1222 1756 1250 per
1769 1220 1789 1248 φ
1803 1217 1947 1241 Graecorum
1957 1214 2115 1250 prmstatur,
2127 1216 2181 1249 siue

1143 1263 1160 1289 p
1174 1263 1227 1280 cum
1240 1253 1406 1290 adspiratione
1416 1264 1425 1282 ,·
1460 1253 1528 1280 Adeo
1542 1259 1571 1279 ve
1582 1253 1746 1279 Romanorum
1760 1251 1880 1286 digamma
1894 1259 1923 1275 cx
1943 1259 2016 1285 aequo
2039 1251 2183 1286 respondeat

1824 1289 1837 1310 ῖ
1849 1288 2007 1312 communium
2028 1287 2182 1312 Graecorum.

1144 1326 1226 1352 Huius
1231 1324 1342 1360 figuram
1355 1321 1421 1350 reete
1433 1324 1490 1350 olim
1504 1323 1661 1350 contendebat
1673 1321 1761 1357 Caesar
1775 1320 1841 1356 apud
1861 1320 1939 1356 Prisc.
1956 1321 2001 1348 hoe
2020 1320 2087 1348 modo
2105 1325 2125 1351 Α
2143 1331 2182 1348 ex-

1139 1363 1235 1397 primi,
1253 1358 1325 1394 quod
1338 1359 1459 1394 quamuis
1473 1359 1513 1385 illi
1529 1358 1598 1385 re&e
1615 1358 1701 1384 visum
1719 1357 1770 1388 est,
1789 1362 1876 1383 tamen
1894 1356 2053 1383 consuetudo
2072 1358 2183 1391 antiqua

1144 1396 1294 1430 superauit,
1313 1401 1343 1422 vt
1355 1397 1393 1421 ait
1406 1394 1489 1421 Idem.
1531 1394 1612 1420 Hodie
1634 1393 1750 1428 vissmtur
1774 1400 1896 1418 marmora
1913 1393 1960 1417 tali
1988 1392 2182 1427 conformatione

1144 1435 1288 1462 CAMER
1302 1434 1412 1462 INVS.
1449 1434 1480 1460 A.
1516 1431 1759 1460 dITELLIVS.
1793 1431 1899 1457 Gruter.
1935 1435 2030 1463 cxlx,
2051 1439 2075 1457 2.
2131 1433 2183 1467 lta,

1145 1473 1406 1505 AMPLIAdIT,
1442 1470 1779 1503 TERMINAdITQ
1814 1469 1852 1495 Id.
1881 1475 1997 1502 chVI,
2017 1479 2044 1503 4.
2079 1476 2104 1496 et
2122 1470 2184 1496 alibi

1137 1510 1287 1546 fi·cquentcr
1300 1514 1434 1535 occurrunt
1440 1507 1545 1541 Jimilia.
1582 1508 1706 1533 Caeterum
1714 1507 1790 1539 plur-2
1796 1505 1918 1531 Priscian.
1930 1506 1947 1530 l.
1962 1514 1983 1531 c.
2020 1504 2128 1538 Qlintih
2137 1514 2185 1539 1,4

1145 1546 1264 1572 Burman.
1278 1542 1312 1570 ad
1324 1543 1370 1570 loc.
1405 1543 1473 1569 Gell.
1489 1551 1528 1574 14,
1544 1549 1564 1574 5.
1609 1541 1766 1567 Terentian.
1779 1540 1864 1566 Maur.
1881 1546 1926 1565 etc.
1982 1541 2092 1567 Aeolica
2107 1541 2184 1567 litera

1142 1586 1247 1606 vocatur
1260 1578 1369 1610 Qun&
1381 1586 1418 1609 12,
1432 1587 1470 1609 10,
1486 1585 1525 1610 29.
1720 1573 1740 1611 fl
1761 1585 1776 1601 2
1796 1575 1852 1601 Cic.
1867 1575 1918 1600 Att.
1934 1583 1959 1606 9,
1972 1583 1989 1607 9
2000 1582 2065 1601 extr.
2087 1576 2184 1608 Neque

1144 1615 1229 1641 solum
1237 1614 1337 1639 Romae
1345 1633 1354 1645 ‚
1372 1612 1416 1639 scd
1430 1614 1509 1639 etiam
1524 1611 1582 1638 Deli
1592 1611 1731 1645 Digamma
1742 1615 1817 1635 tuum
1831 1608 1960 1635 videram.
1994 1609 2095 1636 Librum
2108 1612 2185 1635 ratio-

1144 1659 1217 1681 num,
1240 1651 1267 1674 in
1303 1657 1332 1674 uo
1359 1648 1434 1674 fenus
1448 1647 1571 1684 scriberet
1589 1646 1733 1680 intelligunt
1750 1647 1804 1670 viri
1822 1642 1891 1669 (1οὲἶί
1897 1663 1906 1675 ,
1923 1642 1979 1676 flue
1998 1644 2062 1678 quod
2076 1646 2151 1670 litera
2164 1644 2185 1671 F

1145 1691 1246 1711 notatus
1273 1657 1343 1716 effit,
1355 1682 1409 1717 fiue
1429 1682 1494 1718 quod
1508 1690 1592 1707 nomen
1605 1681 1696 1712 Fenus
1703 1679 1733 1704 ab
1745 1679 1791 1705 hac
1803 1680 1878 1704 litera
1890 1681 1989 1714 incipit.

1180 1725 1199 1744 D
1210 1725 1219 1744 1
1229 1725 1251 1744 G
1260 1717 1312 1744 ᾸΜ
1322 1726 1342 1744 V
1351 1726 1466 1750 S‚a,um.
1488 1716 1548 1742 Adi.
1583 1713 1711 1749 [δῖγοιμος]
1731 1714 1782 1749 Qu*
1795 1713 1858 1739 duas
1869 1712 1942 1739 duxit
1955 1722 2052 1740 uxores.
2088 1714 2186 1740 Hiero-

1144 1762 1215 1785 nym.
1229 1758 1319 1778 contra
1332 1753 1433 1779 Ionian.
1447 1753 1511 1779 Non
1519 1751 1614 1777 damno
1630 1749 1757 1784 digamos.
1794 1749 1835 1776 sic
1849 1748 1960 1782 Digama
1973 1749 2070 1775 mulier
2082 1749 2188 1783 dicitur,

1145 1789 1213 1812 (mae
1232 1786 1292 1812 duos
1310 1788 1395 1813 habuit
1416 1790 1520 1814 maritos
1543 1786 1656 1812 Hieron.
1676 1785 1722 1819 Ep.
1735 1792 1751 1810 2
1765 1790 1830 1812 extr.
1866 1784 1934 1811 Add.
1948 1791 1971 1811 et
1984 1784 2102 1811 Tertull.
2119 1785 2184 1811 Exh.

1145 1813 1179 1848 {d
1191 1821 1307 1848 Castitat.
1320 1831 1341 1847 c.
1354 1829 1380 1856 7.

1183 1863 1201 1893 13
1213 1863 1221 1882 1
1231 1862 1252 1882 G
1261 1863 1282 1882 Α
1290 1863 1315 1882 Μ
1324 1864 1333 1882 1
1344 1864 1365 1883 A
1374 1876 1381 1887 ‚
1402 1866 1439 1884 ae.
1457 1857 1476 1883 f.
1511 1858 1625 1884 Alterum
1637 1858 1829 1886 matrimonium,
1843 1854 1868 1890 s
1884 1854 1971 1890 duplex
1983 1853 2050 1881 adeo.
2071 1854 2185 1882 Hieron.

1146 1898 1238 1918 eontra
1250 1891 1354 1918 Ionian.
1370 1901 1388 1924 1,
1401 1898 1423 1922 8.
1459 1892 1578 1919 Tei-tull.
1592 1892 1624 1918 de
1636 1893 1745 1924 Monog.
1759 1899 1781 1916 c.
1797 1893 1813 1916 6
1827 1896 1850 1915 et
1864 1895 1886 1919 8.

1182 1933 1201 1953 D
1210 1935 1219 1954 1
1229 1933 1250 1953 G
1259 1934 1275 1953 E
1283 1934 1305 1953 N
1313 1934 1334 1953 T
1343 1935 1352 1954 1
1361 1934 1383 1954 A
1391 1948 1400 1960 ,
1419 1937 1458 1955 ae.
1478 1928 1497 1954 f.
1533 1929 1594 1954 Riui
1605 1935 1689 1952 nomen
1701 1925 1863 1952 Horatianae
1875 1924 1948 1950 villae
1955 1927 2077 1959 proximi,
2099 1925 2128 1952 de
2140 1935 2186 1962 quo

1146 1963 1198 1998 ipse
1211 1965 1238 1987 in
1253 1963 1272 1988 Ε
1292 1962 1331 1988 ist.
1346 1971 1367 1995 1,
1381 1968 1416 1995 18,
1431 1972 1479 1995 104
1499 1964 1543 1989 Me
1556 1961 1661 1996 quoties
1673 1961 1759 1987 reficit
1773 1959 1875 1994 gelidus
1887 1960 2008 1992 Digentia
2022 1960 2114 1987 Riuus.

1182 2003 1200 2023 D
1212 2004 1222 2022 1
1234 2003 1254 2024 G
1291 2003 1354 2028 Ro,
1374 1997 1416 2030 ffi,
1435 1998 1516 2029 stum,
1544 1999 1597 2023 erc.
1633 1995 1764 2029 Differre,
1781 1999 1808 2021 in
1838 1994 1949 2030 diuersas
1976 2001 2063 2029 partes
2093 2004 2186 2031 gerere.

1146 2029 1283 2068 [διαφέρω
1302 2030 1436 2068 διαφορὲω]
1472 2033 1537 2058 Plin.
1552 2031 1630 2066 Epist.
1644 2036 1666 2062 8,
1681 2039 1725 2063 20,
1739 2033 1756 2056 6
1775 2030 1845 2056 Haec
1859 2029 1892 2055 ab
1906 2030 1981 2055 omni
1997 2029 2078 2056 latere
2089 2032 2189 2066 perspi.

1146 2068 1230 2100 citur,
1250 2068 1341 2094 eadem
1352 2076 1418 2102 aqua
1435 2068 1533 2102 pariter
1546 2066 1663 2099 suspensa
1670 2070 1696 2091 et
1714 2066 1806 2091 mersa.
1843 2064 1976 2091 interdum
1990 2065 2094 2092 inustae
2108 2076 2187 2101 copu-

1145 2103 1282 2138 lataeque,
1299 2108 1325 2128 et
1339 2103 1498 2128 continentis
1511 2102 1607 2128 fimiles
1627 2105 1709 2126 eunt:
1742 2099 1876 2127 interdum
1897 2099 2106 2128 discordantibus
2125 2111 2188 2128 ven-

1146 2138 1180 2165 tis
1194 2137 1360 2171 digeruntur.
1394 2145 1583 2171 nonnunquam
1595 2136 1730 2162 destitutae
1743 2135 1935 2170 tranquillitate
1952 2136 2065 2163 fluitant.
2122 2137 2187 2164 Plin.

1149 2182 1183 2204 11,
1196 2181 1227 2207 37
1246 2173 1345 2199 Cibum
1358 2172 1482 2207 digerunt
1494 2172 1584 2199 dentes
1597 2171 1644 2197 lati
1657 2178 1683 2197 et
1695 2171 1782 2203 acuti,
1802 2174 1819 2197 i.
1834 2170 1958 2197 dimidiant.
1994 2171 2062 2198 Idem
2074 2175 2137 2199 enim
2150 2173 2189 2199 di-

1146 2211 1182 2235 cit
1195 2208 1268 2243 quod
1281 2207 1337 2235 Cic.
1352 2207 1383 2234 de
1396 2209 1431 2235 N.
1446 2209 1478 2234 D.
1498 2216 1529 2241 2,
1543 2216 1587 2241 ¹34
1609 2208 1709 2233 Eorum
1734 2206 1833 2233 aduerfi
1859 2206 1929 2233 acuti
1955 2208 2044 2233 morsu
2062 2207 2188 2235 diuidunt

1149 2245 1225 2271 escas.
1296 2243 1365 2270 Cels.
1379 2245 1499 2270 Prooem.
1536 2263 1542 2270 .
1578 2243 1605 2269 Si
1624 2251 1720 2276 corpus
1733 2241 1884 2268 adstrictum
1897 2242 1933 2273 est
1948 2241 2119 2277 digerendum
2139 2245 2187 2270 else

1147 2280 1188 2313 (i.
1201 2279 1351 2312 laxandum,
1370 2278 1508 2314 diffipanda
1520 2278 1654 2312 concreta)
1669 2277 1688 2303 li
1703 2277 1836 2311 profluuio
1851 2277 1970 2310 laborat,
1989 2278 2188 2306 continendum.

1148 2316 1186 2342 Id.
1200 2323 1225 2347 2,
1240 2322 1266 2347 15
1282 2314 1311 2340 de
1342 2312 1472 2348 estatione,
1491 2314 1535 2341 Ne
1553 2320 1598 2340 aut
1616 2311 1781 2339 imbecillum
1800 2313 1937 2339 hominem
1959 2314 2039 2340 nimis
2058 2314 2189 2349 digerant,

1149 2356 1194 2377 aut
1209 2350 1307 2376 humili
1339 2350 1411 2376 elint.
1465 2351 1497 2376 Et
1510 2358 1532 2381 2,
1546 2357 1575 2383 17
1590 2355 1654 2375 extr.
1669 2348 1718 2375 His
1731 2348 1854 2375 omnibus
1867 2357 2006 2375 commune
2019 2349 2054 2375 est
2068 2349 2189 2385 digerere

1148 2384 1192 2418 id,
1212 2385 1284 2420 quod
1297 2385 1340 2412 vel
1353 2385 1505 2419 praecordia
1517 2391 1626 2417 oneret,
1643 2384 1686 2410 vel
1701 2384 1788 2410 fauces
1801 2384 1959 2418 strangulet,
1986 2384 2027 2410 vel
2049 2385 2079 2410 in
2095 2385 2187 2419 aliquo

1148 2422 1270 2448 membro
1283 2425 1368 2447 nocet.
1438 2421 1469 2447 Et
1482 2428 1504 2453 5,
1519 2425 1554 2452 18,
1568 2425 1581 2450 8
1600 2420 1772 2454 Praecipuum
1790 2421 1912 2456 malagma
1929 2419 1965 2445 est
1983 2418 2016 2445 ad
2034 2420 2188 2446 resoluenda

1148 2464 1216 2491 quae
1229 2455 1352 2483 adstri&a
1365 2457 1440 2488 sunt,
1459 2455 1686 2490 mollienda,quae
1699 2455 1764 2481 dura
1777 2456 1850 2486 sunt,
1871 2453 2025 2487 digerenda,
2047 2463 2113 2488 quae
2129 2457 2188 2481 coe-

1149 2497 1204 2519 unt.
1257 2491 1325 2518 Add.
1339 2499 1361 2525 5,
1370 2497 1404 2524 18,
1414 2500 1444 2519 11.
1499 2491 1540 2518 Sic
1548 2491 1664 2526 2,14fin.
1685 2488 1859 2529 defric‘lione‚
1880 2489 1951 2522 Opus
1965 2489 2000 2514 est
2013 2497 2092 2522 quam
2106 2490 2187 2523 pluri-

1148 2536 1222 2554 mum
1238 2528 1364 2553 materiae
1378 2526 1473 2561 digeri.
1545 2527 1576 2552 Et
1589 2533 1612 2558 5,
1627 2530 1652 2554 18
1672 2525 1790 2557 Satisque
1804 2523 1893 2549 omnia
1910 2523 2072 2562 abscedentia
2090 2524 2187 2559 digerit

1148 2571 1242 2589 murex
1257 2562 1406 2588 combustus
1420 2568 1465 2587 etc.
1537 2562 1568 2586 Et
1581 2568 1608 2591 2,
1620 2567 1646 2591 33
1661 2565 1725 2585 extr.
1744 2559 1818 2591 Quae
1839 2558 1996 2586 calefaciunt
2012 2564 2038 2585 et
2056 2559 2187 2594 digerunt,

1148 2607 1178 2624 ea
1191 2597 1341 2624 emolliunt.
1378 2597 1446 2621 Haec
1460 2595 1489 2620 de
1501 2593 1633 2629 digestione
1646 2599 1670 2618 et
1681 2592 1836 2654 dij-{parione
1844 2593 1964 2628 fizlutari.
2008 2594 2055 2621 Sed
2066 2598 2138 2621 etiam
2146 2604 2189 2622 no-

1148 2631 1341 2667 xamfigrzi'ficat
1353 2630 1419 2657 Cels.
1436 2630 1556 2655 Prooem.
1570 2638 1594 2662 p.
1610 2637 1637 2661 19
1657 2628 1718 2654 Aliu
1751 2626 1785 2661 2st
1804 2629 1898 2654 sudore
1916 2628 2016 2663 digeri,
2036 2630 2109 2656 aliud
2127 2631 2186 2657 tabe

1149 2666 1278 2693 consumi.
1350 2667 1381 2691 Et
1394 2674 1412 2697 1,
1424 2673 1441 2697 9
1457 2671 1520 2691 extr.
1541 2664 1622 2690 Calor
1634 2663 1835 2689 concoctionem
1847 2662 1986 2698 prohibet,
2009 2666 2128 2692 somnum
2143 2675 2187 2692 au-

1149 2702 1216 2733 fert,
1237 2701 1332 2727 sudore
1346 2700 1459 2735 digerit,
1476 2699 1625 2725 obnoxium
1655 2698 1756 2724 morbis
1779 2698 1960 2733 pestilentibus
1983 2709 2075 2734 corpus
2098 2699 2186 2728 efficit.

1148 2737 1245 2764 Medica
1257 2739 1340 2771 itaque
1353 2743 1376 2761 et
1383 2737 1465 2770 perite
1475 2736 1571 2760 locutus
1584 2731 1617 2766 1st
1636 2734 1731 2760 Lucan.
1745 2736 1772 2766 6,
1785 2739 1813 2764 88
1835 2735 1954 2769 Corpora
1970 2735 2031 2762 dum
2052 2736 2132 2763 soluit
2151 2744 2187 2763 ta-

1147 2772 1193 2798 bes
1208 2777 1234 2797 et
1246 2771 1343 2805 digerit
1355 2778 1434 2796 artus.
1505 2769 1587 2796 Ouid.
1601 2770 1665 2796 Met.
1681 2777 1719 2802 14,
1736 2771 1789 2802 469
1815 2770 1902 2803 Qiam
1916 2771 2010 2797 metuit
2023 2780 2134 2806 poenam
2148 2773 2187 2798 so-

1149 2807 1203 2838 lus,
1223 2806 1322 2840 digeffit
1334 2806 1362 2832 in
1375 2813 1475 2831 omneS.
1670 2802 1690 2866 ἲ
1712 2814 1725 2831 2
1761 2805 1891 2840 speciatim
1904 2806 2029 2840 Digerere
2042 2806 2074 2840 est
2087 2817 2123 2834 res
2132 2818 2186 2834 con-

1142 2841 1236 2877 foſsis,
1253 2841 1338 2868 ordine
1351 2840 1454 2877 quodam
1470 2845 1494 2865 et
1505 2842 1531 2865 in
1538 2839 1586 2875 sua
1598 2841 1665 2866 velut
1688 2841 1838 2867 oculamenta
1851 2840 2002 2873 distribuere.
2039 2844 2096 2869 Vct.
2106 2843 2186 2869 Gloss'.

44 2873 167 2899 diffusum
179 2872 284 2899 doliari.
326 2872 424 2899 Vinum
437 2871 560 2898 diffusum
580 2872 709 2912 (pler-ique
721 2872 858 2905 defusum)
879 2883 892 2900 e
912 2874 1007 2908 pleno,
1026 2876 1078 2901 Lu·
1093 2875 1125 2903 73
1148 2877 1267 2911 Digerst,
1282 2886 1448 2908 κατατοισσσ,
1464 2873 1549 2901 διοικεῖ.
1585 2875 1626 2902 Sic
1649 2875 1733 2902 Cibus
1754 2876 1852 2902 dicitur
1873 2876 1973 2910 digeri,
1993 2879 2010 2903 i.
2032 2884 2077 2913 per
2090 2880 2187 2905 canales

1140 2913 1202 2950 ficos
1213 2912 1351 2948 dispensari
1365 2910 1475 2945 Qiine't.
1491 2919 1528 2942 10,
1543 2919 1563 2942 1,
1578 2919 1615 2943 19.
1652 2917 1676 2937 et
1690 2920 1720 2944 11,
1732 2920 1757 2945 2,
1770 2919 1806 2945 35.
1878 2912 1944 2939 Cels.
1957 2913 2077 2939 Prooem.
2104 2914 2187 2940 Cibus

1148 2955 1174 2974 et
1187 2948 1261 2982 potio
1275 2948 1304 2974 in
1317 2956 1408 2974 omnes
1421 2945 1602 2973 membrorum
1621 2953 1704 2980 partes
1722 2947 1888 2981 digeruntur.
1957 2948 2014 2974 Scn.
2033 2949 2160 2976 Controu.
2175 2957 2186 2975 1

1152 2984 1273 3011 Prooem.
1292 2983 1350 3009 Post
1363 2991 1471 3009 coenam
1490 2982 1547 3007 sero
1566 2981 1737 3014 lucubrabat,
1757 2991 1805 3009 nec
1825 2982 1974 3017 patiebatur
1997 2983 2122 3011 alimenta
2141 2993 2187 3019 per

1149 3019 1269 3045 somnum
1282 3020 1451 3053 quietemque
1470 3016 1615 3051 aequaliter
1634 3017 1734 3051 digeri,
1750 3018 1793 3044 sed
1813 3018 1963 3052 perturbata
1982 3024 2006 3044 et
2026 3019 2138 3053 dissipata
2158 3021 2187 3046 in

1150 3061 1225 3089 caput
1240 3054 1342 3088 agebat.
1411 3053 1537 3087 Digerere
1551 3053 1579 3078 in
1593 3052 1707 3087 pastillos
1726 3053 1792 3079 Plin.
1808 3062 1843 3085 12,
1855 3061 1898 3088 27.
1935 3055 1965 3079 111
1979 3060 2063 3088 partes
2080 3055 2117 3081 Id.
2126 3064 2150 3086 2,
2158 3062 2184 3088 7.

1149 3089 1264 3116 Martial.
1282 3098 1318 3122 12,
1334 3098 1368 3124 34
1388 3089 1418 3116 Et
1434 3089 1451 3115 fi
1466 3088 1576 3114 calculus
1590 3089 1676 3115 omnis
1692 3088 1742 3115 huc
1762 3095 1787 3114 et
1811 3088 1876 3114 illuc
1911 3089 2050 3121 Diuersus,
2071 3089 2186 3116 bicolor-

1149 3135 1200 3160 que
1214 3125 1356 3159 digeratur.
1462 3124 1537 3158 Virg.
1551 3124 1615 3150 Aen.
1628 3133 1650 3156 3,
1664 3127 1719 3157 446
1738 3125 1915 3158 Qiaecunque
1928 3124 1955 3150 in
1968 3124 2041 3151 foliis
2054 3125 2185 3158 descripfit

1149 3161 1264 3187 carmina
1277 3161 1372 3194 virgo,
1407 3160 1511 3193 Digerit
1525 3159 1552 3185 in
1564 3168 1718 3192 numerum,
1736 3162 1754 3185 i.
1769 3158 1886 3192 ordinat,
1904 3159 2020 3195 disponit.
2060 3162 2100 3187 Sic
2109 3161 2185 3193 Qrae

1149 3196 1218 3230 apud
1237 3196 1304 3222 alios
1324 3196 1401 3222 latius
1420 3195 1511 3221 diffusa
1532 3195 1605 3227 sunt,
1625 3204 1704 3229 quam
1721 3200 1749 3221 vt
1764 3193 1882 3220 breuiter
1895 3195 2016 3229 cognosci
2031 3194 2135 3228 poll'int,
2151 3195 2185 3222 ab

1149 3231 1296 3258 illustribus
1314 3231 1396 3257 ele&a
1418 3229 1571 3257 auctoribus
1600 3230 1719 3264 digerere
1742 3230 1865 3256 constitui
1891 3231 1950 3257 Val.
1973 3231 2043 3256 Max.
2066 3230 2134 3256 Prol.
2155 3240 2184 3257 ex

1149 3267 1314 3293 emendatione
1327 3265 1430 3300 Meurfit
1443 3269 1470 3292 in
1481 3264 1603 3298 Mantiffiz
1614 3265 1648 3292 ad
1661 3267 1690 3291 L.
1703 3265 1732 3291 de
1743 3266 1814 3292 Luxu
1823 3274 1844 3291 c.
1859 3275 1895 3300 25.
1984 3265 2064 3291 Ouid.
2080 3266 2099 3292 F
2101 3265 2144 3292 ast.
2158 3275 2186 3298 2,

1150 3304 1197 3335 625
1218 3302 1327 3335 Procul,
1345 3312 1360 3328 a
1379 3299 1505 3334 caristiis,
1524 3301 1621 3335 impius
1642 3301 1696 3327 esto
1731 3315 1776 3320 -—-
1811 3301 1862 3327 Cui
1879 3305 1952 3334 pater
1967 3300 2003 3325 est
2023 3300 2117 3333 viuax,
2136 3302 2186 3336 qui

1150 3339 1241 3364 matris
1256 3337 1353 3372 digerit
1367 3338 1456 3364 Annos
1523 3338 1556 3363 Vt
1569 3337 1632 3362 Met.
1648 3345 1666 3367 1,
1676 3341 1719 3369 ¹48
1738 3335 1820 3362 Filius
1833 3342 1891 3362 ante
1904 3335 1972 3361 diem
1985 3337 2083 3368 patrios
2095 3337 2184 3371 inqui-

1151 3374 1188 3400 rit
1200 3374 1228 3399 in
1242 3382 1331 3400 annos.
1403 3373 1511 3399 Causam
1524 3372 1552 3398 in
1566 3377 1650 3405 partes
1678 3371 1807 3405 Qrintffil.
1819 3379 1852 3402 11,
1865 3379 1882 3401 1,
1896 3373 1920 3396 6.
1968 3371 2182 3398 Commentarios

1151 3410 1180 3435 in
1194 3409 1278 3435 libros
1298 3409 1335 3435 Id.
1353 3417 1391 3441 10,
1404 3416 1429 3442 7,
1443 3416 1482 3440 30.
1535 3407 1668 3440 Qrinffil.
1682 3416 1716 3439 11,
1728 3416 1750 3439 3,
1766 3415 1808 3439 114
1832 3407 1924 3432 Manus
1939 3405 2037 3432 sinistra
2049 3415 2185 3442 nunquam

1152 3445 1207 3471 sola
1219 3444 1291 3471 reete
1305 3444 1404 3478 gestum
1421 3442 1484 3469 facit
1500 3453 1506 3469 z
1542 3443 1647 3469 dextrae
1664 3443 1690 3468 se
1709 3442 1861 3475 frequenter
1878 3441 2073 3475 accommodat,
2088 3442 2140 3469 siue
2154 3444 2185 3469 in

1152 3480 1250 3515 digitos
1262 3485 1414 3514 argumenta
1430 3478 1589 3513 digerimus,
1608 3478 1661 3504 fiue
1674 3476 1767 3504 auerlis
1781 3477 1808 3502 in
1828 3476 1955 3502 finistrum
1973 3477 2066 3511 palmis
2081 3478 2184 3504 abomi-

1153 3524 1262 3547 namur,
1282 3523 1327 3542 etc.
1397 3515 1458 3541 Liu.
1472 3522 1492 3545 2,
1506 3522 1535 3540 21
1553 3514 1638 3540 Tanti
1653 3521 1754 3539 errores
1769 3511 1905 3545 implicant
1924 3517 2088 3546 temporum,
2106 3514 2185 3541 aliter

1153 3550 1221 3585 apud
1246 3551 1312 3577 alios
1333 3549 1461 3577 ordinatis
1486 3548 1695 3583 magistratibus,
1715 3552 1744 3573 vt
1762 3555 1808 3572 nec
1827 3546 1873 3580 qui
1892 3547 2017 3575 Consules
2042 3548 2184 3576 secundum

1153 3585 1296 3621 quosdam,
1315 3595 1362 3612 nec
1375 3585 1440 3621 quid
1453 3593 1559 3620 quoque
1574 3593 1641 3610 anno
1654 3583 1739 3609 actum
1754 3581 1800 3614 fit,
1819 3582 1846 3608 in
1860 3588 1929 3610 tanta
1943 3583 2068 3610 vetustate
2082 3594 2134 3611 non
2143 3593 2183 3611 re-

1152 3630 1212 3648 rum
1226 3621 1319 3653 modo,
1339 3621 1381 3647 sed
1397 3621 1476 3647 etiam
1488 3619 1624 3646 auCtorum
1637 3618 1756 3652 digerere
1768 3616 1850 3651 possis.
1956 3619 2182 3653 Columel.10,165

1151 3657 1200 3683 Tu
1212 3657 1287 3691 cinge
1305 3666 1421 3688 comam,
1441 3662 1470 3682 tu
1483 3655 1572 3689 digere
1586 3654 1687 3680 Crines.
1756 3652 1812 3679 Cic.
1824 3652 1856 3679 de
1867 3653 1971 3680 Inuent.
1986 3663 2012 3687 1,
2025 3663 2061 3688 49
2083 3656 2184 3682 Nume-

1152 3701 1196 3718 ros
1209 3698 1233 3718 et
1246 3691 1339 3718 modos
1352 3698 1377 3719 et
1389 3697 1472 3726 partes
1486 3688 1682 3724 argumentandi
1695 3688 1802 3714 confuse
1821 3696 1846 3714 et
1864 3689 1985 3723 permiste
2004 3690 2167 3724 dispersimus
2177 3701 2185 3716 :

1152 3727 1208 3762 post
1222 3727 1331 3754 discrete
1343 3733 1369 3754 et
1380 3726 1464 3753 electe
1476 3726 1504 3751 in
1516 3733 1593 3759 genus
1607 3723 1730 3758 quodque
1743 3724 1830 3750 causae
1843 3724 1907 3759 quid
1921 3726 2015 3759 cuique
2034 3727 2183 3757 conueniat,

1598 3760 1709 3785 Exortus
1729 3765 1754 3785 et
1766 3760 1867 3786 occasus
1880 3759 1991 3786 siderum
2005 3760 2140 3795 digerendi
2154 3761 2183 3786 in

1152 3799 1211 3825 suos
1225 3798 1279 3825 dies
1297 3799 1362 3824 Plin.
1379 3803 1414 3829 18,
1427 3805 1467 3829 24.
1522 3795 1552 3820 In
1567 3794 1694 3821 formulas
1706 3794 1826 3829 digerere
1844 3794 1962 3822 Scribon.
1977 3804 2018 3830 72.
2036 3804 2083 3821 110.
2138 3797 2181 3821 Ius

1150 3834 1231 3860 ciuile
1243 3833 1362 3868 digerere
1376 3834 1403 3859 in
1416 3839 1509 3866 genera
1527 3829 1581 3856 Cic.
1596 3829 1628 3856 de
1640 3830 1714 3857 Orat.
1730 3839 1748 3861 1,
1765 3839 1811 3863 190
1824 3839 1846 3856 c.
1859 3839 1902 3863 42.
2007 3829 2045 3857 Id.
2066 3839 2114 3864 pro
2134 3831 2183 3856 Ra-

1151 3869 1202 3895 bir.
1217 3869 1282 3896 Post.
1298 3878 1324 3900 23
1365 3866 1528 3893 Demetrium
1542 3871 1567 3891 et
1581 3874 1612 3892 ex
1626 3865 1737 3900 Republ.
1751 3865 1876 3898 Athenis,
1896 3875 1973 3900 quam
1986 3866 2088 3899 optime
2100 3865 2180 3898 diges-

1151 3905 1231 3936 serat,
1253 3910 1278 3930 et
1291 3913 1322 3929 ex
1336 3902 1455 3928 doctrina
1466 3900 1583 3927 nobilem
1598 3907 1623 3928 et
1636 3901 1750 3933 clarum,
1766 3908 1812 3927 etc.
1881 3901 1936 3927 Cic.
1947 3902 2007 3927 Ver.
2020 3901 2136 3926 Diuinat.
2147 3901 2182 3924 60

49 3929 93 3966 ss·
129 3931 231 3968 0¹⁰²9's-
239 3932 324 3959 Halic.
337 3933 426 3967 Amfi-
442 3932 575 3967 Rom-1³²⁰
594 3932 662 3960 Tin
674 3932 699 3961 δ’
710 3938 735 3967 ἦν
747 3936 820 3974 ὥσπερ
832 3938 929 3973 γάμμα
941 3937 1031 3967 lii-rurs
1043 3940 1085 3967 ἕπε’
1094 3946 1138 3972 105¹
1149 3939 1243 3968 Habeo
1258 3944 1284 3967 et
1297 3938 1369 3967 istius
1387 3943 1412 3965 et
1422 3937 1503 3973 patris
1515 3937 1572 3965 eius
1584 3937 1697 3973 acccepti
1708 3935 1810 3965 tabula*
1826 3944 1936 3968 omnen
1955 3942 2018 3969 <lu-²⁵
2038 3934 2181 3969 diligentis-

1454 3972 1478 4001 Χ
1516 3980 1534 4000 2.

2117 3968 2181 3997 fimo
