2479 4225
226 171 304 211 1187
598 156 614 195 l
704 149 752 194 N
834 154 877 194 T
1300 200 1303 202 ¹
1709 152 1735 193 -1
1820 152 1865 192 N
1951 152 1996 192 T
2290 159 2378 199 1188

262 250 527 274 iNTERMVan
538 249 608 276 VM,
627 242 646 270 i.
671 252 697 270 n.
734 241 931 277 [μισοκόσμιον]
968 239 1081 276 Spatium
1099 243 1166 267 inter
1179 240 1266 276 plures
1331 250 1378 275 32,
1399 249 1424 270 et
1443 243 1539 270 dicitur
1557 239 1703 278 fignificat-e
1749 250 1832 267 uerum
1855 243 2009 267 meritorium
2028 247 2053 268 et
2075 242 2239 278 impudicum:
2264 241 2378 278 quorfiim

226 282 327 310 mundos
345 278 510 307 interiec‘ium.
552 279 608 306 Cic.
620 279 652 305 de
666 279 724 306 Fin.
739 287 764 310 2,
777 286 804 311 71
834 274 978 302 Indiuidua
991 285 1074 310 quum
1088 276 1175 303 dicitis
1189 282 1214 302 et
1226 277 1267 303 in-
1331 279 1408 305 multa
1422 278 1456 304 ibi
1470 279 1600 315 disputant
1613 280 1667 304 uiri
1679 277 1708 302 do
1737 280 1756 302 ι’.
1791 275 1841 303 Sed
1852 280 1939 302 merito
1951 275 2031 302 edidit
2042 278 2127 304 Burm.
2145 278 2235 305 Video
2248 278 2378 312 quosdam

229 316 393 347 (ermundiQ
411 323 476 348 quac
489 323 536 340 nec
550 316 607 340 sunt
620 315 689 346 vlla,
709 322 754 339 nec
770 311 872 345 possunt
886 311 934 336 esse
947 311 1130 346 intelligimus.
1189 312 1265 338 Idem
1333 313 1402 340 inter
1415 314 1507 340 titulos
1525 314 1660 347 nudasque
1673 311 1825 338 meretrices
1845 312 1940 338 furtim
1960 312 2158 346 conspatiantes.
2194 314 2278 340 Multo
2296 315 2378 339 minus

229 353 262 379 de
274 352 309 378 N.
323 352 353 377 D.
370 359 390 382 1,
406 355 430 379 18
444 359 465 376 c.
479 355 492 380 8
502 356 547 385 pr.
572 350 713 384 Tanquam
726 346 807 374 modo
822 354 853 372 ex
867 345 979 373 deorum
992 347 1108 374 concilio
1122 352 1148 374 et
1161 356 1193 374 ex
1208 348 1268 382 Epi·
1327 348 1517 383 probabilitatis
1535 349 1622 381 habet,
1635 347 1699 384 quod
1716 347 1836 382 adfertur
1854 356 1882 372 ex
1902 347 1978 381 Apul.
1992 347 2024 373 de
2039 348 2097 373 Deo
2109 348 2179 374 Socr.
2193 358 2218 383 p.
2231 357 2279 383 44,
2293 356 2324 380 41
2335 347 2379 374 vbi

230 387 288 414 curi
302 384 488 412 intermundiis
505 385 678 411 descendisset.
1291 387 1306 415 ς
1332 382 1399 410 reste
1414 383 1620 418 Elmenhorstius‚
1639 384 1670 410 Et
1688 383 1792 409 fortaffe
1813 391 1846 409 an
1860 382 1930 408 inter
1944 383 2059 409 Graecos
2076 383 2176 418 praelio
2194 384 2327 418 cognitos:
2351 387 2380 409 at
2404 388 2408 393 ¹

266 429 275 447 1
286 428 307 447 N
318 427 341 447 Τ
351 428 367 447 Ε
375 426 394 446 R
402 427 427 446 M
439 427 459 446 V
469 427 488 446 R
497 422 520 447 Ᾱ
529 428 545 446 L
555 427 563 445 1
574 428 602 452 5,
620 429 643 445 e.
663 416 723 443 Adi.
760 415 821 442 Liu.
832 424 880 449 44,
892 418 928 449 46
940 416 975 442 ad
981 416 1060 452 finem
1068 438 1075 444 .
1099 419 1181 445 Muto
1193 418 1268 445 vrbis
1333 419 1404 445 inter
1417 419 1529 446 Rutulos
1540 428 1629 447 recens
1649 418 1767 453 cognitos
1779 417 1797 444 fi
1811 426 1892 444 nemo
1904 417 1967 444 huie
1985 418 2066 452 capiti
2084 417 2236 451 crediderit,
2257 426 2303 445 etc.
2325 419 2380 444 Ha-

232 454 371 484 coniun&a
390 455 482 489 procul
501 456 620 482 videtur:
657 452 741 478 diuisa
760 451 796 478 est
816 453 985 479 intermurali
1004 454 1101 487 amni,
1127 459 1153 480 et
1176 453 1268 481 eadem
1332 454 1388 481 beat
1405 457 1488 489 itaque
1499 455 1561 490 ficos
1578 454 1758 482 internuculos
1777 453 1902 480 Pithoeus
1920 454 1988 482 Hor.
2007 453 2110 480 Subsec.
2124 462 2151 487 2,
2166 462 2195 479 10
2213 461 2238 480 cc
2257 453 2380 480 Nuculos

234 498 313 527 ponte
330 491 429 517 iuncta.
816 521 822 527 ·
1327 490 1389 527 suos
1403 489 1492 517 Turn.
1506 499 1550 524 21,
1565 495 1606 520 28.
2245 519 2247 521 ,
2300 523 2308 529 -

267 529 611 554 1NTERMVTATVS,
631 531 661 555 a,
681 531 737 548 um.
771 521 833 548 Adi.
874 522 1007 557 impolitis
1038 529 1065 551 et
1091 523 1269 551 intermutatis
1372 531 1758 552 INTERNVNniNIVM
1772 543 1781 555 ,
1813 524 1855 550 vel
1883 530 2248 551 INTERNVNDINVM
2262 542 2272 557 ,
2298 531 2317 550 i.
2351 533 2380 551 n.

231 561 352 589 manibus
372 560 490 588 Tertull.
508 558 538 585 de
551 558 623 592 Bapt.
638 567 659 584 e.
672 562 694 587 8.
720 560 739 584 i.
765 556 907 591 decuffiztim
921 558 1027 594 positis,
1049 559 1140 586 dextra
1160 563 1189 586 in
1205 560 1270 594 fini·
1287 571 1318 591 10
1334 559 1463 596 Spatium,
1485 561 1549 596 quod
1569 562 1639 588 inter
1660 559 1790 586 nundinas
1812 557 1845 592 est
1857 578 1866 592 ,
1884 567 2051 589 uocauerunt,·
2080 566 2111 586 vt
2133 559 2382 592 Intermenstruuin,

224 596 309 631 strum
321 604 345 623 et
362 606 387 622 v.
402 606 427 622 υ.
1334 595 1408 631 Qeod
1417 598 1484 622 inter
1497 597 1596 632 menses.
1631 597 1717 622 Varro
1732 594 1798 630 apud
1809 595 1882 621 Non.
1898 603 1921 626 3,
1936 603 1978 628 ¹45
2006 595 2121 629 Qioties
2134 595 2233 629 priscus
2251 594 2334 621 homo
2350 604 2381 622 ac

269 639 278 658 1
290 640 312 659 N
322 638 342 658 T
351 639 367 658 Ε
377 639 395 657 R
405 637 455 657 NA
465 636 477 655 S
487 634 503 654 C
515 634 533 654 O
542 634 561 654 R
570 647 578 659 ‚
605 631 680 654 natus
694 628 766 659 sum,
783 628 861 654 nasci.
890 629 956 663 Dep.
998 631 1012 664 [
1019 627 1203 665 ὢαγιννοέσμωι]
1239 632 1272 658 1η
1335 631 1447 658 rusticus
1471 631 1603 659 Romanus
1634 631 1824 658 internundino
1855 630 1965 656 barbam
1997 631 2114 657 radebat.
2168 630 2288 657 Lucilius
2309 629 2380 656 ibid.

231 668 311 696 medio
324 667 399 702 nasci.
435 664 498 689 Plin.
513 668 547 694 18,
560 665 588 689 16
619 664 874 698 Internaseentesque
888 663 982 691 herbas
994 665 1106 692 excludi.
1335 668 1483 693 Paucorum
1502 673 1580 702 atque
1598 667 1648 693 hoc
1668 665 1745 701 padio
1757 666 1776 692 si
1795 665 1865 692 nihil
1885 666 1969 700 gustat
1987 664 2215 692 internundinum.
2272 665 2381 692 Nonius

269 711 279 729 1
291 708 341 728 ΝΤ
352 707 368 726 Β
380 706 398 725 R
407 706 429 725 N
437 701 459 724 Ᾰ
468 704 490 724 Τ
502 705 522 723 ν
533 706 546 724 s
555 718 562 729 ‚
579 706 593 725 a
602 717 609 728 ‚
628 707 681 725 uni.
701 700 768 726 Part.
793 700 806 733 [
812 697 1030 735 διαγεγεννημένος]
1055 701 1147 728 Tacit.
1159 700 1228 728 Hist.
1242 711 1272 735 4,
1335 712 1385 728 non
1401 702 1459 728 bene
1471 701 1560 729 duobux
1578 702 1661 729 verbis
1679 700 1776 735 diuifim
1789 702 1862 728 Inter
1875 701 2039 734 nundinum,
2051 703 2113 737 legit
2132 707 2155 727 et
2167 701 2238 729 inter
2248 701 2381 728 nundino.

232 741 268 764 60
288 734 408 769 Virgulta
424 733 570 768 postremo,
583 740 608 760 ct
620 734 724 768 stirpes,
739 742 765 761 et
784 735 926 761 internatas
937 736 1004 763 saxis
1021 736 1116 763 herbas
1134 737 1272 770 vellentes,
1295 746 1323 773 ις
1335 739 1377 765 Sic
1389 744 1453 764 certe
1465 739 1571 765 Mercer.
1585 747 1610 772 p.
1625 747 1677 771 214,
1691 743 1729 766 28-
1766 736 1885 772 Gothosr.
1898 737 1968 763 inter
1983 737 2134 763 nundinum
2147 736 2195 763 his.
2248 737 2316 763 Mar.
2331 737 2381 763 Vi-

231 772 413 801 miseriarum,
429 769 623 803 patientiaeque
641 769 831 796 documentum
851 770 935 797 fuere.
1005 772 1067 799 Liu.
1082 778 1122 804 28,
1136 780 1153 798 2.
1182 773 1270 806 Angu-
1335 773 1435 800 &crim
1449 772 1482 799 de
1494 773 1620 808 Orthogr.
1634 783 1659 808 p.
1674 774 1742 806 2469
1756 778 1822 798 extr.
1854 772 2060 799 Internundium
2078 771 2247 798 scribendum
2259 778 2288 798 vt
2299 772 2382 799 inter-

229 807 294 834 stiae
307 811 332 832 et
343 805 472 831 internata
484 804 598 839 virgulta
616 805 723 831 ordines
738 805 908 832 dirimebant.
976 806 1045 834 Plin.
1058 815 1098 844 17,
1113 815 1146 842 27
1171 808 1271 836 Dilata·
1335 809 1440 835 lunium
1460 814 1487 834 et
1508 809 1676 836 trinoelium:
1701 809 1746 840 ,ita
1764 808 2012 841 internundinium,
2026 808 2098 844 quod
2115 816 2216 834 nouem
2236 807 2292 834 dies
2309 808 2382 836 inter

228 848 271 869 tae
283 840 432 872 cicatrices,
445 845 471 866 et
489 840 620 866 internato
637 849 748 875 corpore
762 841 889 875 expletae.
1333 845 1360 871 se
1374 844 1516 870 continuos
1530 843 1638 877 habeat,
1654 853 1710 870 non
1723 843 1796 878 quod
1809 852 1882 870 nono
1896 843 1939 870 die
1952 843 1990 869 sit.

266 882 276 901 1
285 883 306 902 N
315 882 336 902 T
347 882 363 901 E
372 882 390 901 R
402 882 423 900 N
436 872 453 900 13
462 881 479 901 C
491 882 527 907 O,
548 876 639 902 necaui
652 882 675 901 et
689 876 781 908 necui,
798 883 920 903 necatum
934 882 958 902 et
969 876 1092 911 neeium,
1118 882 1170 906 are.
1200 879 1269 913 [δικ-
1367 887 1377 906 1
1389 886 1411 906 N
1425 885 1447 906 Τ
1460 886 1477 906 E
1486 886 1505 906 R
1515 886 1596 907 NVN
1607 887 1629 907 T
1639 886 1677 907 1V
1686 887 1699 906 s
1712 899 1721 911 ,
1747 879 1766 905 i.
1793 888 1828 905 m.
1860 879 1872 912 [
1886 876 1989 914 διάκτωρ
2003 880 2016 913 ]
2043 876 2092 911 esi,
2114 881 2199 913 inquit
2220 877 2384 914 Sipontinus,

228 910 333 945 φονεῦω]
371 909 505 945 Interficio.
539 910 621 937 Plaut.
635 911 730 945 Amph.
746 920 766 943 1,
781 920 802 943 1,
818 920 850 945 34
879 912 978 938 Duello
992 913 1122 940 exstinEm
1142 917 1269 946 maximo,
1279 928 1315 947 20
1333 916 1385 950 Qui
1397 917 1465 941 inter
1476 916 1539 942 alios
1550 915 1641 942 medius
1654 913 1701 948 est,
1713 914 1747 941 ad
1758 914 1856 949 aliquid
1866 913 2043 941 cruciandum:
2061 921 2085 940 et
2097 915 2167 940 modo
2178 914 2245 945 huic,
2258 913 2328 940 modo
2342 913 2382 940 iun·

227 953 306 980 atque
326 945 478 971 interneelis
496 945 624 971 hostibus.
679 947 735 973 Cic.
749 947 864 981 Philipp.
877 956 916 981 14,
931 957 943 979 7
963 957 984 974 c.
998 957 1011 981 3
1040 950 1186 976 Ιηεεηιεέὶὶ
1206 957 1269 977 nota
1330 958 1376 986 per
1393 953 1461 977 vices
1479 953 1589 978 nuntiat.
1630 951 1699 977 Ter.
1711 951 1776 977 Eun.
1791 959 1816 982 2,
1828 958 1854 981 2,
1866 952 1899 982 56
1927 949 1999 981 Eho,
2012 958 2138 975 numnam
2157 954 2186 976 tu
2208 948 2252 975 hic
2270 949 2382 976 reli&us

226 981 377 1008 testamenta
395 979 474 1007 credo
494 980 654 1013 subiiciunt,
666 982 715 1018 fid
731 982 844 1019 mendosa
864 983 938 1009 IeHio
956 982 999 1015 est.
1054 984 1144 1012 Editur
1158 996 1222 1012 ›iunc
1242 987 1271 1013 de
1333 986 1428 1018 custos,
1441 987 1540 1021 nequis
1553 987 1622 1013 forte
1636 986 1816 1013 internuntius
1830 985 1896 1012 clam
1909 994 1924 1011 a
1936 985 2025 1011 milite
2036 984 2068 1011 ad
2082 984 2285 1011 istameurfitet3
2322 985 2381 1012 Cic.

227 1018 342 1043 ferrarii·
362 1014 500 1048 testimonio
518 1022 542 1041 et
554 1017 698 1052 sententia,
718 1018 782 1044 Non
801 1018 901 1045 inustae
919 1018 985 1046 belii
1005 1019 1164 1048 internecini
1182 1028 1271 1050 notae.
1331 1022 1364 1048 ad
1377 1021 1472 1048 oetan.
1487 1025 1515 1048 16
1534 1023 1607 1056 Qiae
1620 1022 1730 1057 quidem
1752 1021 1770 1047 si
1782 1021 1857 1047 nullo
1878 1020 1952 1053 alio,
1964 1029 2006 1047 me
2020 1027 2109 1047 tamen
2127 1020 2296 1046 internuntio
2315 1020 2383 1047 cele-

225 1052 270 1079 Ne
283 1052 353 1078 forte
366 1051 485 1077 culmum
504 1051 571 1078 fibra
587 1052 673 1080 inanis
691 1054 806 1088 spiceum
819 1054 902 1081 Simul
920 1054 1025 1082 reuulsa
1041 1056 1189 1084 internecet
1207 1059 1270 1084 Pru·
1332 1058 1400 1089 riter
1412 1057 1444 1083 ad
1459 1057 1522 1083 illos
1531 1057 1690 1085 deferentur.
1746 1058 1820 1083 Caes.
1831 1057 1859 1083 B.
1873 1057 1905 1083 C.
1920 1065 1940 1087 1,
1951 1065 1985 1083 20
2014 1056 2072 1082 Post
2084 1055 2174 1090 paullo
2195 1061 2281 1082 tamen
2299 1055 2382 1083 inter-

225 1086 296 1113 dent.
310 1086 408 1121 Apoth.
428 1087 497 1121 prol.
513 1096 537 1116 v.
550 1096 596 1120 49.
1288 1104 1320 1131 25
1332 1093 1435 1119 nuntiis
1449 1093 1520 1120 vitro
1534 1093 1654 1129 citroque
1667 1092 1743 1119 miffis
1751 1113 1760 1125 ,
1782 1101 1849 1127 quae
1862 1091 2021 1127 ignorabant
2034 1092 2067 1118 de
2085 1092 2116 1117 L.
2130 1091 2248 1118 Domitii
2259 1092 2322 1126 fuga
2337 1100 2383 1117 co-

262 1130 271 1148 1
282 1130 304 1149 Ν
316 1129 338 1149 Τ
349 1130 366 1149 E
375 1130 394 1149 R
403 1129 424 1147 Ν
433 1129 449 1149 Ε
458 1128 475 1148 C
484 1124 524 1149 1’1)
533 1130 553 1149 A
562 1143 570 1155 ‚
587 1131 625 1150 ae.
644 1132 680 1149 m.
701 1124 789 1160 lnquit
802 1123 917 1151 Isidorus
931 1124 978 1152 lib.
992 1134 1021 1152 10
1036 1125 1098 1154 lit.I
1118 1137 1143 1162 p.
1152 1134 1224 1169 1078,
1232 1137 1269 1164 47
1331 1129 1469 1163 gnoscunt.
1543 1129 1675 1164 Responsa
1693 1137 1740 1164 per
1757 1128 1938 1154 internuntios
1951 1127 2012 1153 dare
2027 1127 2121 1153 Iustin-
2138 1135 2158 1159 1,
2173 1135 2196 1159 2,
2212 1135 2249 1152 12.
2323 1126 2382 1154 Cic.

225 1157 264 1184 est
275 1158 329 1192 Qui
344 1158 436 1184 falsum
458 1157 638 1184 testamentum
651 1159 731 1191 fecit,
750 1165 777 1186 et
799 1159 835 1186 ob
848 1160 876 1186 id
890 1160 1028 1187 hominem
1046 1163 1152 1190 occidit.
1210 1166 1269 1191 Fuc-
1331 1164 1447 1200 Philipp.
1461 1173 1495 1197 13,
1509 1173 1537 1191 η
1557 1166 1657 1192 Verum
1671 1165 1754 1198 igitur
1766 1172 1891 1198 augurem
1906 1163 1978 1189 Iouis
1992 1163 2055 1197 Opt.
2068 1163 2139 1189 Max.
2159 1163 2233 1188 cuius
2252 1162 2383 1197 interpre-

224 1201 286 1220 runt
305 1203 361 1231 crgo
380 1192 558 1219 Internecidae
579 1194 757 1228 Oppianicum,
779 1201 803 1221 et
821 1196 941 1228 Auilius,
956 1206 1057 1233 quorum
1073 1199 1157 1235 scelus
1177 1207 1270 1227 narrat
1332 1206 1371 1228 tes
1392 1200 1605 1235 internuntiique
1626 1200 1763 1226 constituti
1782 1200 1887 1232 sumus,
1902 1206 1948 1224 etc.
2020 1199 2081 1225 Liu.
2094 1206 2133 1231 33,
2148 1202 2180 1228 28
2208 1198 2305 1224 Seruus
2325 1202 2383 1225 erat

224 1228 281 1255 Cic.
296 1238 345 1263 pro
357 1229 463 1255 Cluent.
476 1231 507 1260 36
526 1238 547 1254 c.
564 1238 598 1261 13.
635 1229 695 1256 Jnde
713 1230 871 1257 internecini
885 1231 957 1259 ac'iio
975 1235 1003 1258 in
1020 1236 1073 1260 iure
1093 1236 1173 1261 ciuili.
1226 1236 1269 1263 Ifi-
1332 1235 1474 1270 Zeufippo,
1488 1236 1572 1262 totius
1585 1235 1765 1262 internuntius
1778 1241 1803 1261 et
1822 1234 1943 1261 minister
1961 1234 2009 1260 rei.
2117 1231 2139 1296 q
2158 1242 2175 1259 2
2211 1234 2316 1269 Proprie
2328 1233 2399 1260 Ad.

223 1264 306 1291 dorus
321 1272 344 1297 ς,
358 1266 391 1290 26
414 1264 586 1291 Internecidii
605 1266 739 1301 (Gothofr.
754 1272 778 1292 et
790 1266 848 1302 Bas
863 1273 927 1300 1489
945 1268 1117 1302 interniciei)
1137 1270 1268 1298 iudicium
1285 1281 1319 1306 30
1330 1270 1448 1298 iet-'linum
1463 1269 1505 1304 est.
1541 1273 1579 1298 De
1590 1272 1705 1300 membris
1719 1270 1799 1305 Apul.
1814 1270 1846 1296 de
1861 1269 1990 1297 Habitud.
2005 1268 2091 1296 dofiir.
2111 1270 2128 1295 P
2141 1275 2212 1295 aton.
2231 1278 2255 1303 p.
2275 1275 2330 1302 589,
2349 1277 2383 1302 14

223 1299 254 1326 in
274 1308 351 1333 eum,
370 1302 453 1334 inquit
470 1300 521 1326 atio
538 1301 606 1332 Ioco,
625 1300 753 1334 dabatur,
776 1303 823 1336 qui
843 1303 937 1329 falsum
956 1304 1140 1332 testamentum
1159 1307 1269 1340 fecerat,
1332 1307 1445 1338 Floridi,
1466 1307 1498 1334 Et
1512 1311 1599 1334 tamen
1610 1316 1656 1340 ea,
1669 1315 1736 1341 quae
1752 1307 1811 1332 sunt
1830 1305 1994 1332 internuntia
2011 1304 2142 1331 sentiendi
2162 1303 2197 1330 fic
2209 1303 2269 1330 sunt
2287 1311 2382 1339 operta

222 1340 251 1362 et
263 1334 298 1361 ob
312 1334 340 1361 id
354 1334 491 1361 hominem
504 1335 646 1363 occiderat.
681 1337 865 1365 Accusatorem
880 1339 937 1365 eius
950 1339 1084 1367 bonorum
1102 1342 1217 1375 poss'effio
1230 1344 1267 1369 se·
1331 1343 1494 1376 visceribus,
1505 1351 1540 1369 ne
1553 1342 1716 1371 craffitucline
1730 1342 1818 1368 sensus
1830 1341 1997 1367 hebetentur.
2067 1341 2136 1367 Plin.
2149 1349 2188 1372 10,
2202 1347 2234 1374 37
2252 1339 2280 1365 de
2291 1341 2384 1366 colum·
2394 1343 2400 1352 ’

222 1370 362 1405 quebatur.
398 1371 556 1397 Iiiterneciei
575 1377 662 1397 autem
675 1372 831 1407 significatio
851 1373 888 1399 est
905 1375 974 1409 quati
990 1376 1117 1403 Hominis
1137 1377 1266 1412 quaedam
1329 1379 1383 1410 bis,
1404 1379 1479 1413 Qiin
1495 1384 1522 1405 et
1535 1378 1713 1407 internuntiae
1727 1377 1757 1404 in
1769 1377 1848 1404 rebus
1862 1377 1963 1411 magnis
1979 1376 2063 1402 fuere.
2099 1375 2168 1403 Add.
2183 1375 2265 1402 Plaut.
2280 1375 2340 1402 Mil.
2352 1383 2385 1411 4,
2403 1392 2405 1395 v

222 1406 352 1432 enecatio.
388 1405 458 1432 Nam
474 1406 696 1441 Pracpofitionem
708 1410 779 1435 Inter
792 1409 924 1443 ponebant
936 1410 1040 1445 antiqui
1054 1421 1103 1446 pro
1117 1414 1145 1444 E,
1159 1420 1205 1439 etc.
1329 1423 1350 1446 i,
1362 1423 1401 1447 39.
1457 1415 1530 1440 Anus
1544 1415 1671 1450 quaedam
1683 1413 1865 1440 adulterorum
1878 1412 2042 1440 internuntia
2054 1412 2132 1447 Apul.
2145 1411 2210 1437 Met.
2221 1419 2239 1444 9
2251 1420 2277 1445 p.
2290 1419 2355 1444 339.-

259 1444 1314 1486 iNTERNEmo,veliN'rERN1c10,utaliifiribuizt,6nis.m.33
1365 1456 1604 1483 iNTERst‚
1637 1449 1691 1476 vid.
1730 1454 1877 1475 1NTRA.
2327 1480 2334 1485 ⁵

221 1477 406 1512 [πανωλεθρία]
443 1477 520 1504 Vitae
533 1478 666 1512 priuatio,
680 1482 707 1504 in
726 1483 764 1505 uit
780 1480 877 1507 festus.
926 1483 1077 1509 internecio
1092 1485 1176 1518 gentis
1197 1486 1265 1511 Tac.
1366 1493 1376 1512 1
1385 1492 1407 1511 Ν
1418 1492 1440 1512 Τ
1450 1492 1466 1512 Ε
1477 1491 1497 1512 R
1507 1493 1529 1512 N
1539 1493 1560 1513 v
1570 1492 1591 1511 N
1605 1492 1627 1512 Τ
1638 1492 1647 1511 1
1659 1491 1695 1517 o,
1712 1488 1765 1512 fare.
1802 1484 1863 1510 Liu.
1878 1492 1920 1516 42,
1935 1491 1977 1516 39,
1989 1491 2009 1517 4
2028 1481 2173 1516 Paullisper
2187 1481 2386 1509 internuntian-

223 1513 292 1538 Ann.
305 1521 330 1545 2,
344 1520 379 1543 21,
390 1521 418 1545 4.
472 1513 533 1539 Liu.
553 1522 579 1546 9,
596 1517 627 1539 26
636 1520 680 1549 pr.
740 1515 843 1542 ucerini
861 1525 890 1542 ac
907 1517 1036 1544 Samnites
1053 1519 1085 1545 ad
1106 1520 1267 1547 internecio·
1330 1520 1366 1547 do
1383 1520 1519 1548 cunetatio
1535 1522 1605 1553 fuit,
1617 1520 1674 1547 vtri
1693 1518 1956 1554 transgrederentur,
1971 1520 1991 1544 ι’.
2007 1523 2057 1554 per
2074 1520 2243 1544 internuntios
2261 1517 2386 1553 discepto*

223 1556 285 1587 nem
299 1547 381 1587 caesi..
392 1548 417 1574 h.
432 1556 451 1574 e.
474 1549 531 1587 Fere
550 1558 630 1575 omnes
648 1549 728 1583 occist.
784 1552 805 1577 C
808 1551 839 1577 ic.
852 1553 907 1579 Ait.
920 1561 943 1587 2,
956 1562 988 1579 20
1020 1554 1117 1590 Neque
1136 1556 1209 1582 enim
1222 1565 1264 1583 re-
1327 1563 1395 1588 tum,
1409 1564 1494 1583 ‘utrum
1512 1555 1620 1590 transire
1635 1563 1736 1591 aequum
1749 1555 1814 1589 effi‘t.

223 1582 277 1610 fisti
299 1582 351 1609 fine
373 1589 555 1610 internecione
578 1585 645 1619 poffe
665 1585 870 1613 arbitrabamur.
939 1589 1136 1617 interneciones
1150 1591 1268 1618 hostium
1367 1599 1408 1618 IN
1420 1599 1442 1618 'r
1454 1590 1545 1625 133'R0‚
1570 1592 1682 1624 intriui,
1706 1592 1845 1622 intritum,
1871 1591 1954 1617 erere.
1995 1586 2142 1624 [ἔντρίέω]
2178 1587 2292 1623 Simplici·
2308 1585 2386 1615 addit

224 1618 312 1644 facere
343 1618 448 1658 Coluni.
470 1627 488 1648 1,
509 1629 530 1651 3,
545 1628 578 1645 11.
651 1620 691 1646 Ad
713 1621 922 1649 internecionem
946 1624 1020 1651 caedi
1053 1626 1150 1653 Vellei.
1169 1635 1195 1659 2,
1217 1636 1312 1663 110.40
1329 1634 1419 1655 motum
1449 1628 1561 1655 nendum.
1597 1628 1665 1654 Cato
1677 1629 1754 1660 c.1;6
1775 1627 1806 1653 Et
1818 1636 1851 1652 eo
1865 1626 2000 1659 cyminum
2013 1625 2132 1651 interito.
2168 1623 2274 1650 Colum.
2287 1631 2322 1654 12,
2336 1630 2383 1657 57,

225 1666 271 1693 Τ-
291 1652 439 1692 Τῐυῖὶῑῖἓῖῑ
458 1653 496 1679 ld·
514 1660 602 1693 05'119,
616 1663 640 1681 2·
695 1671 740 1676 —-
763 1658 876 1684 Vincere
894 1660 1002 1693 Eutrop.
1021 1669 1050 1693 4,
1069 1664 1095 1688 6.
1175 1663 1266 1690 Armis
1329 1671 1346 1689 2
1359 1664 1427 1699 legen
1462 1674 1486 1690 m
1498 1663 1614 1696 uidetur,
1631 1663 1722 1690 Nuces
1741 1662 1876 1697 iuglandes
1896 1677 1942 1682 —
1959 1661 2088 1692 interito,
2101 1666 2152 1695 pro
2171 1661 2241 1695 vulg.
2261 1658 2385 1686 inserite.
2426 1675 2427 1678 =

224 1693 297 1714 inter
315 1688 340 1715 se
359 1688 390 1714 ad
405 1694 613 1715 internecionem
632 1698 790 1717 concurrere
811 1693 879 1719 Suet.
893 1694 994 1720 Othon.
1014 1705 1035 1722 c.
1052 1705 1089 1723 12.
1143 1712 1189 1718 —
1207 1700 1267 1726 Per.
1331 1699 1400 1726 Ter.
1414 1699 1523 1726 Phorm.
1534 1707 1560 1729 2,
1573 1708 1587 1725 2
1612 1708 1626 1730 4
1657 1698 1698 1725 Ad
1711 1705 1736 1725 te
1754 1699 1855 1724 summa
1868 1697 1954 1724 solum
1967 1695 2096 1723 Phormio
2109 1703 2199 1722 reruni
2213 1694 2300 1721 dedit:
2324 1698 2384 1721 tute

226 1723 323 1751 ducere
335 1723 424 1750 vineta
441 1723 547 1750 Colum.
560 1733 588 1756 4,
596 1732 650 1765 ὐἱ
657 1729 679 1754 8.
733 1726 927 1760 Persequendus
944 1717 1019 1756 cinit.
1034 1740 1062 1763 4,
1077 1740 1111 1763 11,
1126 1738 1162 1762 18.
1331 1733 1383 1760 hoc
1398 1735 1510 1766 intristi,
1524 1734 1578 1761 tibi
1588 1721 1673 1761 5omne
1691 1734 1728 1761 est
1742 1733 1920 1761 exedendum.
1961 1732 2010 1759 Vbi
2023 1732 2155 1758 Donatus:
2168 1730 2304 1757 paroemia
2323 1734 2386 1764 apta

258 1765 270 1783 i
282 1765 303 1784 N
312 1764 334 1797 Ἰ]
345 1765 361 1784 Ε
370 1765 388 1784 R
399 1765 421 1783 N
430 1765 447 1785 Ε
456 1765 472 1785 c
482 1766 491 1784 1
502 1765 517 1783 E
527 1766 540 1785 s
549 1779 557 1790 ‚
577 1766 612 1786 ei.
633 1761 665 1799 t..
685 1759 761 1786 Idem.
800 1763 832 1788 ln
852 1762 944 1789 Isidor.
966 1764 1046 1791 Gloss'.
1069 1766 1113 1792 vbi
1134 1772 1267 1803 exponitur
1331 1769 1460 1802 parasito,
1473 1779 1541 1803 quae
1554 1769 1588 1795 de
1601 1770 1663 1796 cibo
1677 1770 1729 1796 est:
1754 1770 1806 1796 hoc
1817 1775 1906 1795 autem
1918 1768 1988 1795 inter
2001 1766 2111 1794 rusticos
2124 1765 2157 1792 de
2170 1766 2272 1793 Alliato
2284 1771 2386 1792 mom·

222 1793 311 1824 M0r⁵›
324 1792 433 1819 ῐᾶἃῡΐᾶ-
475 1793 548 1828 (3⁰7¹f·
565 1793 602 1834 1⁶}-
616 1794 709 1833 Qflgg·
723 1803 745 1827 3.
759 1798 799 1822 26-
1280 1809 1314 1835 45
1330 1803 1374 1829 rio
1394 1803 1450 1829 dici
1469 1804 1543 1830 solet.
1578 1805 1610 1829 Et
1629 1804 1697 1830 bene
1709 1805 1828 1836 Intristi‚
1843 1804 1952 1838 proprie
1971 1803 2044 1832 enim
2057 1802 2152 1829 Intrita
2171 1800 2271 1828 dicitur
2290 1800 2386 1827 huius-

259 1835 300 1854 1N
309 1835 331 1854 T
340 1834 384 1853 ER
394 1834 417 1853 N
426 1834 443 1854 E
453 1833 469 1854 c
479 1834 499 1853 T
509 1835 517 1854 1
527 1834 546 1854 ο
554 1846 561 1858 ‚
581 1837 648 1854 onis.
668 1830 688 1855 f.
724 1831 821 1856 Festus.
841 1834 871 1857 it.
886 1832 1010 1860 Priscian.
1026 1834 1044 1861 1.
1061 1843 1090 1868 4.
1327 1837 1403 1864 modi
1411 1837 1503 1864 Cibus.
1544 1838 1625 1865 Verba
1630 1839 1696 1874 sunt
1708 1839 1867 1865 Phormionis
1878 1837 1998 1873 parasiti,
2011 1840 2061 1872 qui,
2070 1840 2184 1872 quoniam
2190 1837 2283 1872 fuerat
2293 1833 2384 1862 πᾶσι·

260 1870 269 1888 1
283 1869 306 1889 N
318 1869 339 1888 T
348 1869 365 1889 E
373 1869 423 1889 RN
431 1869 447 1888 Ε
457 1867 475 1888 C
488 1864 501 1887 ῑ
511 1868 532 1886 N
541 1869 563 1888 V
572 1869 600 1904 S?
620 1864 662 1889 vel
680 1871 773 1904 INTE
782 1872 801 1891 R
809 1872 832 1890 N
840 1872 857 1891 E
866 1872 882 1892 C
892 1873 901 1890 1
911 1873 932 1891 V
942 1875 962 1892 v
971 1873 999 1899 S,
1019 1877 1034 1895 a
1042 1889 1050 1901 ,
1072 1879 1125 1896 um.
1160 1873 1265 1900 Adieci.
1328 1872 1425 1905 confili't'
1444 1873 1473 1899 de
1491 1872 1602 1899 ducenda
1608 1874 1712 1909 puella,
1723 1882 1824 1909 aequum
1836 1872 1879 1906 este
1888 1878 1978 1908 putat,
1986 1878 2016 1897 vt
2024 1872 2072 1906 suo
2080 1873 2193 1906 periculo
2206 1881 2257 1898 rem
2269 1874 2328 1897 item
2341 1880 2384 1897 ex-

222 1897 416 1934 [πανολέθριος]
452 1896 526 1932 Qcod
537 1897 571 1923 ad
585 1903 774 1939 internecionem
786 1903 905 1939 pertinet.
927 1926 929 1928 ,
947 1902 997 1934 Vt,
1012 1904 1211 1933 Internecinum
1228 1914 1266 1934 te·
1323 1907 1422 1942 pediat.
1476 1909 1590 1934 Acetum
1602 1909 1699 1934 intritu
1713 1910 1870 1943 consumatur
1881 1909 1903 1933 le
1922 1926 1929 1933 .
1943 1907 1996 1933 vid.
2010 1907 2106 1932 Rhodio
2119 1906 2187 1941 apud
2197 1906 2280 1933 Scrib.
2288 1914 2345 1932 201.

223 1934 380 1962 stamentum
393 1953 401 1965 ,
426 1939 533 1967 propter
551 1932 623 1967 quod
653 1932 777 1960 dominus
802 1943 858 1961 eius
883 1942 988 1962 necatun
1014 1938 1066 1970 est,
1098 1940 1186 1966 Festus
1206 1951 1264 1967 voce
1367 1948 1552 1973 1NTR1TVS,
1569 1950 1595 1973 a,
1614 1951 1670 1968 um.
1697 1943 1759 1968 Adi.
1780 1942 1943 1974 [μυττωτον]
1961 1940 2010 1967 Sed
2014 1941 2142 1975 feminino
2156 1947 2179 1966 et
2192 1948 2278 1968 neutro
2292 1949 2382 1976 genere

225 1975 339 1997 ACTIO
351 1968 519 1995 Internecini.
538 1975 562 1994 et
570 1975 599 2003 p.
613 1977 636 1994 α.
656 1969 830 1996 Internecida.
900 1970 1103 1999 Testamentum
1123 1976 1167 2000 hoc
1185 1976 1265 2002 inter·
1280 1980 1312 2007 50
1324 1975 1385 2011 fere
1392 1974 1547 2008 Substantiue
1565 1976 1704 2002 adhibetur.
1740 1977 1819 2002 Varr.
1829 1976 1860 2001 R.
1869 1975 1900 2001 R.
1911 1983 1935 2006 2,
1942 1983 1968 2007 9,
1975 1983 2004 2000 10
2024 1974 2082 2001 Nec
2095 1983 2150 2001 non
2162 1976 2199 2002 ita
2211 1985 2306 2010 panem
2318 1975 2382 2003 hor-

223 2004 346 2031 necinum
360 2011 384 2030 et
395 2003 535 2030 Αὲἲίοηειιι
549 2004 707 2031 internecini
725 2003 861 2038 illustrauit
875 2009 991 2040 primus,
1005 2014 1034 2034 vt
1047 2008 1097 2044 ipse}
1111 2012 1166 2042 ait,
1181 2011 1265 2038 Cuiac.
1330 2009 1456 2037 deaceum
1471 2010 1587 2037 dandum
1598 2011 1747 2043 (canibus)
1758 2016 1787 2037 vt
1806 2019 1862 2037 non
1874 2010 1962 2044 potius
1975 2019 2036 2036 eum
2054 2011 2084 2036 in
2101 2010 2170 2036 laete
2186 2011 2231 2038 des
2245 2011 2381 2038 intritum.

225 2040 327 2076 Obstru.
345 2049 367 2072 1,
386 2049 409 2065 2.
446 2040 497 2073 Qui
506 2039 670 2078 suspicatur,
683 2040 757 2075 forte
776 2044 849 2067 etiam
867 2041 934 2075 apud
951 2042 1008 2069 Cic.
1024 2043 1091 2070 Phil.
1111 2053 1150 2077 14,
1170 2053 1187 2080 7
1209 2055 1231 2072 c.
1251 2055 1265 2079 3
1329 2045 1398 2073 Add.
1413 2054 1436 2078 3,
1449 2055 1475 2079 9,
1490 2055 1517 2072 21
1540 2046 1651 2073 Intritus
1665 2046 1695 2073 in
1706 2055 1803 2081 aquam
1816 2046 1892 2079 panis
1905 2045 2033 2073 triticeus.
2069 2047 2101 2072 Et
2113 2054 2137 2078 3,
2151 2055 2188 2078 10,
2203 2054 2216 2079 ς
2239 2047 2382 2074 Hordeum

221 2073 363 2112 legipoffe,
383 2075 548 2100 Internecina
562 2074 722 2108 testamenta,
735 2075 828 2106 credo,
842 2076 996 2104 subiiciunt.
1031 2079 1079 2106 Sed
1092 2082 1143 2115 ipsc
1172 2088 1266 2114 utetur,
1330 2082 1360 2107 in
1381 2090 1449 2116 aqua
1462 2081 1596 2109 intritum.
1632 2080 1790 2115 Sulgsiamiue
1810 2082 1906 2109 intrita
1928 2080 1958 2107 de
1979 2084 2063 2108 variis
2088 2081 2161 2108 rebus
2186 2082 2291 2109 dicitur.
2316 2092 2340 2109 υ.
2352 2092 2382 2119 g.

217 2111 248 2148 se
260 2120 309 2137 uon
325 2110 423 2142 uidere,
436 2108 551 2145 quomodo
575 2109 664 2140 verba,
678 2119 738 2146 quae
750 2111 904 2146 praecedunt
922 2114 950 2137 in
970 2113 1011 2139 illo
1029 2115 1096 2146 loco,
1117 2125 1142 2141 νε
1167 2117 1269 2143 ituenda
1330 2117 1438 2143 Colum.
1453 2126 1489 2148 12,
1503 2125 1549 2150 40,
1564 2126 1574 2144 1
1598 2116 1699 2144 Eodem
1717 2117 1774 2151 (ad
1785 2121 1870 2143 vinum
1883 2123 1907 2143 et
1918 2126 2005 2152 aquam
2011 2118 2163 2152 permixta)
2175 2124 2202 2144 et
2221 2119 2324 2153 spumas
2336 2118 2382 2145 de·

217 2146 282 2181 fine.
318 2147 436 2181 Recepm,
449 2151 477 2171 vt
495 2147 545 2171 iam
563 2144 744 2178 iudicauimus,
758 2144 832 2186 leHiq
852 2145 901 2179 est,
921 2148 961 2174 De
974 2148 1104 2183 improbis
1119 2158 1144 2177 et
1162 2151 1266 2178 audaci·
1284 2156 1319 2182 53.
1330 2152 1411 2184 fruti,
1423 2152 1478 2178 siue
1489 2153 1577 2187 sapae,
1592 2159 1618 2178 et
1631 2153 1732 2180 faecem
1746 2162 1778 2178 ex
1797 2153 1855 2179 lacu
1869 2152 2027 2179 confundite
2043 2158 2068 2179 et
2081 2153 2253 2187 permisceto,
2267 2152 2382 2189 eamq'ue

225 2181 274 2209 bus
311 2195 355 2201 --
390 2181 465 2214 Qiae
477 2181 536 2206 sunt
555 2180 715 2207 vrbanarum
734 2181 877 2213 maledffita
889 2182 995 2215 litium,
1013 2194 1068 2211 non
1086 2185 1187 2212 inustae
1201 2187 1267 2214 belli
1329 2187 1449 2214 intritam
1462 2188 1592 2215 macerari
1609 2197 1661 2215 vna
1677 2188 1757 2215 nodie
1771 2188 1857 2215 finito.
1909 2188 1986 2214 Idem
2001 2197 2035 2221 12,
2048 2198 2089 2221 43,
2104 2196 2133 2214 10
2158 2189 2253 2217 Intrita
2272 2190 2382 2217 follicu-

223 2216 383 2244 internecini
402 2222 488 2243 notae.
525 2215 711 2256 Testamenta,
724 2216 819 2249 credo,
836 2217 998 2251 subiiciunt,
1010 2226 1055 2246 aut
1072 2221 1183 2248 eiiciunt
1202 2223 1267 2249 vici·
1328 2223 1417 2249 lorum
1436 2223 1553 2250 resoluta
1570 2221 1605 2256 esi
1625 2233 1669 2258 pes
1686 2224 1810 2251 vinaceus
1839 2230 1980 2259 prorutus,
2001 2227 2020 2250 i.
2041 2223 2157 2260 folliculi
2175 2226 2247 2260 prelo
2268 2225 2382 2261 exprff.

224 2261 282 2285 nos,
297 2259 342 2278 ete.
381 2253 474 2287 Nempe
486 2253 682 2291 interneciuum
695 2252 810 2285 bellum,
824 2252 897 2288 Qiod
908 2253 942 2279 ad
952 2253 1182 2293 distrut‘lionemfit
1191 2262 1267 2284 unim-
1330 2258 1463 2292 speciatim
1487 2265 1511 2284 et
1537 2260 1606 2285 velut
1623 2262 1730 2294 proprie
1752 2260 1846 2286 Intrita
1881 2259 1914 2286 de
1937 2259 2037 2286 Alliato
2057 2260 2189 2286 mortario
2211 2261 2282 2287 inter
2301 2261 2382 2288 rusti-
2403 2260 2406 2267 ’

223 2295 268 2315 aut
281 2289 384 2314 alterius
390 2290 486 2322 partis.
535 2287 599 2313 ‘Liu.
612 2296 639 2320 9,
653 2296 683 2320 ις
702 2288 801 2314 Nullus
821 2288 915 2315 modus
932 2290 1056 2317 caedibus
1079 2292 1144 2318 fuit:
1171 2293 1266 2320 deleta-
1329 2302 1373 2319 eos
1392 2293 1445 2319 dici
1464 2293 1550 2320 solet:
1576 2292 1634 2326 teste
1654 2295 1759 2322 Donato
1771 2296 1803 2322 ad
1816 2295 1924 2322 Phorin.
1942 2303 1968 2327 2,
1981 2303 2007 2327 2,
2020 2304 2048 2329 4.
2120 2295 2188 2321 Plin.
2206 2304 2241 2328 9,
2260 2304 2278 2328 9
2291 2299 2329 2328 (8)
2348 2296 2380 2323 de

225 2332 275 2358 que
291 2323 424 2349 Ausonum
437 2331 514 2356 gens,
527 2323 573 2349 vix
589 2330 661 2349 certo
674 2322 833 2350 defectionis
847 2324 976 2357 crimine,
989 2326 1100 2360 perinde
1113 2337 1141 2354 ac
1154 2328 1171 2354 fi
1185 2329 1266 2355 inter.
1285 2328 1369 2355 60ch
1385 2329 1471 2361 binis,
1495 2329 1553 2356 Nec
1575 2329 1691 2364 piscibus
1713 2336 1830 2362 tautum,
1853 2331 1897 2357 sed
1914 2330 2008 2356 intrita
2027 2330 2102 2364 panis
2121 2338 2135 2355 e
2153 2331 2220 2355 vino
2239 2331 2378 2358 satiantur.

223 2359 320 2385 necino
337 2358 410 2384 bello
423 2359 547 2385 certasset.
601 2359 666 2385 Plin.
681 2364 703 2389 8,
717 2368 752 2392 24
778 2358 866 2385 Habet
884 2359 979 2387 deinde
999 2362 1193 2390 interneciuum
1209 2364 1266 2391 bel·
1330 2365 1369 2391 Co
1382 2364 1462 2391 umel.
1477 2373 1515 2395 12,
1527 2374 1573 2398 40,
1587 2373 1606 2391 1.
1678 2366 1754 2401 Aqua
1775 2366 1867 2394 intrita
1886 2365 1971 2397 faeta,
1990 2365 2014 2391 b.
2030 2374 2050 2390 e.
2071 2365 2130 2391 Cum
2142 2371 2209 2399 pane
2221 2366 2261 2391 uel
2278 2374 2304 2392 re
2324 2367 2378 2392 alia

224 2394 279 2421 lum
294 2403 351 2420 cum
364 2393 546 2420 ichneumone.
566 2393 593 2419 tle
606 2394 697 2431 aspide.
764 2394 902 2422 Bellorum
915 2395 1080 2423 internecina
1093 2398 1156 2424 odia
1173 2400 1265 2427 lustin.
1322 2400 1377 2436 spi,
1390 2408 1427 2426 tor
1439 2399 1520 2435 fabia
1540 2402 1617 2427 Varr.
1631 2400 1664 2427 de
1678 2402 1710 2429 R.
1724 2402 1755 2429 R.
1773 2411 1796 2435 3,
1816 2412 1840 2435 9,
1860 2410 1894 2433 13.
1968 2399 2063 2426 Intrita
2082 2408 2114 2426 ex
2133 2400 2199 2425 vino
2217 2400 2284 2426 Cels·
2296 2408 2319 2433 3,
2332 2409 2377 2433 19:

224 2433 251 2462 6,
265 2432 289 2456 6.
307 2431 350 2456 Al.
369 2431 417 2465 leg.
435 2429 611 2456 interneciua.
699 2430 898 2457 interneciuum
915 2431 1005 2459 morbi
1024 2441 1103 2466 genus
1128 2434 1197 2460 Geli.
1212 2444 1233 2466 2,
1248 2444 1266 2461 1.
1329 2444 1360 2461 ex
1376 2443 1444 2469 aqua
1462 2435 1546 2461 calida
1559 2435 1599 2462 Id.
1611 2445 1635 2469 3,
1649 2439 1674 2463 6.
1743 2438 1870 2466 Intriunn
1887 2435 1953 2463 laeie
1972 2434 2122 2462 confectum
2137 2435 2214 2469 Apul.
2229 2436 2294 2461 Met.
2306 2444 2329 2461 11
2349 2444 2377 2470 p.

224 2465 300 2500 Agris
314 2464 476 2491 interneciua
490 2465 664 2499 Populatione
680 2466 829 2493 transcursis
842 2466 974 2493 Ammian.
988 2472 1028 2500 28,
1041 2476 1077 2500 33.
1327 2473 1386 2502 263.
1541 2468 1562 2507 q
1584 2479 1601 2497 2
1636 2472 1719 2498 Aliud
1735 2483 1826 2509 genus,
1840 2473 1869 2499 de
1887 2481 1933 2508 quo
1952 2471 2018 2498 Plin-
2033 2473 2073 2503 36,
2086 2479 2117 2503 23
2138 2471 2156 2496 s-
2176 2477 2203 2503 55
2228 2470 2378 2497 Ruinarum

261 2507 330 2527 1NT
340 2506 356 2525 Ε
366 2507 414 2526 RN
425 2506 466 2527 Ec
476 2508 485 2526 1
495 2508 514 2527 v
524 2507 549 2527 E.
578 2500 646 2527 Adu.
684 2502 817 2530 Ammian.
836 2509 877 2537 27,
896 2510 928 2528 20
958 2505 969 2534 (
983 2503 1062 2540 Vates.
1086 2512 1107 2530 c.
1121 2512 1139 2537 9
1157 2514 1183 2539 p.
1196 2508 1265 2539 495)
1282 2504 1314 2537 65
1327 2505 1401 2532 vrbis
1416 2513 1445 2532 ea
1460 2505 1576 2532 maxime
1588 2507 1679 2539 causa,
1697 2508 1769 2541 quod
1790 2509 1863 2534 furto
1875 2507 1952 2534 calcis
1967 2507 2019 2532 fine
2031 2505 2181 2532 ferrumine
2200 2505 2246 2531 suo
2260 2513 2378 2532 caemcn-

223 2536 389 2564 Intcrneciue
401 2535 494 2562 cuncia
507 2535 665 2570 disperdere.
1328 2546 1354 2567 ta
1375 2546 1579 2576 componuntur.
1633 2542 1728 2568 intrita
1745 2551 1854 2577 quoque
1873 2550 1927 2576 quo
1944 2542 2088 2574 vetustior,
2102 2549 2135 2567 eo
2157 2540 2266 2568 melior.
2301 2539 2379 2577 Conf.

260 2579 269 2597 1
280 2578 301 2597 Ν
312 2577 335 2598 Τ
346 2578 362 2597 E
372 2578 390 2597 R
400 2578 422 2597 N
432 2573 600 2602 ΕεῐᾹιιε,
620 2580 642 2597 e.
674 2571 735 2599 Adi.
771 2572 832 2600 Liu.
847 2580 888 2608 27,
905 2582 942 2608 24
968 2573 1061 2601 Morbi
1082 2574 1266 2602 interneciales
1327 2576 1436 2603 Vitruu.
1455 2586 1477 2612 7,
1497 2585 1513 2603 2
1527 2579 1575 2603 int.
1611 2577 1653 2604 Sic
1664 2577 1733 2604 Plin.
1746 2586 1781 2611 33,
1795 2587 1826 2612 14
1841 2578 1859 2603 s.
1872 2585 1908 2610 49
1941 2577 2064 2604 Intritam
2083 2577 2166 2610 ipsam
2184 2585 2280 2603 eorum
2295 2577 2380 2610 (late-

221 2607 272 2643 legi·
283 2607 378 2633 uolebat
391 2616 479 2642 magno
493 2613 580 2633 conatu
593 2607 733 2634 Rhenanus.
770 2608 818 2635 Sed
830 2609 974 2644 perniciaic
990 2617 1091 2637 tuentur
1108 2621 1197 2648 magno
1211 2620 1267 2638 con-
1327 2613 1406 2647 γυνη)
1421 2612 1575 2651 priusquam
1597 2611 1746 2647 fingantur,
1757 2613 1887 2639 macerari
1903 2618 2019 2646 oportet.
2056 2613 2096 2639 sic
2114 2611 2209 2638 Intrita
2227 2610 2260 2644 est
2281 2613 2380 2647 Empla*

217 2643 292 2679 sensu
310 2642 381 2668 Gebh.
396 2643 471 2668 Gran.
486 2641 612 2669 Drakenb.
631 2643 696 2678 Ergo
711 2643 816 2670 nondum
828 2645 900 2671 habet
913 2655 961 2672 vox
973 2655 1002 2672 ea
1013 2645 1147 2673 auHorem.
1321 2647 1408 2682 strum
1421 2647 1454 2673 ad
1465 2649 1611 2681 injitionem.
1647 2648 1713 2674 Plin.
1727 2656 1766 2683 17,
1781 2651 1810 2675 16
1818 2649 1843 2685 JI
1858 2650 1892 2675 26
1910 2647 1958 2674 Sed
1973 2647 2001 2674 id
2016 2648 2097 2674 etiam
2109 2647 2178 2681 apud
2189 2654 2290 2674 veteres
2298 2648 2380 2674 Grae-

260 2685 269 2703 1
280 2684 300 2703 Ν
311 2684 331 2702 T
341 2684 357 2704 E
366 2684 384 2703 R
394 2684 415 2704 N
424 2683 440 2704 Ε
450 2684 466 2705 C
475 2683 523 2705 TO
534 2697 543 2709 ‚
567 2677 613 2704 xui
622 2697 631 2710 ,
650 2686 729 2710 xum,
753 2680 807 2705 ere.
844 2677 954 2715 [διείνω]
991 2682 1063 2708 Inter
1075 2682 1105 2718 se
1116 2681 1265 2709 conneffere.
1280 2686 1316 2715 70
1331 2692 1374 2710 cos
1387 2683 1538 2715 inuenitur,
1550 2689 1577 2709 et
1589 2683 1658 2718 apud
1670 2685 1816 2716 Catonem,
1835 2684 1883 2718 qui
1895 2684 1981 2710 oleam
1996 2683 2130 2717 ficumque
2148 2682 2181 2709 fic
2199 2683 2280 2709 inseri
2300 2682 2379 2716 iuffit,

223 2713 286 2740 Stat.
300 2712 391 2740 Theb.
412 2718 435 2744 8,
452 2715 495 2743 168
530 2713 584 2739 Vix
602 2722 695 2747 inagna
713 2714 802 2742 lauare
821 2715 954 2749 Vulnera,
969 2722 995 2744 et
1013 2718 1127 2744 efflantes
1143 2718 1210 2745 libet
1230 2719 1267 2745 in-
1330 2720 1451 2746 mensura
1469 2719 1549 2745 etiam
1562 2718 1700 2753 praefinita
1720 2720 1862 2746 secundum
1879 2718 2010 2753 reliquam
2025 2718 2192 2753 diligentiam
2208 2719 2294 2745 suam:
2319 2726 2379 2745 cor-

225 2748 371 2775 ternefflere
389 2748 483 2782 plagas·
1330 2756 1396 2781 tices
1410 2754 1510 2789 scalpro
1524 2754 1614 2781 excidi
1626 2761 1743 2789 quatuor
1755 2755 1903 2789 digitorum
1914 2754 2100 2789 longitudine,
2118 2760 2144 2781 et
2160 2754 2244 2781 trium
2257 2754 2380 2780 latitudi.
2450 2782 2453 2786 ,

261 2791 270 2809 1
283 2789 304 2809 N
315 2790 335 2809 'r
345 2790 386 2809 ΕΚ
396 2790 416 2809 Ν
427 2790 435 2808 1
446 2790 463 2809 n
473 2790 483 2809 1
493 2790 509 2810 F
520 2782 533 2810 1u
540 2790 597 2816 co,
617 2787 670 2812 are.
705 2784 770 2812 Plin.
784 2794 821 2817 10,
835 2794 862 2818 33
881 2787 1011 2814 Tertium
1025 2788 1061 2816 est
1074 2797 1165 2816 earum
1177 2797 1269 2824 genus,
1330 2800 1373 2822 ne,
1387 2796 1466 2824 atque
1480 2790 1517 2816 ita
1524 2790 1714 2825 coagmentari,
1727 2798 1752 2817 et
1766 2791 1812 2817 illa
1823 2792 1867 2817 sua
1878 2790 1971 2818 intrita
1985 2789 2083 2816 oblini.
2119 2789 2230 2824 Respicit
2242 2789 2276 2816 ad
2281 2790 2378 2816 Caton.
2423 2811 2427 2816 Α

215 2827 292 2859 ¹quae
305 2819 374 2853 ripas
388 2825 526 2859 enuntiant,
542 2825 620 2854 atque
633 2820 670 2847 ita
683 2820 899 2848 internidificant.
1330 2835 1364 2860 42
1385 2827 1438 2852 coll.
1459 2834 1506 2858 40,
1526 2834 1540 2851 2
1558 2826 1601 2852 vbi
1620 2824 1653 2858 est
1666 2826 1783 2862 formula
1802 2829 1855 2853 eim
1872 2829 1994 2858 intritae,
2014 2825 2116 2860 Argilla
2126 2825 2169 2851 vel
2185 2831 2269 2857 creta,
2283 2832 2379 2852 arenae

261 2861 299 2880 1N
309 2861 329 2880 T
338 2861 380 2881 1-2R
392 2860 414 2880 N
427 2862 437 2881 1
449 2861 469 2881 G
479 2861 497 2880 R
508 2863 530 2882 A
539 2863 560 2881 N
572 2863 584 2882 S
593 2878 602 2889 ‚
627 2856 705 2883 antis.
734 2855 944 2892 [διαμελανίξων]
974 2860 1070 2886 Partic.
1086 2859 1142 2894 fine
1177 2860 1265 2887 Verbo.
1284 2863 1317 2892 75¹
1332 2861 1477 2896 paullulum
1486 2880 1493 2891 ‚
1507 2860 1584 2887 fimus
1603 2861 1735 2895 bubulus,
1749 2871 1808 2897 quae
1823 2861 1944 2896 condepfi
1963 2861 2037 2888 iubet.
2108 2861 2217 2888 Intritus
2230 2870 2278 2887 non
2289 2863 2378 2899 tritus.

224 2889 285 2916 Stat.
300 2888 391 2916 Theb.
411 2892 437 2922 6,
451 2892 496 2922 336
532 2891 702 2926 Νοὲἱεηιῳιε
720 2892 846 2928 diemque
875 2893 1043 2928 Aslimulant,
1057 2895 1167 2922 maculis
1184 2896 1267 2924 intcr-
1331 2898 1405 2924 Caes.
1421 2898 1448 2923 B.
1462 2897 1494 2922 G.
1508 2905 1530 2928 3,
1544 2899 1576 2923 26
1604 2897 1711 2923 Eduffls
1731 2904 1847 2932 quatuor
1865 2896 2036 2929 cohortibus,
2054 2905 2122 2931 quae
2140 2895 2269 2931 praesidio
2286 2894 2377 2921 castris
2413 2907 2421 2911 --

225 2925 391 2960 nigrantibus
406 2925 496 2957 albae,
514 2935 586 2961 equae
599 2927 710 2954 Admeti.
1329 2933 1439 2960 felici-ae
1456 2932 1564 2959 intritae
1576 2931 1610 2959 ab
1624 2932 1716 2959 labore
1735 2939 1818 2960 erant.
1855 2934 1897 2960 sic
1915 2934 1964 2968 legi
1982 2942 2011 2958 ex
2023 2932 2138 2959 Andinis
2155 2930 2301 2957 membrum}
2318 2931 2379 2956 uult
2424 2944 2447 2967 52

259 2968 268 2986 1
278 2966 329 2986 NT
338 2966 381 3000 ER
393 2967 413 2986 N
427 2960 472 2987 i‘T
483 2967 498 2986 Ε
510 2967 545 2993 o,
566 2963 610 2994 ui,
634 2967 686 2990 Ere.
723 2961 876 2998 [δὶαφαίνω]
912 2966 943 2991 In
956 2965 1033 2992 medio
1045 2969 1123 2993 nitere
1136 2968 1178 2993 vel
1190 2966 1267 3002 pellu-
1328 2970 1405 2996 Gron.
1419 2967 1452 2994 ad
1465 2967 1524 2993 Liu.
1539 2976 1580 3000 22,
1593 2976 1633 3000 39.
1670 2968 1753 2995 Habet
1768 2970 1836 2996 Flor.
1857 2969 1996 2995 inter-itae:
2019 2969 2064 2996 Al.
2082 2966 2234 2994 interritae:
2251 2966 2321 3001 vulg.
2334 2965 2376 2992 in—

225 3005 286 3021 ccrr.
324 2995 388 3021 Pltn.
403 3004 444 3030 37,
458 3004 471 3028 5
490 2997 572 3023 Tunc
592 2998 664 3024 enim
684 2999 779 3025 tellure
797 2999 966 3032 intermunt,
979 3002 1042 3035 quia
1060 3002 1093 3028 iis
1113 3003 1198 3029 ventis
1212 3012 1266 3029 ma-
1327 3011 1423 3039 tegrae.
1456 3003 1513 3029 Vici.
1535 3009 1698 3034 INDICENS.

226 3031 297 3057 xime
309 3030 420 3057 harenae
436 3038 586 3060 mouentur.
606 3033 634 3060 de
645 3038 755 3070 gemmis.
810 3035 938 3061 Gemmae
954 3036 1138 3064 internitentes
1152 3039 1226 3065 Curt.
1240 3047 1262 3070 3,
1281 3038 1314 3064 80
1364 3047 1373 3065 i
1384 3045 1407 3065 N
1421 3044 1443 3065 'r
1454 3045 1524 3065 RiM
1534 3045 1581 3064 ΕΝ
1592 3045 1614 3065 Τ
1628 3045 1648 3065 ν
1659 3046 1699 3070 Μ,
1716 3039 1736 3066 i.
1760 3048 1787 3066 n.
1816 3039 1893 3066 Idem.
1925 3038 2003 3073 Apul.
2017 3038 2082 3065 Met.
2103 3046 2132 3063 10
2149 3045 2175 3070 p.
2194 3043 2256 3075 2434»
2269 3044 2294 3067 3¹
2321 3036 2377 3062 CO·

226 3075 249 3098 3,
263 3069 298 3093 16.
318 3067 350 3106 1²¹·
372 3068 585 3107 inici-uenientes.
649 3069 722 3096 Idem
741 3078 762 3102 3,
782 3078 795 3102 3
822 3069 898 3097 Caeli
916 3071 1006 3106 fulgor
1025 3079 1145 3108 tempore
1163 3074 1264 3100 aestiuo
1327 3084 1411 3110 quus,
1425 3075 1472 3109 qui
1492 3073 1653 3109 sapidiffimis
1674 3075 1836 3102 intrimentis
1857 3076 1980 3101 succuum
1998 3074 2131 3109 pulmenta
2151 3070 2258 3098 condita
2274 3079 2376 3106 vapore

225 3101 328 3128 ardenti
348 3101 454 3134 similis,
472 3104 634 3131 internitens.
701 3107 733 3132 Et
746 3113 769 3139 ς,
782 3115 811 3140 4,
823 3113 854 3139 25
882 3106 988 3134 Etiamsi
1008 3117 1059 3142 qua
1080 3109 1162 3137 sidera
1184 3110 1266 3137 inter·
1329 3110 1461 3138 mollibat.
2370 3119 2373 3121 ’

225 3137 352 3163 nitebant.
1365 3154 1375 3172 1
1387 3152 1409 3172 N
1423 3144 1646 3178 ΤΕῐιςι-ιιῐσο,
1671 3151 1799 3172 1N‘rrn
1812 3151 1975 3172 Tamen
1988 3150 2010 3171 rr
2022 3149 2091 3173 VM,
2114 3141 2167 3168 υὶᾱ,
2181 3141 2264 3178 insuo
2277 3143 2338 3169 loco.

262 3180 271 3198 i
282 3178 302 3197 N
312 3179 333 3198 T
342 3179 357 3197 F.
366 3180 384 3199 R
396 3179 418 3198 N
429 3180 448 3199 ο
459 3179 476 3199 c
486 3179 507 3198 T
517 3181 537 3200 A
547 3181 568 3201 T
577 3182 613 3202 10
622 3195 631 3208 ‚
650 3175 719 3202 onis.
742 3175 763 3202 f.
791 3174 928 3208 παννυχίδες
941 3177 1026 3204 elon:
1044 3179 1101 3205 Lat.
1122 3180 1168 3206 Gr.
1364 3189 1377 3208 1
1386 3188 1408 3207 Ν
1417 3188 1438 3208 T
1447 3188 1463 3207 E
1473 3187 1491 3207 R
1503 3185 1522 3206 o
1532 3187 1552 3207 R
1561 3186 1580 3206 D
1589 3186 1598 3205 1
1607 3187 1628 3206 N
1639 3189 1648 3207 1
1659 3187 1681 3206 v
1695 3188 1721 3207 m
1730 3200 1738 3212 ,
1757 3181 1776 3207 i.
1796 3191 1823 3207 n.
1859 3179 2032 3214 [μεσοςίχιον]
2067 3178 2179 3212 Spatium
2197 3177 2263 3212 quod
2279 3176 2313 3210 est
2332 3177 2374 3205 in-

264 3215 272 3232 1
286 3214 305 3232 Ν
315 3214 335 3234 Τ
345 3214 360 3234 Ε
370 3214 421 3248 RN
431 3216 450 3234 ‹)
460 3215 496 3234 D1
510 3215 530 3234 V
540 3216 579 3241 M,
600 3211 618 3236 i.
643 3220 669 3237 n.
705 3211 896 3245 [μεσοκᾶμίξὶον]
932 3213 1045 3247 Spatium
1062 3217 1129 3241 inter
1141 3215 1229 3241 nodum
1243 3222 1267 3242 ct
1283 3214 1313 3244 85
1328 3223 1370 3244 ter
1381 3217 1440 3243 duos
1452 3215 1571 3243 ordines:
1590 3214 1653 3248 ficut
1668 3218 1739 3243 Inter
1747 3218 1833 3251 palum
1842 3236 1851 3248 ,
1868 3218 1938 3243 Inter
1952 3215 2089 3245 columnas,
2103 3214 2318 3239 Intercolumnium
2330 3222 2375 3239 na·

229 3242 324 3268 nodum.
357 3243 421 3270 Plin.
437 3251 463 3278 7,
477 3253 489 3269 ε
517 3244 666 3272 Arundines
685 3256 750 3274 vero
769 3252 856 3274 tantae
869 3248 1050 3282 proceritatis,
1069 3255 1098 3276 vt
1112 3249 1211 3284 lingula
1226 3251 1265 3277 in·
1329 3256 1450 3280 minatur.
1490 3251 1564 3277 Palus
1583 3250 1673 3277 medio
1686 3252 1866 3278 interordinio
1881 3255 2006 3289 pangetur
2018 3248 2148 3275 Columel.
2162 3249 2241 3288 4,16.
2296 3247 2373 3274 Idem
2414 3271 2417 3282 ,Ἰ
2438 3271 2449 3285 ‚.

227 3277 347 3304 ternodia
360 3279 436 3318 alueo
449 3279 597 3312 nauigabili
609 3288 696 3308 ternos
708 3282 842 3309 interdum
854 3283 977 3310 homines
985 3284 1079 3311 ferant.
1134 3286 1265 3313 Columel.
1330 3296 1354 3320 3,
1368 3296 1392 3319 ¹3
1412 3289 1443 3314 Et
1456 3286 1474 3313 fi
1488 3286 1585 3314 foss'ore
1596 3292 1696 3313 tantum
1710 3293 1780 3313 terra
1797 3288 1930 3317 versetur,
1944 3284 2082 3311 minimum
2095 3283 2131 3309 est
2145 3292 2263 3318 quinque
2275 3283 2374 3317 pedum
2416 3306 2417 3313 ,
2428 3319 2429 3322 ¹

228 3313 259 3338 de
275 3312 398 3352 iii-borib.
418 3323 439 3340 c.
460 3323 472 3346 3
511 3315 606 3341 Breuia
625 3317 786 3344 internodia.
856 3319 946 3354 Longa
978 3320 1129 3346 internodia
1158 3330 1266 3349 crurum
1329 3322 1555 3354 interordinium,
1569 3322 1666 3356 septem
1684 3323 1839 3349 maximum.
1894 3323 1925 3348 Et
1937 3327 1961 3353 5,
1975 3328 1988 3352 5·
2000 3322 2041 3353 (4)
2071 3319 2119 3345 Sed
2140 3318 2173 3345 dc
2193 3319 2283 3352 spaffi⁵
2297 3319 2372 3345 ⁰⁰¹5·
2409 3326 2444 3358 -Ϊ
2460 3322 2470 3338 “’

228 3349 316 3387 ᾼψιῑὶ
328 3351 353 3374 in
374 3359 481 3410 mcrfgufn
493 3354 585 3389 piutati
605 3351 687 3378 Ouid.
700 3353 763 3379 Met.
779 3361 811 3384 11,
824 3360 883 3387 793.
956 3355 1025 3382 Ic‘ius
1042 3362 1114 3388 erat,
1128 3365 1178 3390 qua
1197 3357 1266 3383 Mol-
1328 3368 1392 3384 num
1410 3365 1516 3384 eatenus
1535 3356 1750 3392 praecipiendum
1775 3358 1918 3388 habemus,
1943 3361 1972 3381 vt
1992 3354 2140 3394 intelligant
2161 3354 2293 3388 agricolae
2315 3353 2372 3380 fiue
2427 3365 2432 3373 ·
2462 3364 2469 3372 -

230 3382 264 3408 lta
278 3385 402 3410 neruosus
427 3390 479 3411 acit
491 3386 641 3413 internodia
658 3388 748 3422 poples
762 3388 833 3414 Idem
846 3390 910 3415 Met.
924 3392 948 3421 6,
963 3393 1020 3423 256.
1057 3392 1265 3426 Conf.Calpurn.
1284 3400 1415 3425 9oai·atro
1438 3394 1528 3420 vineas
1548 3392 1645 3420 culturi
1670 3392 1733 3425 sint,
1757 3393 1860 3420 laxiora
1882 3390 2061 3418 interordinia
2081 3389 2265 3424 relinquenda.
2300 3389 2370 3417 Add-

230 3417 283 3443 Ecl.
297 3427 315 3449 1,
326 3422 363 3444 26.
418 3421 601 3448 internodium
615 3431 711 3449 cannae
723 3433 804 3450 vnum
819 3433 877 3450 cum
891 3426 942 3452 suis
955 3426 1074 3453 articulis
1092 3427 1187 3454 l’allad.
1201 3428 1264 3462 Apr.
1328 3429 1401 3455 Idem
1422 3439 1442 3461 3,
1465 3436 1499 3461 ῖς.
1675 3432 1677 3435 ’

232 3457 255 3482 8,
270 3460 292 3491 3’.
354 3455 486 3495 Columel.
502 3466 522 3488 3,
535 3465 560 3488 2,
574 3465 587 3489 ,-
618 3459 781 3485 Internodiis
794 3468 901 3494 quoque
918 3462 1021 3495 rarior,
1037 3463 1116 3496 largis
1130 3463 1264 3489 fructibus
1363 3471 1404 3491 1N
1416 3471 1438 3490 'r
1450 3471 1466 3490 E
1476 3462 1578 3491 Rrs'iT
1588 3469 1605 3490 E
1616 3468 1654 3495 Ο,
1673 3467 1727 3490 ὅτε.
1764 3460 1881 3490 Macrob.
1899 3461 2001 3487 Saturn.
2019 3470 2042 3494 7,
2064 3468 2089 3493 ις
2114 3460 2142 3486 de
2158 3461 2274 3495 pulmone
2306 3460 2370 3487 Pro-

231 3493 249 3524 ³¹.
259 3495 360 3514 minore
374 3493 506 3530 inpetatur
526 3493 554 3517 de
566 3495 629 3519 vitis
642 3503 737 3530 genere.
788 3495 959 3522 Internodius
978 3498 1132 3532 quorundum
1144 3499 1263 3525 tihi-orum
1346 3506 1416 3526 terea
1429 3506 1469 3527 tot
1487 3498 1616 3526 meatibus
1631 3499 1767 3525 distinctus
1779 3498 1829 3529 est,
1843 3502 1869 3522 et
1889 3497 2029 3531 interpatet
2048 3496 2133 3523 rimis.
2169 3495 2236 3522 Add.
2246 3494 2284 3535 Id.
2300 3504 2319 3526 1,
2335 3500 2370 3525 18·

223 3521 385 3556 Jphalnmtst.
420 3526 597 3554 Articulorum
607 3528 852 3564 longainternodia,
864 3534 890 3556 in
898 3532 997 3558 canibus
1011 3534 1087 3560 Varr.
1096 3535 1126 3560 R.
1136 3535 1166 3560 R.
1176 3542 1197 3566 2,
1205 3543 1266 3566 9,4.
1327 3510 1425 3562 Eistula
1444 3535 1583 3569 interpatet
1599 3534 1628 3560 in
1646 3534 1772 3561 extremis
1791 3532 1869 3566 palati
1889 3531 2044 3566 regionibus
2063 3531 2180 3557 Laetam.
2201 3530 2298 3564 opific.
2316 3529 2368 3556 Dei
2433 3558 2437 3566 Ι

266 3562 275 3580 1
287 3562 306 3580 N
317 3564 337 3582 T
347 3564 362 3583 ε
374 3565 420 3584 RN
431 3567 450 3586 ο
461 3568 473 3587 s
483 3568 544 3594 co,
565 3564 645 3596 naui,
664 3568 774 3597 notum,
799 3567 852 3592 ere.
888 3565 1034 3602 [διαγνοέω]
1070 3570 1209 3604 DiJZ-rimeiz
1227 3573 1264 3594 in-
1277 3574 1310 3601 95
1328 3580 1362 3603 ιι,
1376 3580 1401 3603 9.
1468 3572 1539 3597 luter
1557 3569 1702 3603 Bosporos,
1717 3569 1744 3595 id
1763 3567 1811 3598 est,
1825 3568 2003 3594 Cimmerium
2021 3574 2046 3593 et
2060 3567 2211 3604 Thracium
2225 3567 2308 3598 latus,
2327 3565 2369 3592 1¹¹·
2407 3565 2419 3573 ⁴¹

230 3590 326 3631 {cr-tipo
336 3592 432 3626 facere.
467 3597 547 3623 Plaut.
562 3600 656 3633 Amph.
671 3601 738 3633 prol.
752 3609 796 3633 142
820 3601 897 3627 Nunc
913 3602 1052 3630 internosse
1065 3610 1094 3630 vt
1107 3613 1153 3630 vos
1167 3604 1262 3638 pellitis
1326 3612 1454 3640 tei-patent
1466 3606 1553 3632 millia
1567 3605 1710 3640 quingenta
1723 3604 1758 3630 M·
1774 3603 1878 3637 Capella
1892 3602 1939 3629 lib.
1954 3606 1971 3629 6
1985 3613 2007 3629 c.
2023 3603 2055 3628 de
2069 3603 2159 3637 quart*
2179 3601 2236 3628 sinu
2247 3602 2368 3635 Europae
2411 3619 2413 3622 ι

230 3626 408 3666 iac111113,.ctc.
461 3631 516 3669 Cic.
536 3632 567 3659 de
578 3635 686 3662 Amicit.
700 3644 732 3668 95
763 3637 868 3663 Secerni
890 3644 976 3664 autem
999 3639 1111 3665 blandus
1131 3640 1230 3666 amicus
1249 3649 1263 3666 a
1324 3652 1349 3677 p.
1365 3651 1417 3675 214.
1455 3642 1580 3667 inlatum
1591 3640 1707 3666 diximus
1722 3640 1879 3672 interpatet-e
1893 3638 1989 3665 debere
2003 3639 2094 3672 Veget.
2108 3636 2140 3662 de
2175 3645 2190 3662 e
2204 3636 2282 3663 milit.
2295 3645 2318 3668 3,
2333 3643 2367 3668 ις.
2409 3643 2425 3667 ‘l
2439 3648 2459 3675 ,υ

232 3669 294 3698 vero
307 3668 331 3688 et
346 3665 487 3702 internosci
500 3672 552 3693 tam
570 3671 661 3702 potest.
716 3671 790 3698 Idem
802 3672 834 3698 de
849 3672 939 3699 Diuin.
955 3681 981 3705 2,
997 3680 1036 3704 128
1057 3684 1077 3700 e.
1092 3677 1123 3700 62
1148 3677 1223 3709 Qiae
1242 3674 1260 3703 si
1362 3685 1370 3703 1
1382 3684 1403 3703 N
1420 3683 1442 3704 Τ
1453 3684 1469 3703 13
1480 3683 1499 3703 R
1510 3683 1524 3702 P
1535 3675 1579 3702 12³1]
1589 3681 1644 3707 10,
1660 3678 1709 3701 ire.
1746 3674 1863 3700 Macrob.
1877 3674 1978 3701 Saturn.
1992 3681 2020 3709 7,
2033 3682 2058 3700 12
2080 3672 2162 3699 Calor
2175 3672 2275 3698 sensum
2288 3680 2366 3697 occu-
2454 3676 2455 3680 ¹

229 3695 280 3721 ³¹¹³
294 3697 355 3737 fflsa
364 3717 371 3728 ‚
383 3697 432 3738 {1¹³
446 3707 522 3732 vera,
537 3711 587 3737 qua
600 3711 661 3731 nota
676 3706 899 3740 internoscantur,
914 3708 978 3734 scire
993 3709 1052 3736 sane
1065 3710 1153 3736 velim.
1219 3712 1261 3737 In·
1324 3718 1383 3748 pat,
1395 3718 1421 3739 et
1433 3712 1561 3747 gustatum
1572 3711 1678 3745 linguae
1692 3710 1785 3735 feruor
1798 3709 1948 3744 interpedit.

229 3732 340 3766 ‹ernost-i
354 3741 368 3758 a
379 3733 450 3772 *taliis
468 3742 528 3761 vera
547 3746 599 3764 non
612 3742 713 3773 poll'unt
732 3742 788 3768 Cic.
803 3742 880 3769 Acad.
900 3752 926 3778 4,
940 3752 979 3770 22.
1050 3745 1172 3772 Rimante
1191 3746 1316 3780 inge-100
1360 3755 1370 3774 i
1382 3755 1403 3774 N
1416 3754 1438 3774 'r
1448 3754 1491 3774 ER
1501 3754 1515 3773 P
1525 3753 1566 3773 1-21.
1576 3752 1637 3777 Lo,
1661 3749 1712 3770 are.
1748 3746 1757 3776 [
1772 3743 1907 3777 διακόπτω,
1923 3744 2050 3778 ἔνοχλέω]
2098 3744 2133 3770 Lo
2151 3744 2244 3768 nentem
2264 3742 2365 3776 alloqui,

229 3772 276 3803 nio
290 3766 364 3793 docte
376 3771 550 3809 internoscere
564 3773 684 3802 Prudent.
698 3777 831 3809 Psychom.
846 3787 871 3805 v.
886 3786 943 3813 792.
1000 3780 1116 3814 Dignum
1129 3788 1208 3816 atque
1221 3784 1261 3808 in·
1322 3789 1348 3809 et
1382 3783 1432 3816 uast
1446 3783 1581 3818 firmonem
1599 3783 1651 3806 eius
1669 3783 1861 3815 ίηῐεννιινηρενες
1882 3780 2018 3816 interfari.
2054 3778 2110 3805 Cic.
2124 3751 2206 3804 'i'ustn
2228 3785 2248 3809 1,
2269 3777 2299 3803 16
2317 3786 2338 3816 c:
2350 3781 2365 3806 8

230 3798 340 3841 dignum
355 3811 444 3837 nequit
464 3809 654 3843 internoscere,
679 3812 730 3837 uid.
750 3814 829 3839 Poeta
848 3814 916 3848 apud
933 3813 1008 3840 Auel.
1027 3815 1059 3842 ad
1073 3816 1136 3842 Her.
1153 3826 1168 3844 2
1187 3827 1208 3843 c.
1223 3827 1258 3849 23.
1324 3792 1454 3845 Seifnssiu
1468 3814 1878 3850 teinterpellabo,continentem
1891 3816 2041 3842 orationem
2053 3813 2146 3840 audire
2158 3812 2237 3838 malo.
2280 3811 2364 3838 Odio-

228 3834 295 3860 Adii.
309 3837 410 3876 Cic-,de
423 3840 495 3867 Orat.
510 3850 526 3868 2
542 3851 563 3868 c.
578 3847 618 3873 86.
658 3846 740 3873 Plaut.
755 3848 825 3873 Men.
839 3850 907 3883 prol.
921 3859 946 3876 v.
961 3859 1003 3876 20.
1075 3852 1162 3878 Facile
1179 3854 1260 3880 inter·
1322 3854 1349 3880 se
1369 3852 1538 3888 interpellare
1548 3871 1558 3883 ‚
1576 3849 1629 3877 vid.
1653 3857 1772 3877 0D1VM.
1844 3851 2021 3877 Poss'essionem
2040 3847 2224 3886 interpeflflsffi
2240 3850 2269 3886 i..
2282 3848 2363 3873 1⁷1⁰*

229 3870 332 3896 ”Os‘efe
345 3872 400 3897 CN·
414 3874 490 3901 Amd·
505 3886 531 3910 4›
544 3884 586 3910 48-
1319 3896 1440 3924 wimpere.
1476 3886 1647 3920 Triphonius
1663 3886 1690 3912 in
1707 3886 1724 3911 l.
1744 3886 1762 3913 li
1784 3886 1897 3912 fundum
1912 3887 1945 3912 D.
1964 3886 1997 3911 de
2010 3884 2095 3912 fundo
2109 3882 2199 3909 dotali.
2219 3882 2314 3909 Iulian.
2333 3882 2362 3908 in
2405 3912 2408 3919 .

266 3908 302 3929 IN
313 3911 357 3935 '513
369 3912 415 3932 RN
427 3915 445 3933 V
456 3915 474 3936 C
486 3917 504 3937 v
515 3915 602 3946 Lvs‚
622 3915 640 3940 i.
667 3924 703 3942 tn.
739 3916 866 3945 Laudatur
883 3918 943 3945 hm
962 3929 1010 3947 vox
1032 3930 1060 3947 ex
1079 3921 1182 3950 Petron.
1197 3932 1213 3959 7
1231 3932 1257 3958 p.
1266 3924 1336 3956 1031.
1356 3925 1403 3959 qui
1417 3921 1534 3958 usandum
1551 3919 1576 3957 §-
1592 3927 1748 3956 promtam
1769 3922 1801 3949 D·
1819 3930 1870 3956 ΡΨ
1888 3928 1998 3949 emtore.
2069 3919 2127 3946 Nec
2148 3918 2206 3945 saxa
2228 3924 2362 3988 cctesgilge’
