2479 4225
46 197 226 240 381,
417 187 697 228 HED
1541 181 1824 227 HEL
2129 195 2202 237 882

0 301 1 307 ,
48 286 50 289 ·
82 283 102 304 H
111 273 207 304 ΕΙΠΞΚ
217 282 239 304 A
248 295 255 307 ‚
275 277 317 303 vel
335 282 353 303 E
362 282 434 304 DER
444 284 482 310 A,
502 286 542 304 ae.
571 276 591 303 f.
627 276 741 310 [κίσσης]
793 274 885 301 Planta
897 271 992 299 Baccho
1007 271 1090 298 Poe-'eis
1190 278 1210 298 H
1219 278 1234 298 Ε
1244 277 1285 298 tv
1295 277 1311 297 L
1323 276 1343 298 o
1354 290 1362 303 ‚
1381 272 1435 297 Ere.
1489 271 1613 299 Scribitur
1627 280 1643 298 a
1656 272 1799 308 quibusdam
1812 275 1879 310 apud
1901 277 1969 304 Gell.
1979 284 2028 314 pro
2043 279 2111 306 Eiulo
2127 287 2170 312 12,
2189 286 2203 312 ς

2 322 15 345 ᾗ
40 312 192 376 ἱἷαηιὶΙίανίι.
245 312 355 338 Iuimica
370 313 480 346 arbori,
504 312 618 348 satisque
638 311 763 338 omnibus
789 309 895 344 (inquit
908 308 973 335 Plin.
988 310 1023 338 16,
1039 310 1089 340 34)
1155 308 1325 334 Heiulantem
1339 313 1417 341 atque
1435 307 1629 334 lamentantem.

13 355 16 372 ;
58 346 212 383 epulcraque
226 356 255 374 ac
268 357 358 375 muros
372 358 512 383 rumpens,
533 348 693 383 serpentium
706 345 804 380 frigori
813 343 965 379 gratiffima:
1002 349 1029 369 vt
1042 343 1092 369 mi-
1193 351 1212 370 H
1223 350 1238 370 Ε
1248 350 1264 369 L
1274 349 1293 368 A
1302 348 1318 369 c
1329 349 1350 368 A
1359 349 1380 368 Τ
1391 341 1407 368 L?
1420 349 1439 367 N
1449 349 1465 368 13
1475 350 1487 369 s
1497 363 1505 375 ‚
1526 345 1556 369 is.
1595 352 1632 369 m.
1687 342 1765 370 Piscis
1779 350 1910 375 cetaceus‚
1935 347 1965 373 ad
1980 349 2130 377 salsamenta
2145 349 2203 376 ido-

7 391 15 423 }
48 392 108 411 rum
118 382 149 409 fit
161 382 244 409 vllum
258 383 389 410 honorem
403 384 524 411 habitum
538 385 573 410 ei.
630 385 691 410 Duo
705 389 800 416 genera
813 380 870 406 eius
881 380 980 413 prima,
1009 385 1037 404 vt
1050 387 1089 405 re·
1157 387 1229 405 neus.
1266 378 1331 404 Plin.
1341 386 1378 409 32,
1392 385 1424 403 11.
1458 379 1550 405 Athen.
1565 389 1580 412 7
1594 386 1623 414 p.
1637 387 1687 410 3⁰1·
1730 379 1787 406 Vid.
1809 386 1825 406 E
1835 386 1906 406 LAC
1916 388 1965 407 AT
1975 390 2005 408 A.

13 435 15 445 ι
47 419 178 454 liquarum
187 437 196 450 ,
216 427 271 444 mas
285 425 311 446 et
323 420 431 447 femina.
486 420 575 446 Maior
588 419 701 446 traditur
713 425 767 443 mas
781 422 893 449 corpore
902 434 909 446 ,
925 421 951 441 et
963 414 1032 440 folio
1045 413 1089 440 du·
1115 419 1128 446 ς
1193 421 1213 440 H
1224 421 1265 440 131.
1274 420 1291 440 c
1302 421 1311 439 1
1324 420 1343 439 v
1356 419 1381 439 M
1391 432 1399 445 ,
1420 413 1438 438 i.
1475 421 1501 439 n.
1538 414 1678 449 [ἑλκυςὴρ]
1722 415 1738 439 (
1749 414 1797 448 uafi
1810 421 1837 441 tu
1852 415 2008 444 1136101111111
2022 418 2106 452 dicas,
2119 420 2203 455 μιαί.

49 455 120 482 riore
132 462 160 480 ac
171 454 327 488 pinguiore,
346 463 371 482 et
387 457 452 483 flore
464 454 497 482 ad
512 463 656 490 purpuram
669 452 821 483 accedente,
848 456 895 476 etc.
952 450 998 490 ,Sed
1011 453 1091 490 magis
1157 457 1241 476 natum
1253 448 1385 485 quiddam,
1414 447 1478 484 quod
1495 452 1635 484 applicatur
1655 449 1689 476 ad
1704 451 1749 485 pe&
1762 460 1790 477 m
1811 459 1923 487 equorum
1943 459 1966 477 et
1980 453 2007 478 id
2019 462 2095 487 genus
2109 458 2203 481 anima-

43 490 103 527 fere
115 488 149 514 ad
160 497 205 515 πω·
216 490 261 516 illa
274 500 304 516 cx
317 491 397 518 eodem
409 493 459 518 loco
467 497 511 526 pr.
545 491 651 517 Dicitur
664 486 841 516 Alexandrum
854 485 891 512 ob
905 491 1040 512 raritatem
1056 492 1092 512 ita
1157 487 1216 511 lium
1225 505 1233 518 ‚
1253 485 1283 511 ab
1296 486 1388 515 armis,
1406 483 1434 509 id
1447 482 1479 517 est
1493 484 1599 510 humeris
1608 486 1714 520 pendenx
1724 506 1732 518 ,
1752 495 1797 522 quo
1807 493 1831 512 et
1843 489 1918 513 molae
1930 487 1969 512 illi
1979 496 2026 522 per
2040 490 2203 516 machinulam

50 529 176 553 coronato
190 526 308 552 exercitu
321 527 453 553 victorem
466 535 496 553 ex
512 525 587 553 India
601 525 720 556 rediisse,
746 521 867 556 exemplo
886 521 977 548 Liberi
1000 521 1092 555 patris:
1157 524 1276 552 inncxae,
1291 530 1335 546 ver
1348 526 1439 551 antur,
1458 526 1480 545 et
1494 521 1621 546 curricula
1631 528 1675 555 per
1690 528 1805 548 temonem
1821 523 1971 549 trahuntur:
2008 523 2070 549 vnde
2083 532 2104 549 et
2120 534 2202 551 nomen

49 559 124 587 euius
136 559 179 586 dei
194 567 219 586 et
231 570 300 588 nunc
314 562 425 589 adornat
437 562 555 595 thyrsos,
582 562 719 597 galeasque
737 558 818 584 etiam
841 562 868 583 et
880 557 949 584 scuta
961 557 988 583 in
1003 557 1092 583 Thra·
1156 560 1260 592 accepit.
1279 555 1345 581 ἕλκω
1358 557 1420 581 enim
1434 556 1541 587 Graece,
1561 555 1655 582 dicitur
1674 557 1758 583 Trabo
1772 559 1869 584 Latine.
1927 557 2004 593 Apul.
2019 559 2081 584 Met.
2097 567 2112 590 9
2124 567 2202 594 μεν]

49 595 106 622 ciac
136 596 223 630 opulis
237 597 266 623 in
279 598 452 626 sollemnibus
466 598 552 624 saeris.
623 596 696 623 Idem
711 601 768 625 c.35
787 592 830 619 vbi
841 600 936 624 monet,
955 602 984 618 ne
1001 593 1093 619 smilax
1112 600 1141 618 ιο
1159 592 1274 619 Meridie
1289 592 1482 626 propinquante
1497 590 1583 617 helcio
1598 591 1701 617 tandem
1716 593 1858 620 absolutus.
1930 595 1961 620 Et
1973 603 1997 628 p.
2011 602 2074 624 222,
2089 602 2122 619 20
2153 595 2204 621 De-

50 640 103 657 cum
118 605 214 658 liedera
228 633 415 668 confundatur,
441 634 470 661 Id
490 633 585 668 vulgus
598 633 719 666 ignorans
735 629 890 664 plerumque
903 628 966 655 festa
979 630 1022 654 sua
1037 629 1093 663 pol--
1158 627 1258 654 sechim
1273 627 1377 661 alioqui
1389 635 1446 657 me,
1472 626 1560 652 helcio
1573 627 1673 661 sparteo
1688 627 1807 661 dimoto,
1827 637 1896 655 nexu
1911 629 2047 656 machinae
2061 629 2204 656 liberatum

12 679 15 682 *
34 666 116 699 luit,
133 667 237 694 ederam
250 668 439 696 existimando:
475 669 537 695 licut
551 669 579 695 in
594 666 697 698 Poetis,
716 671 762 692 aut
780 664 879 690 Libero
893 670 980 698 patre,
1001 671 1044 690 aut
1056 665 1094 690 Si·
1158 664 1289 697 applicant
1309 662 1452 697 praesepio.

51 701 128 733 leno,
147 703 206 737 quis
219 705 330 731 onmino
344 705 424 731 nescit
438 704 537 739 quibus
549 706 710 729 coronentur
728 715 774 721 —-
792 699 913 726 Hederae
925 700 992 726 mira
1005 699 1094 734 prodi·
1196 706 1215 724 11
1224 707 1240 726 r.
1249 706 1265 726 L
1274 705 1290 725 C
1300 706 1308 724 1
1317 705 1339 724 A
1349 704 1367 723 R
1377 704 1387 723 1
1397 704 1415 724 V
1425 705 1438 723 s
1447 716 1456 729 ,
1477 697 1496 723 i.
1516 706 1551 723 m.
1593 697 1721 724 Helciarii
1730 717 1738 730 ,
1757 699 1810 734 Qui
1821 702 1848 725 in
1862 703 1922 726 naui
1933 709 2007 727 onera
2016 699 2124 736 funibus
2135 701 2204 727 moli-

51 743 97 764 tur
110 743 201 765 natura
214 739 245 765 ad
260 741 418 774 experienda
431 741 494 767 vina
508 749 514 765 :
549 738 567 765 si
581 747 625 764 vas
639 737 683 764 liat
695 745 726 763 ex
741 736 815 771 ligno
834 735 905 765 eim,
932 736 994 762 vina
1014 743 1095 762 trans·
1158 741 1249 767 untur,
1267 735 1307 760 vet
1320 735 1372 769 Qai
1384 742 1458 759 naues
1471 731 1591 759 deducunt
1600 753 1607 765 ,
1618 733 1803 795 Jubdurwthue
1817 735 1850 761 ad
1860 734 1942 770 officia
1955 739 2060 762 inuicem
2070 735 2204 763 adhortati.

50 773 144 805 fluere,
163 783 192 800 ac
206 783 343 802 remanere
356 784 460 811 aquam,
479 775 496 801 (i
505 782 571 809 quac
580 773 659 800 fuerit
672 772 755 800 mista.
789 770 847 798 Vid.
860 779 915 796 mox
928 777 948 796 H
959 778 973 796 Ε
982 777 1001 796 D
1010 778 1026 798 13
1036 778 1054 797 R
1063 778 1095 798 A·
1114 775 1140 808 15
1158 777 1210 802 tes,
1228 776 1258 797 vt
1270 778 1317 796 vno
1333 769 1433 804 conniJu
1445 772 1543 804 pariter
1555 769 1754 804 conspirantes-,a
1774 772 1857 797 moliri
1869 771 1989 805 uniuerfis
2003 771 2205 807 uiribuspoffint,

50 814 68 835 C
77 816 94 835 E
103 816 154 836 VS·
225 811 331 838 Hedera
344 811 523 838 coronabantur
541 811 637 836 Poetae.
709 807 791 835 Ouid.
807 806 839 834 de
859 807 922 833 Arte
935 807 993 832 Am.
1006 815 1033 839 3,
1052 815 1093 840 411
1159 804 1342 841 quodjingulis
1356 810 1475 839 nequeunt
1484 823 1492 836 ,
1512 811 1540 830 vt
1547 804 1609 839 fieri
1622 807 1722 830 interim
1738 805 1856 832 uidemus.
1912 807 1953 835 Sic
1966 807 2076 834 declarat
2091 808 2205 834 Budaeus

11 870 13 874 ,
50 843 131 871 Nunc
144 844 255 872 hederae
270 846 321 872 line
335 847 436 873 honore
449 846 549 878 iacent,
577 852 623 872 cte.
708 845 776 870 Hor.
790 843 878 871 Carni.
894 850 921 872 1,
937 850 946 868 1
959 863 967 874 ,
981 850 1013 875 29
1049 843 1093 869 Me
1159 840 1221 867 illud
1234 840 1349 867 Martial.
1366 850 1398 873 4,
1412 842 1448 872 64
1479 842 1566 873 Quem
1585 849 1632 865 nec
1652 849 1775 874 rumpere
1791 842 1926 868 nauticum
1940 843 2056 870 celeuma
2086 843 2142 870 Nec
2155 843 2206 871 ela-

51 878 190 907 (1οᾶ311101
204 880 316 909 hederae
328 881 443 917 praemia
456 881 597 909 frontium.
652 879 758 907 Hedera
767 898 776 911 ,
795 877 867 912 quod
881 878 1002 911 Haereat,
1023 878 1093 905 dicta
1161 885 1222 903 mor
1235 875 1303 902 valet
1317 875 1515 902 helciariorum.
1552 875 1620 902 Add.
1634 875 1724 902 Sidon.
1740 877 1818 911 Epist.
1833 886 1863 910 2,
1877 886 1914 904 10.

10 914 14 927 ''
51 915 104 946 est,
120 914 221 943 auHore
235 918 325 950 Festo,
343 916 467 953 quodque
480 917 603 951 sequatur
614 914 744 951 quidquid
758 913 910 949 proximum
922 913 966 940 est.
1003 915 1093 949 ,Φρασι-
1196 919 1216 938 H
1226 918 1242 938 Ε
1251 918 1267 937 L
1276 918 1293 938 C
1302 912 1348 937 61)
1357 918 1372 937 Ε
1382 918 1410 945 S,
1432 911 1461 936 is.
1482 920 1517 937 m.
1542 912 1688 937 Vlceratus:
1709 912 1778 937 ἕλκος
1790 917 1854 938 enim
1867 915 1943 940 Vltus
1957 912 1999 946 cst.
2019 913 2086 940 Cels.
2095 919 2164 947 5,28,
2173 921 2206 948 15.

10 947 14 987 s
51 954 94 977 vis
102 958 149 986 per
162 951 341 990 diphthongum
354 963 401 979 non
407 952 545 989 scribatur.
617 951 691 986 Virg.
705 950 757 978 Ecl.
769 954 800 982 8,
814 957 838 981 13
865 950 950 984 Atque
963 949 1028 976 hanc
1041 950 1092 976 fine
1110 956 1145 975 20
1196 953 1217 972 H
1228 953 1245 973 E
1256 953 1272 972 L
1281 953 1298 973 c
1307 954 1325 973 Y
1335 954 1347 973 s
1357 953 1379 971 M
1389 953 1408 973 A
1420 967 1427 979 ,
1449 947 1504 973 atis.
1531 956 1557 972 n.
1594 945 1748 982 [ἵλκυσμα]
1803 949 1869 976 Plin.
1884 957 1910 981 33
1919 968 1928 981 ,
1949 951 1964 975 6
1994 949 2110 976 Scoriain
2124 950 2152 976 in
2165 948 2216 978 ar-'

51 992 172 1021 tempora
182 988 283 1015 circum
318 990 390 1015 Inter
403 987 527 1014 victrices
540 987 664 1014 hederam
678 986 729 1013 tibi
743 987 846 1019 serpere
861 984 958 1012 lauros.
1013 987 1043 1011 In
1055 992 1093 1011 tu·
1159 988 1239 1017 gento
1253 982 1348 1009 Graeci
1362 988 1455 1008 vocant
1468 982 1606 1014 hclcylina.

9 1015 14 1043 ἶ
50 1023 100 1048 tela
111 1022 196 1050 Liberi
202 1027 290 1058 patris
298 1024 433 1059 putabatur
445 1022 487 1057 effi
496 1033 503 1048 :
539 1027 597 1059 quia
619 1029 647 1049 vt
664 1022 704 1049 ille
729 1023 826 1047 iuuenis
839 1021 953 1056 semper,
979 1024 1017 1048 ita
1035 1022 1093 1047 haec
1196 1025 1216 1044 H
1226 1025 1242 1045 E
1253 1024 1269 1043 L
1282 1020 1298 1044 E
1308 1025 1333 1049 1,
1368 1018 1421 1043 vid.
1440 1024 1456 1044 E
1466 1025 1481 1043 L
1490 1024 1506 1043 E
1515 1024 1534 1043 ν
1545 1024 1557 1043 5
1574 1015 1621 1052 sub
1639 1022 1656 1042 Ε
1665 1023 1681 1042 L
1691 1023 1701 1042 1
1712 1024 1734 1043 s.

51 1060 127 1084 viret.
187 1059 232 1085 Vel
243 1062 300 1094 quia
313 1062 351 1086 ita
371 1062 468 1091 omnia,
485 1057 553 1094 ficut
571 1057 612 1084 ille
629 1063 720 1084 mentes
737 1056 860 1083 hominum
869 1076 878 1088 ‚
901 1056 991 1093 illigat.
1035 1056 1093 1083 Vid.
1197 1060 1218 1079 H
1230 1051 1247 1080 1}
1258 1060 1273 1079 L
1286 1052 1302 1080 1}
1311 1060 1334 1079 N
1344 1059 1365 1079 A
1374 1070 1381 1083 ,
1405 1062 1444 1079 ae.
1484 1053 1506 1079 f.
1547 1052 1669 1086 [Ἑλένη]
1725 1052 1794 1078 Iouis
1799 1049 1861 1085 filia
1874 1061 1904 1078 ex
1910 1053 1976 1079 Leda
1989 1063 2065 1081 uxore
2080 1055 2207 1090 Tyndari,

52 1093 143 1120 Barth.
158 1093 192 1120 ad
205 1094 267 1120 Stat.
280 1094 345 1121 Silu.
360 1103 385 1127 2,
401 1101 426 1130 7,
440 1103 471 1121 11.
506 1097 537 1121 it.
549 1092 673 1121 Rrouckh.
687 1091 722 1119 ad
732 1090 831 1118 Tibul.
844 1100 873 1124 3,
889 1094 914 1124 6,
928 1101 950 1119 2.
1011 1093 1093 1118 Etiam
1159 1092 1228 1126 regis
1242 1090 1379 1121 Lucaniae,
1401 1087 1511 1121 Castoris
1529 1094 1551 1114 et
1564 1087 1670 1114 Pollucis
1679 1086 1769 1122 soror,
1796 1093 1819 1112 et
1839 1088 1946 1114 Menelai
1963 1090 2207 1118 Lacedaemoniorum

51 1128 167 1164 Apollini
177 1129 245 1164 apud
254 1129 371 1158 Macrob.
385 1130 435 1157 Sat.
445 1138 465 1163 1,
479 1134 514 1159 18-
585 1130 646 1155 Item
659 1127 754 1162 M¹fi52
773 1136 788 1152 a
800 1128 885 1162 quibus
900 1129 986 1154 Poetae
998 1137 1052 1155 acce
1071 1137 1093 1154 c·
1112 1131 1144 1159 ας
1160 1128 1229 1160 regis
1241 1134 1314 1151 vxor.
1371 1125 1438 1150 Haec
1451 1124 1479 1150 ob
1494 1126 1608 1150 eximiam
1617 1123 1830 1158 pulchritudinem
1846 1123 1885 1149 bis
1902 1130 1978 1159 rapta
1990 1125 2064 1159 fuit:
2082 1130 2208 1187 frimam

51 1170 130 1196 runt,
151 1165 198 1198 ²21st
211 1167 284 1192 malis
295 1175 311 1191 α
325 1165 430 1192 Baccho.
500 1163 582 1191 Ouid.
594 1163 659 1189 Fast.
675 1170 698 1196 5,
710 1171 745 1197 79
769 1163 852 1190 Tunc
866 1163 898 1188 lic
907 1164 1036 1198 neglectos
1050 1135 1094 1190 fie—
1159 1161 1240 1188 adhuc
1250 1159 1333 1195 puella
1347 1169 1362 1185 a
1380 1159 1485 1195 Theseo:
1515 1158 1640 1195 fictitiam,
1668 1161 1717 1184 iam
1737 1158 1850 1185 Menelao
1875 1165 1969 1194 nupta,
1989 1170 2004 1186 a
2019 1161 2080 1187 Pari
2099 1172 2109 1187 c
2120 1172 2127 1187 :
2158 1169 2208 1197 pro

10 1197 13 1208 ¹
52 1197 114 1225 deta
128 1199 252 1226 redimita
264 1201 384 1235 capillos,
396 1200 482 1228 Prima
495 1199 534 1225 sui
547 1199 635 1233 eoepit
648 1198 786 1233 Calliopea
800 1197 887 1225 chori.
959 1200 1033 1233 Virg.
1042 1199 1095 1226 Ecl.
1161 1205 1209 1232 qua
1222 1194 1389 1231 recuperanda
1404 1196 1493 1221 Graeci
1506 1204 1560 1221 cum
1577 1195 1698 1220 Troianis
1712 1193 1838 1219 decennale
1851 1193 1936 1220 bellum
1948 1194 2080 1231 gellbrunt.
2138 1198 2209 1224 Inter

12 1259 13 1271 ἶ
53 1240 80 1267 7,
93 1239 122 1266 38
149 1235 297 1263 Candidior
309 1237 414 1271 cygnis,
432 1235 529 1261 hedera
540 1234 685 1261 formosior
698 1234 766 1261 alba.
825 1234 873 1260 Vbi
885 1234 1002 1266 Seruius,
1029 1234 1097 1261 Alba
1161 1231 1293 1258 Heroidas
1313 1230 1409 1257 Ouidii
1431 1233 1458 1256 16
1479 1228 1511 1263 qsi
1537 1228 1637 1255 Paridis
1659 1229 1690 1255 ad
1714 1229 1860 1259 Helenam,
1887 1233 1930 1256 cui
1953 1233 1998 1257 illa
2023 1239 2051 1266 17
2071 1232 2208 1268 rtjpondee.

51 1268 163 1296 hedera:
199 1271 263 1305 quia
279 1272 339 1298 sunt
359 1278 385 1298 et
397 1271 488 1305 nigrae
501 1270 627 1297 hederae:
663 1276 708 1302 vt,
732 1270 785 1296 Aut
798 1269 909 1296 hederae
924 1270 1039 1304 pandunt
1055 1279 1097 1296 ve.
1163 1267 1263 1302 Argiua
1276 1266 1379 1292 Helena
1411 1265 1485 1299 Virg.
1501 1266 1564 1291 Aen.
1587 1273 1612 1296 1,
1635 1267 1693 1297 654.
1785 1264 1894 1290 Infamis
1926 1266 1994 1292 Hor.
2007 1267 2088 1301 Epod.
2105 1277 2144 1300 17,
2165 1277 2209 1301 42.

10 1331 13 1339 Ι
38 1303 126 1338 ·stigia
136 1305 236 1339 nigrae.
294 1307 380 1341 Nigra
392 1312 497 1338 autem,
522 1306 566 1333 vel
579 1306 638 1333 alba
650 1305 765 1338 hedera,
785 1314 840 1332 non
852 1315 882 1332 ex
898 1306 971 1332 foliis
981 1326 988 1338 ,
1009 1305 1052 1332 sed
1065 1315 1095 1332 ex
1112 1309 1145 1333 30
1163 1304 1280 1330 Lacaena
1295 1302 1396 1328 Helene
1423 1300 1496 1327 Idem
1510 1302 1597 1327 earm.
1611 1309 1638 1332 4,
1652 1308 1677 1333 9,
1691 1302 1728 1326 16.
1799 1300 1917 1327 Martial.
1930 1310 1950 1334 1,
1964 1304 1993 1334 63
2020 1304 2129 1330 Laeuina
2143 1302 2211 1336 casta

38 1338 124 1373 *ligno
138 1341 313 1374 cognoscitur.
383 1341 517 1368 Baccifera
548 1342 606 1368 Sen.
619 1341 715 1376 Oedip.
736 1342 754 1368 s.
773 1348 796 1374 5.
868 1342 989 1368 Errantes
1022 1342 1096 1376 Virg.
1163 1346 1251 1370 antea,
1291 1339 1367 1365 Baias
1398 1337 1526 1370 Penelope
1556 1336 1645 1368 venit,
1680 1336 1735 1362 abit
1769 1335 1879 1362 Helene.
2056 1337 2077 1376 fl
2105 1348 2120 1365 2
2156 1340 2209 1366 He-

39 1373 104 1409 ,Ecl-
118 1383 151 1408 4,
168 1384 205 1408 19.
277 1376 420 1403 Flexibiles
448 1376 531 1403 Ouid.
547 1378 612 1404 Met.
627 1386 670 1409 ιο,
682 1385 727 1410 99.
799 1376 915 1403 Lasciuis
929 1376 1034 1403 hederis
1046 1386 1099 1403 am-
1165 1375 1224 1401 lena
1249 1373 1324 1400 Sidus
1352 1371 1593 1410 perniciosiffimum
1618 1370 1820 1405 nauigantibus,
1857 1378 1888 1398 vt
1906 1375 1943 1397 air
1962 1372 2065 1400 Solinus
2090 1384 2111 1401 c.
2129 1383 2146 1407 4
2167 1382 2209 1410 pr.

39 1409 173 1474 Qtiofior
208 1412 276 1437 Hor.
290 1413 377 1438 Carm.
393 1414 482 1445 1,36‚
497 1421 539 1438 20.
563 1426 566 1428 v
631 1413 756 1447 Ligantes
784 1413 861 1447 Virg.
875 1413 904 1438 111
917 1413 1011 1439 Culice
1048 1433 1054 1439 .
1092 1432 1099 1439 .
1165 1410 1237 1445 quOd
1255 1409 1369 1441 auertit,
1390 1409 1415 1442 J¹
1428 1408 1511 1444 fide&
1537 1408 1645 1444 fimgffl'f
1665 1405 1808 1440 menstruus.
1896 1407 1962 1433 Plin·
1985 1416 2016 1441 2,
2041 1417 2072 1444 37
2109 1412 2164 1446 agit
2181 1409 2210 1436 de

52 1465 53 1468 .
67 1445 197 1480 *ugubriffi
216 1446 269 1473 vid.
291 1454 306 1473 L
317 1454 338 1473 v
350 1453 371 1474 G
382 1454 399 1474 E
410 1453 441 1474 Ο.
512 1448 622 1474 Nexiles
647 1448 731 1475 Ouid.
745 1449 810 1474 Met.
825 1451 850 1479 6,
869 1456 927 1481 599.
999 1448 1099 1482 Nigrae
1164 1446 1243 1472 stellis
1268 1443 1421 1471 Castoribus
1433 1464 1442 1476 ,
1480 1453 1548 1478 quem
1574 1444 1650 1469 locum
1679 1451 1733 1469 cum
1752 1443 1785 1477 fic
1803 1451 1833 1469 ra
1856 1451 1914 1468 voce
1945 1448 1962 1469 C
1977 1451 2000 1470 A
2015 1452 2027 1471 s
2041 1452 2062 1471 Τ
2078 1452 2097 1472 o
2114 1452 2132 1471 R
2161 1455 2211 1472 non

45 1480 125 1516 ¹Virg-
138 1482 280 1517 Georg.2,
296 1488 351 1516 258.
423 1482 543 1509 Scribon.
569 1491 624 1515 ¹29·
713 1483 813 1509 Pallens
852 1484 926 1518 Virg.
940 1484 993 1510 Ecl.
1006 1492 1037 1516 3,
1061 1492 1099 1516 39.
1119 1491 1146 1516 33
1164 1483 1339 1512 attulerimus,
1368 1479 1415 1506 huc
1440 1488 1552 1506 reuocare
1571 1480 1664 1513 placet.
1743 1478 1777 1504 Vi
1798 1478 1821 1508 i,
1852 1480 1950 1513 inquit,
1980 1479 2117 1506 no6hrrnis
2140 1481 2213 1507 mili-

26 1531 31 1536 ·
50 1516 186 1551 Serpentes
218 1517 292 1544 Idem
312 1517 344 1543 de
356 1517 434 1544 obitu
447 1518 614 1544 Maecenatis.
682 1518 780 1545 Tenax
804 1519 890 1545 Catul.
904 1527 950 1552 59,
963 1529 999 1553 34.
1054 1520 1100 1545 Vi.
1164 1523 1220 1543 tum
1234 1516 1337 1550 vigiliis
1355 1514 1493 1541 inhaerere
1515 1514 1576 1548 pilis
1588 1522 1636 1548 pro
1651 1512 1722 1539 vallo
1735 1513 1868 1547 fulgorem
1884 1512 1971 1548 effigie
1989 1523 2019 1542 ea
2045 1516 2114 1550 (int.
2129 1516 2213 1543 stella-

50 1552 119 1579 &rix
146 1554 213 1579 Hor.
227 1553 305 1587 Epist.
320 1562 340 1585 1,
353 1561 376 1584 3,
390 1561 426 1585 25.
499 1553 599 1579 Virens
620 1552 694 1580 Idem
707 1554 795 1580 Carm.
809 1563 828 1586 1,
841 1562 878 1587 25,
893 1562 931 1589 17.
1004 1555 1100 1581 Vultus
1165 1555 1243 1583 rum)
1267 1557 1292 1577 et
1305 1551 1424 1577 antennis
1439 1550 1622 1584 nauigantium
1636 1549 1748 1583 aliisque
1768 1549 1879 1575 nauium
1897 1549 2014 1583 partibus
2024 1570 2033 1583 ,
2058 1560 2105 1578 eeu
2124 1552 2212 1578 vocali

0 1600 11 1624 ,¹
50 1587 211 1615 hederarum
227 1587 369 1614 frondibus
382 1587 457 1614 abdit
480 1588 562 1615 Ouid.
576 1589 641 1615 Met.
656 1590 681 1620 6,
695 1597 752 1622 599.
1165 1588 1280 1623 quodam
1293 1587 1357 1613 sono
1371 1585 1504 1617 insistunt,
1528 1591 1557 1611 vt
1576 1585 1698 1611 volucres
1717 1584 1802 1610 sedem
1822 1593 1853 1610 ex
1868 1584 1928 1611 sede
1940 1591 2084 1612 mutantes:
2120 1596 2213 1620 graues

87 1630 108 1650 H
118 1630 134 1650 E
144 1630 162 1649 Ι)
170 1630 186 1650 E
195 1630 214 1649 R
224 1625 247 1649 Ᾰ
256 1630 273 1650 c
284 1631 300 1650 E
310 1630 331 1648 v
340 1630 353 1650 s
366 1642 374 1654 ‚
395 1624 422 1657 J]
443 1630 460 1650 E
469 1629 488 1649 D
496 1630 513 1650 E
522 1631 541 1650 R
549 1630 569 1649 A
579 1630 596 1650 C
606 1631 623 1650 Ε
632 1630 652 1649 V
661 1631 692 1656 s,
710 1633 740 1657 a,
764 1633 818 1650 um.
858 1624 919 1651 Adi.
962 1625 1099 1660 [κίσσινα]
1166 1633 1225 1650 cum
1242 1623 1373 1649 solitariae
1388 1630 1483 1647 venere
1492 1641 1500 1654 ‚
1521 1626 1721 1654 mergentesque
1733 1620 1840 1653 nauigia
1853 1630 1861 1650 ;
1898 1625 1923 1646 et
1943 1619 1962 1645 fi
1985 1620 2013 1645 in
2035 1621 2138 1647 carinae
2159 1623 2213 1649 ima

50 1658 124 1693 Quod
136 1669 166 1684 ex
178 1659 265 1684 hedera
279 1657 321 1691 qli.
393 1660 459 1685 Cato
472 1668 492 1685 e.
503 1668 537 1686 111
565 1660 591 1685 Si
604 1659 678 1686 voles
694 1660 775 1691 scire,
793 1660 822 1686 in
836 1661 1100 1695 vinumaquaaddita
1113 1669 1151 1695 40
1167 1658 1328 1689 deciderint,
1356 1663 1495 1684 exurentes
1510 1667 1515 1682 :
1551 1656 1672 1689 geminae
1692 1659 1779 1680 autem
1801 1655 1923 1680 salutares
1941 1659 1967 1680 et
1987 1656 2106 1689 prosperi
2124 1658 2213 1684 cursus

50 1693 95 1725 sit,
116 1702 164 1720 nec
178 1702 225 1724 ne,
243 1693 377 1720 vasculum
389 1694 471 1721 facito
484 1694 516 1721 de
529 1696 642 1721 materia
655 1694 788 1721 ederacea.
840 1696 941 1722 Vinum
963 1697 990 1722 id
999 1716 1008 1729 ‚
1027 1696 1100 1730 quod
1164 1693 1355 1728 praenunciae,
1375 1701 1486 1726 quarum
1500 1690 1615 1728 aduentu
1627 1689 1714 1722 fugari
1727 1688 1812 1728 diram
1826 1689 1945 1728 ³¹¹³¹¹¹J¹F
1957 1690 2095 1721 minacem,
2116 1691 2214 1720 dietam

1 1751 5 1754 .
51 1728 156 1763 putabis
174 1737 268 1763 aquam
289 1729 400 1762 habere,
424 1730 518 1756 eodem
540 1731 648 1757 mittito.
706 1731 733 1757 Si
749 1730 858 1757 habebit
877 1740 989 1765 aquarn,
1004 1731 1100 1756 vinum
1166 1729 1311 1757 Helenam,
1332 1727 1430 1753 ferunt.
1502 1727 1533 1751 Et
1552 1724 1588 1750 ob
1609 1723 1636 1748 ¹d
1657 1723 1756 1749 Polluu
1771 1729 1796 1748 et
1808 1723 1912 1750 Castor!
1924 1723 1951 1749 ld
1965 1733 2063 1752 numen
2076 1726 2215 1761 affignant;

50 1764 153 1795 effluet,
173 1773 241 1798 aqua
255 1764 381 1791 manebit.
435 1765 506 1791 Nam
525 1774 579 1791 non
593 1766 712 1792 continet
731 1766 824 1792 vinum
848 1774 893 1791 vas
916 1765 1100 1791 hederaceum.
1165 1772 1264 1797 eosque
1278 1763 1306 1787 in
1318 1761 1387 1787 mari
1400 1760 1462 1786 deos
1476 1761 1614 1785 iuuoeant:
1650 1759 1762 1797 {aff-§qous
1775 1765 1866 1793 nempe,
1880 1759 1995 1795 utsupra
2008 1761 2157 1796 obstruatom
2170 1763 2213 1797 est.

12 1818 15 1833 ¹.
49 1798 117 1824 Plin.
132 1801 169 1829 16,
183 1807 219 1830 24
232 1799 366 1834 adfinem,
386 1800 474 1826 Bubus
489 1800 598 1833 quidem
610 1807 636 1826 et
647 1800 775 1831 ficulnea,
795 1800 949 1833 ilignaque,
977 1805 1002 1825 et
1022 1799 1100 1825 hede-
1166 1799 1219 1822 Hos
1234 1799 1335 1821 inuocat
1350 1795 1535 1830 Horatirrspro
1555 1794 1665 1829 Virgilio
1672 1795 1719 1829 Juo
1733 1796 1868 1829 nauigante
1879 1803 1906 1828 1,
1920 1803 1950 1827 3,
1964 1804 1979 1822 2
2012 1797 2116 1824 Fratres
2135 1800 2213 1827 Hele-

11 1835 14 1841 '
47 1841 132 1859 racea.
205 1834 296 1859 Herba
330 1834 462 1860 Columel.
476 1838 505 1866 8,
527 1843 563 1860 10.
654 1834 757 1867 Species
789 1833 856 1859 Plin.
875 1842 924 1866 24,
943 1841 980 1865 19.
1029 1833 1099 1860 Add.
1117 1833 1152 1860 45
1164 1840 1228 1863 nae,
1242 1829 1329 1856 lucida
1346 1829 1437 1856 sidera.

49 1868 155 1902 Vopisc-
169 1868 233 1893 Aur·
245 1876 291 1900 49.
1201 1872 1221 1892 H
1230 1872 1246 1891 E
1257 1873 1273 1892 L
1282 1872 1298 1891 E
1307 1872 1328 1891 N
1341 1872 1379 1891 1v
1390 1872 1413 1891 Μ
1424 1884 1432 1897 ,
1451 1865 1470 1891 1.
1490 1873 1516 1890 ιι.
1555 1863 1677 1897 [ἑλέων]
1717 1864 1838 1895 Fruticis,
1851 1864 1896 1899 stu
1910 1865 2006 1892 Herbae
2017 1876 2109 1902 gouer:
2144 1870 2210 1898 Plin.

85 1910 106 1930 H
116 1908 133 1928 E
143 1908 161 1928 D
170 1910 186 1929 E
195 1903 245 1929 Rki
254 1908 276 1929 T
286 1909 307 1929 v
316 1909 329 1929 s
338 1922 346 1935 ,
366 1911 395 1936 a,
415 1911 470 1929 um.
506 1902 567 1929 Adi.
621 1903 710 1930 Patina
724 1908 846 1938 argentea
863 1902 987 1930 hederata
1010 1901 1099 1930 Treb.
1166 1910 1200 1932 21,
1215 1910 1243 1927 10
1268 1901 1411 1927 Helenium
1427 1909 1441 1926 e
1454 1899 1569 1926 lacrimis
1582 1898 1701 1924 Helenae
1715 1898 1814 1925 dicitur
1826 1905 1914 1925 natum
1923 1919 1931 1932 ,
1952 1907 1978 1926 et
1992 1902 2053 1929 ideo
2067 1904 2095 1930 in
2108 1905 2212 1934 Helena

48 1939 113 1967 Poll.
127 1938 219 1965 Claud.
233 1947 254 1964 c.
264 1945 300 1972 17.
335 1945 365 1964 vt
378 1938 465 1964 ibidem
479 1939 592 1965 Lancem
607 1945 758 1973 argenteam
770 1939 950 1973 pampinatam
965 1938 1056 1974 refert,
1076 1945 1100 1964 et
1166 1936 1250 1962 insula
1263 1935 1470 1962 laudatissimtnn.
1526 1934 1567 1959 Est
1589 1940 1674 1959 autem
1689 1933 1776 1960 frutex
1790 1933 1866 1960 humi
1880 1935 1906 1961 se
1917 1936 2054 1971 spargens,
2074 1938 2213 1969 dodranta.

36 1974 150 2002 :discum
169 1973 378 2006 corymbiatum:
413 1981 442 2000 vt
454 1974 517 2009 flant
536 1974 649 2001 filicatae
667 1979 781 2009 paterae.
833 1974 907 2009 Cous.
928 1974 1048 2000 Tertull.
1067 1973 1100 1999 de
1165 1971 1237 1998 libus
1252 1971 1378 2001 1311111115,
1396 1970 1466 1996 folio
1482 1968 1560 1995 simili
1573 1968 1695 2002 serpyllo.

48 2011 113 2037 Cor.
127 2010 186 2036 Mil.
199 2019 220 2035 c.
228 2016 253 2043 7.
278 2015 302 2034 et
315 2009 422 2036 Nemes.
436 2010 487 2036 Ecl.
502 2018 528 2041 3,
545 2015 578 2039 18.
1119 2011 1152 2037 50
1202 2013 1224 2032 H
1238 2013 1254 2032 Ε
1269 2014 1286 2032 L
1303 2004 1319 2032 fi
1332 2012 1354 2032 N
1371 2012 1392 2030 V
1407 2012 1420 2032 s
1436 2027 1444 2038 ,
1464 2005 1482 2032 i.
1518 2013 1554 2030 m.
1615 2005 1662 2031 Vir
1685 2005 1827 2035 Troianus,
1851 2013 1920 2040 quem
1942 2006 2017 2041 Virg.
2032 2008 2097 2036 Aen.
2117 2019 2147 2044 3,
2167 2021 2213 2047 293

13 2075 14 2078 Ἰ
85 2052 132 2072 HE
143 2051 161 2070 D
171 2052 187 2071 E
197 2051 215 2070 R
225 2046 333 2077 iGER,
350 2046 412 2077 era,
432 2047 516 2071 erum.
534 2044 594 2071 Adi.
636 2045 724 2071 Ferens
738 2044 858 2071 hederam.
895 2043 981 2070 Catul.
996 2045 1024 2069 61
1039 2045 1100 2077 (64)
1166 2041 1327 2069 Priamidem
1339 2047 1421 2067 vocat.
1475 2041 1506 2066 Et
1519 2045 1608 2065 vatem
1628 2038 1698 2065 Ibid.
1743 2039 1798 2066 Cic.
1814 2039 1845 2065 de
1859 2040 1950 2067 Diuin.
1966 2050 1983 2073 1,
1997 2048 2036 2076 89.

50 2089 80 2114 23
106 2080 160 2107 Vbi
174 2080 258 2114 capita
273 2079 414 2107 Maenades
428 2081 455 2106 vi
471 2080 570 2107 iaciunt
584 2080 770 2114 hederigerae,
789 2082 903 2106 mulieres
917 2079 1072 2105 bacchantes.
1203 2084 1224 2103 H
1235 2083 1251 2102 Ε
1263 2084 1275 2102 x.
1286 2084 1303 2103 E
1313 2083 1333 2102 o
1346 2083 1380 2102 SE
1392 2082 1406 2100 L
1419 2082 1428 2100 1
1440 2082 1461 2101 N
1472 2082 1493 2101 v
1503 2081 1544 2106 M,
1566 2074 1584 2100 i.
1610 2083 1636 2100 n.
1675 2075 1755 2100 Genus
1766 2078 1820 2110 apii
1831 2075 1927 2102 Pallad.
1940 2086 1953 2110 5
1967 2083 1984 2104 t.
1997 2087 2018 2110 3.
2072 2081 2213 2110 Helioseli-

11 2141 14 2147 .
45 2122 59 2145 ¹]
85 2123 107 2143 H
116 2123 133 2143 Ε
142 2122 160 2142 D
171 2122 187 2142 E
197 2122 216 2142 R
225 2117 266 2142 σε
276 2123 295 2141 v
305 2123 318 2142 s
327 2135 336 2148 ,
355 2125 370 2142 a
379 2136 387 2148 ,
407 2125 460 2143 um.
497 2116 558 2142 Adi.
607 2117 727 2150 Propert.
738 2124 767 2149 4,
780 2124 806 2148 4,
821 2124 833 2147 3
866 2115 953 2141 Lucus
966 2120 1021 2140 erat
1035 2112 1101 2141 felix
1166 2121 1231 2138 num
1242 2112 1380 2151 appgllatgar
1394 2110 1506 2150 Plin319,
1519 2115 1540 2139 8.
1562 2115 1585 2135 et
1594 2118 1634 2144 20,
1648 2116 1668 2142 ς.

0 2160 3 2169 ·
41 2147 180 2181 fficderoso
195 2151 306 2177 consitus
318 2158 405 2180 antro.
1202 2153 1222 2172 H
1232 2153 1248 2173 F.
1259 2153 1273 2171 1.
1284 2153 1300 2171 Ε
1310 2153 1325 2171 Ρ
1336 2153 1355 2172 O
1364 2152 1380 2170 L
1389 2153 1399 2171 1
1409 2152 1421 2172 s
1430 2165 1438 2177 ‚
1460 2152 1490 2170 15.
1511 2145 1530 2170 Γ.
1568 2144 1715 2179 [ἑλεπολῐς]
1743 2146 1865 2172 Machina
1875 2144 1909 2179 est
1920 2147 1949 2173 ab
1959 2149 2104 2178 Euertendis
2112 2152 2214 2180 urbibu5

0 2188 5 2205 '³
26 2182 130 2215 “⁴¹¹²HE
140 2194 258 2219 DONE,
274 2196 310 2213 es.
328 2187 348 2214 f.
385 2189 456 2216 Aeon
473 2187 610 2214 Valentini.
652 2185 711 2213 Vid.
725 2184 844 2211 Tertull.
857 2184 958 2210 aduers.
972 2182 1032 2209 Val.
1047 2191 1068 2208 c.
1077 2187 1100 2212 8.
1119 2183 1148 2210 55
1167 2180 1246 2207 dista.
1272 2180 1322 2206 ἕλω
1336 2183 1399 2207 enim
1412 2188 1492 2207 euerto
1499 2179 1640 2216 significat.
1720 2180 1882 2208 Aedificatur
1894 2189 1997 2214 autem,
2016 2190 2046 2210 vt
2058 2186 2140 2212 tradit
2153 2189 2214 2215 Am-

55 2219 132 2262 ξβδὸνη·
146 2224 270 2258 voluptas,
1166 2217 1248 2242 mian.
1263 2225 1298 2248 23,
1309 2225 1328 2249 4
1362 2215 1413 2242 hoc
1426 2215 1520 2241 modo:
1556 2215 1678 2242 Testudo
1691 2217 1891 2250 compaginatur
1906 2218 2046 2251 immanis,
2064 2222 2159 2249 axibus
2170 2233 2215 2251 ro-

2 2280 5 2287 .
48 2267 59 2278 -.
70 2259 73 2262 ⁴
86 2265 107 2284 H
117 2265 133 2284 E
144 2265 162 2284 D
172 2264 190 2284 R
200 2265 222 2285 A
231 2278 239 2290 ,
255 2267 294 2284 ae.
314 2257 335 2284 f.
371 2254 465 2292 [ἕδραι]
502 2255 574 2284 Sella.
611 2256 680 2282 Hinc
691 2253 835 2287 Cathedra,
853 2253 983 2289 Ephedra,
992 2252 1101 2280 Exedra.
1164 2252 1259 2278 borata
1272 2251 1439 2286 longiffimis,
1460 2251 1608 2285 ferreisque
1621 2251 1703 2277 clauis
1717 2258 1819 2286 aptata,
1837 2259 1863 2278 et
1876 2254 2026 2288 contegitur
2037 2257 2117 2283 coriis
2131 2259 2214 2286 bubu.

35 2294 60 2305 ””
85 2300 209 2320 HEDVI
225 2312 233 2325 ,
269 2293 322 2319 vid.
344 2299 391 2319 ΑΕ
403 2298 422 2318 1)
436 2298 455 2316 V
467 2299 486 2318 1.
1164 2288 1212 2320 lis,
1238 2288 1428 2322 virgarumque
1447 2287 1547 2313 recenti
1567 2292 1671 2313 textura
1679 2297 1691 2312 εἼ
1720 2293 1800 2321 atque
1820 2287 1887 2314 limo
1905 2289 2077 2324 asperguntur
2096 2294 2151 2320 eius
2173 2296 2214 2322 su-

47 2326 66 2347 ‘V
85 2336 106 2356 H
115 2336 131 2356 F.
140 2335 159 2355 D
170 2336 191 2354 V
200 2336 209 2355 1
218 2335 235 2355 C
244 2336 264 2354 v
274 2335 301 2360 s,
321 2329 362 2353 vel
381 2334 402 2354 A
411 2334 428 2354 E
437 2334 456 2354 D
467 2333 487 2352 V
498 2333 508 2353 1
518 2331 536 2353 c
547 2333 568 2352 V
578 2331 591 2351 s
599 2345 608 2358 ,
630 2333 645 2352 a
654 2344 661 2357 ‚
685 2333 738 2352 um.
774 2323 836 2350 Adi.
872 2325 948 2351 Pater
965 2323 1100 2350 Heduicus.
1166 2333 1256 2359 prema
1265 2344 1273 2355 ,
1291 2330 1320 2349 vt
1332 2324 1467 2349 flammeos
1479 2321 1606 2348 detraes&
1618 2328 1643 2348 et
1656 2322 1759 2348 miffiles
1773 2323 1852 2350 castis.
1925 2325 2106 2354 Conseruntur
2124 2337 2213 2359 autem

50 2364 148 2392 Auson.
163 2365 264 2390 Parent.
277 2372 304 2396 2,
319 2372 331 2389 2
357 2362 503 2390 Tarbellae
517 2361 624 2393 matris,
644 2361 726 2394 patris
742 2365 767 2385 et
781 2359 905 2386 Aeduici.
1112 2361 1148 2385 60
1168 2359 1226 2386 eius
1240 2358 1401 2385 frontalibus
1414 2358 1537 2384 trisulcae
1551 2356 1667 2391 cuspides
1681 2365 1849 2391 praeacutae,
1873 2360 2035 2394 ponderibus
2051 2363 2145 2392 ferreis
2157 2376 2215 2401 gra.

15 2427 17 2430 Α
85 2408 106 2427 H
114 2408 131 2428 E
140 2408 159 2427 D
168 2407 186 2426 Y
194 2407 211 2427 c
220 2406 240 2426 H
251 2407 270 2426 R
278 2406 299 2424 v
308 2406 333 2425 M
342 2418 349 2429 ,
364 2398 389 2433 s.
405 2404 426 2423 H
436 2404 453 2424 E
462 2405 480 2424 D
494 2404 512 2422 Y
524 2403 540 2423 C
549 2403 569 2422 H
578 2403 598 2422 R
607 2403 627 2421 V
638 2403 659 2421 N
668 2398 766 2430 potius,
786 2393 914 2430 [ἧδύχρεν]
951 2394 1008 2421 Cic.
1016 2394 1100 2420 Tusc.
1167 2404 1212 2422 ves
1220 2415 1228 2428 ‚
1253 2394 1340 2429 qualia
1362 2393 1440 2420 nobis
1460 2392 1576 2427 piftores
1589 2393 1729 2419 ostendunt
1740 2394 1854 2421 fulmina
1862 2415 1869 2426 ,
1889 2396 1932 2422 vel
1948 2396 2067 2429 fluores,
2094 2407 2122 2426 vt
2136 2403 2213 2436 quid-

50 2444 74 2470 3,
86 2439 122 2470 46
136 2444 195 2468 c.19
230 2434 401 2461 Collocemus
415 2433 443 2458 in
457 2431 566 2458 culcitra
579 2431 699 2466 plumea,
719 2430 852 2464 psaltriam
866 2430 1038 2460 adducamus,
1059 2429 1102 2455 he·
1167 2430 1232 2466 qnid
1245 2429 1355 2464 petierit
1370 2429 1479 2456 exsertis
1497 2428 1595 2454 aculeis
1612 2428 1760 2463 abrumpat.
1830 2431 1905 2457 Hanc
1924 2432 1960 2457 ita
1979 2433 2093 2461 validam
2112 2438 2211 2466 molem

49 2471 65 2498 d
85 2472 178 2499 chrum
192 2469 378 2500 incendamus,
409 2473 456 2495 etc.
527 2468 557 2494 In
572 2475 639 2502 quem
653 2467 731 2492 locum
756 2465 901 2497 ViHorius,
927 2465 1102 2500 Hedyehrum‚
1165 2467 1232 2493 rotis
1246 2472 1271 2492 et
1285 2465 1395 2492 funibus
1409 2473 1500 2498 regens
1515 2465 1669 2490 numerosus
1682 2465 1838 2491 intrinsecus
1857 2466 1950 2499 miles,
1973 2467 2135 2502 languidiori
2155 2483 2213 2501 mu-

47 2510 148 2542 inquit,
164 2505 265 2532 verbum
279 2505 403 2530 Graecum
411 2509 435 2530 et
447 2504 560 2538 elegans,
575 2511 591 2528 a
603 2501 706 2528 meda-is
712 2504 800 2536 potius
812 2502 880 2528 inter
890 2507 1018 2537 unguenta
1030 2509 1103 2536 quam
1165 2511 1258 2529 rorum
1273 2502 1342 2536 parti
1354 2501 1458 2528 viribus
1473 2500 1597 2526 admouet
1612 2500 1722 2526 concitis
1731 2519 1737 2530 ‚
1758 2506 1784 2525 et
1801 2500 1849 2526 nili
1864 2501 1973 2536 desuper
1987 2509 2211 2539 propugnantium

4 2545 9 2554 ’“
48 2543 207 2570 odoramenta
218 2538 371 2575 recensetur:
407 2537 472 2564 vnde
483 2542 522 2564 ita
534 2538 680 2573 appellativo
692 2538 789 2569 volunt,
803 2537 868 2572 quod
881 2543 981 2573 gratam
994 2534 1102 2597 aspeflu,
1118 2534 1149 2566 65
1165 2538 1299 2564 valuerint
1312 2537 1398 2567 vires,
1423 2535 1518 2562 collisis
1537 2534 1683 2568 parietibus
1704 2535 1788 2561 aditus
1801 2537 1925 2569 patefacit
1937 2538 2063 2571 ingentes.
2138 2545 2213 2574 Ham·

42 2578 190 2615 fitauemque
205 2582 228 2602 et
248 2574 357 2601 nitidam
380 2580 459 2600 cutem
481 2573 609 2605 redderet,
637 2582 666 2599 ac
687 2572 821 2598 bonitatem
844 2574 935 2599 coloris
951 2574 1026 2607 pragi
1039 2579 1102 2599 aret.
1165 2573 1319 2607 Helepolim
1326 2571 1413 2608 fustus
1425 2570 1566 2606 describunt
1578 2570 1727 2596 Plutarchus
1741 2573 1768 2595 in
1781 2574 1837 2598 vita
1851 2573 1990 2607 Demetrii,
2014 2582 2037 2600 et
2050 2576 2157 2606 Vitruu.
2173 2589 2202 2607 10

0 2610 2 2614 ’
51 2615 120 2640 Haec
137 2610 275 2638 Viflorius.
327 2608 524 2644 Compofitionem
537 2608 606 2635 docet
618 2607 777 2644 Dioscorides
792 2618 804 2634 1
815 2627 823 2640 ,
837 2612 875 2634 61.
949 2609 1007 2633 Cum
1021 2610 1103 2643 igitur
1166 2617 1207 2634 22.
1249 2608 1318 2642 Lips.
1334 2609 1465 2633 Poliorcet.
1477 2614 1507 2637 3,
1521 2615 1532 2631 1
1552 2610 1617 2631 extr.
2201 2602 2212 2616 '

50 2646 211 2676 incendendi
226 2645 299 2681 causa
307 2651 427 2680 paratum
441 2654 489 2671 non
503 2644 617 2670 videatur
625 2643 805 2675 Hedychrun;
840 2642 947 2669 nondum
950 2642 1101 2677 personatus
1202 2649 1247 2668 HE
1258 2648 1275 2667 L
1284 2649 1329 2668 ER
1338 2650 1360 2668 N
1369 2650 1389 2668 v
1399 2649 1411 2668 S
1421 2661 1427 2672 ‚
1445 2641 1462 2667 i.
1482 2650 1517 2666 m.
1554 2641 1635 2666 Lucus
1652 2639 1771 2667 Tiberino
1784 2640 1909 2669 adiacens.
1951 2644 2032 2671 Ouid.
2041 2646 2106 2675 Fast.
2121 2651 2139 2676 6
2160 2658 2204 2678 10-

10 2703 14 2707 .,
50 2684 153 2712 videtur
165 2684 248 2712 locus,
266 2690 333 2716 quem
344 2681 392 2707 alii
403 2682 487 2716 legunt
501 2679 620 2705 Cedrum
636 2678 815 2704 incendamus.
1171 2677 1230 2704 Vid.
1247 2677 1331 2713 Heinss
1346 2677 1405 2703 ibid.
1420 2683 1442 2703 et
1454 2675 1488 2702 ad
1500 2685 1526 2706 2,
1541 2679 1584 2711 67.
2139 2669 2146 2682 ’
2190 2667 2211 2685 ³·

88 2726 109 2746 H
118 2726 135 2746 Ε
144 2725 162 2745 D
172 2726 191 2745 Y
201 2722 219 2743 C
229 2724 250 2743 V
259 2724 271 2743 s
280 2736 288 2749 ,
307 2717 326 2742 i.
347 2725 384 2742 111.
422 2715 489 2741 Idem
503 2713 546 2747 effe
561 2714 662 2740 videtur
674 2716 701 2739 in
713 2714 764 2739 Ioco
772 2713 848 2738 Varr.
860 2710 926 2746 apud
935 2711 1008 2737 Non.
1016 2719 1040 2743 3,
1048 2719 1102 2744 234.
1112 2716 1149 2744 70
1202 2720 1223 2739 H
1232 2720 1248 2739 E
1258 2719 1274 2738 L
1287 2718 1304 2738 E
1314 2718 1336 2738 T
1345 2719 1362 2739 E
1371 2720 1384 2739 s
1394 2732 1401 2742 ‚
1413 2712 1458 2747 seu
1471 2711 1550 2738 Heles
1564 2711 1667 2737 Flauius
1680 2713 1748 2737 circa
1766 2711 1869 2738 Veliam.
1912 2713 1969 2741 Cic.
1983 2715 2056 2744 Fam.
2071 2725 2089 2753 7
2112 2728 2143 2746 20
2189 2729 2213 2749 et

88 2762 108 2781 H
118 2761 161 2781 En
170 2761 188 2779 Y
198 2760 222 2780 Μ
231 2759 247 2779 E
256 2759 318 2779 LES
328 2771 336 2783 ,
355 2752 386 2777 is.
407 2759 442 2776 m.
479 2748 653 2784 [Ἡδυμὲλης]
687 2746 850 2775 Citharoedus
862 2746 929 2782 apud
940 2747 1034 2773 quen.
1051 2747 1102 2773 Sat.
1166 2749 1219 2775 Att.
1236 2757 1277 2779 10,
1292 2756 1326 2780 13.
1382 2749 1500 2774 Meminit
1513 2753 1536 2772 et
1549 2746 1631 2774 Strab.
1645 2753 1668 2772 ee
1682 2747 1765 2782 Steph.
2089 2739 2098 2752 ³
2145 2741 2151 2747 '

52 2792 85 2823 6,
98 2796 147 2822 383.
183 2798 197 2816 a
207 2789 335 2825 suauitate
351 2792 440 2813 cantus
456 2789 494 2812 ita
508 2782 601 2811 dietus.
1202 2791 1248 2811 HE
1258 2782 1323 2810 L1A⁰
1334 2789 1351 2810 c
1362 2790 1383 2810 v
1393 2791 1405 2809 s
1415 2803 1422 2815 ‚
1441 2792 1454 2809 a
1464 2803 1471 2815 ‚
1492 2791 1547 2809 um.
1586 2782 1646 2807 Adi.
1684 2782 1787 2809 Solaris.
1836 2784 1880 2816 Vt,
1899 2784 2024 2813 Heliacus
2040 2794 2128 2822 ortus,
2147 2792 2215 2827 apud

72 2826 107 2853 'H
116 2833 132 2852 E
141 2832 214 2852 DYO
223 2831 269 2851 SM
280 2829 298 2849 O
308 2829 336 2853 8,
356 2822 374 2848 i·
398 2831 432 2848 1¹¹-
469 2818 619 2854 [ἧδῦΜΨ-ῦῐ]
669 2820 760 2846 Latine
773 2818 867 2845 dicitur
880 2818 985 2850 Mcnla,
1003 2818 1034 2844 ab
1047 2817 1103 2844 odo·
1165 2818 1335 2854 Astronomos.
1390 2817 1690 2845 Trochisc11sHe1iac11s
1699 2836 1706 2848 ‚
1722 2818 1912 2846 Chamaemelum
1931 2823 2009 2856 Apul.
2019 2823 2050 2849 de
2058 2825 2140 2853 Herb.
2150 2837 2162 2854 c
2178 2837 2204 2854 2.

36 2857 91 2890 ¹'ris
103 2863 198 2898 gratia.
252 2858 318 2885 Plin.
331 2866 368 2890 35,
383 2866 407 2890 15
430 2858 548 2883 Vtuntur
560 2856 640 2882 etiam
654 2855 685 2881 ad
699 2860 837 2889 quartanas
849 2853 990 2880 bituminis
1011 2853 1103 2880 drach·
1164 2869 1168 2872 ⁴
1202 2854 1374 2887 HELIA'DES,
1389 2863 1443 2881 um.
1464 2851 1604 2888 [Ἡλιάδες]
1640 2854 1842 2887 patronymicum
1848 2855 2001 2890 femininum
2014 2860 2043 2884 ab
2056 2861 2150 2888 Helios
2165 2848 2214 2898 ιμίι·

14 2911 15 2916 =
51 2906 115 2930 ma,
139 2902 166 2923 et
179 2894 317 2927 hedyosmi
330 2893 387 2928 pari
401 2892 518 2927 pondere
535 2901 596 2919 cum
614 2890 736 2923 myrrhae
756 2889 839 2916 obolo
858 2889 967 2915 subae'ti.
1021 2888 1100 2916 szla
1119 2891 1152 2920 75
1165 2890 1199 2923 est
1222 2891 1270 2918 Sol.
1329 2892 1395 2917 Nam
1412 2890 1515 2926 sorores
1533 2889 1650 2915 dicuntur
1676 2889 1848 2916 phaschontis.
1909 2892 1990 2919 Ouid.
2008 2895 2073 2922 Met.
2098 2906 2111 2922 2
2152 2883 2212 2931 '040'

51 2940 130 2961 autem
143 2931 320 2964 Hedyosmos,
340 2929 405 2965 quod
417 2929 494 2955 Suaue
508 2929 586 2954 oleat:
610 2928 698 2954 Monta
710 2932 790 2953 autem
802 2935 818 2952 α
831 2926 932 2958 Mente,
952 2925 1018 2961 quod
1030 2925 1102 2952 odore
1165 2927 1268 2954 Nemus
1279 2926 1439 2958 Heliadum,
1469 2928 1488 2952 i.
1506 2926 1594 2960 Populi
1608 2924 1709 2951 arbores
1738 2925 1812 2951 Idem
1825 2925 1892 2953 ibid.
1909 2935 1945 2959 10,
1957 2937 1995 2961 91.
2068 2916 2212 2961 Hel'jajum

13 2974 15 2979 “
47 2969 94 3007 suo
106 2974 208 2994 mentem
222 2969 322 2992 excitet.
358 2964 431 2990 Idem
447 2972 485 2996 19,
501 2969 523 2994 8.
1165 2962 1265 2990 crustae
1296 2962 1414 2989 quenal.
1430 2969 1460 2994 5,
1481 2966 1509 2993 38
1529 2961 1593 2996 stent
1613 2960 1701 2986 trullae
1720 2968 1764 2986 aut
1785 2962 1836 2988 alia
1849 2963 1923 2998 vasa,
1948 2967 1975 2989 in
1990 2966 2077 3001 quibus
2089 2968 2183 2996 bibitur
2201 2980 2213 2997 a

32 3002 57 3017 ⁸‘
90 3011 137 3031 HE
146 3010 165 3030 D
175 3010 194 3029 Y
203 3010 219 3029 P
228 3009 250 3029 N
259 3000 279 3029 ὅ
288 3008 298 3027 1
307 3008 337 3032 S,
357 2999 417 3025 i'dis.
442 2999 462 3025 f.
498 2999 608 3032 Intybus
619 2997 760 3030 siluestris,
779 2996 843 3024 folii
855 2995 967 3024 latioris.
997 2993 1102 3026 ›Jivmors
1158 2999 1278 3035 succino,
1304 2997 1370 3033 quod
1387 2997 1417 3023 de
1438 2997 1553 3024 arborum
1565 2996 1699 3022 corticibus
1704 2995 1786 3031 fluere
1795 3016 1803 3028 ‚
1828 3000 1878 3023 iam
1891 3005 1942 3025 tum
1949 3003 2093 3034 putabatur.
2150 3006 2213 3032 Caue

7 3043 10 3047 “
29 3010 121 3103 kim.
135 3047 180 3072 20,
199 3043 223 3069 8.
277 3038 356 3065 Suaue
366 3036 484 3072 spirans.
1164 3037 1228 3061 enim
1239 3033 1270 3095 {lie
1277 3030 1373 3095 leleflro
1385 3033 1482 3059 metallo
1489 3031 1618 3068 faHiciO,
1637 3041 1690 3058 cum
1706 3034 1834 3068 Grangaeo
1846 3037 1943 3068 capias,
1962 3038 2002 3061 cus·
2013 3037 2080 3064 nihil
2090 3045 2217 3068 commune*

27 3074 32 3078 ⁴
1129 3075 1145 3093 0
1196 3080 1218 3095 m
1265 3078 1276 3095 e
1287 3072 1313 3095 ia
1325 3078 1359 3095 zn.

297 3099 331 3130 H
381 3099 408 3129 Ε
459 3097 487 3128 G
563 3105 592 3127 et
666 3096 698 3127 H
747 3096 774 3126 E
824 3095 856 3126 H
1112 3071 1126 3098 8
1165 3080 1249 3132 σαι-113
1260 3068 1459 3135 Llf'i-NTHE,
1480 3111 1514 3129 es.
1538 3102 1558 3129 f.
1596 3102 1695 3134 Herba,
1709 3111 1768 3138 quae
1783 3109 1806 3128 et
1819 3103 1972 3131 Heliacallis.
2007 3106 2073 3134 Plin.
2087 3116 2139 3143 24,
2154 3118 2162 3136 1
2185 3131 2192 3138 ,

92 3152 138 3173 HE
148 3151 169 3172 G
178 3153 195 3173 Ε
204 3153 217 3173 s
226 3153 236 3172 1
245 3152 264 3172 A
275 3152 288 3172 s
296 3164 304 3177 ‚
323 3152 364 3171 ae.
383 3153 419 3170 m.
457 3142 606 3178 [Ἡγεσίοις]
642 3141 752 3168 Valerio
767 3141 888 3168 Maximo
904 3137 963 3173 teste
976 3146 990 3170 8
998 3160 1006 3173 ,
1016 3148 1031 3172 9
1048 3145 1100 3166 ext.
1202 3147 1223 3167 H
1232 3139 1250 3167 ἔ
1259 3147 1275 3166 L
1286 3137 1323 3167 i‘c
1333 3142 1356 3167 Ᾱ
1364 3147 1383 3167 o
1392 3147 1413 3165 N
1423 3159 1430 3171 ‚
1451 3139 1518 3165 onis.
1541 3148 1577 3165 m.
1617 3140 1696 3165 Filius
1706 3139 1843 3164 Antenoris
1851 3158 1859 3170 ,
1887 3142 1931 3175 qui
1948 3142 2078 3168 Patauium
2088 3145 2162 3171 condi
2180 3149 2211 3173 it.

56 3182 216 3214 Cyrenaicus
224 3179 403 3215 philosophus,
417 3180 463 3214 qui
471 3179 503 3205 fic
512 3178 578 3205 mala
586 3178 656 3204 vitae
664 3177 917 3212 repraesentabat,vt
925 3184 1018 3202 eorum
1027 3176 1102 3202 mise·
1167 3177 1246 3204 Mart.
1259 3185 1294 3207 10,
1309 3184 1350 3209 193
1376 3176 1507 3210 Euganeas
1521 3174 1674 3201 Helicaonis
1688 3182 1745 3201 oras
1758 3180 1832 3200 vocat
1848 3175 1996 3202 Patauinum
2010 3187 2105 3213 agrum.
2143 3182 2212 3209 Hinc

55 3216 139 3244 randa
152 3216 267 3250 imagine
281 3216 445 3242 audientium
461 3214 614 3249 pectoribus
628 3213 739 3246 inserta,
759 3213 849 3246 multis
856 3212 1023 3239 voluntariae
1031 3220 1102 3238 mor·
1203 3219 1224 3238 H
1234 3219 1250 3239 E
1260 3219 1276 3238 L
1286 3218 1295 3236 1
1305 3219 1350 3239 CA
1361 3218 1379 3238 O
1389 3218 1411 3237 N
1421 3219 1429 3237 1
1439 3217 1458 3235 v
1469 3217 1498 3242 s,
1517 3219 1546 3241 a,
1568 3219 1622 3236 um.
1661 3208 1721 3235 Adi.
1774 3212 1792 3234 i.
1813 3210 1959 3237 Patauinus.
2016 3213 2095 3241 Mart.
2111 3223 2156 3250 14,
2170 3225 2211 3251 152

58 3252 93 3278 tis
105 3250 265 3284 oppetendae
278 3250 446 3284 cupiditatem
461 3251 635 3285 ingeneraret.
701 3249 819 3284 Ideoque
836 3258 850 3275 a
870 3256 931 3282 rege
950 3247 1102 3274 Ptolemaeo
1121 3248 1149 3278 85
1167 3248 1226 3275 Nos
1240 3247 1398 3274 Helicaonia
1413 3247 1445 3273 de
1459 3246 1568 3280 regione
1584 3247 1679 3271 sumus.

57 3286 170 3313 vlterius
183 3285 215 3311 de
228 3285 275 3311 hac
289 3294 318 3311 re
332 3285 417 3319 dicere
433 3286 594 3321 prohibitus.
650 3285 733 3312 Huius
744 3288 855 3312 meminit
869 3284 924 3311 Cic.
937 3283 965 3309 in
978 3284 1052 3309 Orat.
1068 3288 1102 3314 83.
1203 3291 1223 3310 H
1233 3290 1250 3310 Ε
1260 3284 1320 3310 Li'c
1332 3290 1366 3314 Ε,
1385 3292 1421 3309 es.
1440 3283 1459 3308 f.
1481 3282 1493 3315 [
1501 3281 1602 3315 Ἐλῖκη]
1626 3280 1690 3306 Vrbs
1697 3279 1814 3310 Achaiae,
1821 3285 1894 3315 quam
1900 3289 1967 3308 mare
1974 3282 2105 3318 absorbuit.
2141 3287 2211 3315 Plin,

61 3328 85 3348 et
99 3320 181 3348 Tusc.
195 3320 300 3353 Qlaest.
314 3329 340 3353 1,
355 3329 410 3354 230.
448 3322 514 3349 Gell.
530 3331 554 3355 9,
569 3331 596 3354 4.
1167 3328 1190 3352 2,
1203 3328 1243 3352 92.
1372 3316 1393 3356 ⁴]
1415 3327 1430 3344 2
1467 3318 1542 3345 Stella
1556 3319 1595 3342 vel
1607 3315 1674 3348 fidus
1687 3318 1758 3341 iuxta
1767 3316 1852 3350 polum
1863 3315 1984 3343 arcticum
1997 3319 2044 3345 α’πὸ
2058 3321 2091 3346 *ri
2103 3321 2212 3357 ἑλίσσων,

97 3363 118 3383 H
129 3362 175 3382 ΕΗ
184 3362 231 3382 EV
244 3353 277 3388 ⁶st
289 3357 319 3381 itz‘
329 3357 468 3390 quibusdam
488 3359 562 3385 libris
572 3365 621 3392 pro
635 3362 748 3383 EHEV.
787 3356 852 3391 [φεῦ
865 3355 930 3389 φεῦ]
986 3355 1102 3381 Dolentis
1165 3358 1224 3392 quia
1243 3357 1312 3381 circa
1328 3355 1395 3381 illam
1414 3354 1523 3380 voluitur
1543 3354 1648 3383 caelum,
1680 3352 1721 3377 vel
1732 3354 1818 3386 potius
1835 3351 1889 3386 ipfii
1909 3354 2020 3380 uoluitur
2035 3358 2104 3382 circa
2117 3359 2212 3392 polum.

58 3390 211 3419 interiet-tio.
299 3390 380 3418 Plaut.
392 3393 465 3427 Capt.
479 3401 507 3427 5,
519 3403 548 3426 3,
568 3398 591 3423 18
619 3392 715 3419 Heheu
730 3401 811 3427 quom
826 3401 876 3426 ego
889 3391 945 3426 plus
959 3390 1102 3425 minusque
1165 3390 1207 3425 Est
1219 3395 1283 3417 enim
1297 3390 1423 3425 Arffioss
1439 3390 1503 3415 Vrsa
1517 3388 1611 3414 maior.
1685 3387 1741 3413 Cic.
1755 3386 1833 3426 Acad.
1845 3395 1874 3419 4,
1886 3389 1921 3413 66
1935 3397 1955 3413 c.
1965 3397 1995 3414 20
2014 3391 2068 3425 Ego
2082 3394 2211 3429 veroipse

58 3428 112 3455 feci
125 3427 183 3459 illi,
203 3434 282 3461 quam
296 3434 407 3460 aequom
419 3428 478 3456 fuit.
550 3429 624 3455 Idem
639 3428 746 3455 Poenul.
761 3437 783 3460 3,
797 3436 827 3461 5,
843 3430 887 3460 46.
1114 3437 1149 3463 90
1164 3434 1191 3454 et
1205 3436 1313 3462 magnus
1326 3426 1434 3461 quidem
1449 3425 1504 3451 sum
1517 3425 1640 3458 opinator
1665 3425 1735 3455 (non
1749 3431 1820 3448 enim
1834 3422 1891 3448 sum
1905 3423 2024 3458 sapiens)
2045 3432 2071 3454 et
2084 3437 2154 3455 meas
2168 3439 2212 3456 co-

94 3471 114 3490 H
124 3469 169 3490 EH
179 3469 194 3488 Ε
205 3469 229 3488 Μ
240 3481 247 3493 ‚
273 3460 326 3487 vid.
345 3468 361 3487 E
373 3467 392 3487 H
402 3469 461 3490 ΕΜ.
513 3465 597 3492 Plaut.
611 3464 719 3492 Poenul.
732 3464 801 3500 prol.
818 3468 855 3495 118
892 3461 997 3489 Hehetn
1017 3470 1099 3496 paene
1164 3463 1306 3498 gitationes
1322 3462 1354 3489 fic
1368 3462 1457 3495 dirigo
1471 3468 1524 3486 non
1541 3458 1574 3486 ad
1588 3459 1660 3485 illam
1683 3457 1819 3493 paruulam
1841 3459 2010 3491 cynosuram,
2045 3463 2105 3496 Qra
2126 3464 2212 3493 fidunt

59 3499 161 3528 oblitus
174 3499 231 3525 sum
243 3496 378 3531 reliquum
391 3496 484 3526 dicere.
1166 3499 1232 3525 duce
1246 3498 1375 3525 noeiurna
1389 3496 1531 3523 Phoenices
1547 3495 1574 3521 in
1587 3494 1642 3521 alto
1651 3514 1659 3527 ‚
1686 3499 1713 3520 vt
1726 3494 1762 3519 ait
1777 3494 1870 3519 Aratus
1879 3512 1886 3524 ‚
1912 3503 1999 3528 eoque
2021 3496 2149 3526 diretffius
2164 3510 2212 3535 gu-

1161 3534 1294 3566 ·bernant,
1314 3533 1385 3568 quod
1400 3541 1457 3558 eam
1472 3537 1575 3562 tenent,
1603 3532 1678 3563 Qiae
1701 3529 1777 3555 cursu
1801 3529 1931 3556 interiore
1954 3531 2031 3559 breui
2045 3537 2213 3564 conuertitur

317 3559 348 3589 H
397 3560 424 3589 E
472 3561 486 3591 Ῑ
558 3571 586 3594 et
659 3563 692 3594 H
741 3563 768 3593 E
817 3562 842 3593 L
1166 3569 1248 3602 orbe,
1268 3569 1313 3596 sed
1324 3570 1356 3596 ad
1374 3569 1487 3595 Helicen
1499 3573 1525 3594 et
1538 3566 1687 3593 clarissimos
1702 3564 1913 3598 Septentriones,
1935 3565 1962 3592 id
1978 3567 2015 3594 est
2030 3570 2147 3598 rationes
2165 3572 2211 3599 has

95 3613 141 3634 HE
151 3613 175 3633 1.
219 3605 278 3639 [05¹]
315 3603 459 3631 Interiefflo
472 3605 575 3634 dolentis
588 3614 611 3634 et
624 3607 816 3645 ingrmzfientis.
851 3607 921 3634 Ter.
936 3603 1016 3632 Andr.
1031 3613 1041 3630 1
1053 3624 1062 3637 ,
1075 3612 1101 3636 1,
1116 3616 1147 3642 95
1166 3605 1262 3632 latiore
1275 3606 1370 3641 specie,
1389 3613 1442 3630 non
1456 3603 1487 3630 ad
1502 3610 1578 3629 tenue
1592 3602 1724 3627 elimatas:
1761 3608 1794 3625 eo
1811 3599 1849 3632 fit,
1863 3606 1891 3627 vt
1906 3609 2007 3639 errem,
2033 3610 2060 3632 et
2078 3615 2158 3641 vager
2177 3608 2212 3634 13.

61 3644 98 3676 46
121 3642 175 3669 Hei
188 3649 295 3673 vereor,
311 3649 345 3666 ne
359 3639 424 3674 quid
439 3640 538 3671 Andria
561 3650 680 3678 apportet
703 3644 777 3670 mali.
849 3645 942 3670 Datiuo
972 3642 1101 3676 iungitur:
1166 3641 1226 3667 tius.
1286 3639 1325 3674 Est
1340 3644 1421 3678 igitur
1436 3640 1530 3665 Helice
1548 3637 1627 3664 eadem
1651 3644 1711 3671 quae
1723 3635 1787 3661 Calli
1810 3644 1831 3662 o.
1903 3637 1999 3665 Lucan.
2022 3648 2038 3666 2
2047 3661 2055 3673 ‚
2074 3650 2123 3677 237
2154 3644 2212 3669 Par-

4 3681 18 3714 a]
59 3678 130 3705 Ter.
143 3679 239 3704 Heaut.
255 3685 279 3709 2,
294 3684 318 3707 2,
333 3683 346 3708 5
374 3675 427 3701 Hei
438 3675 534 3703 misero
547 3678 624 3707 mihi.
658 3679 696 3706 Id.
710 3679 792 3706 Andr.
806 3688 829 3712 3,
843 3687 871 3712 5,
885 3685 918 3711 15.
987 3677 1043 3702 Cic.
1066 3695 1073 3701 .
1094 3695 1101 3702 .
1166 3676 1246 3703 rhafis
1259 3676 1384 3711 obliquos
1399 3675 1493 3702 Helice
1508 3682 1590 3708 quum
1605 3677 1718 3698 verteret
1732 3677 1801 3711 axes.
1870 3672 1952 3699 Ouid.
1966 3674 2031 3702 Fast.
2045 3686 2067 3708 3,
2084 3682 2128 3707 108
2159 3678 2213 3703 Effe

9 3728 16 3735 π
59 3713 114 3740 Hei
127 3714 211 3744 mihi,
233 3721 287 3739 non
302 3711 401 3746 possum
415 3710 465 3737 hoc
475 3710 526 3737 fine
543 3712 655 3741 lacrimis
668 3724 885 3742 commemorare.
954 3713 1028 3746 Virg.
1037 3712 1101 3738 Aen.
1169 3711 1231 3738 duas
1246 3712 1339 3739 Areios
1353 3721 1464 3747 quarum
1478 3710 1612 3742 Cynosura
1627 3713 1735 3734 notetur
1760 3706 1886 3741 Sidoniis,
1907 3709 2018 3736 Helicen
2032 3712 2110 3738 Graia
2123 3713 2212 3738 carina

15 3760 17 3765 ·
60 3757 92 3782 2,
106 3757 154 3784 273
190 3749 244 3776 Hei
256 3748 326 3774 mihi
344 3747 428 3782 qualis
443 3751 513 3776 erat,
542 3753 586 3774 etc.
674 3751 728 3777 Hei
748 3751 832 3783 mihi,
859 3749 904 3777 hei
921 3747 988 3774 mihi
1019 3747 1100 3773 Plaut.
1166 3753 1249 3774 notet.
1323 3749 1390 3774 Hinc
1401 3755 1447 3782 pro
1457 3750 1534 3781 plaga
1541 3744 1734 3805 sifremriomu
1743 3745 1855 3778 ponitur.
1911 3744 1983 3772 Grat.
2000 3747 2096 3779 cyneg.
2111 3754 2139 3779 55
2164 3747 2212 3774 Illa

58 3784 182 3812 Bacchid.
195 3794 218 3818 3,
230 3793 254 3817 3,
268 3792 294 3819 7.
402 3781 474 3808 Idem
486 3781 570 3809 Calin.
585 3791 597 3814 3
606 3802 613 3814 ,
625 3785 655 3815 6,
667 3792 684 3819 7
714 3787 767 3813 Hei
783 3786 844 3819 hei,
865 3786 947 3812 foetet
961 3789 1020 3810 tuus
1032 3782 1101 3808 mihi
1111 3795 1157 3813 100
1167 3783 1208 3809 uel
1223 3783 1252 3809 ad
1265 3784 1340 3810 flatus
1354 3783 1459 3810 Helices
1473 3788 1558 3815 oppan
1579 3787 1593 3806 e
1606 3779 1724 3805 serenae:
1760 3793 1766 3804 ι
1778 3778 1908 3815 uosflatus
1921 3782 2037 3807 Auienus
2050 3784 2098 3812 639
2122 3782 2211 3809 Flatus

0 3819 13 3841 Γ·
58 3821 153 3848 sermo.
230 3821 350 3847 Vocatiuo
366 3821 438 3845 etiam
454 3820 585 3853 iungitur,
609 3827 679 3853 quum
697 3824 841 3849 exclamatio
853 3820 886 3854 cst
905 3821 1032 3848 hortantis
1049 3827 1101 3844 cum
1167 3819 1242 3844 vrsae
1254 3819 1411 3846 sereniferae
1424 3817 1544 3852 appellat.
1620 3816 1705 3841 Tellus
1720 3815 1763 3840 He
1774 3815 1826 3841 ices
1840 3815 1948 3842 niuosae
1984 3816 2040 3841 Sen.
2055 3817 2132 3843 Herc.
2149 3818 2210 3844 Oet.

58 3856 241 3891 approbatione.
313 3855 381 3881 Ter.
396 3854 460 3880 Eun.
476 3861 485 3879 1
495 3873 504 3886 ‚
519 3861 551 3886 2,
574 3860 611 3887 74
640 3854 694 3880 Hei
704 3857 791 3884 noster
804 3858 900 3890 laudo,
921 3855 1026 3883 tandem
1045 3862 1102 3889 per·
1168 3862 1234 3887 1539.
1411 3851 1431 3890 q
1452 3862 1463 3885 3
1500 3850 1592 3878 Helice
1606 3851 1685 3877 etiam
1699 3850 1735 3877 est
1751 3851 1848 3886 species
1863 3851 1952 3877 Salicis
1975 3850 2040 3876 Plin.
2056 3854 2099 3883 16,
2114 3859 2157 3886 37.

3 3890 5 3893 ’
59 3891 161 3922 doluit:
196 3892 240 3918 vir
260 3899 295 3917 es.
1203 3896 1223 3915 H
1233 3895 1250 3915 E
1260 3894 1275 3914 L
1285 3889 1321 3916 lC
1333 3896 1400 3922 ON,
1418 3889 1483 3914 onis.
1508 3896 1543 3914 111.
1579 3885 1701 3921 [Ἑλικών]
1738 3888 1813 3913 Mons
1826 3888 1937 3913 Boeotiae
1944 3888 2014 3910 iuxta
2031 3886 2137 3918 Thebas,
2149 3887 2211 3914 Pho.

10 3921 16 3927 Λ
95 3933 115 3952 Η
124 3934 140 3953 E
152 3933 160 3952 ¹
170 3933 206 3957 A,
243 3924 364 3953 Interit&
366 3928 389 3952 1¹⁰
402 3926 546 3951 exsfldml's·
584 3922 651 3949 Idem
669 3929 739 3959 alque
756 3926 810 3954 Eia.
880 3927 965 3960 Heia,
980 3926 1031 3955 hoc
1045 3926 1101 3953 fate
1166 3925 1218 3952 cidi
1231 3927 1345 3957 vicinus,
1365 3935 1411 3951 non
1421 3925 1536 3960 procula
1548 3924 1631 3950 Parna
1645 3923 1672 3953 b,
1698 3926 1765 3959 eique
1779 3923 1885 3948 aemulus
1897 3927 1919 3946 et
1935 3920 2069 3946 altitudine
2082 3927 2104 3946 et
2120 3925 2212 3948 circui-

17 3957 19 3983 l
57 3961 141 3989 Plaut.
155 3962 244 3988 Aulul.
258 3971 284 3994 2,
297 3970 318 3995 1,
329 3970 371 3993 3ο.
407 3960 516 3988 Phaedr.
531 3967 559 3993 5,
573 3961 607 3991 6,
619 3966 641 3990 3.
1111 3971 1156 3998 ¹03
1166 3967 1207 3992 tu,
1232 3963 1310 3997 quiet
1320 3961 1371 3995 ipse
1386 3961 1501 3996 Apollini
1512 3967 1603 3996 quoque
1627 3967 1699 3992 acer,
1726 3964 1750 3985 ct
1768 3956 1847 3991 Mufis
1864 3953 1904 3988 est.
1941 3953 2006 3981 vnde
2023 3955 2212 3985 Heliconiades

213 4003 233 4024 v
243 4004 297 4025 01..
334 3998 370 4025 II.
1320 4003 1335 4030 5
1353 3995 1384 4022 T
2116 3993 2208 4021 Musae
