2479 4225
251 185 331 223 „03
650 162 667 203 1
755 161 798 201 N
883 156 916 196 F
1642 136 1649 141 '
1750 148 1768 189 1
1853 147 1899 187 N
1986 147 2020 188 F
2216 182 2220 193 .
2295 131 2443 242 „0453

285 260 507 287 1NrLVENs,
527 252 604 280 entis.
625 250 719 278 Partic.
754 247 893 282 [ἐπιρρέων]
927 242 993 269 Plin.
1009 249 1044 275 31,
1057 250 1077 276 4
1096 241 1201 268 Mutant
1212 240 1286 274 rapo·
1344 241 1405 269 tull.
1418 241 1477 269 adu.
1491 242 1573 268 Marc.
1586 249 1610 273 4,
1623 247 1657 266 22
1688 238 1775 266 Moses
1794 238 1887 273 populi
1906 237 2081 271 informator,
2100 241 2143 275 qm·
2153 236 2268 276 sormam
2286 235 2445 275 reipubtqff.⁴

249 302 307 322 rem
320 295 355 318 'et
377 290 514 317 influentes
536 288 600 315 riui.
636 286 707 314 Adde
729 285 801 310 Curt.
830 286 852 312 8,
875 287 901 311 9,
924 283 946 308 8.
1019 278 1161 312 Plerumque
1179 277 1291 302 trahite:-
1309 275 1314 282 ⁸
1345 277 1461 305 Iudaicae
1479 275 1616 311 constituit.
1669 276 1701 302 Et
1721 272 1787 301 ibid.
1802 283 1821 307 1,
1835 283 1851 301 2
1882 273 2000 300 Scandali
2014 273 2176 302 informator
2188 274 2304 302 Cerdon.
2341 272 2431 312 Oc.)-;t;
2456 271 2474 311 gf

250 329 307 356 Cic.
321 327 352 353 de
367 326 487 353 Prouinc.
501 324 608 351 Consul.
621 331 648 355 32
663 332 684 348 c.
699 329 721 351 ¹3
741 318 880 344 Influentes
894 314 922 340 in
934 313 1038 340 Italiam
1052 313 1189 339 Gallorum
1203 309 1286 338 maxi·
1345 316 1426 340 currit
1438 316 1512 340 ett'om
1530 316 1557 339 in
1572 311 1632 345 Dig.
1736 343 1743 349 ⁶
2343 316 2349 320 -
2402 307 2428 346 5:20,-
2473 339 2476 346 ι

251 372 305 390 mas
327 362 415 396 copias
436 359 560 394 repreffit.
632 359 760 384 Fortunae
782 350 918 378 influentis
946 349 1015 376 dona
1047 350 1104 375 Sen.
1130 346 1241 379 Thyest.
1260 348 1285 372 6.
1384 352 1692 376 INFORMATR1x‚
1710 347 1766 371 ῐειε.
1787 344 1808 370 f.
1844 344 1898 371 ICt.
1916 346 1944 370 in
1962 343 2029 371 Cod.
2384 371 2388 374 Δ
2411 374 2414 378 Δ
2472 347 2474 350 ’

250 398 368 432 Negotia
388 396 525 423 influentia
562 393 698 429 Confer-tim
715 387 764 421 fiue
774 386 851 421 Jimul
869 392 893 411 et
915 385 1021 412 ubertim
1040 386 1139 411 ruentia
1157 383 1222 409 Plin.
1242 383 1286 409 Pa·
1306 385 1321 413 ς
1385 381 1622 411 1N1-'0RMABi
1631 387 1706 412 ms,
1725 389 1748 407 e.
1769 379 1830 406 Adi.
1866 381 1918 415 Qu·
1932 379 2047 416 formari
2066 382 2160 415 nequit.
2194 379 2313 408 Tertull.
2332 378 2427 407 adm·
2440 395 2445 410 .·

249 442 299 468 neg
329 438 354 462 81
389 440 405 459 2
532 415 542 429 ³
1347 418 1460 446 Praxean
1479 429 1504 446 c..
1514 426 1547 454 27
1572 419 1658 445 Deum
1677 415 1869 443 immutabilem
1884 421 1909 441 et
1923 414 2125 442 informabilem
2144 416 2216 443 credi
2236 416 2333 442 necesse
2346 415 2392 442 est.
2410 414 2445 447 ’ζ
2465 415 2471 437 “,

288 452 330 494 1.Ν
341 452 539 497 ΡῖκῖνικίΜ,
561 465 582 493 1.,
606 471 631 488 n.
665 460 769 493 Legitur
784 459 813 482 in
831 464 896 488 vno,
916 457 958 491 qui
978 452 1104 491 superest,
1122 453 1176 481 MS.
1190 451 1288 479 Vellei.
1385 453 1554 487 INF6R0,
1571 458 1622 481 are.
1660 451 1816 486 [ἒναγοροίω]
1851 460 1867 477 a
1881 451 1952 478 Foro
1965 450 2127 487 compositum,
2145 453 2244 482 verbum
2254 450 2393 487 fifflffum,
2417 464 2448 482 ·›·

251 505 348 532 Patere,
361 511 378 530 2
401 511 445 529 120
471 504 488 528 6
509 502 546 527 Ita
560 503 659 524 catenas
679 493 752 520 iliisit
771 491 852 526 capiti
871 492 934 523 suo,
947 496 975 517 vt
988 491 1108 525 protinus
1120 488 1221 524 pariter
1233 489 1288 514 san·
1349 488 1415 525 quod
1424 489 1498 525 forte
1508 489 1649 526 fignificct,
1661 490 1691 515 In
1704 488 1794 522 sorum
1808 486 1951 523 diuulgare,
1964 493 2008 512 aut
2021 486 2151 522 lusorum
2164 495 2251 513 vocare
2260 506 2268 518 ,
2280 486 2327 522 fid
2339 495 2393 512 cum
2408 496 2421 519 Ἰ·
2438 503 2462 523 2:

269 539 338 566 uinis
352 523 506 570 ce'rebri'que
523 531 635 559 infinitio
649 528 799 563 exspiraret:
840 528 919 553 Varia
938 533 1036 553 tentant
1053 528 1107 551 viri
1120 522 1203 556 dotti,
1217 524 1289 550 efflu·
1349 523 1461 558 allusione
1473 526 1505 552 ad
1517 526 1615 552 verbum
1628 524 1731 554 forare,
1750 529 1865 558 quatenus
1881 522 2004 557 obscenum
2015 522 2076 557 quid
2087 529 2172 549 notare
2182 520 2273 557 potestj
2307 521 2393 548 Plaut,
2423 519 2441 547 “·;

251 549 300 603 {io
330 573 476 608 profluuio:
493 566 582 604 qm'dst
595 565 662 591 dedi!
674 561 777 596 auam,
792 564 820 589 in
833 562 934 594 flssUiOs
954 565 972 589 1'-
992 561 1048 587 dum
1055 560 1243 596 fluitfimguis.
1302 566 1332 585 10
1351 561 1429 587 Cure.
1444 568 1467 593 3,
1481 570 1504 592 31
1524 561 1632 588 Licetne
1645 560 1780 590 inforare,
1798 557 1815 584 si
1834 557 2001 584 incomitiare
2013 566 2067 583 non
2080 557 2159 584 licet?
2179 563 2205 583 C.
2224 566 2278 583 non
2293 557 2394 583 infora-
2413 560 2417 567 ⁴
2430 554 2440 573 'v

289 594 356 636 lim-³
366 617 381 635 L
392 612 503 636 VXVS,
525 602 561 628 iis.
581 610 616 627 m.
653 599 760 627 Firmic.
772 608 790 630 1,
804 607 814 625 1
834 599 862 624 Si
875 605 907 624 ex
922 597 983 623 solis
996 597 1129 623 stellarum
1142 594 1289 621 influxibus
1352 595 1394 622 bis
1405 604 1448 622 me
1461 595 1581 630 quidem:
1603 603 1656 622 non
1669 594 1738 621 mihi
1758 593 1841 628 placet
1855 599 1929 619 tuum
1944 593 2066 627 profecto
2083 601 2131 619 nec
2146 593 2236 619 forum
2248 602 2295 619 nec
2311 591 2394 618 comi·
2404 607 2408 609 -
2442 590 2462 615 ·ἰ

251 645 417 682 pendeamus.
450 641 481 666 Et
499 638 560 664 alibi
573 636 730 672 frequenter.
774 634 831 661 Vid.
851 631 932 666 Vorst.
951 632 979 658 cle
1000 634 1086 659 Latin.
1097 631 1166 668 susp.
1179 640 1200 656 c.
1216 640 1246 665 14
1261 636 1291 665 p.
1352 631 1431 658 tium.
1500 631 1565 658 Plin.
1581 639 1663 666 17,14
1681 629 1829 656 Timebant
1850 628 1928 663 prisci
1948 634 2069 654 truncum
2089 628 2197 654 findere.
2238 629 2303 654 Mox
2322 628 2402 657 info-‚

252 691 304 716 1⁰9·
324 687 347 706 et
358 674 488 705 Antibarb.
501 673 590 699 Cellar.
602 678 631 706 p.
642 681 682 706 57.
709 673 739 696 it.
754 670 810 696 Cur.
825 666 890 701 Post.
904 675 932 702 p.
945 675 997 698 218.
1353 675 1412 694 rare
1431 665 1501 699 aust,
1513 667 1616 698 medio,
1629 665 1729 700 ipsique
1743 664 1873 691 medullae
1892 663 2020 690 calamum
2033 663 2233 698 imprimebant.
2269 662 2351 689 Hard.
2365 672 2395 689 ex
2414 683 2416 686 ,
2448 663 2463 677 ”

290 723 299 741 1
311 722 330 740 Ν
341 721 356 740 r
366 720 381 738 L
390 719 409 737 v
419 717 436 736 x
445 717 455 736 1
464 716 499 740 0,
519 708 586 734 osas.
606 707 626 734 f.
663 705 782 733 Macrob.
795 706 884 732 Somn.
900 704 968 738 Scip.
989 712 1010 736 1,
1027 711 1055 730 12
1086 699 1232 729 Materialis
1251 700 1291 726 in·
1353 702 1428 729 MSS.
1442 702 1586 736 Imperare,
1600 702 1742 736 dubitatque
1750 700 1778 726 de
1785 702 1925 726 Latinitate
1937 699 2058 726 Inforare
2070 703 2097 725 in
2110 700 2156 726 hoc
2168 699 2220 736 vsu.
2258 698 2305 726 sed
2317 709 2332 724 a
2350 697 2397 734 tis}

253 750 336 778 fluxio
356 748 382 773 in
401 753 503 778 corpus.
1307 740 1332 766 15
1346 737 1437 772 fimum
1449 745 1512 764 certe
1527 739 1567 765 hic
1580 738 1677 764 verbum
1690 736 1722 769 est
1736 736 1865 768 inforare,
1885 734 1949 771 quod
1961 744 2008 761 non
2015 734 2064 768 fim
2082 736 2164 762 liciter
2174 733 2307 770 perforare
2330 736 2396 770 igni·
2408 738 2412 745 ⁸

289 791 327 811 1N
338 789 352 808 F
361 779 405 807 (31)
415 786 424 805 1
435 787 454 806 O
463 778 553 812 potii,
572 777 653 804 ossum
662 796 669 808 ‚
696 777 749 802 ere.
786 775 799 808 [
807 773 965 809 κατορύττω]
1002 775 1076 800 Intus
1086 772 1186 808 fodere.
1224 772 1292 798 Cato
1351 772 1413 808 ficut
1419 772 1444 808 s.
1459 775 1591 806 traiicere,
1602 772 1649 809 sed
1655 772 1773 807 foramen
1787 771 1934 807 deprimere,
1958 773 1985 796 in
1999 780 2045 806 quo
2075 774 2226 797 immittatur
2235 771 2361 806 surculus.

253 830 273 847 c,
286 828 298 852 3
325 817 423 847 Vinea,
436 814 453 840 fi
467 822 555 840 macra
573 813 640 843 erit,
661 812 788 838 sarmenta
801 811 844 836 sua
862 809 997 836 concidito
1010 809 1126 839 minute,
1145 814 1171 834 et
1190 807 1291 834 ibidem
1389 815 1430 835 IN
1440 814 1541 836 FORT
1552 816 1571 835 V
1585 816 1606 835 N
1616 811 1637 835 Ᾱ
1644 815 1665 834 Ί·
1675 815 1694 834 V
1704 815 1734 840 s,
1761 816 1791 838 a,
1823 815 1877 833 um.
1911 806 1972 832 Adi.
2020 806 2033 839 [
2048 803 2149 838 δυςνχῆς
2162 807 2175 842 ]
2218 804 2397 840 Calamitosus,

251 857 352 882 inarato
371 857 416 877 aut
435 849 560 876 infodito.
631 847 755 873 Insodere
774 854 886 878 corpora
906 850 992 871 terrae
1012 845 1086 878 Virg.
1101 845 1165 870 Aen.
1185 852 1219 876 11,
1234 850 1292 876 205.
1354 844 1519 879 aerumnosus.
1561 845 1630 871 Ter.
1644 845 1708 870 Eun.
1724 852 1749 876 2,
1762 851 1784 875 3,
1799 850 1829 876 17
1857 843 1882 868 O
1901 841 2098 868 infortunatum
2119 842 2215 869 senem.
2286 839 2399 867 Firmic.
2422 856 2425 862 ⁴

251 888 324 923 Conf.
339 887 409 920 Nep.
425 894 453 918 4,
466 893 488 918 ς,
502 892 522 917 ς.
592 883 732 916 Vnguibus
744 881 882 907 infodiunt
897 880 987 914 fruges
1008 881 1082 914 Virg.
1096 880 1193 914 Georg.
1207 888 1228 911 3,
1241 886 1293 912 535.
1356 882 1371 905 6
1384 888 1406 905 c.
1421 879 1468 906 vlt.
1489 880 1642 907 Praesertim
1661 879 1679 907 fi
1695 888 1739 905 eos
1758 877 1904 905 maleuolae
1923 877 2011 903 stellae
2023 877 2121 904 minaci
2139 881 2165 902 et
2180 875 2345 902 infortunata
2357 883 2400 902 ra-

249 922 375 952 Infodere
393 921 490 947 sulcum
502 918 633 946 Columel.
648 926 668 948 3,
684 925 718 949 13.
1305 921 1341 941 20
1356 913 1474 941 diatione
1488 915 1633 950 respiciant.
1723 916 1837 949 Compar.
1862 914 1920 940 Cic.
1935 915 1989 939 Att.
2005 921 2031 942 2,
2043 921 2079 945 24
2099 912 2179 939 Nihil
2193 920 2236 937 me
2250 911 2399 938 infortuna-
2441 922 2451 947 ³.

286 965 296 984 1
306 966 327 985 Ν
338 963 354 983 F
365 964 383 984 o
394 963 427 983 ss
437 963 456 982 v
466 963 496 987 s,
515 963 543 985 a,
563 963 617 979 um.
642 953 735 979 Pax-tic.
772 951 860 985 [κατω
876 951 993 984 υγμένος]
1028 949 1095 976 Plin.
1111 959 1144 983 13,
1159 959 1183 983 13
1207 949 1294 977 Maio·
1354 950 1420 977 tius:
1439 950 1478 976 nil
1491 951 1650 978 fortunatius
1665 950 1701 978 est
1715 950 1820 978 Catulo.
1891 949 1988 984 Superi.
2006 948 2085 983 Apul.
2098 949 2164 974 Met.
2178 956 2197 980 4
2208 957 2233 982 p.
2247 954 2291 982 157
2310 946 2399 974 Infor·
2426 971 2429 974 .

250 1003 279 1021 re
297 993 441 1019 etiamnum
459 989 605 1019 miraculo,
632 988 704 1023 quod
724 992 764 1014 tot
783 987 842 1013 info
862 995 870 1011 1
892 985 1054 1012 durauerunt
1073 987 1155 1012 annis.
1227 987 1294 1012 Puer
1355 985 1527 1013 tunatiffimus
1540 988 1657 1014 maritus.
1729 1009 1732 1012 .
2274 984 2279 986 '
2434 981 2446 996 ”-

249 1029 358 1056 infossus
377 1027 460 1054 humo
484 1026 552 1052 Hor.
571 1024 652 1060 Epod.
673 1031 696 1057 ς,
715 1032 752 1056 32.
839 1021 935 1049 Infossa
959 1021 1070 1048 cerebro
1090 1022 1200 1048 vulnera
1231 1021 1294 1048 Stat.
1394 1027 1434 1047 1Ν
1446 1028 1463 1048 1²
1470 1028 1613 1057 QRTVN
1625 1027 1715 1052 1vM‚
1744 1021 1763 1047 i.
1795 1029 1821 1046 n.
1865 1018 2008 1054 [ἐτύχημοι
2019 1039 2027 1052 ,
2056 1016 2209 1053 δυςύχημοι]
2253 1018 2401 1045 Calamitas.
2413 1045 2416 1048 .
2430 1010 2453 1049 ‘J

249 1063 340 1096 Theb.
361 1069 382 1093 8,
397 1071 453 1096 534-
1357 1057 1474 1084 Craffum
1487 1057 1665 1084 infortunium
1680 1057 1761 1084 Plaut.
1777 1055 1845 1083 Rud.
1860 1065 1883 1087 3,
1896 1063 1920 1088 ς,
1934 1063 1969 1088 53.
2040 1054 2195 1086 Mediocre,
2213 1053 2266 1080 uid.
2285 1059 2402 1080 MED10·
2430 1062 2453 1091 ἧς,

286 1106 326 1126 ΙΝ
336 1106 352 1126 F
362 1105 380 1125 Ο
389 1105 402 1124 s
412 1104 441 1124 St
452 1102 471 1123 0
482 1116 491 1129 ,
510 1095 578 1122 onis.
599 1094 620 1121 f.
655 1092 752 1120 Pallad.
764 1092 841 1119 Febr.
857 1097 876 1119 t.
890 1093 920 1118 16
944 1091 1053 1118 Infoffio
1067 1091 1149 1118 totius
1164 1092 1294 1126 corporis.
1306 1099 1337 1127 25
1357 1099 1434 1120 CRIS.
1504 1093 1571 1120 Ter.
1586 1089 1662 1120 Adel.
1675 1102 1697 1124 2,
1710 1101 1728 1123 1,
1741 1101 1773 1124 24
1801 1092 1827 1118 Si
1840 1091 1976 1126 attigisses,
1988 1090 2071 1117 ferres
2085 1090 2273 1121 infortunium.
2326 1088 2416 1116 ›Liuo
2433 1107 2440 1115 .

286 1143 297 1162 1
306 1142 328 1159 N
341 1141 354 1159 F
365 1140 409 1160 OE
419 1140 435 1160 C
444 1139 465 1157 V
474 1138 496 1156 Ν
506 1137 524 1157 D
534 1138 554 1156 V
564 1138 576 1157 s
586 1150 594 1162 ‚
612 1131 697 1155 melias
717 1136 727 1155 1
736 1135 757 1154 N
766 1135 807 1155 PE
816 1135 832 1155 c
841 1135 861 1155 V
870 1135 893 1154 N
903 1134 921 1154 D
932 1135 952 1153 v
963 1135 991 1159 s,
1011 1137 1034 1160 a,
1054 1136 1109 1154 um.
1133 1127 1194 1154 Adi.
1215 1126 1295 1161 [dc'tpa-
1358 1137 1380 1161 1,
1395 1135 1426 1161 50
1440 1133 1503 1154 extr.
1533 1128 1575 1155 Ne
1593 1129 1621 1156 id
1641 1127 1751 1164 quidem
1765 1127 1892 1153 Turnum
1908 1126 1993 1153 tulisse
2005 1126 2166 1152 taciturnum
2180 1126 2282 1152 ferunt:
2308 1123 2401 1151 dixisse
2427 1135 2447 1166 ,Ψ

250 1171 306 1206 ρος]
343 1168 465 1196 Fecundo
484 1169 652 1198 contrarium,
673 1166 731 1191 Non
743 1163 838 1198 ferax,
853 1164 950 1191 sterile.
998 1163 1062 1190 Plin.
1077 1172 1111 1195 11,
1125 1171 1153 1196 54
1179 1164 1239 1190 Oua
1256 1165 1295 1190 in·
1357 1164 1431 1190 enim
1451 1163 1551 1190 nullam
1568 1165 1725 1192 breuiorem
1742 1164 1790 1189 esse
1804 1163 2002 1197 cognitionem,
2024 1170 2103 1196 quam
2122 1161 2191 1188 inter
2209 1167 2309 1195 patrem
2328 1165 2354 1186 et
2372 1159 2403 1186 fi·
2426 1159 2455 1188 ns

251 1205 343 1233 cubari
363 1205 431 1231 intra
452 1202 540 1229 decem
554 1200 609 1226 dies
629 1199 699 1226 edita
719 1199 880 1226 vtilissimum
899 1199 950 1230 est;
977 1205 1068 1226 vetera
1086 1204 1128 1225 aut
1145 1200 1295 1225 recentiora
1358 1199 1440 1225 lium:
1459 1199 1598 1234 paucisque
1611 1199 1719 1233 transigi
1732 1198 1821 1226 verbis
1836 1199 1916 1232 posse:
1942 1198 1971 1224 ni
1985 1203 2075 1232 pareat
2088 1197 2173 1232 patri,
2187 1196 2341 1223 habiturum
2363 1195 2404 1222 in·
2434 1189 2454 1222 ἶ.

251 1239 399 1268 infecunda.
466 1239 534 1271 Ager
548 1236 639 1263 arbori
659 1234 817 1261 infecundus
832 1234 1061 1269 Sallust.111g11rth.
1074 1243 1096 1260 c.
1112 1243 1145 1266 17.
1218 1235 1294 1261 Folia
1358 1235 1509 1261 fortunium
1522 1236 1579 1262 effe.
1650 1234 1773 1262 Inuenire
1786 1233 1982 1266 infortunium,
1997 1233 2052 1259 vid.
2073 1237 2226 1259 INVENIO.
2286 1232 2404 1258 Laedent

250 1277 315 1304 Plin.
332 1284 365 1308 12,
382 1283 418 1301 10.
489 1273 557 1299 Fons
578 1270 659 1298 Ouid.
673 1271 760 1297 Trist.
780 1279 802 1303 3,
825 1279 865 1303 14,
883 1279 924 1303 34.
995 1270 1098 1297 Natura
1118 1271 1179 1296 Stat.
1193 1270 1257 1296 Silu.
1272 1279 1295 1302 3,
1307 1280 1339 1304 30
1358 1278 1403 1297 tua
1421 1279 1464 1296 me
1485 1271 1632 1298 infortunia
1655 1271 1750 1297 Horat.
1769 1269 1801 1295 de
1814 1270 1877 1296 Arte
1897 1270 1968 1296 Poe't.
1987 1277 2039 1301 103.
2109 1267 2226 1295 Mastare
2248 1266 2404 1294 infortunio
2435 1270 2448 1299 ’ς

251 1321 270 1343 1,
284 1314 338 1345 167.
407 1307 512 1336 Semina
535 1307 609 1340 virg.
631 1308 728 1340 Georg.
753 1315 775 1339 2,
796 1311 838 1339 48.
910 1305 1021 1340 Compar.
1048 1305 1179 1332 Columel.
1197 1315 1222 1339 2,
1236 1315 1264 1338 4,
1277 1313 1295 1340 7
1358 1306 1441 1333 Plaut.
1455 1306 1532 1332 Cnrc.
1544 1316 1567 1339 4,
1580 1315 1602 1342 3,
1616 1314 1638 1339 ς.
1705 1305 1820 1332 Multare
1832 1305 2001 1336 infortunio,
2022 1304 2076 1330 vid.
2096 1310 2231 1336 MVLTA,
2244 1310 2282 1329 ae.
2416 1318 2418 1321 ν
2436 1305 2451 1329 ζ’·

249 1345 423 1375 Infecundior
440 1343 552 1370 materia
570 1343 644 1376 mista
664 1342 801 1377 pinguiori
821 1342 934 1375 segetem
955 1342 1042 1367 minus
1061 1340 1171 1368 vberem
1196 1341 1295 1368 reddit.
1397 1347 1610 1368 INFORTVN
1621 1350 1630 1368 1
1643 1334 1695 1368 T‘A
1706 1348 1737 1373 s,
1754 1341 1812 1366 atis'.
1833 1340 1852 1367 f.
1889 1338 2035 1374 [δυςυχίικ]
2070 1339 2138 1366 Geli.
2153 1341 2179 1371 6,
2193 1349 2201 1365 1
2229 1337 2327 1366 Itidem
2343 1337 2405 1366 sum

250 1381 374 1410 Prudent.
389 1380 491 1407 aduers.
505 1378 649 1411 Symmach.
662 1387 688 1411 2,
704 1386 750 1411 954
770 1376 943 1404 Infecundior
955 1386 1046 1403 annus.
1359 1376 1432 1405 bona
1443 1383 1468 1403 et
1480 1377 1565 1410 mala,
1583 1377 1697 1404 felicitas
1711 1383 1736 1402 et
1748 1375 1936 1410 infortunitas,
1952 1375 2030 1402 dolor
2048 1381 2075 1402 et
2087 1375 2217 1409 voluptas.
2431 1383 2455 1407 y

288 1425 298 1443 1
307 1424 329 1443 Ν
340 1423 354 1442 r
366 1423 381 1442 E
393 1423 437 1443 cv
447 1422 468 1441 Ν
478 1421 496 1441 1)
507 1421 532 1441 E.
558 1413 627 1441 Adu.
662 1413 740 1441 Idem.
781 1413 850 1439 Geli.
867 1421 903 1446 19,
916 1420 928 1444 3
942 1420 990 1449 per
1008 1411 1122 1448 Metaph.
1151 1411 1296 1438 Infecunde
1335 1430 1337 1432 -
1397 1419 1408 1438 1
1420 1419 1442 1438 N
1453 1419 1469 1439 r
1478 1419 1497 1440 o
1506 1419 1519 1439 s
1529 1419 1541 1440 s
1551 1420 1571 1438 v
1581 1420 1593 1438 s
1602 1432 1610 1444 ‚
1651 1411 1705 1438 vid.
1724 1412 1732 1420 ·
1742 1418 1751 1436 1
1764 1417 1786 1437 Ν
1798 1417 1814 1437 r
1824 1417 1843 1436 o
1852 1417 1870 1436 D
1881 1418 1890 1436 1
1900 1417 1929 1437 0.
2416 1410 2451 1430 *0'1

250 1458 329 1488 atque
347 1451 435 1478 ieiune
450 1449 565 1477 laudare.
1311 1456 1342 1484 35
1395 1455 1530 1475 INFRA.
1567 1447 1680 1483 [ξ’νερθε,
1701 1446 1784 1481 νέρθε,
1805 1444 1937 1482 ὑπένερθε]
1980 1444 2130 1480 Praepofitio
2161 1443 2314 1479 Accufhtiuo
2333 1441 2408 1506 ΟιῖιΙῖιι·
2440 1443 2447 1470 ἐ

289 1497 299 1516 1
310 1496 330 1514 Ν
342 1495 382 1514 FE
392 1494 408 1515 c
418 1494 437 1512 V
448 1492 469 1513 N
478 1492 496 1512 D
506 1484 519 1512 1⁰
528 1492 549 1512 Τ
560 1490 604 1512 AS
613 1504 620 1515 ‚
646 1483 704 1510 atis.
735 1483 755 1511 f.
800 1482 913 1518 [ἐφορίοι
926 1484 938 1518 ]
984 1483 1121 1510 Sterilitas.
1164 1482 1296 1509 Columel.
1354 1483 1484 1520 Jeruiem,
1504 1486 1546 1510 cui
1558 1486 1713 1510 contrarium
1732 1479 1764 1514 ‹st
1779 1480 1870 1515 Supra.
1925 1480 1982 1506 Cic.
1996 1479 2074 1506 Acad.
2088 1489 2106 1513 4
2125 1489 2146 1506 c.
2161 1489 2198 1513 40
2226 1481 2308 1514 Supra
2326 1479 2354 1506 in
2369 1487 2408 1510 ra,

251 1533 371 1560 prooem.
391 1532 399 1549 1
416 1522 618 1556 ‘Saepenumero
638 1519 755 1546 ciuitatis
775 1519 878 1545 nostrae
903 1519 1035 1553 principes
1053 1518 1134 1545 audio
1154 1518 1298 1552 culpantes,
1360 1519 1451 1546 dextra
1474 1519 1587 1550 sinistra,
1601 1524 1660 1544 aute
1679 1516 1745 1552 post.
1799 1517 1867 1543 Hor.
1882 1516 1934 1542 Sat.
1953 1523 1978 1546 2,
1996 1520 2020 1547 8,
2038 1524 2066 1541 22
2081 1513 2138 1549 post
2155 1517 2300 1540 mentionem
2311 1515 2409 1541 Maece·
2432 1517 2444 1534 '⁴

253 1559 334 1587 modo
354 1566 479 1593 agrorum
498 1555 733 1588 infecunditatem,
755 1555 836 1581 modo
855 1554 921 1581 caeli
942 1563 989 1589 per
1007 1555 1090 1580 multa
1111 1555 1164 1580 iam
1177 1561 1297 1588 tempora
1359 1558 1430 1581 natis
1441 1558 1572 1586 conuiuae,
1590 1554 1778 1580 Nomentanus
1790 1557 1845 1578 erat
1866 1552 1943 1585 supra
1963 1551 2063 1585 ipsum,
2077 1550 2184 1577 Porcius
2199 1549 2278 1576 infra.
2316 1551 2348 1576 In
2361 1553 2410 1580 me·
2433 1542 2456 1579 '3⁴

253 1596 362 1621 noxiam
381 1593 502 1627 frugibus
521 1592 715 1625 intemperiem.
751 1590 823 1618 Adde
838 1590 929 1617 Tacit.
946 1592 1012 1616 Ann.
1027 1599 1056 1624 4,
1070 1592 1096 1623 6,
1110 1597 1136 1624 7.
1207 1590 1297 1616 Folio·
1360 1590 1400 1617 dio
1415 1588 1478 1616 IeHo
1490 1590 1604 1616 accubuit
1615 1590 1763 1616 Maecenas:
1781 1594 1857 1623 caput
1869 1586 1944 1622 ipfius
1952 1586 2145 1621 protendebatur
2158 1585 2191 1611 ad
2198 1584 2289 1620 pestus
2304 1587 2413 1612 Nomen·
2437 1585 2456 1614 θ’·

253 1639 314 1658 rum
328 1631 439 1655 Hieron.
453 1627 512 1654 adu.
527 1626 635 1654 Heluid.
649 1636 671 1652 c.
688 1635 706 1652 1.
1303 1631 1341 1658 40
1359 1628 1429 1656 tani,
1441 1625 1515 1661 pedes
1530 1623 1588 1660 post
1601 1625 1687 1651 Porcii
1704 1630 1809 1659 tergum.
1862 1623 1931 1649 Suet.
1948 1622 2033 1656 Calig.
2049 1631 2070 1648 c.
2085 1630 2121 1654 24
2151 1622 2218 1648 Cum
2232 1620 2357 1647 omnibus
2372 1620 2411 1647 so·

292 1672 302 1690 1
311 1671 333 1690 N
343 1670 359 1690 F
368 1671 387 1690 Ο
398 1671 412 1690 Ε
421 1669 440 1689 D
449 1670 464 1689 E
473 1670 492 1688 R
501 1670 522 1688 Α
531 1669 552 1688 Τ
562 1669 581 1686 V
592 1669 604 1688 s
613 1681 621 1693 ,
641 1670 670 1692 a,
690 1670 744 1688 um.
764 1661 823 1688 Adi.
847 1662 904 1687 Non
913 1660 1071 1696 foederatus.
1088 1660 1209 1687 Tertull.
1223 1661 1298 1687 Prae·
1361 1661 1470 1688 roribus
1491 1661 1574 1695 stupri
1593 1659 1810 1686 consuetudinem
1827 1656 1906 1689 fecit,
1923 1657 2055 1692 plenoque
2070 1657 2200 1683 conuiuio
2214 1655 2324 1690 singulas
2337 1656 2412 1682 infra
2437 1658 2456 1689 43»

256 1701 344 1734 script·
358 1699 457 1725 aduers·
474 1697 571 1723 haeres·
591 1706 612 1722 c·
633 1705 669 1722 12·
1362 1698 1388 1724 se
1406 1696 1516 1724 vicissim
1529 1695 1690 1726 collocabat,
1702 1703 1785 1722 vxore
1805 1694 1880 1728 supra
1898 1693 2020 1720 cubante.
2074 1693 2130 1720 Cic.
2144 1693 2216 1719 Fam.
2230 1700 2257 1725 9,
2270 1693 2304 1718 26
2329 1692 2412 1718 Accu-

293 1743 332 1762 ΙΝ
342 1741 356 1760 F
367 1741 384 1758 Ο
394 1741 413 1760 R
423 1740 447 1759 M
457 1740 465 1757 1
475 1739 493 1758 D
502 1739 522 1759 Α
533 1738 549 1758 Β
558 1739 566 1756 1
576 1738 593 1757 L
603 1738 611 1757 1
621 1738 650 1764 s,
668 1739 690 1756 e.
721 1730 782 1757 Adi.
818 1730 913 1757 Omnis
927 1730 979 1756 erit
994 1730 1072 1756 iudex
1088 1731 1300 1758 informidabilis
1362 1733 1472 1759 bucram
1486 1732 1552 1758 hora
1567 1740 1637 1757 nona
1650 1730 1720 1765 apud
1732 1730 1908 1757 Volumnium
1923 1728 2091 1764 Eutrapelum
2100 1748 2109 1760 ,
2121 1734 2147 1754 et
2160 1728 2268 1763 quidem
2282 1727 2412 1762 suprad-ne
2428 1726 2443 1767 ζ

256 1770 298 1798 illi
318 1769 426 1802 Coffipp-
441 1777 471 1799 2,
484 1776 540 1800 354·
1362 1768 1480 1798 Atticus,
1495 1767 1566 1792 infra
1579 1767 1698 1792 Verrius.
1768 1765 1857 1797 Infra,
1872 1765 1983 1801 refertur
2003 1768 2077 1791 etiam
2093 1764 2126 1790 ad
2141 1763 2299 1800 dignitatem.
2340 1762 2412 1789 Ter.
2432 1779 2446 1796 =‚.

291 1811 301 1830 1
312 1812 331 1830 Ν
341 1809 357 1830 F
368 1810 417 1829 0⁷R
427 1810 451 1828 M
464 1810 472 1828 1
483 1803 532 1828 DA
542 1808 563 1827 Τ
573 1807 628 1831 vs,
646 1810 675 1831 a,
694 1809 748 1825 um.
775 1799 836 1826 Adi.
875 1801 933 1826 Non
940 1798 1108 1834 formidatur,
1121 1800 1165 1826 abs
1195 1810 1224 1826 uo
1234 1801 1341 1834 nihil45
1363 1802 1428 1827 Eun.
1441 1810 1463 1833 3,
1478 1810 1503 1831 2,
1520 1803 1552 1832 36
1581 1801 1657 1827 Tace
1671 1806 1717 1832 tu,
1737 1809 1818 1834 quem
1832 1809 1882 1834 ego
1901 1801 1950 1827 esse
1964 1806 2029 1834 puto
2047 1799 2117 1825 infra
2131 1808 2223 1825 omnes
2242 1798 2349 1825 infimos
2363 1797 2413 1824 ho-
2431 1821 2436 1827 ,

250 1840 359 1877 periculi
372 1842 480 1864 timetur.
516 1836 561 1862 Sil.
576 1842 611 1867 15,
625 1843 671 1868 24¹
690 1835 759 1861 Hinc
773 1836 852 1861 tacite
865 1835 951 1860 nitens
965 1834 1175 1862 inforniidatusa
1196 1836 1298 1867 ire‚etc.
1363 1837 1456 1862 mines.
1478 1839 1496 1861 i.
1517 1837 1529 1859 (
1542 1844 1593 1861 uem
1612 1845 1654 1870 ego
1669 1833 1800 1870 posthabeo
1820 1838 1893 1860 etiam
1912 1834 2014 1868 infimis.
2085 1835 2146 1860 Liu.
2161 1839 2198 1866 28,
2212 1842 2244 1866 43
2268 1834 2311 1860 Sic
2324 1834 2414 1864 senem
2439 1834 2457 1865 :⁴

293 1883 303 1902 1
316 1881 335 1899 Ν
347 1879 391 1898 1³0
404 1877 512 1910 RMts,
530 1879 552 1896 e.
578 1870 638 1909 Adi.
670 1868 818 1908 sibuppoeas,
832 1868 954 1908 οἴχῃ-ος]
992 1871 1047 1896 Sine
1055 1870 1153 1905 forma.
1191 1871 1258 1896 Plin.
1272 1878 1300 1904 7,
1364 1872 1389 1897 se
1402 1870 1586 1905 perfuntffium,
1598 1878 1624 1896 et
1639 1879 1681 1896 me
1701 1869 1772 1896 infra
1784 1875 1894 1896 aetatem
1915 1869 1966 1895 filii
1983 1869 2023 1895 sui
2044 1870 2139 1903 posuit.
2208 1869 2282 1895 Infra
2301 1866 2412 1899 classem,
2445 1869 2453 1911 3'

257 1918 282 1943 ις
314 1910 348 1936 Ε3
367 1907 403 1934 est
422 1915 483 1933 caro
503 1905 641 1934 informia,
668 1912 800 1934 inanima,
821 1903 886 1928 ferri
907 1903 989 1928 iehnn
1012 1909 1037 1929 et
1059 1905 1144 1930 aciem
1167 1907 1299 1938 respuens.
1362 1910 1406 1940 qui
1419 1906 1537 1941 nonsunt
1550 1905 1668 1938 Classici,
1687 1908 1705 1931 i.
1722 1908 1820 1943 primae
1838 1903 1919 1938 claffis
1931 1905 2029 1930 Catoni
2042 1904 2108 1938 apud
2119 1903 2189 1930 Geli.
2204 1913 2224 1935 7,
2239 1912 2274 1935 13.
2338 1903 2413 1930 Iusta
2436 1883 2457 1939 geri

256 1944 384 1973 Informis
401 1951 456 1974 τες,
476 1947 499 1967 et
513 1941 651 1971 Forflffiffl,
664 1941 793 1978 contraria
812 1937 888 1963 Αῐῑῦῗι
908 1937 938 1963 ad
957 1939 1057 1976 ‚Heren-
1077 1947 1105 1969 42
1126 1941 1166 1969 67.
1238 1940 1300 1964 Liu.
1365 1941 1471 1966 censum
1489 1946 1515 1965 et
1535 1940 1672 1972 ingenium
1690 1939 1803 1964 alicuius
1819 1939 1886 1963 Hor.
1902 1938 1985 1964 Scrm.
1999 1946 2025 1970 2,
2040 1946 2060 1969 1,
2073 1946 2113 1971 75.
2184 1938 2257 1964 Infra
2276 1939 2301 1964 se
2318 1937 2413 1972 putare
2428 1939 2456 1960 ¹³⁴·

258 1990 294 2014 21,
307 1982 340 2007 26
353 1985 417 2005 extr.
437 1977 533 2003 Alneos
546 1976 690 2006 informes,
705 1972 774 1999 nihil
789 1971 936 1999 dummodo
954 1981 1048 1998 innare
1064 1980 1163 2006 aquae,
1184 1978 1210 1998 et
1228 1981 1300 2006 cape·
1313 1980 1345 2006 50
1365 1975 1405 2000 vel
1418 1973 1535 2000 iudicare
1549 1974 1651 2006 aliquid
1667 1973 1731 1999 Plin.
1746 1972 1773 1997 in
1788 1973 1880 2005 Paneg.
1893 1973 1939 2005 76,
1954 1974 1979 1998 6.
2046 1972 2118 1999 Idem
2132 1972 2210 2007 Epist.
2225 1978 2247 2005 8,
2261 1975 2287 2005 6,
2301 1981 2317 2000 2
2342 1974 2414 2000 Con-
2437 1998 2439 2001 ,

258 2025 288 2044 re
306 2023 388 2042 onera
406 2013 518 2048 possent,
531 2017 664 2042 curantes,
679 2009 776 2043 raptim
793 2007 934 2034 faciebant.
1006 2006 1127 2034 Cadauer
1146 2008 1220 2041 Virg.
1235 2008 1301 2034 Aen.
1366 2009 1454 2035 ferant
1469 2010 1494 2035 se
1518 2023 1564 2028 —
1582 2008 1665 2034 Marii
1682 2022 1727 2027 —
1748 2007 1819 2034 infra
1832 2006 1954 2033 Pallentis
1968 2006 2056 2033 laudes
2071 2007 2202 2035 iacebunt.
2274 2008 2349 2036 Infra
2361 2009 2414 2036 hoe
2438 2008 2440 2011 '

258 2057 282 2084 8,
295 2053 357 2083 264.
423 2049 499 2074 Vrsas
517 2055 609 2081 parere
629 2046 773 2072 informem
788 2045 917 2075 Carnem,
942 2051 1022 2077 quam
1041 2042 1183 2069 lambendo
1206 2043 1302 2077 paulla-
1365 2044 1469 2079 pondus
1490 2043 1610 2070 scribon.
1625 2052 1674 2070 121.
1743 2043 1831 2069 Multo
1848 2042 1935 2074 infra,
1953 2049 2000 2077 pro
2013 2044 2126 2070 Minoris
2141 2046 2239 2078 pretii:
2267 2044 2335 2071 Plin.
2348 2052 2413 2078 19,3

257 2088 307 2114 tim
320 2085 432 2121 figurent
448 2083 512 2109 Plin.
526 2087 549 2114 8,
562 2083 602 2114 36.
674 2079 764 2106 Exitus
776 2081 938 2114 repentinus,
947 2085 977 2118 *et
991 2079 1115 2105 inform'is
1129 2079 1219 2105 Tacit.
1235 2080 1302 2105 Ann.
1365 2081 1492 2107 Nascitur
1511 2080 1540 2106 in
1555 2078 1655 2106 Perside
1673 2078 1760 2113 large,
1778 2078 1821 2104 sed
1835 2077 1920 2104 multo
1940 2078 2010 2105 infra
2024 2079 2207 2111 Cyrenaicum.
2279 2080 2367 2112 Infra,
2380 2079 2416 2107 ad

259 2125 287 2155 6,
299 2130 342 2155 49.
412 2119 520 2145 Hiemes
544 2118 612 2143 Hor.
625 2117 712 2144 Carm.
728 2124 749 2146 2,
762 2123 800 2147 10,
816 2122 849 2147 ις.
921 2114 1013 2140 Limus
1033 2114 1109 2148 Virg.
1125 2115 1190 2140 Aen.
1205 2116 1229 2146 6,
1244 2117 1302 2147 416.
1365 2125 1492 2141 numerum
1502 2117 1605 2142 relatum
1620 2115 1686 2141 Plin.
1704 2123 1742 2147 10,
1755 2121 1789 2147 54
1813 2114 1872 2140 Oua
1886 2113 2007 2140 incubari
2020 2114 2091 2142 infra
2104 2114 2195 2142 decem
2208 2113 2264 2141 dies
2279 2115 2349 2142 edita
2362 2116 2404 2143 vti
2449 2132 2454 2151 1

259 2158 335 2185 Nota
352 2156 469 2189 Propert.
491 2163 510 2187 1,
528 2160 552 2186 ς,
570 2154 614 2179 16.Ἴ
678 2152 768 2186 Regna
787 2151 886 2177 Lucan.
906 2157 932 2182 2,
953 2157 979 2184 7.
1050 2149 1119 2175 Situs
1140 2150 1208 2176 Hor.
1222 2149 1302 2184 Epist.
1319 2154 1346 2180 53
1366 2150 1502 2176 lissimum:
1518 2156 1606 2177 vetera
1620 2157 1664 2176 aut
1683 2149 1846 2181 recentiora,
1863 2148 2012 2176 infecunda.
2048 2151 2103 2185 Qu
2123 2152 2174 2177 loco
2192 2158 2276 2177 vetera
2294 2160 2360 2178 exem
2378 2153 2403 2178 Ια
2438 2168 2453 2186 ἲ

260 2202 293 2224 2,
313 2201 339 2222 2,
363 2197 411 2219 118.
892 2219 898 2224 ·
1285 2220 1291 2224 .
1366 2189 1407 2212 ria
1421 2187 1523 2222 legant,
1540 2186 1619 2212 Intra.
1655 2185 1703 2212 Sed
1716 2190 1749 2216 ¹8,
1764 2187 1797 2211 26
1822 2185 1853 2210 In
1866 2193 1926 2211 eum
1940 2184 2012 2214 diem
2024 2185 2166 2213 ternadena
2180 2186 2306 2214 subiicito
2320 2196 2348 2213 ae
2371 2192 2415 2214 ate

296 2233 388 2254 1NFo
399 2230 564 2252 RMITER.
585 2221 653 2250 Adu.
675 2220 750 2248 Idem.
788 2219 928 2255 Augustin.
943 2219 1057 2246 Confess.
1073 2227 1108 2252 12,
1121 2228 1154 2252 29
1178 2219 1305 2246 Informi-
1367 2226 1440 2253 tota,
1459 2221 1547 2247 hieme
1568 2221 1708 2254 pauciora,
1721 2229 1776 2246 non
1794 2226 1881 2246 tamen
1899 2221 1970 2249 infra
1980 2230 2103 2248 morrena.
2137 2230 2142 2234 ’
2158 2221 2232 2248 Idem
2246 2230 2286 2255 30,
2302 2231 2326 2255 13
2348 2223 2414 2249 Vul-
2432 2224 2449 2259 ι’

259 2269 300 2292 ‘er
320 2263 401 2288 sonat,
842 2290 848 2295 ·
1366 2265 1430 2282 nera
1450 2256 1568 2282 recentia
1588 2256 1770 2291 conglutinant
1788 2257 1902 2289 terreni,
1919 2256 1986 2283 adeo
2005 2265 2033 2284 vt
2054 2266 2151 2284 neruos
2166 2266 2276 2293 quoque
2294 2258 2415 2287 abscissos
2439 2258 2447 2267 ⁵

297 2306 307 2325 1
320 2305 339 2323 Ν
353 2305 368 2324 F
378 2303 395 2324 O
405 2294 461 2323 ΚΜ·
468 2293 480 2322 i'
489 2302 509 2322 T
519 2302 540 2321 Α
550 2301 578 2326 s,
601 2293 659 2320 itis.
680 2292 700 2318 f.
736 2290 819 2331 Solin.
840 2298 869 2317 111
888 2298 1008 2325 prooem.
1023 2289 1134 2318 Scabrae
1154 2290 1306 2318 informita-
1370 2291 1424 2318 illis
1438 2291 1546 2318 solidari
1562 2291 1638 2333 infra,
1645 2292 1784 2326 septimum
1798 2291 1867 2318 diem
1882 2293 2033 2326 persuasum
2049 2292 2087 2320 sit.
2106 2295 2145 2320 De
2159 2293 2282 2320 vermibus
2293 2296 2412 2329 loquitur.

261 2334 295 2361 tis
310 2332 438 2368 proditio.
482 2331 544 2367 Vsiss
550 2330 625 2365 saepe
640 2327 807 2367 Augustinus-
1311 2330 1347 2355 60
1368 2325 1389 2390 p
1412 2336 1427 2353 2
1464 2327 1614 2354 Aduerbium
1633 2325 1682 2360 est,
1696 2327 1791 2362 quando
1800 2326 1855 2361 fine
1868 2327 1929 2364 Casu
1940 2331 2054 2363 panitur.
2107 2328 2188 2354 Plaut.
2203 2328 2290 2353 Truc.
2313 2336 2333 2360 1,
2348 2336 2369 2360 1,
2383 2329 2413 2354 16

300 2374 455 2396 1Ν1011Μ
467 2374 526 2398 vs,
545 2374 575 2398 a,
593 2374 646 2391 um.
668 2363 729 2390 Adi.
743 2362 818 2388 'Idem
836 2371 865 2388 ac
886 2360 1024 2396 Informis,
1040 2370 1069 2387 ex
1086 2367 1164 2388 mente
1183 2363 1253 2388 Iunii
1273 2361 1308 2388 ad
1384 2363 1443 2389 nfra
1462 2363 1499 2389 sin
1517 2362 1580 2389 iecit
1602 2369 1675 2395 rete,
1696 2362 1773 2397 piscis
1792 2371 1824 2388 ne
1846 2363 1952 2397 effugiat
1970 2368 2052 2389 cauet.
2124 2363 2199 2396 Qiae
2217 2362 2288 2388 infra
2300 2362 2412 2396 scriptae

263 2404 382 2433 Tei-tull.
396 2403 426 2429 de
440 2402 522 2429 Pallio
538 2410 559 2427 c.
573 2409 595 2427 2.
616 2407 638 2426 et
652 2399 786 2426 stewechii
796 2397 830 2424 ad
842 2397 943 2423 Aruob-
957 2406 981 2431 p.
995 2402 1027 2430 78
1042 2398 1103 2423 Not.
1368 2400 1427 2425 sunt
1442 2407 1482 2424 res
1503 2397 1623 2424 Scribon.
1638 2401 1697 2431 269.
1769 2399 1841 2424 Infra
1862 2407 1957 2434 quam,
1980 2404 2010 2424 vt
2029 2398 2109 2431 Supra
2124 2400 2219 2432 quam':
2255 2397 2310 2424 Cic.
2326 2397 2359 2423 de
2372 2398 2410 2424 N.

299 2448 309 2466 1
319 2447 339 2465 Ν
352 2445 369 2466 F
382 2445 401 2465 Ο
412 2446 429 2465 R
439 2445 463 2464 Μ
473 2444 491 2464 O
501 2457 510 2470 ,
528 2440 581 2462 aire.
617 2434 775 2469 [dnm-undio,
790 2433 1019 2470 χημκτοποιέμαι]
1056 2433 1116 2457 Plus
1129 2429 1162 2463 est
1178 2439 1248 2467 quam
1262 2431 1306 2458 de·
1370 2435 1403 2460 D.
1419 2442 1439 2464 2,
1453 2442 1491 2465 135
1513 2433 1594 2468 Ipsius
1607 2440 1694 2459 autem
1709 2440 1794 2467 partes
1808 2443 1864 2466 eae,
1873 2435 2006 2469 quaesunt
2019 2433 2098 2465 infra,
2112 2441 2190 2467 quam
2205 2432 2356 2466 deum-atur,
2370 2432 2415 2460 di„

262 2475 396 2506 formare,
418 2480 500 2507 nempe
513 2472 626 2508 formam
644 2473 681 2497 rei
701 2469 760 2496 dare
775 2472 813 2496 uel
825 2477 852 2495 re
871 2468 940 2505 ipsa,
965 2469 1004 2494 vel
1017 2466 1179 2503 describendo.
1230 2467 1305 2501 Virg.
1369 2469 1497 2495 latantur:
1519 2477 1586 2502 quac
1599 2474 1686 2494 autem
1702 2470 1793 2502 supra,
1808 2470 2009 2497 contrahuntur.
2046 2470 2087 2495 Ita
2100 2470 2160 2504 legit
2174 2467 2359 2496 Budaeuffat.
2372 2468 2413 2495 in-

262 2512 327 2537 Aen.
342 2516 367 2543 8,
379 2512 429 2543 426
455 2509 504 2535 His
518 2508 693 2534 informatum
706 2505 828 2531 manibus
844 2505 896 2530 iam
917 2509 990 2538 parte
1004 2504 1087 2537 polita
1112 2502 1221 2534 Fulmen
1241 2508 1305 2528 erat.
1318 2504 1350 2537 65
1369 2504 1425 2534 fra,
1438 2503 1466 2530 in
1480 2512 1544 2538 quas
1557 2503 1593 2534 id,
1606 2504 1677 2538 quod
1690 2502 1843 2536 deuoratur,
1856 2505 1997 2531 descendit.
2018 2506 2062 2531 Al.
2076 2504 2147 2530 Infra
2160 2503 2186 2529 id
2200 2501 2282 2538 quod.

262 2547 336 2573 Seru.
362 2547 393 2571 111
415 2543 542 2579 quandam
563 2543 677 2569 formam
695 2541 854 2575 designatum
877 2545 903 2565 et
922 2538 1110 2573 compositum:
1134 2537 1200 2573 quod
1212 2537 1307 2573 refellit
1398 2546 1417 2565 -1
1426 2546 1447 2565 N
1457 2546 1472 2566 F
1482 2546 1501 2565 R
1511 2546 1530 2565 A
1541 2546 1557 2565 C
1565 2546 1604 2565 TI
1616 2545 1635 2565 O
1646 2559 1654 2571 ,
1682 2546 1691 2564 1
1702 2545 1749 2565 ΝΡ
1758 2546 1776 2565 R
1785 2546 1806 2565 A
1815 2546 1831 2566 c
1840 2546 1861 2565 T
1870 2546 1890 2565 V
1899 2546 1912 2565 s
1920 2559 1929 2572 ,
1956 2539 2010 2566 vid.
2040 2534 2081 2565 sN
2093 2545 2109 2564 F
2122 2546 2141 2565 R
2150 2547 2158 2565 1
2167 2546 2189 2565 N
2198 2545 2219 2565 G
2228 2545 2257 2565 Ο.
2451 2559 2455 2562 .

262 2582 325 2608 illud
337 2582 390 2607 iam
406 2586 476 2615 parte
490 2579 572 2613 polita
581 2598 589 2609 ,
609 2578 673 2604 vnde
682 2579 757 2613 plane
767 2574 908 2611 perse-ciam
922 2575 1093 2610 intelligimus,
1107 2576 1148 2599 cni
1161 2573 1227 2599 nihil
1235 2580 1310 2608 prae·
1406 2582 1416 2600 1
1425 2581 1447 2601 Ν
1456 2581 1471 2601 1³
1482 2582 1499 2600 R
1510 2582 1532 2601 A
1541 2581 1557 2601 E
1566 2582 1587 2600 Ν
1597 2580 1616 2600 0
1625 2594 1632 2605 ‚
1652 2574 1678 2609 s.
1712 2580 1753 2600 1Ν
1762 2581 1778 2601 F
1787 2581 1831 2601 RE
1842 2581 1863 2600 N
1872 2581 1891 2601 O
1901 2593 1910 2607 ,
1937 2578 1989 2601 are.
2027 2575 2039 2608 [
2053 2573 2190 2607 ἕγχιιλινόω
2203 2575 2216 2608 ]
2252 2575 2359 2610 Proprie
2381 2570 2415 2606 ςβ
2433 2573 2450 2591 ν’-

263 2623 302 2644 ter
313 2624 410 2651 partem
424 2617 548 2650 politurae
562 2612 655 2646 deeffit.
709 2613 765 2638 Cic.
777 2613 851 2638 Orat.
867 2619 891 2642 33
930 2611 1084 2637 Referamus
1104 2618 1151 2635 nos
1172 2609 1255 2643 igitur
1275 2606 1307 2634 ad
1370 2611 1449 2646 Equis
1464 2610 1546 2645 frena
1571 2613 1701 2645 imponere.
1738 2610 1798 2636 Liu.
1813 2618 1850 2642 37,
1863 2619 1896 2636 20
1924 2609 2116 2643 Paucistabant
2131 2608 2262 2644 impauidi
2277 2609 2358 2644 equi,
2371 2617 2417 2635 eon
2462 2635 2465 2639 ,

263 2661 336 2685 eum,
351 2660 429 2685 quem
437 2651 558 2677 volumus
573 2647 768 2679 inchoandum,
787 2653 812 2674 et
826 2646 917 2673 eadem
932 2646 1084 2680 eloquentia
1098 2644 1308 2674 informandum,
1371 2646 1442 2680 ipsos
1463 2654 1517 2671 non
1540 2645 1669 2677 sternere,
1700 2653 1755 2671 non
1775 2646 1924 2680 infrenare,
1950 2650 2002 2672 ’3111
2027 2645 2164 2672 ascendere
2185 2645 2264 2671 facile
2285 2650 2416 2680 poterant.

264 2697 344 2723 quam
358 2688 386 2713 in
408 2686 482 2712 nullo
502 2684 628 2719 cognouit
645 2683 784 2710 Antonius.
830 2681 873 2708 Ad
884 2680 997 2716 perfecit·
1011 2681 1249 2716 Oratorisformam
1270 2679 1351 2713 ἄπ’-70
1371 2682 1472 2708 Currus
1492 2680 1627 2707 infrenant
1648 2680 1695 2707 alii
1714 2680 1789 2715 Virg.
1803 2681 1867 2707 Aen.
1883 2689 1920 2712 12,
1934 2685 1989 2715 287.
2021 2680 2093 2708 Adde
2105 2681 2150 2707 Sil.
2168 2691 2195 2714 4,
2214 2683 2265 2713 316.
2301 2682 2418 2708 Currus:

259 2722 432 2759 firibendam,
451 2721 586 2746 tribuamus
605 2720 643 2745 illi
663 2720 736 2744 talem
755 2719 927 2752 eloquentiam,
941 2724 988 2743 etc.
1043 2716 1147 2743 Ibidem
1162 2724 1179 2749 7
1208 2717 1241 2741 At
1260 2723 1309 2749 ego
1372 2718 1391 2744 i.
1407 2726 1430 2743 e.
1449 2718 1552 2751 Equos:
1572 2716 1687 2742 Seruius.
1758 2717 1871 2752 Mctaph.
1899 2717 1966 2742 Plin.
1982 2724 2008 2749 9,
2022 2725 2046 2748 31
2064 2723 2128 2743 extr.
2158 2716 2238 2749 Qrod
2257 2715 2304 2743 vbi
2323 2717 2418 2743 videre

267 2758 297 2785 in
310 2758 412 2784 summo
431 2757 544 2782 Oratore
564 2753 686 2788 fingendo
706 2753 785 2779 taleni
805 2752 974 2790 informabo,
1000 2752 1085 2786 qualis
1104 2751 1208 2777 fortasse
1229 2759 1307 2777 nemo
1371 2752 1486 2783 nautici,
1499 2752 1584 2778 statim
1601 2751 1719 2786 pluribus
1731 2752 1835 2778 ancoris
1849 2752 1956 2786 nauigia
1975 2752 2125 2783 infrenant,
2143 2754 2162 2779 i.
2177 2751 2282 2785 fistunt.
2341 2751 2417 2779 Idem

220 2810 223 2813 .
267 2793 329 2820 suit.
384 2791 456 2818 Idem
470 2790 501 2816 de
516 2790 575 2816 Fin.
589 2798 617 2822 4,
631 2796 663 2821 45
684 2787 818 2821 Qiodque
840 2786 927 2812 dicitis
947 2787 1089 2813 informari
1107 2796 1160 2813 non
1175 2787 1242 2820 pofl'e
1256 2787 1310 2813 vir·
1372 2797 1411 2821 32,
1425 2797 1435 2814 1
1460 2788 1577 2814 Infrenat
1590 2789 1716 2822 impetus,
1729 2793 1754 2814 et
1768 2787 1858 2815 domat
1869 2787 1962 2814 mundi
1975 2787 2076 2814 rabiem
2091 2787 2166 2813 nullo
2178 2788 2225 2814 suo
2239 2787 2348 2821 labore,
2361 2795 2417 2814 non
2438 2798 2441 2799 ⁷
2456 2808 2458 2810 -

269 2834 371 2860 tutem,
398 2826 415 2853 fi
428 2825 588 2861 quidquam,
599 2824 648 2850 nisi
662 2822 733 2858 quod
750 2822 887 2862 honestum
907 2822 952 2854 fit,
971 2830 1141 2854 numeretur,
1162 2825 1180 2848 i.
1195 2822 1309 2858 formam
1373 2823 1526 2854 retinendo,
1540 2829 1584 2850 aut
1597 2823 1650 2850 alio
1665 2822 1747 2850 modo
1761 2832 1841 2858 quam
1856 2823 2033 2850 adhaerendo.
2051 2823 2080 2849 de
2092 2823 2215 2849 eehmeide
2227 2823 2300 2859 nist-e.

267 2864 336 2890 illius
356 2872 439 2889 veram
457 2860 582 2893 constitui.
654 2862 734 2885 Areas
749 2858 894 2884 informare
914 2857 1044 2884 Columel.
1062 2867 1095 2890 11,
1114 2866 1137 2889 3,
1153 2866 1183 2889 13.
1255 2858 1310 2884 Cli·
1321 2864 1354 2891 75
1409 2866 1419 2885 1
1429 2865 1449 2884 Ν
1461 2866 1476 2885 F
1485 2866 1504 2886 R
1513 2866 1588 2885 AEN
1599 2866 1651 2886 AT
1661 2866 1680 2884 V
1691 2866 1720 2894 S,
1735 2859 1759 2894 s.
1786 2866 1822 2885 ιΝ
1832 2866 1848 2886 F
1858 2866 1876 2885 R
1885 2866 1902 2885 E
1913 2866 1931 2884 N
1942 2866 1964 2886 A
1973 2866 2021 2886 TV
2031 2866 2043 2886 s
2052 2877 2060 2889 ‚
2078 2868 2108 2891 3,
2129 2868 2183 2885 11111.
2214 2852 2281 2886 15311.
2318 2858 2417 2890 [ἔγχη.
2442 2855 2460 2879 f

268 2908 347 2934 peum
361 2898 434 2931 Virg.
446 2899 510 2923 Aen.
524 2901 546 2926 8,
559 2903 624 2930 447.
683 2894 765 2921 Causa
778 2893 920 2919 informata
939 2893 975 2919 est
995 2894 1051 2920 Cic.
1068 2902 1115 2927 pro
1129 2894 1222 2927 Quint.
1237 2903 1258 2920 c.
1273 2903 1310 2920 10.
1372 2894 1489 2929 λινωτός]
1525 2895 1584 2921 Liu.
1600 2903 1642 2930 37,
1655 2903 1688 2921 20
1717 2895 1783 2921 Non
1797 2895 1906 2925 stratos,
1919 2904 1973 2921 non
1991 2895 2138 2921 infrenatos
2157 2903 2199 2926 nia
2236 2902 2250 2920 a
2267 2901 2325 2927 pars
2338 2892 2418 2919 habe·
2439 2902 2461 2926 5..

268 2934 309 2963 ld.
325 2934 357 2960 de
372 2933 408 2960 N.
424 2934 454 2959 D.
470 2941 490 2965 1,
503 2940 534 2971 39
550 2940 572 2957 c.
587 2939 611 2963 13
641 2930 762 2964 Magnam
785 2928 888 2955 turbam
915 2936 1053 2969 congreget
1073 2930 1227 2969 ignotorum
1249 2930 1311 2956 deo·
1372 2931 1434 2957 bant
1447 2938 1539 2965 equoS.
1557 2931 1581 2961 h.
1597 2941 1616 2957 e.
1639 2931 1771 2962 Funasos,
1784 2931 1829 2966 fi’u
1849 2931 1936 2965 frenis
1953 2934 2069 2957 mimilos.
2192 2903 2249 2965 ἐπὶ
2285 2928 2332 2954 Sed
2344 2931 2419 2955 etiam
2433 2925 2453 2964 ‘J

269 2978 329 2997 rum
339 2989 346 3001 ,
369 2975 448 3003 atque
464 2968 500 2994 ita
521 2972 692 3001 ignotorum,
712 2970 741 2991 vt
755 2973 799 2990 eos
813 2973 844 2990 ne
865 2965 1016 2991 conicetura
1036 2966 1143 2999 quidem
1164 2965 1312 2997 informare
1373 2965 1503 2993 Infrenati
1514 2967 1634 3006 equites,
1654 2967 1763 3001 Quorum
1776 2965 1934 3002 equi‘fregzos
1946 2975 1994 2992 non
2007 2966 2103 2992 habent.
2147 2964 2208 2990 Liu.
2222 2972 2258 2996 21,
2273 2972 2310 2996 44
2341 2965 2418 3004 Qio-
2430 2966 2434 2983 ³
2459 2982 2462 2988 .

270 3004 408 3040 pellimus,
427 3012 510 3039 quum
528 3010 599 3028 mens
619 3000 706 3026 nostra
723 2999 831 3039 quiduis
849 2999 971 3026 videatur
991 3002 1152 3035 cogitatione
1173 3001 1241 3035 posse
1260 3002 1311 3027 Dc-
1374 3010 1477 3037 cunque
1497 3001 1648 3028 circumtuli
1668 3001 1773 3031 oculos,
1795 3002 1872 3035 plena
1885 3002 1974 3028 omnia
1994 3000 2073 3028 video
2089 2999 2238 3026 animorum
2253 3007 2281 3024 ac
2294 2999 2418 3026 roboris:

270 3041 388 3075 pingere.
456 3037 576 3072 Effigiem
588 3037 716 3076 informat
729 3036 831 3076 Latiam
848 3035 894 3060 Sil.
910 3043 947 3069 17,
960 3044 1013 3068 523.
1083 3036 1163 3062 Funis
1184 3036 1310 3063 informa·
1322 3040 1355 3066 80
1373 3044 1529 3064 veteranum
1540 3037 1671 3070 peditem,
1684 3037 1933 3071 generosislimarum
1952 3036 2070 3071 gentium
2088 3035 2189 3069 equites
2210 3035 2325 3061 frenatos
2339 3040 2364 3061 ct
2378 3035 2418 3061 in·
2437 3031 2450 3057 -’

271 3082 314 3103 tur
328 3075 433 3102 Colum.
446 3082 470 3105 2,
485 3082 509 3105 2,
524 3082 561 3100 10.
632 3073 723 3098 luania
738 3071 799 3097 Visa
812 3071 1040 3109 siuecogitatione
1053 3071 1241 3104 informantur,
1257 3072 1310 3098 siue
1374 3074 1499 3101 frenatos.
1534 3072 1603 3099 Add.
1624 3074 1730 3099 Gronau.
1750 3073 1785 3099 ad
1801 3073 1862 3099 Liu.
1886 3080 1933 3107 37,
1955 3080 1998 3100 20.
2035 3072 2120 3099 Burm.
2138 3070 2172 3096 ad
2191 3070 2323 3104 Qiinetil.
2343 3070 2421 3102 Deci,
2436 3090 2452 3107 .,

270 3111 300 3138 in
324 3111 428 3145 quiete,
455 3109 508 3136 siue
530 3117 577 3143 per
598 3107 709 3140 vinum,
729 3106 782 3133 siue
804 3114 850 3139 per
871 3106 998 3132 insaniam
1030 3107 1085 3133 Cic.
1106 3107 1183 3134 Acad.
1197 3117 1215 3141 4
1237 3117 1257 3133 c.
1273 3110 1310 3134 16.
1373 3114 1432 3142 13,8
1450 3113 1538 3142 p.281.
2437 3105 2463 3140 [ἦ

271 3146 402 3180 Quine'til.
417 3154 536 3179 prooem.
564 3144 639 3170 Vnus
654 3143 723 3169 liber
735 3141 845 3173 accedet,
860 3141 888 3167 in
901 3150 954 3180 quo
968 3142 1043 3168 nobis
1055 3150 1146 3169 orator
1159 3144 1212 3178 ipse
1228 3144 1312 3170 infor·
1411 3151 1451 3171 1N
1463 3150 1477 3170 F
1487 3151 1506 3170 R
1516 3149 1531 3169 E
1540 3150 1563 3169 N
1573 3149 1582 3168 1
1592 3149 1622 3175 s,
1645 3151 1668 3169 e.
1700 3149 1723 3169 et
1756 3150 1767 3170 1
1776 3151 1798 3170 N
1809 3150 1825 3170 F
1834 3150 1852 3170 R
1862 3149 1878 3169 E
1888 3150 1910 3169 N
1919 3149 1941 3169 V
1950 3148 1980 3174 s,
2004 3150 2018 3168 a
2027 3160 2034 3172 ‚
2055 3149 2109 3167 urn.
2147 3140 2206 3167 Adi,
2250 3138 2308 3168 stne
2322 3140 2417 3176 ¹frss'².⁰·
2441 3136 2463 3174 ,ἐς

271 3182 379 3209 inandus
393 3182 446 3213 est,
461 3179 647 3216 describendus,
661 3179 741 3214 qualis
755 3185 778 3204 et
792 3183 898 3213 quantus
905 3179 949 3210 stt.
986 3179 1042 3208 Ita,
1056 3179 1132 3204 Aetas
1151 3179 1261 3212 puerilis
1273 3188 1313 3206 ar·
1374 3180 1450 3214 Virg.
1464 3180 1529 3206 Aen.
1544 3188 1572 3212 4,
1585 3187 1615 3211 41
1636 3178 1736 3205 Infreni
1749 3178 1892 3205 Numidae.
1946 3176 2082 3204 Claudian.
2097 3176 2165 3203 Nilo
2179 3186 2210 3203 20
2235 3176 2350 3203 Infrenis
2364 3177 2416 3203 Ga·
2429 3188 2438 3195 -’
2453 3175 2463 3189 ”’

271 3218 342 3245 tibus
354 3216 386 3243 ad
399 3216 590 3243 humanitatem
603 3213 745 3241 infornffll’i
759 3213 825 3240 s01²t
845 3212 900 3239 Cic·
918 3220 965 3247 pro
978 3212 1055 3239 Affh·
1069 3222 1087 3247 4
1100 3222 1121 3239 C·
1134 3222 1147 3245 3
1156 3221 1199 3249 Pr·
1212 3216 1313 3250 forma.
1325 3219 1354 3248 85
1374 3224 1468 3243 ramas.
1540 3214 1652 3249 Metaph.
1666 3220 1714 3248 pro
1733 3214 1880 3241 vehementi.
1900 3214 1943 3245 vt,
1956 3212 2076 3239 Infrenus
2096 3213 2184 3238 cursus
2203 3212 2309 3239 Colum.
2324 3220 2361 3242 10,
2374 3217 2418 3246 215
2440 3234 2444 3239 .

272 3256 298 3280 ri
307 3273 315 3286 ,
325 3253 404 3289 fingi.
817 3283 822 3288 ,
1091 3283 1096 3288 ,
1373 3259 1419 3287 pro
1433 3252 1559 3278 petulanti
1572 3256 1595 3276 et
1607 3247 1741 3281 indomito,
1749 3256 1798 3285 pro
1805 3251 1848 3281 Eo,
1856 3249 1921 3286 quod
1924 3248 2029 3284 frenum
2043 3249 2119 3274 nolit:
2138 3255 2177 3281 vt,
2190 3247 2257 3274 Gell.
2274 3255 2295 3280 1,
2310 3255 2335 3281 15
2355 3248 2418 3282 Prq-
2429 3242 2447 3269 ¹2⁴
2461 3264 2463 3269 ·

309 3294 318 3313 1
331 3295 351 3314 Ν
362 3295 376 3313 r
388 3294 407 3314 o
418 3294 436 3313 R
447 3293 471 3312 M
481 3291 529 3313 ΑΤ
542 3291 564 3311 v
575 3292 603 3315 s,
620 3293 650 3318 a,
670 3293 723 3311 nm.
755 3284 849 3311 Pamc.
885 3281 1027 3316 Institutas.
1065 3283 1120 3310 Cic.
1140 3284 1192 3310 Off.
1213 3293 1234 3315 1,
1249 3294 1273 3317 ¹3
1292 3294 1314 3312 c.
1375 3287 1435 3322 diga
1448 3294 1473 3313 et
1494 3286 1604 3313 infrenis
1616 3285 1713 3317 lingua.
2097 3294 2099 3299 ⁴
2410 3290 2411 3294 ¹

273 3331 293 3355 4
315 3324 351 3349 Vt
362 3323 464 3349 nemini
477 3329 567 3356 parere
580 3320 682 3347 animus
696 3320 764 3346 bene
778 3329 792 3346 a
806 3325 898 3346 natura
912 3319 1069 3346 informatus
1081 3318 1163 3356 velit,
1182 3320 1229 3346 nifi
1244 3330 1317 3354 prae-
1410 3329 1449 3349 IN
1462 3329 1477 3349 F
1487 3329 1505 3349 n
1515 3328 1619 3348 ENAT
1629 3328 1637 3346 1
1648 3328 1682 3352 ο,
1699 3320 1767 3346 onis.
1794 3320 1814 3346 f.
1850 3317 1968 3347 Tertull.
1983 3317 2041 3345 adu.
2055 3318 2138 3345 Marc.
2157 3327 2179 3351 1,
2197 3326 2229 3351 29
2257 3319 2333 3352 Quae
2353 3317 2417 3345 libi·
2438 3315 2462 3350 fi.

274 3358 383 3392 cipienti
399 3365 441 3384 aut
456 3357 572 3388 docenti,
586 3364 631 3382 etc.
700 3356 739 3382 Ita
754 3355 790 3381 est
810 3355 985 3381 informatum
1003 3354 1227 3390 anticipatunique
1242 3365 1314 3382 men-
1375 3357 1445 3384 dinis
1459 3357 1603 3384 infrenatio
1616 3357 1643 3382 in
1657 3355 1820 3382 castratione.
2436 3375 2466 3390 ,,

275 3394 345 3420 tibus
364 3394 458 3420 nostris
471 3393 527 3420 Cic.
542 3392 573 3418 de
588 3392 624 3418 N.
640 3391 671 3417 D.
688 3399 698 3417 1
716 3400 737 3417 c.
754 3398 797 3425 27.
862 3390 1008 3417 Informata
1029 3391 1156 3423 cogitatio
1171 3390 1244 3417 Idem
1260 3392 1312 3417 Att.
1324 3395 1359 3420 90
1413 3401 1451 3419 ΙΝ
1463 3400 1503 3419 PR
1514 3395 1666 3424 AGi'LIS,
1687 3400 1708 3418 e.
1739 3391 1799 3417 Adi.
1843 3389 1993 3425 [δι’ῥρηκτος]
2035 3388 2108 3425 Qod
2125 3388 2224 3429 frangi
2248 3397 2298 3414 non
2324 3386 2416 3423 potest.
2448 3387 2472 3418 ἔκ

277 3436 297 3458 1,
312 3437 321 3454 1
341 3426 664 3463 Coniffsuramfignificat,
680 3426 827 3467 praefig-tim
858 3436 912 3452 uum
925 3429 1000 3452 initio
1013 3425 1124 3461 epistolae
1138 3426 1234 3453 Cicero
1248 3427 1314 3463 scri-
1377 3429 1458 3456 Ouid.
1474 3428 1560 3455 Trist.
1577 3438 1593 3460 1,
1607 3436 1628 3460 ς,
1641 3435 1667 3459 53
1693 3427 1719 3453 Si
1733 3435 1784 3453 vox
1799 3425 1930 3458 infragilis
1940 3445 1948 3457 ,
1967 3424 2056 3459 peditis
2069 3424 2138 3451 mihi
2151 3424 2253 3451 firmius
2267 3424 2336 3456 esset,
2358 3422 2416 3450 Plu·
2455 3441 2460 3452 v

278 3462 334 3493 bat,
361 3464 439 3502 Q¹⁰d
459 3464 611 3490 conieeiura
632 3462 770 3496 prouideri
790 3470 824 3496 po
844 3467 871 3487 11.
943 3463 978 3489 Vt
999 3471 1052 3489 non
1074 3462 1248 3491 nominatim,
1272 3462 1314 3488 sed
1376 3473 1458 3499 taque
1472 3474 1531 3491 cum
1542 3463 1637 3498 linguis
1653 3462 1772 3497 pluribus
1784 3468 1837 3488 ‘ora
1849 3460 1945 3487 forent.
2017 3460 2144 3487 Animum
2155 3459 2308 3494 infragilem
2325 3464 2416 3486 tenere
2447 3449 2467 3492 ,i

280 3505 422 3530 generatim
441 3500 499 3526 esset
518 3497 675 3533 proscriptio
696 3497 838 3524 informata
858 3497 913 3524 Cic.
929 3498 982 3525 Att.
1002 3506 1034 3531 11,
1047 3500 1064 3525 6
1077 3505 1122 3534 pr.
1147 3501 1166 3525 i.
1188 3495 1316 3531 instituta,
1376 3500 1451 3527 Idem
1465 3500 1496 3526 ad
1509 3500 1570 3527 Liu.
1582 3507 1637 3532 334.
1711 3496 1842 3530 infragilis
1855 3495 1920 3522 Plin.
1937 3504 1969 3522 20
1983 3495 2011 3522 in
2025 3504 2146 3530 prooem.
2453 3491 2469 3499 “’

280 3540 327 3557 non
340 3537 457 3559 nominati
470 3535 593 3565 laomim-s,
605 3532 758 3574 J‘ejdgcnera
769 3533 904 3559 hominum.
1412 3544 1421 3562 1
1432 3543 1455 3562 N
1466 3543 1482 3562 ς
1493 3543 1511 3562 R
1522 3542 1575 3562 AN
1584 3540 1602 3559 G
1615 3540 1622 3559 1
1633 3540 1648 3560 13
1659 3530 1694 3559 i'L
1704 3540 1713 3559 1
1723 3540 1736 3559 s
1745 3552 1753 3565 ,
1771 3540 1794 3557 e.
1823 3531 1883 3557 Adi.
1921 3532 1972 3566 Qi
1987 3531 2085 3567 frangi
2103 3534 2197 3566 nequit.
2233 3530 2291 3557 Sen.
2310 3529 2342 3556 de
2357 3529 2416 3556 Vit.
2440 3530 2443 3534 ⁴

279 3600 406 3635 impressa,
418 3611 475 3636 qaae
487 3604 519 3628 ml
533 3604 643 3638 formam
661 3603 728 3630 illins
744 3610 767 3643 εξ
785 3602 907 3637 effintim
914 3606 1041 3638 pertinere
1053 3604 1175 3631 videatur.
1213 3604 1268 3631 Cic.
1282 3604 1314 3631 dc
1378 3608 1454 3641 rigor
1473 3613 1498 3633 et
1518 3604 1702 3640 prouidentia,
1716 3602 1860 3633 subtilitas,
1878 3603 1986 3634 sanitas,
2000 3602 2121 3634 libertas,
2136 3602 2230 3633 dec0r;
2254 3600 2357 3636 aliquid
2377 3600 2418 3627 vl·
2458 3603 2466 3614 '¹

281 3636 318 3662 N.
334 3636 364 3663 D.
386 3645 404 3667 1,
420 3645 451 3667 43
470 3645 491 3662 c.
510 3641 536 3663 16
574 3640 649 3671 Qiae
671 3639 707 3665 cst
724 3648 797 3665 enini
816 3648 893 3673 gem,
909 3644 953 3666 aut
974 3639 1046 3673 quod
1065 3649 1145 3674 genus
1164 3639 1314 3674 hominum,
1377 3649 1417 3670 tra
1432 3643 1555 3677 quaeris?
1574 3641 1629 3667 Alii
1642 3645 1736 3665 malunt
1754 3638 1897 3671 Infragilis.
2464 3636 2466 3643 '

281 3671 353 3705 quod
368 3680 421 3697 non
436 3670 527 3712 lrabeat
542 3672 591 3712 sine
603 3674 722 3700 doeh-ina
735 3674 949 3708 anticipationem
963 3675 1093 3709 quandam
1107 3675 1315 3710 deornm,quam
1413 3686 1421 3705 1
1434 3684 1456 3704 Ν
1470 3684 1485 3703 r
1495 3685 1513 3703 R
1523 3682 1619 3704 ASCR
1629 3682 1637 3701 1
1647 3681 1692 3701 PT
1702 3680 1722 3698 v
1732 3681 1759 3704 S.
1785 3674 1848 3710 quod
1867 3684 1895 3700 ex
1913 3674 2017 3701 Gruteri
2034 3673 2165 3707 Inscripti.
2190 3671 2276 3710 acffl’rt
2298 3670 2416 3698 Borricb.

283 3706 393 3746 appellat
413 3705 528 3739 octobri-'v
547 3707 685 3739 Epicurus.
704 3709 730 3735 id
743 3709 778 3736 est
793 3716 953 3744 anteceptam
972 3711 1061 3736 animo
1078 3711 1119 3738 rei
1132 3711 1259 3745 quandam
1275 3712 1314 3738 in-
1375 3714 1492 3749 Cogit.p.
1505 3717 1550 3745 136
1560 3709 1655 3745 diut'fim
1669 3710 1753 3735 melius
1766 3710 1898 3743 scribitur.
2220 3712 2222 3715 '
2436 3700 2467 3735 *fi

284 3741 487 3781 formationem‚
506 3740 558 3766 fine
577 3750 626 3783 qua
640 3752 690 3783 ¹nec
710 3745 824 3780 intelligi
841 3745 1001 3780 quidquam,
1020 3755 1068 3772 nec
1088 3747 1195 3781 quaeri,
1214 3757 1261 3774 nec
1276 3748 1366 3774 di-100
1413 3748 1614 3778 ΙΝΡῃιέΜο,
1635 3748 1688 3772 ὅτε.
1726 3743 1923 3779 [ingainariam]
1959 3743 2005 3771 Sil.
2025 3752 2047 3776 3,
2066 3752 2112 3776 ²30
2141 3743 2199 3769 Nec
2216 3741 2316 3768 bellum
2333 3740 2416 3776 rapti·
2436 3739 2471 3774 1'152

283 3777 379 3808 spurarr
394 3777 484 3810 potest.
522 3778 551 3801 Et
564 3777 623 3802 alibi
635 3787 660 3802 m
673 3780 721 3805 eod.
734 3781 776 3807 lib.
791 3787 819 3807 ut
832 3791 852 3807 c.
869 3789 897 3815 17
908 3788 931 3807 ει
943 3784 982 3814 36.
1052 3781 1109 3808 Cic.
1123 3782 1151 3808 in
1166 3783 1254 3809 Partit.
1270 3792 1315 3810 102
1376 3790 1430 3811 tam
1448 3784 1537 3811 dirum
1559 3781 1634 3809 mille
1653 3779 1748 3806 carinis
1788 3781 1880 3808 Acrius
1901 3779 2056 3812 infremuit,
2080 3777 2267 3814 trepidumque
2286 3766 2456 3822 111161τυί1Ῑᾷ
2470 3793 2473 3814 3

283 3811 319 3836 lta
333 3812 430 3845 primus
446 3811 490 3837 ille
504 3811 596 3841 status,
615 3817 639 3838 et
657 3814 725 3846 quast
744 3816 879 3842 conflictio
893 3826 954 3844 cum
972 3815 1138 3847 aduersario,
1161 3819 1314 3845 conietff'tura
1376 3819 1478 3847 orbem.

319 3573 356 3591 ΙΝ
370 3573 434 3593 ΐ-Οκ
446 3575 468 3593 Μ
480 3576 528 3595 AT
541 3575 580 3595 10
591 3589 598 3600 ,
621 3578 689 3594 onis.
717 3568 736 3594 f.
772 3567 957 3602 [ὖποτύπωσις]
995 3570 1072 3595 Notio
1091 3578 1107 3595 a
1124 3575 1215 3597 natura
1233 3571 1313 3596 animo
1325 3573 1357 3600 95
1377 3572 1447 3598 Beat.
1461 3580 1483 3598 c.
1495 3580 1511 3604 9
1532 3572 1620 3605 Qium
1636 3568 1687 3595 tibi
1699 3568 1784 3594 dicam
1794 3586 1802 3598 ,
1819 3567 1947 3593 summum
1966 3566 2067 3594 bonum
2082 3566 2118 3593 est
2138 3565 2319 3600 infrangibilis
2331 3564 2418 3592 animi
2434 3567 2473 3708 ᾗ

284 3846 408 3884 quadam:
430 3846 553 3886 secundus
566 3851 652 3873 autem
666 3848 833 3883 definitione,
851 3858 895 3878 aut
908 3852 1083 3887 descriptione
1095 3858 1173 3888 atque
1185 3854 1314 3881 informa·
1413 3863 1423 3881 1
1434 3861 1454 3880 N
1466 3860 1511 3881 FR
1520 3860 1537 3880 E
1546 3859 1569 3879 N
1578 3857 1596 3877 D
1605 3857 1622 3878 E
1632 3857 1651 3877 O
1666 3870 1674 3882 ‚
1685 3853 1736 3877 Ure·
1758 3857 1781 3878 et
1801 3857 1809 3876 1
1820 3857 1867 3878 NF
1876 3858 1894 3878 R
1903 3857 1920 3877 Ε
1931 3857 1954 3876 N
1964 3856 1983 3876 D
1994 3856 2014 3876 0
2030 3869 2039 3882 9
2058 3850 2112 3877 g¹⁹⁶-
2147 3845 2306 3882 [ἓμςθῦχω]
2337 3834 2416 3874 isald‘
2430 3842 2457 3893 ἓ.

283 3886 354 3906 ῃοῃε
367 3881 680 3922 verb„1v[,*;t1-ac}andus.
1369 3889 1507 3926 frendere;
1519 3890 1623 3924 proprie
1635 3885 1765 3923 fignificat
1784 3888 1876 3914 Dentes
1893 3893 1953 3922 prae
1970 3888 2048 3912 nimia
2067 3888 2107 3912 ira
2125 3889 2250 3909 concutere
2269 3889 2292 3908 et
2310 3885 2455 3909 inuicem-w

320 3922 387 3942 1Ν1·“
399 3922 614 3951 011111111011,
635 3922 698 3946 oris.
715 3927 750 3947 m.
787 3921 837 3957 Qu*
858 3921 998 3959 informat,
1020 3924 1061 3951 vel
1080 3926 1108 3951 in
1131 3927 1201 3953 ituit.
1242 3924 1364 3960 ,Ter-105
1373 3924 1493 3952 collidere.
1541 3923 1616 3958 virg.
1630 3924 1695 3949 Aen.
1714 3931 1735 3956 3,
1748 3925 1803 3957 664
1833 3921 1963 3950 Dentibus
1982 3919 2134 3949 infrendens
2155 3919 2272 3955 gemitu,
2287 3916 2416 3953 graditur·

2212 3976 2215 3977 ⁷
2361 3959 2413 3988 que

2428 4111 2467 4141 η’

2430 4178 2462 4215 a
