2479 4225
49 188 144 249 865-
432 182 476 222 H
563 185 603 223 A
684 182 726 222 D
1508 182 1819 224 HAER
2110 194 2188 236 866

14 275 19 282 .
49 271 108 307 cogi
119 269 246 310 reficere..
318 269 451 311 Rabienus
464 270 601 306 indulgere
613 271 701 302 matri,
721 269 800 311 ciuile
812 274 893 309 ratus,
901 272 930 293 vt
943 268 968 294 se
980 268 1085 295 adfutu-
1149 272 1201 307 ipst¹
1217 273 1262 298 suo
1278 271 1377 299 saucius
1390 271 1527 311 ense—latus
1540 272 1550 298 ζ
1591 270 1649 298 vid,
1664 270 1753 298 Barth,
1769 271 1801 311 qd
1812 273 1872 302 sm,
1887 275 1979 304 Theb.
1993 286 2019 311 4,
2032 283 2069 309 88.
2105 281 2187 307 Ouid.

49 315 107 335 mm
121 306 278 341 Vrgulaniae
297 305 396 332 ‘heere‘
414 306 481 332 Tac·
497 307 564 333 Afln·
578 315 600 338 2,
615 315 654 340 34,
669 316 696 339 4·
769 307 837 331 5¹¹⁰&
851 313 878 343 1¹}
892 304 993 343 Νξ-ῚὉΠ·
1014 313 1034 329 ⁶·
1049 313 1084 337 40
1150 308 1177 334 in
1191 308 1249 334 Ibin
1262 310 1303 340 561
1332 307 1390 333 Nec
1412 307 1463 337 tibi
1488 307 1505 333 fi
1529 306 1593 342 quid
1615 315 1685 333 ames
1708 307 1812 333 felicius
1839 309 1975 338 Haemone
2004 315 2084 342 cedat.
2127 317 2186 344 Vra,

49 344 150 371 Coenae
163 349 269 376 quoque
281 346 399 376 tempore
414 342 592 376 interpellatus
601 339 846 368 tunniltuolioribus
859 339 951 370 literis,
960 338 1084 366 hactenus
1151 350 1171 368 A
1183 351 1197 369 Γ
1208 350 1229 369 M
1242 350 1260 370 o
1271 350 1301 369 Ν.

49 377 199 408 excanduit,
215 382 243 403 vt
255 377 353 403 malum
367 378 463 412 iis,qui
478 377 620 410 descissent,
628 378 782 404 minaretur.
796 376 820 401 h.
834 384 852 400 e.
876 376 932 399 Non
946 376 1084 408 olrrmstue
1184 386 1203 404 H
1215 387 1233 405 ,x
1245 385 1260 404 E
1271 385 1293 403 M
1305 383 1323 402 o
1336 383 1357 403 Ν
1368 383 1407 404 ῙΑ
1417 395 1425 408 ,
1445 385 1489 403 ae.
1510 377 1528 403 f.
1566 375 1712 412 [Ἃιμονιά]
1752 375 1885 413 Thessalia.
1927 381 1984 408 Via,
2006 390 2167 413 AEMONJA.

48 422 96 441 non
107 415 210 450 grauius
223 413 370 445 excanduit,
390 422 460 448 quam
472 419 501 439 ot
514 415 667 446 minaretur,
684 418 730 438 etc.
800 409 932 435 Hactenus
947 408 964 435 fi
980 419 985 435 ε
1011 411 1081 436 Afri-
1107 416 1121 442 ς
1187 421 1206 440 H
1217 421 1237 440 A
1248 420 1263 440 1:
1274 420 1294 439 M
1305 420 1323 439 o
1336 419 1355 438 Ν
1368 419 1443 442 ivs.
1463 420 1492 442 a,
1510 421 1563 439 nm.
1588 412 1647 438 Adi.
1673 411 1675 413 ’
1689 412 1746 438 Vni.
1767 419 1948 442 Aemonivs.

51 452 126 476 canus
145 447 174 474 in
198 447 216 473 l.
238 448 310 482 quod
332 448 414 483 vulgo
437 449 469 475 D.
483 457 531 483 pro
544 454 660 479 emtore,
680 445 812 473 Hactenus
825 453 916 471 verum
931 445 979 471 ess'e
992 445 1043 475 ait,
1066 446 1083 472 si
1188 457 1206 475 H
1218 457 1238 476 A
1248 456 1262 475 r:
1276 455 1296 474 Μ
1309 456 1327 475 o
1337 454 1353 473 Ρ
1363 454 1384 474 Τ
1396 453 1414 473 o
1428 454 1434 472 ι
1446 453 1462 473 c.
1472 454 1491 472 v
1501 454 1512 473 s
1522 467 1530 479 ,
1564 448 1582 473 i.
1614 457 1648 475 m.
1684 449 1735 484 Qu'
1742 448 1969 486 spuitfiznguincm
1994 451 2049 478 Th.
2064 455 2185 484 Priscian,

50 483 145 511 nullam
158 482 251 509 iustam
264 484 364 510 causam
378 485 433 510 eius
449 484 548 510 erroris
561 490 648 510 emtor
661 482 764 508 habeat.
802 486 812 490 “
853 479 986 506 Hactenus
1000 481 1084 514 vtilia,
1150 484 1182 510 de
1198 485 1289 510 Diaeta
1301 493 1322 510 c.
1338 491 1374 509 12.
1446 484 1534 508 Macer
1549 492 1567 512 ε,
1583 491 1604 513 3.

52 518 70 546 fi
82 523 234 554 praeparant
247 519 383 553 ingenium
403 520 460 546 Scn.
475 520 521 553 Ep.
534 523 570 549 88.
643 517 784 558 bladi-enus-
795 521 921 557 quatenus
937 525 942 541 :
980 517 1084 550 leian.
1187 528 1205 546 H
1217 528 1235 546 A
1248 527 1262 546 F.
1271 526 1294 546 M
1306 524 1325 545 0
1336 525 1353 545 R
1363 523 1439 558 ΕΗΔ
1450 523 1469 543 G
1480 524 1488 543 1
1498 525 1518 543 A
1529 537 1536 549 ,
1556 526 1593 543 ae.
1614 518 1646 557 Γ..
1672 519 1806 554 Sanguinis
1813 523 1954 557 proruptio.
1988 521 2101 556 Plin.23‚
2110 534 2121 557 7
2130 527 2188 561 1267

49 553 81 581 de
99 553 128 580 In
147 562 204 580 rem
224 556 300 580 verso
320 555 337 580 l.
356 554 374 581 fi
394 563 442 589 pro
461 562 549 589 patre,
568 554 595 581 Si
610 554 713 580 donum
726 551 832 577 debitor
845 551 991 583 sitiemus,
1012 559 1036 578 et
1051 553 1083 578 ab
1150 555 1224 581 Folia
1236 555 1292 581 eius
1307 554 1368 581 trita
1383 552 1451 579 illita
1466 552 1691 586 haemorrhagian]
1711 554 1807 581 iillum.

44 588 101 616 alio
114 594 246 615 mutuatus
254 589 280 616 ei
293 590 411 623 soluerit,
432 589 556 616 haetenus
569 598 622 616 nou
635 588 721 618 vertit,
735 593 861 621 quatenus
874 586 984 613 domino
998 587 1083 614 debet.
1102 600 1131 618 10
1188 598 1207 616 H
1218 598 1236 617 A
1248 598 1262 617 ις
1274 598 1296 616 M
1307 597 1325 615 0
1334 596 1352 616 R
1362 595 1379 614 R
1389 595 1408 614 H
1419 586 1437 614 ὁ
1448 595 1454 613 1
1467 596 1495 621 S,
1515 588 1573 615 i'diS.
1611 588 1630 614 f.
1667 590 1707 614 ve!
1734 596 1751 615 Η
1763 597 1782 616 A
1794 597 1809 616 Ε
1818 596 1840 615 Μ
1853 596 1872 617 o
1883 597 1901 616 R
1911 597 1929 617 R
1939 597 1959 617 Η
1968 598 1987 618 0
1997 598 2016 618 v
2029 599 2057 624 s,
2097 593 2116 619 i,
2154 604 2189 622 m⁸

40 623 182 654 ,Hac'ienus
196 625 283 659 quoad
298 636 303 651 :
340 627 395 652 Cic.
410 626 481 652 Fam.
494 634 523 659 4,
537 634 548 658 3
565 624 694 651 Haerenus
707 622 829 649 existimo
841 621 954 648 nostram
968 624 1084 649 consola·
1150 626 1306 662 [αἱμορροῒς]
1343 625 1421 650 Genus
1429 624 1554 658 serpentis
1563 622 1719 658 pestiferum,
1738 626 1833 661 astuxzc
1841 625 1975 662 fimguinis
1987 630 2025 654 ita
2035 628 2188 663 appellatum.

46 659 147 686 tionem
161 660 232 686 reeie
244 660 391 687 adhibitam
403 662 466 692 effe,
484 660 570 696 quoad
586 659 683 686 certior
696 658 728 684 ab
741 657 849 684 homine
867 657 1019 685 amicitiimo
1041 659 1084 685 tie-
1152 663 1232 687 Huim
1249 660 1327 696 morfii
1336 660 1442 695 sanguis
1457 661 1535 684 omnis
1548 668 1563 685 a
1577 660 1762 694 corpore-fluit,
1782 670 1824 686 nec
1836 662 1894 694 Jfii
1909 661 1996 697 potest.
2054 664 2150 690 Lucan.
2163 673 2190 697 9,

40 703 88 722 ses
101 695 133 721 iis
150 694 182 722 de
195 695 288 727 rebus,
308 697 404 731 quibus
417 697 501 723 leuari
515 696 612 730 possent
629 693 762 720 molestiae
782 700 850 720 tuae.
938 694 1085 725 Haeienus3
1151 705 1200 728 709
1221 699 1312 731 Ingens
1328 693 1511 731 haemorrhois
1525 694 1635 728 explicat
1649 696 1735 721 orbes.
1809 698 1866 722 Non
1885 704 1972 733 piget,
1989 698 2127 736 adst-„pm-
2143 702 2190 727 au.

40 735 76 758 -.vt
87 730 173 757 media
188 738 286 758 caetera
298 732 376 759 noete
390 732 462 758 silent
480 730 561 758 Ouid.
576 731 638 758 Her.
654 738 687 763 ις,
704 731 754 762 156.
847 727 977 755 Hactenus
991 731 1085 756 abrum—
1149 738 1209 768 quot
1221 731 1320 758 Lucani
1333 732 1439 762 vcrflbus
1452 736 1474 755 et
1487 739 1530 755 nos
1544 736 1566 755 e!
1578 728 1679 755 IeHorcr
1692 730 1825 762 oblectare,
1845 740 1859 757 a
1875 741 1899 756 v.
1914 735 1962 761 806

36 767 85 805 {pit
98 769 240 793 orationem.
283 768 339 794 Vid.
355 768 416 794 Her.
430 771 454 798 6,
461 770 508 799 65:
525 773 589 793 certe
597 765 671 802 finit.
708 766 748 791 lta
763 765 825 791 Met.
840 772 864 796 2,
878 766 925 789 610
943 764 1084 798 Haeienus,
1109 775 1135 801 15
1303 764 1428 799 Imprcssit
1443 765 1530 791 dentes
1545 765 1736 792 Haemorrhois
1749 767 1836 800 aspera
1855 767 1942 793 Tullo
1978 783 2022 790 ....-

42 806 75 828 ἐἴ
90 801 171 828 vitam
184 802 283 836 pariter
298 812 357 829 cum
372 802 494 837 sanguine
508 801 587 827 fudit.
660 802 691 827 Et
704 809 716 833 7
726 819 733 832 ,
747 808 802 834 794
830 799 975 831 Hactenus,
1000 807 1025 826 et
1047 807 1082 827 ta·
1302 802 1392 835 thue
1406 800 1470 826 solet
1485 801 1583 835 pariter
1596 801 1659 827 totis
1676 802 1699 826 se
1714 801 1847 828 effimdere
1861 802 1938 836 lignis

47 836 111 863 cuit.
166 838 198 864 Et
219 846 257 870 10,
277 847 324 871 423
347 837 493 869 Ηεὲὶεῐιιις,
512 842 538 864 et
556 836 665 872 gemuit.
735 835 802 862 Adai.
824 842 871 870 17,
891 836 948 867 263.
1024 837 1082 863 ΗΑ.
1365 833 1476 869 (statuis
1488 839 1629 868 vxi-anatis,
1651 843 1673 862 et
1681 835 1782 870 fistulas
1795 839 1885 864 multas
1906 838 2065 875 habentibus)

52 873 112 898 Viri
123 869 191 899 (10in
202 873 236 899 ad
249 874 298 900 Val
317 874 355 900 Fl.
368 882 393 905 2,
405 881 463 907 439.
657 869 678 909 ff
700 880 716 898 2
752 873 793 898 An
806 871 840 896 ad
849 879 942 905 tempus
955 874 1027 897 etiam
1045 882 1081 898 re·
1301 871 1412 903 Corycii
1426 872 1536 905 pressura
1551 872 1621 897 croci
1637 882 1642 897 :
1677 872 1709 897 lic
1724 872 1813 898 onmia
1829 873 1947 901 membra

39 907 115 944 ferri
123 907 198 943 pqffit
212 908 345 935 Ha&eniis
361 916 384 935 et
397 906 606 945 idem-significet,
641 907 690 934 uod
702 905 811 938 Adhuc,
830 905 980 941 disputatur.
1051 909 1082 934 Et
1300 906 1416 933 Emisere
1429 906 1501 933 timul
1518 907 1629 933 rutilum
1643 916 1691 941 pro
1707 908 1831 941 sanguine
1845 910 1927 936 virus.

45 946 136 979 negari
148 953 196 970 non
212 943 308 979 potest,
322 946 440 980 pleraque
446 963 454 975 ,
469 952 529 978 quae
543 950 592 978 pro
606 916 754 977 affirmanda
772 939 908 977 quaestione
923 942 1082 977 adferuntur,
1093 956 1128 974 20
1301 942 1408 976 Sanguis
1422 949 1495 968 erant
1508 943 1647 969 lacrimae:
1684 951 1855 978 quaecunque
1874 944 2006 971 foramina
2018 947 2097 974 nouit

46 981 120 1004 etiam
131 981 169 1005 ita
181 979 290 1016 intelligi
295 979 375 1015 pff,
395 986 424 1005 vt
436 979 584 1014 respicimur
597 980 630 1004 ad
643 980 720 1004 locum
736 977 796 1004 libri
809 978 848 1002 vel
864 977 981 1012 epistolae.
1020 980 1082 1004 Pau-
1301 978 1421 1009 Humor,
1442 978 1474 1004 ab
1487 978 1528 1004 his
1542 977 1629 1011 largus
1641 984 1728 1003 manat
1741 987 1819 1005 cruor
1833 990 1838 1005 z
1874 988 1920 1006 ora
1934 980 2096 1015 redundant,

0 1038 1 1044 ,
45 1023 75 1040 ca
86 1020 166 1040 tamen
192 1021 250 1046 unt,
269 1019 296 1041 in
310 1015 395 1050 quibus
405 1014 532 1041 Aduerbio
545 1017 660 1048 temporis
666 1011 756 1045 statim
769 1012 955 1048 adiunguntur,
975 1020 1001 1039 ut
1009 1015 1082 1048 Virg.
1302 1013 1333 1038 Et
1347 1014 1446 1046 patulae
1462 1022 1535 1040 nares
1550 1024 1555 1038 :
1591 1012 1670 1038 sudor
1687 1013 1763 1039 rubet
1778 1023 1783 1038 :
1821 1015 1911 1041 omnia
1932 1015 2014 1048 plenis

47 1049 145 1084 Georg.
158 1057 184 1082 2,
199 1058 208 1076 1
232 1050 365 1076 Hactenus
383 1050 512 1077 aruorum
531 1049 614 1076 cultus
634 1055 660 1076 et
677 1047 758 1074 sidera
771 1048 836 1074 caeli
851 1059 856 1073 z
892 1049 969 1074 Nunc
984 1055 1007 1074 te
1022 1051 1082 1076 Bac·
1302 1048 1422 1074 Membra
1440 1050 1524 1075 fluunt
1538 1048 1612 1074 venis
1626 1058 1631 1074 ε
1667 1053 1752 1074 totum
1765 1048 1799 1074 est
1813 1057 1862 1082 pro
1875 1049 1983 1076 vulnere
1995 1060 2097 1086 corpus.

46 1083 111 1117 che,
130 1093 230 1112 canam.
265 1085 420 1121 sedprimus
432 1085 519 1121 versut
531 1083 678 1119 abestplane
690 1086 717 1110 in
729 1083 786 1110 MS.
828 1084 941 1110 Maxime
957 1085 1002 1110 huc
1009 1087 1082 1121 jacit
1146 1081 1212 1108 Plin.
1227 1090 1276 1114 20,
1294 1092 1324 1109 20
1354 1085 1511 1118 Sagittarum
1533 1092 1650 1116 venena,
1669 1089 1695 1109 et
1718 1084 1875 1117 serpentium
1900 1083 2136 1114 haemorrhoidum
2163 1097 2189 1116 et

44 1119 106 1147 Liu.
119 1121 185 1155 7,26
205 1120 336 1147 Hactenus
354 1121 458 1155 quietae
473 1120 608 1155 vtrimque
621 1119 743 1146 stationes
757 1119 841 1145 fuere.
878 1119 1012 1154 Postquam
1024 1122 1080 1155 spo·
1100 1131 1131 1157 ²⁵
1148 1117 1289 1152 presterum
1303 1119 1433 1153 restringi.
1524 1119 1587 1145 Plin.
1605 1127 1641 1152 23,
1656 1127 1665 1145 1
1681 1119 1699 1145 s.
1714 1126 1742 1153 17
1769 1119 1884 1146 Mustum
1897 1120 2059 1154 serpentibus
2072 1123 2189 1151 aduersa-

45 1154 112 1181 liare
125 1163 219 1190 corpus
233 1156 296 1182 caefi
311 1155 392 1183 hostis
405 1156 527 1183 tribunus
545 1155 650 1189 coepit,
671 1162 718 1180 nec
740 1154 811 1180 Galli
824 1155 850 1180 se
869 1155 978 1181 statione
993 1163 1082 1182 tenue-
1148 1160 1207 1186 tur,
1229 1155 1342 1180 maxime
1368 1154 1568 1182 haemorrhoidi
1592 1160 1617 1181 et
1639 1154 1823 1181 salamandrae.
1904 1156 1972 1182 Adel.
1996 1157 2077 1184 Solin.
2101 1167 2122 1184 c.
2144 1169 2189 1192 40.

43 1196 106 1216 runt
120 1197 165 1217 etc.
200 1191 247 1218 Sed
258 1198 281 1217 et
295 1190 377 1218 Ouid.
392 1193 448 1218 Art.
464 1200 483 1224 1,
498 1193 540 1223 263
561 1189 709 1222 Hactenus,
729 1189 798 1216 vnde
818 1190 901 1224 legas,
921 1191 991 1226 quod
1012 1201 1082 1218 ames
1149 1189 1215 1216 Cels.
1228 1197 1250 1221 ς,
1264 1197 1310 1224 ε7,
1324 1197 1350 1224 7.
1547 1188 1567 1227 ff
1588 1198 1603 1216 z
1640 1189 1864 1216 Haemorrhoidas
1886 1194 1960 1218 etiam
1978 1201 2091 1219 vocamus
2111 1196 2192 1221 Genus

43 1238 91 1244 —
126 1225 205 1251 Nunc
219 1226 271 1252 tibi
283 1236 349 1261 quae
362 1227 460 1261 placuit
474 1234 536 1261 quas
550 1225 580 1251 fit
594 1225 720 1259 capienda
739 1234 786 1260 per
799 1232 876 1253 artes.
964 1227 1009 1253 Sil.
1025 1228 1081 1254 Ital.
1146 1225 1239 1256 morbi,
1256 1234 1327 1260 quum
1349 1233 1396 1251 ora
1415 1234 1542 1251 venarum
1563 1229 1635 1251 iuxta
1651 1235 1737 1255 anum,
1753 1233 1875 1260 tanquam
1899 1226 2056 1261 quibusdam
2070 1230 2191 1264 capitulis

45 1267 75 1292 4,
90 1262 143 1286 266
161 1261 279 1295 Vulgum
286 1263 452 1297 Martemque
464 1261 595 1288 minorem
609 1260 741 1287 Hactenus
762 1276 822 1285 .—-
856 1262 919 1288 Mox
929 1282 936 1294 ,
957 1263 1084 1297 Gargwe,
1149 1266 1270 1293 turgent,
1288 1267 1313 1286 et
1329 1261 1480 1294 sanguinem
1495 1261 1511 1285 f=
1526 1260 1616 1287 ndunt.
1686 1260 1768 1295 quue
1783 1267 1807 1287 et
1821 1261 1848 1287 in
1860 1270 1907 1288 ore
1921 1262 2016 1289 vuluae
2030 1264 2193 1294 feminarum

42 1299 139 1321 vocant
155 1296 243 1330 superi
256 1297 289 1324 ad
301 1298 411 1324 maiora.
497 1296 563 1323 Plin.
579 1305 609 1330 14
616 1304 660 1331 pr.
698 1297 826 1323 Externae
841 1297 948 1324 arbores
961 1298 1084 1325 hafflienus
1103 1308 1135 1332 30
1148 1296 1266 1322 incidere
1281 1297 1425 1322 consueuit.
1483 1296 1610 1322 Interdum
1623 1294 1680 1321 hacc
1690 1297 1813 1330 purgatio
1826 1295 1874 1329 est,
1890 1306 1943 1323 non
1963 1298 2080 1325 morbus.
2116 1301 2191 1328 Ideo·

42 1328 99 1357 fere
112 1330 179 1357 sunt.
224 1332 299 1359 Licet
311 1333 364 1359 iam
376 1332 409 1359 de
425 1332 609 1359 communibus
621 1332 707 1367 loqui.
777 1334 809 1359 Et
826 1337 862 1364 28,
876 1338 889 1363 8
908 1334 1038 1360 Hacienus
1053 1335 1085 1360 de
1150 1340 1202 1366 que
1216 1331 1299 1357 curati
1320 1332 1445 1366 quidam,
1464 1341 1546 1366 quum
1566 1331 1697 1366 sanguinis
1715 1332 1815 1358 exitum
1834 1341 1887 1358 non
1905 1333 2048 1367 haberent,
2067 1335 2192 1363 inclinata

43 1365 165 1397 §mernis-
202 1366 281 1393 Nunc
294 1373 338 1393 etc.
412 1369 444 1394 Et
454 1376 488 1399 31,
501 1370 518 1394 6
538 1367 672 1394 Hactenus
689 1368 721 1394 de
734 1368 817 1402 aquis.
870 1369 948 1395 Nunc
961 1369 992 1395 de
1006 1379 1084 1404 aqua-
1150 1367 1179 1393 in
1193 1366 1360 1400 praecordia,
1379 1376 1408 1393 ac
1429 1367 1527 1394 viscera
1548 1366 1675 1399 materia,
1697 1367 1790 1394 subitis
1808 1376 1838 1394 ac
1852 1368 2005 1401 grauiffimis
2020 1370 2119 1398 morbis
2133 1381 2191 1400 cor-

29 1409 43 1427 4.
84 1399 140 1427 buS.
212 1402 280 1428 Illud
313 1402 410 1439 quidem
433 1409 595 1440 perpetuum,
623 1410 654 1430 ve
686 1409 762 1430 tenus
786 1404 866 1440 finem
894 1414 924 1432 ac
956 1409 1087 1432 terminum
1149 1404 1216 1436 repti
1233 1403 1299 1429 sunt.
1372 1404 1437 1429 Haec
1450 1410 1472 1427 θ’
1482 1404 1556 1437 Plffl‘*³
1570 1402 1636 1429 Cels·
1653 1405 1678 1434 ⁶2
1694 1407 1727 1434 ¹8,
1738 1412 1763 1435 9·
1834 1403 1900 1429 ΑΜ·
1917 1404 1982 1432 ΡΗΠ·
1996 1413 2036 1436 22,
2050 1412 2075 1440 7·

131 1445 154 1462 m
167 1442 243 1464 notet.
270 1450 273 1452 -
1185 1445 1205 1464 H
1216 1445 1236 1464 A
1247 1445 1323 1464 1:310
1333 1445 1351 1464 R
1360 1445 1377 1464 a
1387 1445 1407 1464 H
1416 1445 1435 1464 ο
1445 1436 1457 1464 f
1465 1445 1481 1465 c
1493 1445 1511 1462 v
1523 1445 1535 1464 s
1545 1457 1551 1467 ‚
1573 1447 1601 1468 a,
1630 1446 1683 1464 um.
1716 1438 1776 1464 Adi.
1811 1439 1862 1473 ‚Qui
1880 1439 1960 1465 morbo
1980 1441 2192 1468 haemorrhoidum

48 1468 76 1505 '⁴2⁵‘
390 1476 424 1507 H
548 1477 577 1507 A
702 1476 733 1508 D
1104 1487 1132 1512 35
1149 1473 1253 1499 laborat.
1289 1473 1418 1500 Firmicus
1442 1482 1463 1505 3,
1485 1481 1496 1504 3
1523 1474 1646 1500 Saturnus
1668 1474 1773 1500 latentes
1795 1482 1936 1509 corporum
1960 1475 2064 1503 dolores
2089 1477 2192 1504 indicit.

48 1516 50 1523 ’
1149 1509 1212 1534 facit
1226 1508 1298 1534 enim
1311 1508 1530 1535 haemorrhoicos
1539 1529 1547 1541 ,
1567 1515 1610 1535 aut
1622 1517 1767 1535 neruorum
1782 1508 1876 1536 dolore
1889 1511 2045 1537 contractos.
2086 1512 2112 1538 Si
2125 1521 2192 1539 vcro

73 1549 246 1577 HADR1A‚
265 1544 319 1571 vid.
343 1550 437 1571 ADRI
448 1551 480 1571 A.
1148 1545 1176 1570 in
1195 1544 1245 1570 hoc
1264 1545 1324 1571 loco
1344 1545 1507 1578 vespertinus
1526 1545 1624 1576 fuerit,
1643 1544 1738 1570 fistulas
1760 1545 1828 1571 circa
1840 1545 1962 1579 podicem
1974 1546 2052 1578 facit,
2073 1553 2099 1574 et
2111 1547 2193 1575 fimili

73 1584 124 1605 ΗΑ
133 1585 179 1606 DR
188 1588 197 1606 1
210 1588 261 1606 ΑΝ
270 1587 290 1606 ν
299 1587 327 1610 S,
347 1579 399 1606 vid.
427 1586 448 1606 A
461 1586 479 1605 D
488 1585 507 1605 R
517 1584 526 1605 1
536 1585 558 1606 A
567 1585 589 1605 N
601 1585 622 1604 V
633 1585 654 1605 S.
1146 1580 1229 1606 modo
1242 1579 1467 1606 haemorrhoicos.
1537 1580 1609 1606 Adde
1621 1590 1642 1612 3,
1660 1587 1693 1612 ις,

47 1621 52 1625 ’
72 1616 259 1641 HADR1A’N
273 1621 293 1640 v
305 1622 332 1645 s,
348 1624 378 1645 a,
399 1623 452 1640 um.
489 1614 549 1640 Adi.
587 1616 652 1647 His,
673 1622 733 1649 quae
757 1617 785 1640 in
808 1614 939 1642 Adrianus
960 1616 1084 1650 dedimus,
1183 1623 1202 1641 H
1216 1621 1234 1640 Α
1245 1622 1344 1641 EMOS
1355 1623 1404 1642 ΤΑ
1415 1623 1484 1647 818,
1522 1615 1554 1641 is.
1599 1616 1619 1641 f·
1655 1614 1754 1646 Herba,
1773 1615 1838 1640 alias
1862 1615 2000 1650 Confhlida.
2055 1616 2134 1650 Apul.
2159 1616 2192 1644 de

39 1647 96 1675 add.
111 1649 261 1685 Amphorae
277 1649 425 1676 Hadrianae
449 1649 514 1676 Plin.
527 1658 564 1683 35,
580 1659 616 1678 12.
687 1649 816 1676 Hadriani
832 1652 912 1678 maris
932 1652 988 1679 Cic.
1000 1653 1029 1679 in
1044 1653 1083 1680 Pi·
1091 1663 1128 1688 40
1146 1650 1229 1687 Herb.
1244 1660 1264 1676 c.
1280 1659 1319 1682 59.
1400 1679 1416 1684 ..

38 1683 93 1710 son.
110 1693 153 1717 92.
223 1685 294 1719 Ager
314 1685 373 1711 Liu.
388 1694 436 1718 22,
446 1693 472 1717 9.
1183 1693 1203 1712 H
1213 1693 1259 1712 ΑΕ
1270 1692 1360 1717 Mvs,
1384 1685 1510 1717 [Ἃιμος]
1552 1683 1609 1710 Vid.
1630 1689 1752 1710 AEMVS.

76 1725 98 1744 H
107 1726 129 1744 A
139 1726 184 1745 DR
195 1727 203 1745 1
213 1727 234 1746 A
245 1726 266 1744 N
277 1721 320 1746 AL
332 1728 341 1746 1
350 1727 363 1746 s
373 1740 379 1751 ‚
398 1729 420 1746 e.
442 1720 502 1747 Adi.
539 1720 617 1746 Inscr.
630 1720 698 1755 apud
709 1719 823 1747 Fabrett.
839 1730 864 1755 p.
878 1729 939 1756 454.
1181 1727 1201 1746 H
1214 1728 1235 1746 A
1247 1728 1263 1746 E
1273 1728 1295 1746 M
1305 1726 1351 1745 oa
1360 1726 1378 1745 R
1389 1726 1407 1744 Η
1419 1725 1438 1741 ’ν
1451 1725 1470 1743 v
1480 1726 1492 1744 s
1503 1725 1539 1749 Α,
1571 1726 1609 1744 ae.
1650 1718 1670 1742 f.
1706 1716 1832 1753 Profluuio
1845 1716 1982 1753 sanguinis
1997 1718 2129 1752 laborans,
2148 1721 2191 1747 In-

74 1760 179 1780 HADR
189 1753 303 1781 1Arfc
313 1762 354 1782 vs
364 1775 371 1786 ,
406 1755 587 1782 Hadriaticum
601 1764 673 1781 mare
691 1756 762 1782 Flor.
779 1765 799 1787 1,
815 1764 849 1787 ις.
864 1757 916 1782 vid.
935 1763 1009 1782 Ana.
1144 1761 1223 1790 terpr.
1238 1755 1315 1788 Vulg.
1328 1753 1421 1779 Matth.
1435 1761 1461 1784 9,
1476 1761 1515 1780 20.

75 1793 97 1812 H
106 1795 127 1814 A
137 1794 155 1813 D
164 1795 183 1814 R
194 1795 214 1815 0
227 1795 242 1814 B
256 1792 300 1815 GL
310 1797 331 1815 V
341 1798 364 1816 M
374 1810 382 1821 ‚
403 1790 420 1815 i.
441 1799 466 1815 n.
501 1788 676 1823 [ἑδρᾶβωλος]
712 1792 809 1815 Gummi
820 1799 905 1824 genus.
943 1791 1009 1815 Plin.
1024 1798 1080 1822 12,9

35 1820 66 1847 de
77 1822 162 1848 bdellio
174 1825 273 1858 loquens
280 1838 298 1855 ,-
308 1825 423 1858 Nigrum
437 1832 516 1854 vero,
535 1829 561 1849 et
573 1824 602 1849 in
614 1824 678 1849 offas
693 1824 885 1855 conuolutum,
901 1824 1078 1850 hadrobolum
1093 1831 1127 1857 45
1472 1824 1505 1855 H
1602 1824 1629 1855 A
1711 1823 1738 1855 E
1835 1825 1863 1856 R

35 1863 131 1884 vocant
140 1877 148 1889 ,
169 1857 247 1890 densts
258 1858 351 1893 bolis's.
363 1857 444 1892 niaffis
458 1857 582 1890 constans.

42 1923 48 1926 ¹
71 1898 178 1919 HrADR
191 1899 452 1926 OSPHAERVM,
478 1893 497 1918 i.
525 1901 550 1919 n.
589 1891 675 1918 Nardi
687 1900 778 1927 genus,
797 1901 813 1918 α
832 1891 949 1926 denfitate
961 1893 1082 1929 sphaeru—
1182 1898 1463 1925 HAERED1TAS‚
1480 1899 1525 1919 etc.
1550 1891 1602 1918 vid.
1622 1901 1678 1918 mox
1698 1898 1860 1920 HAERES.

35 1927 148 1963 larumJI
161 1928 320 1963 globulorum.
374 1928 441 1955 Plin.
455 1936 490 1960 12,
505 1936 532 1954 12
553 1927 594 1953 Ab
607 1927 781 1961 amplitudine
795 1927 1017 1962 hadrosphaerum
1032 1938 1080 1955 vo-
1181 1936 1200 1954 Η
1228 1935 1249 1954 Α
1276 1935 1292 1954 Ε
1320 1936 1340 1955 R
1367 1936 1383 1954 Ε
1411 1935 1430 1954 0
1454 1948 1461 1959 ,
1505 1928 1572 1954 haeli
1587 1949 1595 1960 ‚
1624 1927 1728 1953 haesum
1743 1947 1751 1959 ,
1786 1932 1837 1954 ere.
1875 1928 1987 1962 [ἔχομαι
2004 1950 2012 1962 ,
2053 1931 2192 1967 amyotum]

35 1960 108 1990 catur
121 1962 269 1989 maioribus
282 1963 365 1990 foliis.
396 1963 465 1992 «Vni.
480 1962 558 1989 Anu.
571 1963 672 1997 Peripli
686 1963 766 1990 maris
779 1963 884 1995 Erythr.
902 1967 945 1999 qui
958 1964 1038 1991 cadem
1052 1964 1081 1991 de
1146 1964 1251 1998 Proprie
1266 1963 1298 1995 esi
1311 1965 1398 1990 Alicui
1412 1967 1449 1989 rei
1460 1962 1528 1988 [rt-Hc
1544 1962 1646 1995 inlidere
1659 1970 1681 1988 et
1693 1962 1849 1989 comitantium
1859 1963 1921 1997 effe,
1941 1965 2012 2000 idque
2028 1973 2078 1991 tum
2093 1960 2127 1992 Ad
2138 1977 2191 1993 cor-

36 1998 186 2026 malobathro
199 2007 259 2035 quac
271 1999 338 2025 Plin.
353 2001 380 2025 in
393 1999 418 2026 h.
432 2001 450 2026 l.
471 1998 499 2025 dc
515 1998 613 2025 Nardo.
1096 2005 1129 2032 30
1140 2005 1207 2033 pora
1220 1998 1345 2034 retertur,
1365 2006 1416 2024 tum
1431 1998 1465 2024 ad
1478 2007 1571 2024 ammos
1583 2004 1605 2024 et
1618 2007 1712 2030 mores,
1729 2008 1782 2025 cum
1794 1997 1933 2028 conflantur
1946 2007 1989 2025 out
2004 2003 2191 2036 perseuerantia

65 2035 69 2038 ”
1146 2034 1248 2068 aliqua,
1265 2035 1305 2060 uel
1315 2034 1436 2059 dulutatio
1451 2041 1473 2059 e:
1487 2032 1614 2059 czmffatio
1628 2040 1736 2058 notatur.
1806 2035 1882 2068 Virg.
1897 2035 1962 2061 Aen.
1972 2043 1994 2067 2,
2003 2046 2054 2069 442
2074 2038 2191 2065 Haerent

44 2077 67 2090 η.
373 2061 407 2092 H
503 2061 530 2092 A
611 2060 640 2091 E
714 2059 744 2091 D
1148 2068 1294 2103 parietibus
1309 2070 1398 2095 scalae.
1487 2069 1554 2094 Ter.
1570 2069 1634 2094 Eun.
1649 2077 1672 2100 ς,
1685 2070 1711 2100 6,
1727 2078 1738 2100 7
1776 2069 1847 2095 Perii
1862 2080 1867 2095 ι
1903 2070 1992 2105 lingua
2006 2071 2094 2098 haeret
2107 2080 2189 2100 metu.

42 2116 51 2124 ι
62 2108 144 2133 ῊΑΕ
154 2110 190 2131 D1
201 2112 216 2132 L
225 2112 241 2131 F.
250 2126 259 2138 ,
279 2105 332 2132 vid.
349 2113 369 2133 Η
377 2113 399 2134 Α
408 2113 425 2134 Ε
433 2113 452 2133 D
461 2113 481 2133 v
491 2113 516 2133 S.
1147 2104 1258 2130 Paullum
1266 2103 1394 2138 Adspeciu
1407 2104 1568 2129 conterritus
1582 2102 1671 2132 haesit,
1691 2104 1864 2140 Continuitque
1876 2106 1981 2141 gradum
2004 2108 2074 2141 Virg.
2085 2109 2149 2135 Aen.
2166 2118 2190 2142 3,

47 2115 122 2179 *33¹5st
131 2148 147 2167 E
158 2146 177 2166 D
189 2147 207 2166 v
219 2149 245 2173 1,
262 2139 394 2176 [maim]
430 2141 482 2169 vid,
503 2148 524 2168 H
533 2148 549 2168 Ε
558 2147 576 2166 D
585 2147 606 2166 v
615 2147 634 2167 1.
1147 2146 1201 2171 597.
1279 2139 1406 2164 Attonitis
1420 2138 1525 2164 haesere
1540 2138 1633 2164 animis
1653 2138 1724 2165 Idem
1742 2138 1805 2166 ibid.
1816 2148 1836 2172 ς,
1845 2149 1898 2173 529.
1970 2142 2136 2169 Criminibus
2150 2153 2190 2170 re.

64 2176 174 2209 ’ἮΑΕΒ
185 2182 205 2200 V
216 2184 228 2203 S
238 2197 246 2208 ,
268 2178 286 2203 i.
316 2186 351 2203 m.
388 2178 503 2212 [ἔριφος]
539 2176 644 2203 Animal
656 2184 685 2202 ex
697 2182 774 2211 capra
785 2179 904 2211 genitum.
938 2175 1013 2209 Virg.
1028 2175 1080 2201 Ecl.
1100 2178 1129 2205 5⁵
1146 2172 1319 2207 petundarum
1336 2173 1611 2208 haerebaut‚tanquam
1624 2177 1651 2199 in
1665 2177 1713 2200 reti
1733 2174 1823 2201 Tacit.
1838 2177 1904 2202 Ann.
1918 2186 1946 2210 4,
1961 2186 1997 2209 19.
2071 2179 2190 2206 Genibus

0 2213 18 2241 ς’
45 2212 103 2244 ¹3³2?
116 2211 157 2238 Sic
169 2212 277 2239 canibus
290 2213 388 2239 catulos
402 2212 513 2242 similes,
531 2211 565 2238 fic
578 2211 708 2238 matribus
722 2211 827 2237 haedos.
899 2212 984 2236 Varro
1004 2212 1036 2235 de
1049 2211 1080 2236 L.
1145 2209 1268 2235 volutans
1281 2208 1406 2236 haerebat
1427 2209 1500 2243 Virg.
1509 2211 1572 2235 Aen.
1580 2218 1600 2242 3,
1610 2207 1810 2245 607.gql?usfiaep
1828 2212 1892 2237 licis.
1929 2212 2032 2239 Obtutu
2045 2213 2134 2240 haeret
2148 2215 2191 2241 de-

3 2264 9 2278 .
21 2273 23 2279 ⁴
41 2245 105 2280 13⁴³&
118 2255 145 2280 19
158 2256 182 2281 p.
198 2255 236 2280 25,
249 2257 276 2279 32
297 2248 408 2279 Hircus,
426 2248 499 2282 quod
507 2247 598 2273 Sabini
607 2246 712 2277 Fircus,
731 2252 757 2272 et
771 2246 843 2281 quod
857 2245 912 2272 illic
926 2245 1026 2278 Fedus,
1051 2246 1080 2272 in
1146 2244 1250 2270 fixusin
1262 2253 1316 2270 vno
1341 2245 1416 2279 Virg.
1430 2246 1495 2271 Aen.
1509 2254 1526 2276 1,
1541 2253 1603 2278 499.
1710 2246 1793 2271 Amor
1831 2253 1901 2272 aeret
1927 2247 2006 2273 Ouid.
2021 2249 2084 2275 Met.
2100 2258 2122 2282 3,
2134 2259 2189 2284 395.

3 2287 23 2306 cl
38 2281 112 2347 fflio
123 2291 187 2308 rure
199 2283 289 2308 l-ledus
303 2293 310 2314 ;
346 2283 419 2317 quod
431 2284 461 2309 in
475 2281 540 2309 vrbe
553 2287 583 2307 vt
597 2281 626 2307 in
638 2281 728 2308 multis
742 2283 764 2308 A
779 2281 869 2308 addito
884 2281 997 2307 Haedus.
1037 2283 1079 2308 Ac
1144 2279 1316 2314 Emplastrum
1336 2280 1454 2307 Scribon.
1469 2290 1491 2314 p.
1501 2289 1538 2313 14.
1609 2280 1719 2306 Ferrum
1732 2280 1812 2306 haesit
1825 2281 1853 2307 in
1865 2290 1977 2316 corpore
1999 2284 2074 2318 Virg.
2084 2286 2146 2312 Aen.
2156 2295 2190 2318 11,

0 2321 23 2340 τ’
82 2320 149 2344 nutio
168 2316 227 2350 telle
247 2320 306 2344 item
323 2318 456 2354 Schurtzfl.
475 2324 499 2344 et
512 2317 598 2344 Cellar.
619 2317 694 2343 Codd.
714 2315 1037 2353 antiqurffimisemperper
1049 2325 1079 2343 ae
1137 2317 1205 2348 ¹864.
1301 2315 1379 2342 Fides
1399 2316 1445 2342 illa
1461 2315 1540 2342 haelit
1561 2315 1657 2341 animis
1689 2315 1770 2341 Ouid.
1790 2316 1852 2342 Fast.
1866 2325 1890 2347 2,
1904 2323 1964 2350 4=,)8·
2058 2321 2189 2348 Secundae

6 2345 22 2388 ξ’
37 2357 82 2379 non
93 2361 135 2379 oe.
207 2353 281 2389 Conf.
297 2353 448 2390 Brouckhus.
463 2353 496 2379 ad
506 2354 583 2386 Prop.
599 2360 623 2383 2,
642 2359 677 2385 ις,
693 2361 730 2386 14.
812 2352 869 2378 Cic.
890 2353 921 2377 de
935 2352 1034 2378 Sene&
1050 2355 1081 2385 56
1100 2352 1135 2377 60
1145 2350 1282 2377 haerentes
1302 2352 1421 2378 Scribon.
1439 2355 1493 2384 169.
1534 2351 1632 2376 Veneri
1647 2351 1748 2385 semper
1761 2350 1870 2378 haerens
1883 2361 1948 2387 puer
1969 2354 2036 2381 Hor.
2050 2355 2100 2382 Od.
2117 2365 2135 2387 1,
2149 2365 2189 2390 32,

0 2385 22 2416 l:
36 2387 156 2423 Villaque
170 2393 224 2414 tota
237 2389 352 2424 locuples
365 2389 417 2421 est,
437 2388 551 2415 abundat
563 2396 659 2422 porco,
673 2387 767 2418 haedo,
779 2396 846 2421 agno
856 2407 863 2418 ,
881 2388 988 2422 gallina,
1004 2388 1081 2420 lucie,
1147 2395 1184 2412 10.
1204 2388 1222 2412 i.
1244 2386 1345 2422 Cupido.
1418 2388 1476 2412 Vox
1492 2386 1613 2412 faucibus
1628 2385 1708 2412 haelit
1734 2386 1807 2421 Virg.
1817 2389 1985 2423 Aen.2,774.
2021 2393 2051 2416 it.
2067 2400 2088 2426 3,
2104 2401 2141 2426 47
2160 2393 2189 2419 de

0 2421 12 2450 >i
36 2423 123 2456 casce,
142 2423 229 2450 melle.
299 2425 372 2450 Idem
386 2424 418 2449 de
431 2424 467 2450 N.
483 2424 514 2449 D.
532 2432 555 2454 2,
570 2431 619 2448 110.
692 2423 765 2450 Grex
779 2422 924 2450 haedorum
945 2423 1081 2458 Virg.Ecl.
1144 2428 1247 2448 terrore.
1317 2422 1392 2448 Vitia
1405 2422 1486 2448 alicui
1501 2423 1540 2448 vel
1551 2421 1578 2447 in
1595 2421 1687 2456 aliquo
1701 2421 1836 2448 haerentia
1855 2424 1921 2449 Hor.
1936 2425 2042 2457 Sat.1,3‚
2053 2434 2095 2461 77.
2131 2429 2187 2454 Cir.

20 2458 57 2491 ,23⁷
68 2468 107 2491 30.
180 2460 265 2494 Caper
277 2459 330 2485 tibi
341 2459 426 2485 saluus
439 2465 464 2485 et
476 2457 554 2485 haedi
575 2459 646 2484 Idem
660 2457 727 2484 ibid.
742 2465 766 2492 7,
780 2467 805 2490 9.
875 2459 986 2484 Masculi
1001 2459 1079 2485 haedi
1145 2457 1177 2483 de
1191 2457 1282 2491 Arusp.
1296 2457 1372 2492 Resp.
1385 2466 1406 2483 c.
1419 2460 1460 2484 26.
1533 2459 1570 2483 De
1582 2457 1756 2483 comitantibus
1763 2458 1828 2492 solet
1847 2459 1971 2493 usurpari.
2008 2462 2060 2486 vid.
2082 2463 2187 2489 Gronou.

0 2500 20 2531 ⁴5⁸
32 2494 134 2528 sanguis
148 2494 238 2520 aridus
259 2494 379 2521 Scribon.
395 2502 450 2529 177.
520 2493 619 2520 Petulci
648 2493 723 2528 Virg.
739 2495 837 2529 Georg,
851 2503 879 2526 4,
894 2502 929 2520 10.
1021 2495 1078 2520 Te-
1116 2501 1122 2509 ·
1144 2493 1179 2519 ad
1193 2493 1250 2519 Sen.
1265 2494 1308 2527 Ep.
1326 2502 1353 2519 10
1361 2501 1406 2528 pr.
1462 2492 1602 2519 Obtincnti
1616 2492 1732 2518 Africam
1746 2501 1833 2518 comes
1847 2493 1963 2520 haeserat
1984 2496 2101 2530 Plin.Ep.
2110 2505 2135 2531 7,
2144 2505 2187 2532 27.

25 2533 99 2556 'nero
121 2529 244 2556 lasciuior
271 2529 355 2555 haedo
379 2530 460 2556 Ouid.
484 2530 547 2556 Met.
563 2537 596 2561 13,
611 2537 660 2561 191.
857 2527 878 2566 ff
900 2537 916 2555 2
951 2529 1026 2556 Sidus
1039 2528 1082 2563 est.
1099 2529 1131 2561 65
1146 2529 1293 2555 Haeremus
1309 2528 1399 2555 cuneii
1412 2528 1519 2562 superis,
1527 2527 1678 2561 temploque
1692 2534 1792 2554 tacente
1806 2528 1854 2554 Nil
1866 2529 1967 2562 agimus
1981 2531 2027 2557 nifi
2043 2532 2132 2566 sponte
2143 2533 2188 2559 dei

25 2564 118 2596 -Haedi
132 2564 201 2598 prid.
217 2565 290 2592 Non.
302 2564 363 2591 Οᾱῖ.
376 2565 502 2593 oriuntur
515 2565 636 2599 vespere,
663 2563 739 2591 Aries
753 2564 856 2591 medius
869 2564 968 2592 occidit
1000 2565 1080 2593 Colu-
1144 2565 1243 2590 Lucan.
1274 2573 1301 2597 9,
1334 2572 1387 2598 373-
1458 2563 1597 2598 Ari-seriem
1627 2562 1693 2588 illam
1726 2572 1858 2598 nexumque
1889 2565 2015 2599 caufizrom
2045 2568 2188 2603 respicitur.

16 2616 19 2621 .
32 2600 94 2627 mel.
109 2607 140 2630 n,
154 2608 176 2626 2.
1146 2598 1166 2635 ff
1187 2608 1203 2625 2
1238 2598 1296 2624 Cum
1312 2597 1534 2634 Praepositionibus
1550 2601 1628 2623 uariis
1642 2600 1683 2623 iun
1704 2600 1764 2624 itur.
1801 2598 1932 2631 Qiinffll.
1943 2610 1959 2632 1,
1969 2608 1985 2635 7
2007 2602 2070 2629 Non
2085 2603 2189 2631 obstant

16 2630 19 2662 ἰ
69 2643 89 2662 H
99 2640 172 2661 AED
182 2631 228 2661 61,
238 2640 298 2666 vs,
319 2634 338 2661 i,
357 2644 393 2662 m,
412 2635 514 2662 Dimin,
549 2635 671 2670 [ἐρίφων]
709 2636 800 2661 quen.
815 2635 866 2661 Sat,
881 2643 913 2667 11,
928 2638 958 2668 65
982 2636 1014 2662 Et
1027 2636 1080 2663 Ti-
1144 2634 1194 2659 hae
1208 2633 1362 2667 disciplinae
1376 2642 1421 2667 per
1433 2642 1474 2660 eas
1489 2632 1629 2665 euntibus,
1650 2607 1776 2660 senfcirca
1791 2633 1846 2660 illas
1860 2634 2037 2663 haerentibus.
2109 2639 2186 2667 Circa

16 2670 141 2699 burtino
153 2671 245 2696 veniet
258 2670 437 2704 pinguissimus
453 2679 526 2706 agro.
562 2669 706 2696 Haedulus.
753 2681 759 2682 a
1144 2667 1271 2694 libidines
1280 2668 1359 2695 haefit
1379 2670 1448 2695 Suet.
1457 2669 1522 2703 Aug.
1533 2676 1602 2702 c.71.
1673 2668 1762 2694 Haesit
1769 2669 1837 2695 circa
1844 2670 1943 2697 formas
1952 2671 2088 2700 literarum
2103 2674 2188 2708 Qiin-

69 2713 144 2733 HAE
155 2713 172 2732 D
184 2712 202 2730 v
213 2713 229 2732 ι.
239 2711 323 2737 Ενε,
349 2713 371 2732 et
390 2713 411 2732 H
422 2713 441 2732 A
453 2712 525 2732 EDv
535 2711 578 2730 LE
589 2712 610 2731 A
630 2711 659 2730 vt
677 2704 829 2737 Hinnulus,
847 2705 1012 2737 Hinnuleus,
1047 2708 1077 2733 it.
1092 2709 1128 2736 70
1141 2703 1197 2730 eiii.
1212 2712 1231 2736 1,
1248 2712 1266 2730 1.
1308 2705 1338 2730 In
1352 2704 1474 2738 amplexu
1487 2703 1566 2730 haefit
1587 2703 1668 2730 Ouid.
1682 2712 1713 2730 ex
1727 2705 1801 2730 Pont.
1815 2714 1835 2737 1,
1847 2714 1874 2738 9,
1888 2714 1924 2738 19.
1995 2709 2025 2734 In
2039 2717 2113 2736 armo
2128 2711 2188 2737 hae-

14 2735 18 2763 ’ν
31 2742 164 2776 Equulus,
184 2741 326 2775 Equuleus.
361 2740 480 2773 Restituit
493 2741 620 2767 Bentleius
632 2740 699 2766 Hor.
715 2739 804 2765 Carm.
822 2749 842 2772 1,
858 2748 919 2775 ¹7¹9
939 2740 998 2775 Nec
1011 2741 1077 2767 viri·
1140 2738 1170 2765 sit
1190 2739 1263 2765 Idem
1277 2740 1434 2771 Met.3,223.
1541 2740 1569 2765 In
1584 2739 1724 2773 complexu
1737 2740 1848 2766 alicuius
1862 2740 1969 2769 haerere
1988 2744 2151 2777 Qinffllo,
2168 2755 2187 2772 1.

32 2777 76 2804 des
91 2783 212 2803 metuunt
227 2776 366 2809 colubras,
383 2777 441 2802 Nee
453 2776 586 2802 Martiales
600 2774 743 2801 haeduleae
762 2775 845 2810 lupos.
889 2777 969 2812 Vulgo
987 2775 1076 2803 haedi·
1140 2775 1196 2801 Cic.
1207 2783 1254 2809 pro
1262 2775 1350 2802 Deiot.
1362 2780 1388 2805 28
1407 2776 1497 2809 ltaque
1505 2775 1662 2801 Deletarum
1675 2783 1756 2810 quum
1769 2776 1856 2810 plures
1868 2777 1896 2803 in
1910 2786 2007 2812 equum
2023 2780 2188 2814 sustulissent,

12 2795 84 2846 ilia,
103 2812 169 2848 quod
181 2812 259 2848 ipsum
272 2821 365 2848 quoque
379 2813 443 2839 alias
456 2815 502 2838 vix
513 2813 622 2847 legitur,
637 2818 660 2838 et
667 2810 790 2847 syllabam
797 2811 934 2848 facundam
942 2811 1078 2847 producere
1142 2810 1216 2845 quod
1228 2810 1335 2838 haerere
1351 2812 1379 2837 in
1393 2819 1425 2836 eo
1438 2811 1513 2836 senex
1527 2811 1615 2844 posset,
1637 2810 1765 2837 admirari
1779 2811 1934 2839 solebamus.
2038 2816 2093 2842 Cic,
2109 2818 2187 2844 verr,

14 2834 19 2859 ¹
33 2848 144 2881 &begin
158 2850 220 2874 ouile
233 2854 256 2873 et
269 2847 375 2881 similia.
1141 2853 1164 2879 ς,
1179 2854 1207 2877 23
1246 2847 1367 2882 Cogitate
1381 2846 1409 2872 in
1422 2845 1462 2872 his
1477 2844 1663 2880 iniquitatibus
1677 2855 1759 2873 vnum
1774 2846 1876 2873 haefiffe
1890 2849 2052 2884 Apronium,
2070 2859 2186 2879 caeteros

16 2875 20 2916 Ι
39 2887 310 2914 ιδΗΑΕΒΙιινς,
346 2883 366 2909 i.
406 2891 442 2909 m.
479 2879 624 2917 [ἒριφὶὃιον]
661 2881 736 2908 Idem.
773 2882 855 2909 Plaut.
876 2881 946 2908 Asin.
968 2891 991 2915 3,
1004 2891 1027 2915 3,
1041 2890 1077 2918 77
1095 2887 1127 2915 73
1141 2881 1263 2916 profeEto
1276 2882 1373 2909 multos
1395 2891 1426 2908 ex
1447 2881 1488 2908 his
1505 2881 1681 2908 incommodis
1702 2883 1811 2917 pecunia
1833 2884 1857 2909 se
1875 2883 2000 2910 liberasse.
2117 2888 2186 2914 Ter,

17 2939 19 2945 ,
35 2919 83 2952 Dic
104 2919 187 2953 igitur
208 2927 251 2945 me
270 2923 346 2945 tuum
364 2918 551 2953 pafferculum,
572 2916 714 2952 gallinam,
735 2918 914 2949 coturnicem,
933 2918 1078 2953 agnellum,
1144 2916 1219 2943 Adel.
1232 2926 1258 2950 2,
1273 2927 1293 2950 1,
1309 2921 1337 2944 16
1356 2918 1428 2944 Caue
1441 2926 1509 2943 nunc
1522 2917 1574 2943 iam
1589 2916 1681 2943 oculos
1694 2926 1708 2944 a
1721 2918 1789 2945 meis
1802 2919 1885 2945 oculis
1900 2929 2033 2954 quoquam
2047 2921 2187 2950 demoueas

17 2955 185 2990 'haedillum-
1143 2958 1221 2985 tuos,
1239 2963 1273 2980 ne
1285 2962 1360 2980 mora
1383 2952 1430 2985 Iit,
1449 2952 1466 2978 fi
1485 2952 1640 2983 innuerim,
1672 2953 1720 2979 uin
1742 2962 1842 2988 pugnus
1862 2956 1989 2981 continuo
2006 2956 2032 2982 in
2046 2958 2113 2984 mala
2126 2959 2187 2985 hae-

13 2982 19 2997 *
66 2989 263 3021 ΉΑΕΒῙιΕ,
304 2989 336 3015 is.
376 2997 403 3015 n.
440 2988 588 3024 [ἔριφιῶνες,
607 2986 723 3015 haedilia
741 2989 802 3014 Vet.
821 2989 918 3023 Gloffi]
954 2989 1080 3017 Stabulum
1141 2994 1206 3015 reat.
1323 2989 1379 3016 Cic.
1393 2987 1505 3023 Philipp.
1523 2997 1542 3018 1,
1555 2990 1587 3020 36
1624 2989 1649 3015 O
1684 2995 1753 3016 catos
1769 2990 1845 3022 illos,
1866 3000 1946 3026 quum
1961 2992 2042 3017 adess’e
2055 2993 2113 3026 iplis
2127 3003 2188 3027 pro-

38 3026 39 3029 ’
94 3035 172 3054 orum.
221 3025 287 3051 Hor.
303 3025 391 3051 Carm.
406 3033 425 3056 1,
439 3032 478 3059 17,
494 3029 506 3054 8
533 3024 590 3050 Nec
603 3024 702 3050 virides
714 3029 835 3050 metuunt
848 3025 984 3057 colubras,
1019 3026 1077 3052 Nec
1142 3030 1200 3058 pter
1219 3024 1275 3050 vim
1294 3033 1430 3051 armorum
1450 3033 1504 3050 non
1523 3023 1632 3054 licebat,
1652 3024 1760 3051 aderant
1779 3031 1882 3058 tamen,
1901 3031 1927 3052 et
1947 3027 1973 3052 in
1987 3028 2107 3054 medullis
2124 3030 2186 3063 Pop.

9 3071 15 3078 ⁸
29 3079 32 3081 >
79 3062 167 3089 rtiales
179 3059 295 3087 haedilia
307 3060 391 3096 lupos.
464 3059 510 3086 Sed
524 3059 675 3086 Haeduleae
688 3060 768 3087 Bentl.
784 3059 893 3093 restituit
907 3070 930 3087 υ.
943 3070 969 3087 υ.
1096 3062 1128 3088 80
1143 3060 1220 3087 Rom.
1232 3068 1260 3086 ac
1275 3059 1419 3086 visceribus
1435 3059 1585 3086 haerebant.
1627 3060 1682 3086 Cic.
1699 3060 1811 3094 Acad.4,
1821 3070 1836 3086 2
1856 3061 1942 3088 Credo
1959 3066 2028 3096 quod
2044 3062 2186 3090 haerebant

14 3103 19 3118 ¹
38 3127 40 3130 ,
69 3104 172 3125 HAED
183 3097 293 3127 1'NVS‚
319 3105 350 3128 a,
375 3105 430 3122 um.
455 3095 515 3121 Adi.
552 3095 686 3130 [ἐρίφειυς]
723 3095 794 3131 Quod
812 3094 845 3128 est
857 3106 885 3122 ex
899 3096 983 3123 haedo.
1020 3096 1077 3123 Cic.
1142 3096 1171 3122 in
1185 3096 1315 3121 memoria
1329 3104 1501 3130 quaecunque
1514 3096 1633 3122 audierat
1648 3101 1691 3122 aut
1705 3095 1816 3122 viderat.
1887 3096 1959 3122 Idem
1974 3106 2002 3122 in
2015 3098 2092 3124 Catil.
2104 3108 2137 3131 4,
2152 3108 2186 3125 22

13 3120 82 3173 ipro
96 3133 215 3159 Muraen.
229 3139 257 3164 75
270 3140 291 3158 c.
305 3133 335 3164 36
355 3132 440 3166 Atque
454 3131 500 3157 ille
513 3130 596 3157 homo
610 3130 796 3158 eruditiffimus
814 3140 844 3158 ac
865 3132 968 3159 Stoicus
987 3131 1078 3159 strauit
1146 3141 1167 3158 c.
1183 3140 1210 3158 10
1236 3131 1316 3164 Qiod
1341 3140 1389 3165 ego
1407 3131 1493 3158 vestro
1515 3131 1700 3166 bonorumque
1722 3131 1844 3157 omnium
1864 3132 1982 3163 auxilio,
2002 3135 2186 3169 memoriaque

53 3168 164 3194 elliculis
177 3166 297 3194 haedinis
309 3166 421 3195 letii'ulos
432 3167 587 3194 Punicanos.
659 3166 810 3196 Haedinum
822 3168 964 3203 coagulum
990 3169 1079 3196 Varro
1144 3172 1278 3194 tantorum
1298 3167 1495 3202 periculorum,
1516 3176 1583 3201 quae
1601 3176 1655 3193 non
1675 3168 1755 3192 modo
1775 3167 1803 3192 in
1824 3165 1875 3192 hoc
1894 3167 1993 3202 Populo
2008 3169 2055 3202 qni
2070 3169 2186 3196 seruatus

56 3211 70 3229 e
82 3203 115 3229 R.
128 3203 160 3228 R.
174 3210 202 3235 2,
217 3210 250 3229 11.
1143 3203 1193 3229 est:
1215 3202 1257 3229 sed
1270 3202 1298 3229 in
1311 3204 1433 3229 omnium
1447 3203 1566 3237 gentium
1580 3202 1744 3229 sermonibus
1757 3211 1785 3228 ac
1800 3201 1932 3228 mentibus
1945 3204 2045 3237 semper
2055 3203 2185 3232 haerebit.

406 3241 440 3273 H
503 3242 531 3272 Α
594 3241 621 3272 Ε
689 3241 728 3273 M
1097 3239 1127 3269 83
1144 3238 1200 3265 Cic.
1214 3238 1327 3272 Philipp.
1343 3247 1366 3271 13
1383 3248 1402 3265 c.
1416 3247 1428 3271 3
1449 3239 1485 3264 Hi
1499 3238 1526 3264 in
1540 3238 1624 3264 oculis
1638 3237 1826 3269 haerebunt,et
1839 3246 1920 3272 quum
1934 3238 2041 3271 licebit,
2062 3240 2091 3265 in
2102 3241 2186 3267 fauci-

1143 3274 1201 3300 bus.
1272 3274 1383 3301 Pedion
1400 3274 1508 3301 haerent
1522 3274 1598 3300 infixi
1612 3273 1698 3299 vultus
1711 3272 1845 3308 verbaque
1864 3273 1938 3308 Virg.
1947 3275 2009 3300 Aen.
2018 3283 2081 3308 4,4.
2153 3278 2186 3303 In

75 3308 332 3334 ΗΑΕΜΑΕΗᾹΤ
342 3314 392 3342 Es,
411 3319 450 3338 ae.
470 3320 507 3338 m.
544 3311 622 3345 Lapis
634 3310 769 3345 sanguinei
782 3310 881 3337 coloris
899 3309 1061 3345 Plin.37,10.
1142 3310 1214 3337 scuto
1229 3309 1337 3337 haerent
1351 3310 1411 3340 tela,
1428 3313 1446 3336 i.
1465 3308 1547 3344 Infixa
1554 3309 1617 3345 sunt
1636 3308 1695 3334 Liu.
1711 3316 1736 3340 2,
1751 3317 1788 3335 10.
1861 3309 1928 3336 Ter.
1942 3311 2004 3336 Hec.
2017 3319 2108 3343 2,1,32
2125 3312 2187 3339 Sola

75 3349 97 3369 H
108 3349 128 3369 Α
138 3348 278 3369 ΕΜΑΝΤ
288 3349 326 3382 H}
335 3349 418 3372 NVM
427 3366 436 3379 ,
463 3347 481 3373 i.
512 3356 540 3373 n.
577 3347 755 3381 [αἱμάνθινον]
794 3347 896 3373 Vitrum
909 3346 1003 3381 floridi
1016 3347 1078 3382 san-
1145 3344 1188 3372 hic
1202 3346 1292 3378 fuisti,
1310 3347 1338 3372 in
1352 3352 1377 3373 te
1390 3345 1476 3373 omnis
1492 3346 1582 3371 haeret
1594 3343 1669 3378 culpa
1683 3344 1744 3370 sola.
1781 3346 1812 3372 In
1825 3349 1897 3379 terga
1911 3344 2020 3372 haerere
2040 3346 2099 3373 Liu.
2115 3356 2185 3382 1,14.

27 3381 125 3416 *guinis
137 3379 225 3404 solor?-
279 3376 344 3403 Plffl·
358 3381 398 3411 36,
410 3384 441 3408 26
474 3382 517 3409 Fit
536 3388 561 3409 et
580 3382 710 3409 tincturae
724 3391 819 3416 genere
831 3382 1003 3410 Obfidianurn
1013 3402 1021 3415 ‚
1046 3381 1079 3409 ad
1145 3383 1174 3408 In
1187 3381 1334 3408 visceribus
1348 3381 1455 3408 haerent
1467 3380 1535 3406 mihi
1573 3379 1629 3406 Cic.
1643 3380 1729 3412 Att.6‚
1739 3388 1757 3406 1.
1860 3380 1933 3407 Idem
1948 3381 1979 3407 de
1994 3381 2082 3408 Finib.
2098 3390 2126 3415 ς,
2141 3389 2187 3416 184

38 3414 136 3441 escaria
149 3414 207 3440 vasa
221 3417 246 3439 tt
260 3417 345 3439 totum
359 3414 453 3444 rubens
465 3418 579 3450 vitrum,
598 3424 677 3454 atquc
692 3427 746 3445 non
762 3418 938 3450 translucens,
958 3417 1079 3445 haeman-
1100 3427 1136 3452 90
1145 3418 1291 3444 Procliuius
1304 3418 1387 3444 currit
1401 3417 1489 3443 oratio
1500 3416 1545 3449 (vt
1558 3414 1587 3442 de
1598 3416 1660 3442 cliuo
1674 3424 1761 3441 currus
1758 3415 1778 3448 )
1790 3415 1864 3441 venit
1876 3415 1909 3441 ad
1923 3422 2081 3449 extremum,
2095 3417 2187 3445 haeret

37 3450 135 3479 chinon
155 3447 323 3488 appellatum.
1142 3453 1170 3479 in
1185 3453 1301 3486 salebra,
1315 3457 1342 3479 in
1354 3455 1404 3480 Ioco
1418 3451 1579 3487 conflagroso.
1651 3451 1706 3477 Cic.
1722 3450 1754 3476 de
1768 3450 1803 3476 N.
1818 3451 1849 3476 D.
1862 3459 1887 3482 2,
1902 3459 1939 3484 135
1955 3452 2083 3486 Linguam
2098 3459 2186 3480 autem

10 3472 48 3534 1,
69 3486 151 3512 ἨΑΕ
160 3492 184 3511 Μ
194 3492 232 3523 A,
262 3488 320 3510 ''ems-
349 3491 375 3509 n·
411 3484 512 3522 [αἷμα]
547 3489 596 3517 San
617 3491 696 3515 uinem
718 3490 821 3516 Graecis
830 3487 977 3525 fignificat,
994 3493 1018 3513 et
1029 3497 1078 3514 non
1143 3489 1183 3515 Ad
1199 3490 1298 3516 radices
1312 3490 1368 3515 eius
1382 3488 1490 3516 haerens
1503 3486 1600 3521 excipit
1614 3485 1768 3512 stomachus.
1850 3486 1967 3513 Haerere
1981 3488 2050 3521 apud
2064 3490 2188 3516 meretri-

12 3538 19 3570 1
38 3521 107 3548 modo
130 3521 260 3556 compoltta
274 3520 352 3555 plura
371 3521 398 3544 in
430 3521 510 3550 editur
522 3535 532 3553 ,-
561 3497 616 3561 [εἰ
625 3528 724 3552 nomina
744 3524 805 3557 dae,
823 3522 940 3551 adiunfto
963 3523 1078 3559 epitheto,
1146 3533 1218 3557 cem,
1232 3533 1280 3560 pro
1297 3526 1355 3551 Eam
1371 3522 1532 3561 perditiffime
1554 3531 1653 3554 amare,
1675 3523 1732 3547 Non
1750 3518 1817 3555 posse
1835 3520 1866 3546 ab
1886 3531 1913 3548 ea
1926 3522 2045 3559 disiungi.
2102 3525 2185 3552 Plaut-

11 3579 14 3583 ,
29 3556 148 3594 ἶρΙιυ-ιῦιω·
161 3556 243 3583 herbis
256 3554 323 3590 apud
336 3554 393 3588 Apu
406 3574 413 3580 .
427 3555 458 3582 de
469 3558 551 3586 Herb.
560 3559 657 3595 paffim.
1144 3560 1218 3593 Epid.
1233 3569 1257 3592 2,
1270 3569 1295 3592 2,
1309 3568 1334 3594 7.
1406 3559 1474 3585 Ter.
1490 3557 1564 3584 Adel.
1576 3566 1600 3590 3,
1612 3566 1635 3590 3,
1649 3565 1685 3590 49
1709 3556 1817 3590 Optime
1829 3555 1866 3582 est
1879 3567 1884 3581 :
1922 3559 2004 3584 metui
2018 3568 2050 3585 ne
2066 3558 2186 3587 haereret

12 3573 19 3633 l
48 3605 49 3609 =
76 3593 324 3619 HAEMATI‘TE
336 3597 377 3629 3,.
392 3598 430 3616 ae.
458 3600 492 3619 m.
526 3595 695 3631 [αἱμᾱτίτης]
731 3594 839 3630 Lapidis
857 3604 953 3630 genus,
972 3594 1078 3621 ruboris
1093 3601 1125 3628 93
1145 3594 1198 3621 hic.
1305 3597 1368 3622 Aur.
1384 3595 1454 3622 Vidi.
1469 3594 1542 3620 Caes.
1555 3601 1598 3626 33,
1618 3596 1635 3619 6
1671 3593 1743 3618 Inter
1762 3590 1825 3617 hacc
1844 3591 1898 3626 ipse
1918 3593 2027 3629 popinas
2041 3604 2186 3631 ganeasque

10 3639 19 3672 ἦ
39 3627 184 3662 sanguinei.
258 3626 419 3652 Haematites
431 3625 496 3660 lapis
522 3629 641 3658 scribon.
656 3635 699 3659 26.
770 3631 836 3658 Plin.
849 3639 892 3667 37,
909 3641 945 3659 ιο.
996 3636 1020 3657 et
1033 3630 1078 3657 So·
1143 3630 1254 3663 obiens,
1269 3631 1395 3657 lenonum
1409 3639 1437 3657 ac
1447 3630 1613 3657 vinariorum
1626 3627 1751 3654 amicitiis
1771 3626 1902 3654 haerebat.
1973 3630 2004 3655 In
2023 3631 2185 3666 explicandis

9 3674 18 3702 fl*
37 3663 85 3690 lin·
99 3671 141 3696 43·
213 3663 302 3689 Macer
316 3669 328 3693 5
337 3680 345 3693 2
358 3669 390 3692 33·
1144 3666 1270 3692 oneribus
1288 3667 1357 3693 Suet.
1372 3667 1450 3692 Dom.
1463 3674 1484 3691 c.
1501 3673 1534 3691 12.
1552 3667 1570 3690 i.
1584 3665 1668 3698 inopia
1678 3663 1789 3688 laborare
1795 3662 1921 3698 sumtuum
1930 3665 2095 3700 publicorum.
2153 3668 2185 3691 In

12 3704 19 3726 ἵ
50 3707 55 3717 ¹
74 3705 95 3726 H
105 3705 150 3725 ΑἘ
159 3705 214 3725 MA
223 3705 244 3725 'r
254 3705 263 3723 1
273 3704 290 3724 C
301 3702 320 3723 O
331 3704 354 3723 Ν
373 3694 509 3731 appellatur
526 3703 648 3733 graminis
660 3701 780 3737 quoddam
793 3711 871 3739 genus
886 3702 917 3730 ab
955 3701 1032 3736 Apul.
1045 3700 1078 3727 de
1144 3701 1203 3727 iure
1216 3700 1340 3734 haerere,
1357 3711 1384 3728 ac
1400 3703 1551 3728 Praetorium
1565 3696 1744 3725 tribunalibus
1764 3698 1818 3724 Cic.
1833 3698 1865 3725 de
1878 3699 1951 3727 Orat.
1967 3709 1984 3733 1,
2001 3709 2050 3736 173.
2071 3702 2095 3727 h.
2104 3710 2122 3726 e.
2137 3702 2165 3726 A
2176 3715 2185 3720 -

12 3732 17 3758 ’Σ
39 3728 124 3762 Herb.
137 3743 159 3760 c.
173 3743 200 3766 77
219 3732 287 3769 quast
300 3739 326 3758 tu
341 3733 503 3772 Sanguineum
517 3739 560 3758 aut
573 3734 762 3771 Sanguinarium
775 3738 853 3765 dicas.
1136 3735 1235 3770 fiduum
1247 3735 1304 3769 este,
1318 3747 1394 3773 neque
1405 3738 1475 3763 illinc
1487 3735 1612 3761 dimoueri.
1718 3734 1748 3759 In
1767 3739 1840 3768 parte
1852 3734 1941 3770 aliqua
1955 3735 2047 3762 herere
2059 3735 2125 3769 apud
2137 3744 2151 3761 a
2165 3736 2184 3760 i⁷

10 3759 17 3806 }
75 3776 152 3796 ΗΑΒ
162 3767 275 3795 MATO⁰
287 3774 363 3808 pvs,
376 3767 443 3793 ὃάις.
463 3775 500 3793 m.
519 3769 953 3811 Auiscumcruribusfhnguineisftu
960 3769 1079 3805 adinstar
1088 3784 1135 3802 100
1144 3780 1223 3806 quam
1242 3772 1311 3799 Ter.
1325 3774 1388 3799 Eun.
1403 3780 1425 3805 ς,
1438 3781 1464 3804 9,
1479 3778 1514 3803 ες.
1587 3768 1643 3795 Cic.
1657 3769 1710 3795 Att.
1726 3777 1759 3801 13,
1773 3777 1802 3802 39
1833 3770 1960 3803 Romam,
1980 3777 2008 3797 vt
2022 3772 2120 3800 censeS,
2140 3779 2183 3796 ve-

10 3821 11 3827 .
33 3803 167 3841 Jimguinis
181 3805 273 3832 rubris.
311 3803 376 3830 Plin.
396 3811 433 3835 10,
446 3811 492 3837 47·
738 3808 739 3811 ’
1143 3807 1232 3838 niam,
1250 3807 1293 3833 sed
1315 3809 1414 3834 inuitus
1429 3818 1434 3833 z
1453 3831 1456 3838 ,
1471 3804 1546 3832 valde
1559 3805 1629 3830 enim
1645 3804 1672 3830 in
1684 3804 1824 3832 scribendo
1837 3805 1943 3833 haereo.
1962 3811 1979 3832 i.
1993 3807 2069 3831 Totus
2084 3808 2109 3830 in
2117 3805 2184 3840 scri-

17 3839 20 3870 ἶ
31 3842 34 3843 ’
56 3871 60 3875 ,
74 3847 95 3866 Η
104 3847 124 3867 Α
133 3846 210 3867 ΕΜΟ
219 3847 259 3872 N,
278 3839 345 3865 &Uis-
377 3848 413 3865 ΠΙ·
453 3836 583 3876 Thebqnffl
595 3840 703 3871 suumin
719 3842 831 3870 Creontis
843 3845 919 3880 Regis
932 3842 1016 3876 filius,
1036 3845 1078 3878 qui
1141 3842 1218 3869 hendo
1225 3842 1289 3878 sum.
1329 3843 1451 3870 Scribebat
1463 3848 1541 3867 autem
1552 3839 1712 3876 Quaesiz'oner
1730 3841 1891 3876 Tusculanas.
1946 3842 1975 3866 In
1988 3839 2053 3866 vrbe
2065 3839 2110 3866 diu
2123 3839 2184 3866 hae-

15 3877 19 3900 l
37 3882 93 3901 cum
105 3877 266 3912 Antigonen,
286 3881 385 3910 apatre
399 3873 465 3912 iI-lqm
476 3871 551 3906 iustus
563 3873 858 3911 irzterficer22firuaffit;
876 3878 973 3905 tandem
987 3885 1079 3910 tamen,
1142 3887 1206 3910 reo,
1225 3881 1244 3903 i.
1265 3879 1367 3909 Mauro,
1386 3888 1429 3904 nec
1462 3875 1518 3902 inde
1550 3875 1645 3912 discedo
1682 3875 1748 3902 Plin.
1765 3876 1844 3910 Epist.
1859 3886 1877 3908 1,
1892 3885 1932 3902 22.
2115 3872 2148 3934 ᾗ
2170 3883 2182 3906 3

2 3915 4 3919 '
38 3917 91 3936 cum
103 3911 197 3936 diutius
204 3911 308 3947 seruare
321 3919 368 3936 non
379 3908 496 3946 pos(n,se
508 3918 561 3935 cum
574 3909 761 3944 illamtcrfecit.
798 3914 894 3948 Hygin*
904 3914 922 3940 f.
932 3923 970 3946 72,
999 3915 1077 3948 prop.
1145 3915 1179 3941 Vt
1189 3916 1290 3950 proprie
1302 3922 1361 3949 quae
1375 3914 1474 3940 haerent
1482 3932 1491 3944 ,
1509 3915 1601 3938 moueri
1613 3909 1747 3946 dzfficulter
1755 3912 1855 3947 poſjwit
1870 3923 1877 3936 :
1911 3914 1948 3936 ita
1960 3909 2094 3944 metaphor.
2142 3917 2184 3935 ae-

38 3951 99 3979 237,
111 3950 139 3978 83
168 3946 265 3979 Qiid3
294 3954 356 4010 1qen
378 3945 525 3980 Antigonae
546 3943 650 3972 tumulo
671 3944 796 3973 Boeotius
818 3949 940 3978 Haemon
959 3950 1198 3986 Corruit‚105rere
1222 3949 1353 3986 aliquando
1370 3951 1476 3985 ponitur
1483 3954 1542 4009 1'pro
1566 3947 1704 3981 Dubitare,
1723 3950 1892 3983 “ancipitem
1906 3943 1959 3979 ff,
1970 3948 2084 3979 quoniam
2099 3947 2141 4006 qri
2155 3947 2183 3970 in

174 3987 195 4008 V
204 3987 224 4009 O
232 3988 259 4012 L,
322 4001 330 4010 .
1451 3990 1464 4016 5
2099 3988 2114 4005 a
2125 3988 2184 4015 iqua
