2479 4225
54 43 63 54 .2
47 0 61 27 ‘a

437 190 704 243 FER

35 290 77 317 lua
95 284 173 314 Ouid.
185 284 250 312 Met.
265 290 298 315 13,
314 289 371 316 917.
440 279 519 307 Belua
532 279 655 306 immanis
668 284 694 305 et
705 278 760 306 fera
784 277 842 305 Cic.
857 275 888 304 de
902 275 938 302 N.
954 275 1066 304 D.2,¹61

201 317 301 346 Bestiae
322 318 378 343 Cic.
391 316 423 342 de
436 316 519 343 Amic.
532 322 568 347 83.
657 315 716 341 Liu.
731 316 774 344 26,
788 322 820 345 13.
888 309 986 349 Caedes
1008 310 1066 336 Sen.

265 354 380 387 Caprae,
399 355 417 378 i.
431 352 536 386 Capreae
562 350 636 385 Virg.
651 352 715 377 Aen.
727 359 754 383 4,
770 357 818 381 152.
904 345 1068 378 Conmgium

35 391 139 423 Tibull.
151 400 171 423 3,
188 400 211 421 4,
222 396 268 423 74.
341 387 429 414 Corda
449 388 523 421 Virg.
539 386 603 413 Aen.
618 389 644 418 6,
658 394 698 418 49.
771 382 840 410 Enfis
859 381 939 407 Ouid.
954 379 1032 414 Epist.
1046 385 1067 411 8,

147 426 232 460 Equus
251 425 317 451 Hor.
331 423 412 450 Serm.
425 432 446 455 1,
459 430 481 456 ς,
495 431 534 457 57.
607 421 716 448 Fruehm
728 420 780 446 feri
800 417 874 451 Virg.
888 417 984 450 Georg.
1001 424 1068 447 2‚51.

530 459 599 485 Gens
611 457 781 483 immansueta
799 458 877 487 atque
888 452 944 478 fera
968 451 1024 478 Cic.
1038 451 1070 477 de

0 243 5 266 k
35 202 110 250 629

0 298 7 399 ἓ
35 324 126 388 aggii.
140 356 158 383 s.
172 360 194 386 8.

55 438 79 456 o.

36 432 138 492 {aridia
157 459 237 487 Ouid.
250 459 337 486 Trist.
352 466 373 492 5,
388 464 411 491 8,
425 467 457 484 21.

6 499 11 503 ’
37 497 126 534 Legib.
141 505 159 528 1,
171 503 202 527 24
215 504 237 521 c.
251 500 274 535 8:
355 495 446 520 Homo
459 494 530 520 ferus
544 499 569 520 et
582 492 693 531 agrestis·
712 490 768 516 Cic.
782 497 830 522 pro
846 489 919 527 Rose.
933 488 1021 513 Amet.
1037 494 1069 520 74

36 530 284 599 §;.{.⁷2r1..b3³.‘3¹}}5
310 529 598 592 ⁰¹¹¹1⁶.¹;.El{‘a{1.ss⁸1³.;..
622 522 948 593 1..‘.¹.1².¹¹ss.⁵..¹3-¹5¹3¹⁶‡‘¹st·
962 530 1070 583 {35:02ss

35 603 118 633 Catul.
131 610 171 636 59,
184 604 226 642 5⁶2
311 601 416 628 Montes
435 601 508 635 Virg.
523 600 575 626 Ecl.
587 605 612 638 5,
624 602 664 637 ²7⁸·
875 629 880 634 ⁸

24 640 122 669 fMores
134 639 205 665 feros
218 645 414 671 immanemque
427 642 546 663 naturam
558 634 670 672 alicuius
689 630 826 657 ostendere
849 630 905 656 Cic.
927 637 975 663 pro
1003 629 1070 654 (osc.

35 675 122 707 Amet.
137 679 164 707 38
177 682 199 699 c.
214 681 246 704 13.
317 673 417 699 Oculus
431 671 516 699 herbae
531 678 615 695 nomen
627 667 694 706 Plin.
706 674 747 699 25,
764 675 787 698 13
797 672 841 701 pr.
859 666 902 690 vbi
917 666 945 690 de
959 665 1072 704 Attagal-

26 710 91 739 ‘fide-
161 708 263 736 Scabies
276 718 282 733 :
317 708 382 734 Cels.
397 716 420 740 ς,
433 712 471 739 28,
484 708 512 732 16
528 706 590 737 Quo
604 704 721 737 asperior
733 701 784 734 est,
798 709 904 736 quoque
918 705 1004 734 prurit
1017 708 1071 725 ma-

25 738 89 786 fgis,
105 754 136 772 eo
148 743 284 770 difficilius
297 744 410 770 tollitur.
446 743 537 775 Itaque
550 748 621 770 eam,
640 746 706 772 quae
721 737 780 763 talis
801 737 851 768 est,
869 735 969 770 ἐγρίαν,
988 734 1016 760 id
1034 734 1070 760 est

0 793 1 796 ¹
30 788 129 811 fferam,
142 780 236 806 Graeci
248 785 350 806 vocant.
439 775 509 803 Tela
526 776 630 802 Lucret.
644 782 668 803 2,
682 778 718 805 48.
845 807 850 811 ι

33 816 96 845 fast.
113 824 132 848 1,
145 824 199 847 495.
270 815 294 841 O
312 816 378 841 Feta
398 819 531 846 tempora,
551 819 632 844 quum
652 808 755 835 dubitet
775 808 883 835 Curtius
897 806 1071 833 Consulatum

32 856 121 888 petere
140 851 196 877 Cic.
209 851 264 877 Ait.
280 859 314 882 12,
327 859 371 884 49.
464 847 607 878 Tyrannus
624 844 706 872 Ouid.
721 845 786 870 Met.
801 846 826 875 6,
839 850 897 877 549.
981 841 1071 868 Vasta-

31 893 76 915 ιοι·
93 886 166 913 Idem
178 886 244 913 ibid.
259 894 289 917 ιι,
305 894 358 919 395.
426 883 514 909 Venus
535 882 594 908 Sen.
607 880 718 915 Hippol.
732 885 754 910 8.
949 874 970 914 ff
992 885 1003 909 3
1026 878 1070 903 Fe-

30 931 75 951 rus
90 923 221 958 aliquoties
232 921 348 948 Phaedro
361 916 428 955 quafi
434 916 587 953 substantiue
596 916 702 952 positum
716 914 764 948 est,
775 913 824 950 sed
833 921 918 940 reuera
936 911 1071 945 Substanti-

378 988 458 1016 Laedi
470 989 557 1015 ferum
570 989 677 1022 impune
700 985 738 1013 Id.
751 985 789 1011 ib.
803 993 823 1017 1,
838 993 875 1015 21,
888 990 910 1013 8.
930 987 948 1010 i.
962 985 1071 1010 Leonem.

873 1021 911 1046 De
924 1029 981 1055 equo
996 1019 1069 1053 Virg.

972 1055 1070 1082 Auson.

30 1002 82 1025 va,
104 993 128 1020 h.
141 1002 160 1019 e.
180 993 289 1020 Ceruum.

29 1027 100 1058 Add.
123 1027 163 1055 Id.
180 1037 207 1062 4,
225 1036 239 1061 3
256 1026 285 1052 de
305 1031 388 1061 apro:
424 1024 452 1051 de
481 1025 547 1051 leone
583 1023 680 1050 Catull.
701 1024 744 1054 62,
765 1027 801 1051 85.

27 1065 100 1128 ἓςᾚ
125 1072 154 1096 2,
172 1071 206 1096 51.
242 1068 266 1089 et
284 1060 312 1087 de
331 1070 401 1088 ceruo
420 1067 454 1095 7,
472 1065 528 1093 489.
595 1058 664 1087 Add.
688 1058 793 1084 Petron.
818 1065 841 1082 c.
861 1060 901 1088 89.

50 1108 77 1134 ρι
101 1118 107 1124 .
123 1107 167 1131 24.

19 1169 88 1199 ltial.
104 1177 125 1201 1,
141 1173 166 1198 18
182 1167 320 1202 Postquam
335 1167 404 1193 inter
417 1173 465 1193 nos
479 1166 526 1199 est,
546 1165 602 1200 plus
615 1164 728 1192 feritatis
740 1162 815 1190 mest.
832 1160 860 1188 de
871 1161 986 1197 Tigride.
1024 1163 1071 1188 Fe-

31 1205 94 1234 ritas
106 1210 184 1238 atque
197 1203 303 1237 agrestis
315 1202 465 1229 immanitas
486 1202 542 1229 Cic.
557 1200 589 1227 de
602 1200 693 1227 Diuin.
708 1208 728 1231 1,
741 1201 784 1225 60.
872 1197 1024 1224 hnmanitas
1045 1203 1071 1224 et

20 1240 121 1271 feritas
137 1239 193 1266 Cic.
204 1239 287 1265 Tusc.
301 1247 324 1271 3,
340 1247 376 1266 12.
460 1238 559 1267 Feritas
572 1241 597 1263 et
611 1235 760 1262 immanitas
779 1233 873 1260 beluae
887 1233 915 1259 in
927 1233 1010 1268 figura
1024 1232 1070 1259 ho-

33 1275 111 1304 minis
128 1275 182 1301 Cic.
194 1274 247 1301 Off.
260 1283 272 1306 3
286 1284 308 1300 c.
322 1276 348 1300 6.
413 1273 523 1300 Frue‘ius
537 1271 612 1306 regni
625 1271 716 1298 feritas
736 1269 783 1297 Sil.
799 1278 818 1300 1,
830 1274 883 1302 148.
971 1270 1071 1295 Inama-

34 1311 96 1344 bilis
117 1310 194 1338 Ouid.
210 1318 243 1336 ex
258 1311 331 1336 Pont.
346 1318 366 1342 1,
381 1316 407 1344 7,
420 1316 441 1342 5.
512 1310 653 1335 Inamoena
674 1307 735 1333 Stat.
749 1305 812 1332 Silu.
825 1313 851 1337 2,
864 1313 890 1337 2,
904 1312 941 1336 33.

0 1349 5 1359 ”
36 1348 84 1381 ta,
94 1346 146 1382 fuid.
160 1351 285 1372 INSERO.
358 1346 497 1379 Deponere
510 1343 646 1370 feritatem
666 1341 747 1369 Ouid.
763 1340 827 1367 Fast.
840 1348 873 1373 4,
888 1348 939 1371 103.
1011 1339 1072 1366 Cul-

0 1394 7 1406 »
38 1387 119 1415 uret*
133 1382 238 1409 feritate
258 1389 313 1407 non
334 1381 448 1406 multum
473 1389 489 1406 a
512 1379 650 1406 Germanis
663 1376 801 1404 differebat
820 1376 892 1402 Caes.
906 1376 934 1401 B.
949 1375 981 1401 G.
996 1379 1019 1407 8,
1033 1383 1071 1408 ις,

38 1417 166 1453 Expellere
177 1417 309 1443 feritatem
331 1416 387 1442 Cic.
401 1416 483 1442 Tuse.
497 1424 523 1447 2,
538 1424 578 1441 20.
669 1413 776 1440 Mollita
801 1411 883 1441 Ouid.
897 1411 962 1437 Fast.
976 1420 1005 1445 4,
1017 1418 1072 1445 217.

38 1453 186 1481 Tradueere
200 1461 231 1479 ex
242 1452 348 1478 feritate
361 1451 394 1478 ad
407 1450 634 1478 mansuetudinem
651 1449 707 1476 Cic.
716 1457 764 1483 pro
778 1447 845 1474 Sext.
857 1455 887 1480 91
901 1456 922 1473 c.
935 1455 979 1479 42.

31 1558 82 1594 vtjse
92 1560 138 1595 leg.
153 1559 209 1586 fera
223 1559 291 1589 bite,
305 1565 355 1594 pro
367 1558 435 1584 vite:
471 1557 537 1592 quod
549 1559 622 1582 etiam
635 1558 673 1581 ita
685 1553 818 1590 exprellum
830 1556 857 1579 in
871 1555 1038 1579 Mercertana.

67 1600 108 1621 FE
116 1601 136 1621 R
144 1601 166 1621 A
177 1600 193 1620 C
204 1594 225 1621 x7
233 1602 250 1621 L
258 1601 279 1620 v
288 1601 312 1620 M
321 1613 330 1626 ,
349 1593 367 1619 i.
386 1602 413 1618 n.
450 1592 578 1618 Laudatur
590 1591 695 1625 leian.
710 1592 739 1617 in
754 1590 772 1616 l.
785 1587 1008 1624 quemadmodum
1023 1587 1046 1625 §.
1054 1588 1072 1615 fi

28 1629 104 1656 nauis
116 1630 149 1656 D.
162 1629 195 1656 ad
210 1630 295 1663 legem
309 1627 398 1662 Aquil.
430 1627 509 1653 Parui
528 1627 626 1659 refert,
641 1634 736 1652 nauem
757 1622 943 1656 immittendo,
961 1632 994 1650 an
1006 1624 1074 1650 fera-

30 1709 80 1733 pon
101 1700 272 1731 Feraculum,
284 1698 332 1735 sed
351 1698 529 1729 Serraculum,
547 1697 734 1728 Verriculum,
755 1695 960 1723 Seruacultunue
979 1697 1073 1731 legant,

0 1753 1 1759 .
29 1737 61 1761 it.
78 1735 248 1762 lenunculum
262 1741 306 1761 etc.
343 1733 506 1761 Serraculum
517 1733 610 1768 probat
622 1733 706 1759 Cuiac.
721 1732 778 1767 Obs
791 1742 832 1766 14,
847 1741 881 1763 13.
894 1741 918 1758 υ.
931 1739 958 1758 υ.

2 1799 3 1802 ¹
70 1776 87 1795 P
97 1772 114 1797 l}
124 1777 142 1797 R
150 1772 194 1796 Ar
204 1778 213 1796 1
224 1777 237 1796 s
248 1790 256 1802 ,
276 1779 299 1796 e.
320 1769 380 1795 Adi.
415 1769 428 1802 [
435 1768 548 1803 νεκρικᾶς,
568 1768 696 1803 ὀλέθριος]
731 1769 787 1798 Hoc
801 1770 895 1793 nomine
902 1768 999 1797 Latini,
1013 1767 1072 1791 Poe*-

5 1806 8 1812 '
26 1810 68 1830 tae
79 1807 242 1840 praesertim,
259 1805 398 1839 appellant,
435 1803 538 1838 uidquid
549 1809 666 1834 mortem,
681 1805 858 1835 mteritumqut
870 1803 912 1826 vel
921 1800 956 1826 ad
970 1806 1018 1830 ert,
1032 1800 1074 1825 vel

27 1875 72 1902 hus
85 1872 196 1900 iunHum
210 1872 408 1907 deprehenditur.
463 1872 579 1898 Aceruus
593 1871 684 1897 feralis
697 1873 778 1906 igitur
791 1869 849 1895 Val.
865 1869 904 1894 Fl.
919 1876 941 1900 5,
954 1877 978 1900 31
997 1877 1072 1903 rogus

20 1906 71 1944 fes!-
139 1907 230 1935 Arbor
241 1907 330 1933 feralis
346 1906 434 1941 picea,
453 1912 478 1933 et
490 1905 598 1932 funebri
611 1905 712 1932 indicio
726 1903 758 1932 ad
772 1905 842 1931 fores
854 1904 935 1938 posita
955 1903 1020 1929 Plin.
1031 1905 1069 1936 16,

31 1954 61 1972 10
136 1945 265 1971 Arcanum
290 1943 387 1969 Lucan.
402 1943 429 1974 6,
443 1951 507 1976 440.
533 1945 551 1968 i.
565 1944 693 1978 magicum.
741 1941 850 1967 Multum
863 1939 976 1975 ver-fiatur
988 1941 1072 1974 magia

30 1983 98 2010 circa
121 1980 249 2015 sepulcra,
267 1976 316 2011 offiz
346 1985 392 2004 ete.
412 1984 577 2008 mortuorum,
596 1983 696 2004 mortem
726 1976 894 2003 machinatur.
936 1974 995 2002 Vici.
1013 1983 1070 1999 mox

31 2017 170 2048 Murmur,
187 2018 217 2041 it.
232 2013 352 2041 Officina.
423 2013 503 2039 Arma
520 2013 617 2039 Lucan.
632 2020 656 2044 2,
671 2013 726 2038 261.
795 2010 951 2045 Auspicium
976 2009 1069 2037 Claud.

30 2052 176 2096 i.n⁴Eutr·op.
191 2059 214 2082 2,
228 2059 280 2082 233.
351 2048 441 2075 Austri
460 2049 559 2075 Lucan.
573 2053 595 2079 8,
609 2054 668 2082 874.
682 2045 834 2089 pestilentes.
902 2044 1069 2077 Barathrum,

0 2097 5 2140 ,³
32 2086 249 2150 'cli'ssso‘is‘ssfg'ilij
261 2085 393 2153 &9¹⁸⁰
402 2085 478 2154 iiiss’gs‘.
491 2091 564 2145 2513·
570 2125 598 2152 4,
611 2082 804 2152 ..sffe‘iffiassi‘ss
818 2080 1073 2143 2321{;....b..0?.⁰5.5{

14 2170 15 2187 ς
37 2159 154 2191 Carmine
167 2157 239 2184 hubo
253 2157 315 2183 Visa
328 2155 413 2191 queri.
504 2155 622 2181 Coenam
640 2153 751 2180 feralem
764 2161 779 2179 a
791 2152 896 2179 tumulo
909 2151 942 2178 ad
955 2151 1071 2177 mensam

13 2190 15 2226 l
38 2193 161 2220 referrent
179 2193 256 2227 Apul.
272 2191 372 2219 Florid.
388 2200 416 2224 19
429 2200 452 2225 p.
468 2193 522 2223 362,
536 2199 573 2221 32.
609 2189 650 2217 Sic
663 2189 769 2222 Epulae.
839 2189 922 2214 Pacat.
938 2187 1030 2221 Paneg.
1046 2195 1068 2212 c.

13 2236 15 2286 l
35 2227 342 2299 532355512A2¹i1³5¹d3
356 2226 474 2289 ’Ξὲἕέῗῖξῖ
486 2222 997 2287 (ΡΜΡὲἶῑῗιῖἶῐῖζῖἐεῖἓὲἷῆἒῖἳί1ξέωὲ
1006 2221 1068 2284 porr

33 2300 135 2333 Magnes
147 2308 174 2333 4.
243 2276 250 2292 ²
289 2298 404 2333 Cuprelli
425 2280 498 2331 Ving.
513 2297 577 2322 Aen.
591 2297 618 2328 6,
630 2298 680 2322 216.
714 2303 738 2321 et
750 2294 831 2322 Ouid.
846 2293 932 2321 Trist.
945 2278 969 2327 3¹,
984 2267 1069 2325 11331..

31 2333 178 2362 Idemfast.
192 2344 218 2368 2,
231 2343 264 2368 34
282 2335 364 2361 Tunc
376 2343 434 2360 curn
446 2331 541 2359 ferales
554 2331 713 2365 praeteriere
726 2331 789 2357 dies.
808 2333 827 2356 ι’.
842 2329 957 2361 Feralia,
975 2329 1004 2355 cle
1016 2331 1070 2364 qui-

809 770 965 805 Tempestas
991 770 1071 797 Ouid.
1088 776 1114 803 15
1130 769 1285 796 Kalendaria
1299 766 1392 800 vetusta
1405 767 1528 794 indicant.

30 967 89 985 vum
102 958 239 993 Masculini
250 957 346 993 generis
357 953 517 991 subauditur.
555 953 596 980 Sic
608 953 628 978 F
630 951 672 978 ab.
688 960 709 983 1,
724 959 762 983 12,
774 958 791 983 9
810 949 918 983 Excepit
932 948 1019 974 ferum
1032 948 1071 974 sil-
1079 960 1114 979 20

71 1140 87 1161 Ρ
97 1141 114 1160 Ε
123 1141 142 1160 R
154 1131 168 1160 ἴ
175 1140 196 1160 Τ
205 1139 261 1164 As,
280 1131 336 1158 fitis.
353 1131 374 1158 f.
409 1128 558 1166 [Suptwdlu]
595 1131 708 1157 Naturae
721 1126 837 1168 quaedam
848 1125 978 1162 asperitas.
1002 1127 1071 1153 Mar·
1084 1136 1116 1164 25

1503 180 1769 222 FER

1129 274 1158 300 dc
1170 274 1305 304 Auaritia,
1324 272 1439 299 Talibus
1453 272 1566 299 illudens
1578 271 1645 299 male
1659 270 1765 299 credula
1778 272 1858 298 corda
1876 274 1999 302 virorum
2017 276 2095 303 Fallit
2110 275 2175 304 ima.

1131 309 1252 343 ginibus,
1272 309 1469 342 monstrumque
1483 309 1564 334 ferale
1576 308 1736 343 sequuntur,
1756 307 1827 332 Dum
1847 309 1955 337 credunt
1976 312 2083 338 virtutis
2098 321 2171 347 opus.

1130 345 1176 372 Sed
1184 345 1288 380 pulchre
1300 344 1450 380 olfiruatum
1463 353 1478 369 α
1498 346 1531 369 W
1532 346 1624 376 eitzio,
1639 344 1703 370 hanc
1720 341 1848 369 lebitone-m
1869 342 1911 375 este
1930 348 1955 370 in
1968 346 2022 381 Jblo
2044 348 2176 384 Bongarfii

1129 381 1208 412 libro,
1234 382 1341 416 reliquos
1367 379 1475 412 (laudat
1497 388 1553 405 vero
1569 379 1661 415 septem
1687 378 1772 412 alios)
1802 377 1889 404 babere
1910 382 2054 408 monstrum
2077 385 2174 411 ferale:

1094 422 1108 448 ς
1130 425 1190 450 quae
1203 416 1298 450 quidem
1310 414 1382 441 lectio
1391 434 1400 446 ,
1415 413 1437 446 fi
1451 414 1580 445 attendas,
1595 422 1642 450 per
1653 412 1780 450 fi'mcltor
1792 412 1840 446 est,
1859 420 1882 439 et
1896 414 2027 442 adiuuatur
2042 418 2083 452 ufic
2098 418 2174 453 ipfiur

1131 451 1283 483 Prudentii‚
1303 453 1373 477 cuius
1387 447 1420 482 ‹3st
1435 449 1575 483 peristeph.
1589 458 1657 482 5,312
1693 451 1867 481 aeternarum,
1888 449 1995 476 Seruare
2011 451 2118 479 feralem
2127 455 2174 481 do-

1131 496 1213 513 nunu.
1285 488 1316 512 Et
1329 484 1425 519 Apoth.
1438 486 1479 516 361
1498 485 1569 510 Haec
1581 486 1649 518 regis
1665 486 1680 511 Ρ
1702 484 1753 511 arii
1765 493 1876 518 regnum
1890 485 1972 511 ferale
1987 487 2103 514 resoluit.
2141 491 2172 516 Ee

1131 522 1263 554 Psychom.
1278 530 1326 556 719
1342 520 1465 555 Carpitur
1479 519 1625 545 innumeris
1637 521 1727 546 feralis
1738 519 1820 546 bestia
1833 519 1940 549 dextris,

1130 561 1165 583 tia
1176 556 1283 592 prodffl
1296 556 1363 582 debet
1374 558 1448 582 ctiam
1463 554 1497 581 ad
1508 555 1621 587 Feralia,
1635 555 1664 580 de
1677 556 1762 590 quibus
1774 564 1839 583 mox.

2104 190 2176 238 630

1983 521 2052 547 Haec
2065 523 2173 558 obserua-

2033 554 2053 593 Ἴ
2073 567 2092 590 4
2127 560 2174 585 Fe-

756 596 845 621 Mores
866 594 923 620 Sen.
935 593 987 620 O&
1005 603 1031 619 u.
1046 600 1070 626 7.
1087 601 1116 620 10
1130 593 1192 619 ralis
1206 600 1230 618 ct
1245 592 1357 619 Furialis
1364 592 1438 627 saepe
1450 590 1587 625 confundi,
1605 590 1668 625 quod
1681 598 1759 617 monet
1772 591 1858 618 Burm.
1866 590 1900 617 ad
1907 591 2002 618 Lucan.
2011 600 2071 623 3,11.
2090 602 2115 619 eo
2129 599 2174 620 mi·

1130 639 1176 654 nus
1199 631 1288 689 ylnirum
1308 626 1358 660 est,
1375 636 1428 653 cum
1452 632 1526 651 tanta
1537 624 1575 659 fit
1589 626 1786 662 Jrgnijieationis
1807 629 1937 662 cognatm,
1957 634 2072 662 quantam
2095 628 2175 665 objer-

1129 673 1190 691 vare
1213 670 1284 691 [cult.

1170 705 1186 725 F
1196 705 1213 725 Ε
1224 704 1242 724 R
1254 705 1364 730 ALIA,
1384 706 1443 728 um,
1462 697 1590 733 intellige,
1609 701 1746 731 tempora,
1765 697 1842 728 festa,
1862 698 1903 724 vel
1914 697 1978 733 quod
1990 700 2080 732 malim,
2089 700 2173 730 Sacra.

1131 735 1193 762 Sunt
1204 737 1267 760 enim
1282 743 1308 760 re
1319 741 1379 759 vcra
1392 733 1468 758 Sacra
1476 731 1611 767 posteriori
1619 740 1694 767 parte
1708 733 1847 760 Februarii
1867 734 1985 759 celebrari
1998 734 2094 770 fhlita,
2110 737 2176 772 quod

1263 804 1270 808 Ἰ
1451 804 1455 807 ι
1576 769 1740 794 Mutationem
1759 772 1827 794 circa
1845 769 1925 803 ipsum
1943 769 2005 795 diem
2023 772 2175 806 interccffiffi

1125 812 1202 841 putat
1215 806 1299 838 Rosius
1312 803 1345 830 ad
1357 802 1419 829 illud
1426 804 1481 829 Cic.
1497 804 1550 830 Att.
1564 808 1586 833 8,
1603 812 1632 836 14
1651 805 1786 830 Caesarem
1802 804 1951 838 profectum
1965 806 2013 831 else
2027 815 2040 832 a
2053 803 2175 835 Corfinio

1132 841 1267 868 Feralibus
1282 851 1288 865 :
1324 840 1383 865 Cum
1396 838 1438 865 hic
1446 838 1532 874 fuerit
1552 840 1622 866 Vll!
1634 840 1690 866 Kal.
1704 841 1818 866 Martim
1831 849 1840 868 ,·
1867 840 1975 866 Ouidius
1988 848 2067 868 autem
2079 844 2177 879 raserat

1131 876 1235 903 Feralia
1248 875 1282 902 ad
1295 875 1355 900 XII
1366 874 1423 900 Kal.
1436 875 1518 900 Mam
1591 876 1683 910 Nempe
1696 874 1813 901 Ouidius
1830 884 1884 900 cum
1905 875 2064 912 clescripstſjke
2081 879 2176 916 copiqsg

1131 912 1291 944 Parentalia,
1310 913 1349 936 ita
1358 912 1445 944 pergit
1458 909 1523 936 fast.
1538 918 1569 940 2,
1583 912 1628 942 565

1286 946 1366 974 Nunc
1379 946 1483 971 animae
1499 952 1596 976 tenues,
1609 951 1634 970 et
1648 952 1760 978 corpora
1773 943 1864 971 suntila
1876 946 2002 980 sepulcris

1325 981 1418 1007 Errant
1437 991 1442 1006 ε
1477 990 1547 1006 nunc
1561 980 1644 1015 polito
1657 979 1771 1014 pascitur
1784 980 1878 1006 vmbra
1899 981 1969 1007 cibo.

1285 1016 1343 1044 Nec
1355 1021 1442 1042 tamen
1455 1027 1462 1042 :
1499 1016 1562 1042 haec
1576 1016 1660 1046 vltra,
1680 1022 1761 1048 quam
1774 1019 1814 1040 tot
1830 1015 1861 1040 de
1873 1018 1961 1042 mense
1980 1018 2106 1052 superfint

1326 1052 1460 1081 Luciferi,
1481 1057 1547 1085 quot
1560 1051 1656 1077 habent
1672 1050 1788 1076 carmina
1800 1050 1886 1076 nostra
1898 1051 1983 1084 pedes.
2019 1054 2058 1087 (i.
2077 1056 2142 1090 XI)

1285 1087 1360 1114 Hanc
1376 1088 1438 1122 quia
1452 1086 1619 1122 iustaferunt
1629 1086 1721 1111 dixere
1736 1086 1833 1111 Feralia
1849 1085 1948 1112 lucem:

1327 1123 1426 1149 Vltima
1439 1121 1572 1157 placandis
1584 1121 1707 1148 manibus
1720 1120 1767 1146 illa
1781 1119 1845 1146 dies⁴

1132 1160 1216 1186 Primo
1229 1159 1399 1194 etymologiam
1413 1159 1454 1184 hic
1468 1158 1635 1194 obstruamus,
1653 1166 1725 1193 quam
1737 1165 1753 1182 a
1766 1157 1875 1182 Varrone
1883 1156 1992 1191 ficmfiffi
2006 1158 2107 1187 videtur
2118 1161 2178 1188 Ροδ-

1131 1201 1168 1225 ta,
1205 1195 1232 1220 Is
1245 1196 1308 1219 enim
1323 1196 1352 1220 cle
1365 1195 1395 1221 L.
1411 1194 1440 1219 L.
1455 1202 1477 1226 ς,
1490 1202 1502 1225 3
1537 1213 1543 1219 .
1557 1195 1601 1226 46,
1615 1201 1645 1225 23
1665 1191 1767 1218 Feralia
1779 1192 1847 1218 ducit
1859 1191 1892 1218 ab
1905 1193 1998 1220 inferis
2012 1200 2037 1220 et
2055 1195 2166 1223 ferendo

1133 1229 1205 1264 quod
1220 1229 1309 1256 ferunt
1323 1235 1378 1255 tum
1393 1229 1480 1263 epulas
1497 1238 1511 1255 a
1544 1228 1707 1263 sepulcrum,
1726 1227 1823 1262 quibus
1838 1227 1879 1254 ius
1893 1227 1933 1254 ibi
1947 1235 2093 1263 parentare.
2127 1217 2178 1259 Dez

1132 1268 1232 1292 riuatur
1246 1268 1326 1300 igitur
1339 1275 1368 1291 ex
1382 1265 1458 1291 eodem
1466 1265 1559 1300 fonte,
1578 1263 1642 1290 vnde
1656 1264 1778 1295 Arferia,
1799 1263 1974 1298 Inferiaeque.
2010 1265 2108 1299 Festus,
2128 1268 2179 1294 DIs

1011 1304 1071 1331 Iuli.
1088 1313 1121 1338 30
1133 1300 1255 1326 Manibus
1269 1301 1364 1327 sacrata
1382 1300 1461 1332 festa,
1485 1303 1539 1332 ait,
1556 1308 1570 1325 a
1584 1299 1700 1325 ferendis
1712 1299 1812 1333 epulis,
1831 1299 1874 1325 vel
1888 1308 1903 1325 a
1924 1299 2051 1327 feriendis
2070 1302 2178 1336 pecudi-

1132 1336 1180 1363 bus
1193 1336 1328 1370 appellata.
1384 1336 1454 1362 Mihi
1471 1345 1519 1361 non
1538 1334 1570 1368 est
1584 1334 1680 1360 dubium
1689 1354 1697 1366 ‚
1719 1337 1777 1370 quin
1789 1334 1893 1361 εἰιωᾶεηι
1901 1337 1977 1370 plane
1985 1335 2019 1370 fit
2030 1340 2140 1373 originis
2154 1345 2180 1365 ec

1129 1371 1324 1409 fignificationis
1337 1378 1361 1398 et
1375 1372 1438 1397 idem
1450 1370 1508 1397 adeo
1521 1380 1621 1402 nomen,
1641 1370 1705 1405 quod
1715 1370 1783 1396 modo
1797 1372 1980 1405 expucauimus,
1998 1372 2019 1398 F
2020 1374 2100 1399 erales
2113 1384 2178 1400 nem-

1126 1414 1159 1442 pe
1172 1408 1249 1439 Dies,
1269 1407 1390 1442 Tempus
1403 1407 1510 1438 Ferale,
1520 1416 1565 1442 quo
1577 1412 1679 1441 utroque
1692 1406 1772 1442 ipsum
1785 1414 1876 1442 quoque
1893 1406 2014 1441 Nasonem
2027 1408 2095 1443 vfiaem
2109 1410 2179 1436 vide.

1132 1453 1199 1475 mus,
1219 1441 1375 1478 undecunque
1388 1443 1481 1468 demum
1495 1445 1540 1468 hoc
1554 1451 1637 1467 nomen
1650 1441 1778 1476 descendat
1792 1451 1799 1466 .·
1835 1441 1899 1477 quod
1906 1442 1979 1477 forte
1992 1451 2122 1479 cognatum
2143 1444 2179 1478 cst.

38 1488 41 1496 '
70 1494 88 1514 F
97 1495 168 1515 ERA
179 1495 195 1515 Β
207 1489 273 1514 ῑΤΕ
284 1494 297 1514 s
307 1507 315 1519 ,
334 1487 364 1513 is.
383 1487 403 1513 f.
423 1487 531 1517 dicitur,
548 1493 578 1513 ut
590 1487 677 1511 volunt
688 1484 803 1520 quidam,
823 1482 948 1522 Agrestis.
991 1481 1074 1508 Sisen-
1090 1492 1119 1519 35
1134 1480 1225 1520 Graeco
1243 1478 1348 1514 φῧὲρω,
1369 1478 1432 1504 vnde
1446 1484 1469 1503 et
1483 1476 1614 1512 φάρμακον
1626 1486 1649 1512 q.
1661 1478 1685 1502 d.
1699 1476 1857 1511 (offdfffiunw-
1875 1485 1905 1503 vt
1917 1478 2034 1511 φθέγγῃ
2044 1485 2069 1505 et
2081 1481 2179 1514 φέγγειν

0 1534 10 1558 fl
33 1531 66 1550 m
78 1523 142 1559 apud
153 1524 275 1550 Nonium
288 1532 312 1554 2,
323 1531 375 1557 347
394 1522 492 1549 Partim
506 1521 618 1548 ferabite
626 1540 635 1552 ‚
646 1520 742 1554 partim
757 1519 833 1545 lauro
847 1526 876 1544 ac
888 1526 961 1552 pinu.
975 1517 1024 1553 sed
1036 1517 1074 1544 di·
1125 1514 1257 1550 firmina,
1273 1513 1294 1546 fi
1307 1524 1356 1540 non
1368 1516 1441 1539 initio
1453 1513 1547 1544 eadem,
1579 1519 1639 1544 unt,
1655 1519 1727 1547 atque
1745 1512 1866 1545 &tendere
1876 1512 2034 1548 significant.

1133 1549 1199 1576 ludit
1210 1558 1275 1576 more
1281 1549 1328 1586 fito
1348 1551 1446 1581 Varro,
1466 1555 1490 1574 et
1505 1551 1547 1584 qui
1559 1557 1609 1574 eum
1616 1548 1772 1583 sequuntur,
1791 1558 1844 1574 cum
1859 1549 1961 1575 Feralia
1975 1559 1990 1575 a
2011 1516 2180 1578 ferendgegg

1134 1583 1175 1611 Ha
1188 1586 1283 1627 volunt.
1318 1586 1449 1621 Repugnat
1462 1593 1524 1610 emm
1538 1583 1646 1611 modulus
1655 1587 1753 1619 primae
1767 1584 1893 1618 Syllabae,
1912 1593 1971 1619 quae
1990 1586 2063 1621 longa
2077 1585 2110 1618 est
2118 1593 2181 1621 pro-

1133 1622 1173 1648 cul
1184 1620 1265 1648 dubio.
1302 1623 1340 1648 De
1352 1620 1487 1649 Prudentia
1499 1619 1566 1646 modo
1580 1619 1689 1646 vidimus
1696 1622 1723 1646 in
1739 1625 1885 1646 FERAms
1901 1628 1926 1645 n.
1939 1628 1960 1650 3.
1997 1622 2035 1645 At
2049 1623 2123 1646 etiam
2132 1622 2180 1648 Fe-

30 1665 120 1691 culum
138 1664 170 1691 ad
187 1674 282 1691 nauem
301 1663 434 1694 ducendo,
449 1671 483 1689 an
503 1668 547 1688 tua
564 1671 644 1688 manu
662 1661 788 1687 damnum
808 1659 920 1686 dederis.
956 1660 1020 1686 Sunt
1031 1662 1075 1696 qui
1081 1670 1119 1696 40
1132 1658 1230 1684 talium
1239 1660 1347 1693 primum
1359 1660 1465 1693 corripit
1481 1656 1586 1683 Ouidius
1599 1658 1611 1682 ζ(
1647 1657 1687 1682 At
1697 1655 1760 1680 idem
1773 1653 1882 1680 feralem
1897 1653 1969 1679 diem
1986 1660 2010 1679 et
2023 1660 2125 1689 tempus
2140 1656 2180 1682 fe-

1135 1694 1206 1726 rale,
1227 1700 1255 1719 vt
1267 1694 1334 1719 modo
1348 1692 1495 1726 ostendimus
1505 1712 1511 1722 ,
1522 1691 1654 1726 producit:
1688 1696 1715 1715 at
1729 1691 1786 1714 olim
1800 1690 1895 1714 monuit
1909 1689 2035 1724 Scaliger,
2053 1691 2180 1726 legendum

1133 1728 1192 1761 estl’,
1211 1730 1285 1754 Hanc
1307 1729 1369 1762 quia
1391 1728 1456 1754 iusta
1478 1727 1581 1758 ferunt,
1602 1726 1690 1750 dicunt
1712 1723 1815 1753 Feralia
1833 1723 1939 1753 lucem;
1974 1727 2044 1750 cuius
2057 1728 2180 1753 rationem

1131 1762 1273 1796 habeo-ipan-
1285 1769 1348 1788 erat.
1386 1764 1412 1788 si
1425 1763 1496 1788 dicas
1507 1780 1515 1792 ,
1527 1762 1566 1793 Jtc
1588 1759 1704 1786 Ouidium
1717 1759 1801 1792 secum
1827 1758 1905 1793 ipsum
1923 1765 2037 1795 pugnare
2050 1763 2077 1785 in
2094 1761 2180 1788 ,eodem

1130 1799 1265 1828 carmine?
1294 1799 1379 1830 primo
1397 1797 1462 1822 hunc
1480 1795 1558 1829 ipsam
1576 1797 1616 1820 aio
1635 1800 1722 1819 metum
1730 1792 1823 1828 suisti,
1842 1795 1932 1828 quinci
1943 1795 2084 1821 mutandam
2095 1796 2180 1823 [effia—

27 1842 153 1870 minatur,
170 1839 303 1874 velfignat
316 1849 324 1863 .·
359 1847 405 1873 quo
430 1839 530 1872 plenius
540 1835 834 1871 inteHigeturpropqfitis
842 1837 946 1860 Nomini
962 1843 1000 1864 us,
1019 1836 1072 1867 qui-
1080 1843 1114 1869 43
1131 1840 1183 1855 nem
1197 1837 1300 1856 veterem
1315 1834 1417 1857 criticos
1429 1832 1555 1865 impulerit
1569 1840 1576 1854 :
1613 1828 1700 1854 dez'nde
1712 1832 1767 1861 aio⁷
1788 1829 1851 1855 hunc
1864 1836 1950 1856 metum
1963 1839 2052 1856 vanum
2064 1830 2116 1864 effe,
2124 1842 2179 1859 cum

1124 1864 1180 1899 fint
1192 1866 1244 1891 alia
1256 1874 1346 1901 quoque
1360 1867 1467 1901 exempla
1480 1866 1541 1891 talis
1555 1864 1708 1900 discordiae,
1725 1871 1754 1891 υι
1766 1867 1793 1890 in
1806 1864 1898 1896 arista,
1919 1864 2025 1891 lucerna
2044 1873 2089 1892 etc.
2145 1869 2178 1895 Ec

1132 1910 1211 1927 nonne
1223 1903 1275 1936 ipse
1283 1909 1311 1936 p.
1323 1907 1349 1937 p.
1360 1911 1387 1928 v.
1402 1906 1447 1935 617
1467 1911 1521 1927 cum
1528 1900 1622 1936 scribit
1640 1899 1763 1926 Proxima
1781 1899 1885 1932 cognati
1906 1899 1996 1926 dixere
2013 1901 2124 1929 Caristia
2138 1912 2179 1930 ca-

1116 1937 1171 1968 -ri,
1189 1936 1302 1963 Caristia
1323 1946 1338 1962 a
1361 1937 1426 1963 caris
1448 1936 1560 1965 deriuat,
1578 1942 1601 1960 et
1619 1941 1700 1960 tamen
1717 1937 1828 1968 primam
1847 1937 1979 1970 corripit?
2017 1937 2096 1963 Ouum
2110 1938 2167 1965 bene

1131 1973 1183 1998 alia
1194 1970 1300 2007 quaestio
1311 1970 1354 2003 est.
1405 1973 1459 1997 Duo
1478 1971 1556 1996 adbuc
1570 1971 1622 1995 loca
1635 1969 1800 1996 memorabilia
1807 1970 1870 2005 fiant
1882 1970 1910 1995 de
1923 1971 1942 1996 F
1944 1963 2058 1997 emliffis
2073 1983 2078 1998 ι
2112 1959 2179 2001 111ιεῖ-

1084 2021 1116 2047 50
1132 2006 1191 2034 Liu.
1205 2014 1243 2039 35,
1261 2014 1278 2041 7
1298 2007 1377 2032 Diem
1390 2007 1464 2032 finiri
1478 2006 1576 2040 placuit
1591 2005 1693 2031 Feralia
1706 2016 1711 2031 :
1746 2004 1789 2030 vbi
1800 2012 1914 2040 corrupte
1923 2008 2036 2042 plerique
2047 2008 2178 2036 Foenera-

1131 2042 1175 2069 lia.
1212 2042 1259 2069 Sed
1271 2051 1355 2068 veram
1368 2039 1494 2068 leHionem
1508 2040 1635 2073 restituere
1648 2040 1787 2072 Gelenius,
1804 2041 1928 2067 Gronou..
1953 2041 2086 2070 Drakenb.
2130 2047 2178 2072 Al.

1129 2084 1168 2104 ter
1183 2077 1315 2103 Macrobii
1328 2078 1377 2103 Sat.
1394 2085 1413 2110 t,
1426 2087 1444 2110 4
1465 2078 1551 2103 Varro
1569 2077 1692 2103 Feralz'um
1703 2075 1775 2101 diem
1790 2075 1827 2101 ait
1845 2084 1860 2102 a
1869 2076 1988 2111 ferendis
2012 2078 2039 2104 iu
2061 2080 2178 2113 sepulcra

1130 2112 1215 2146 epulis
1231 2113 1285 2138 dici
1300 2123 1306 2138 :
1341 2122 1395 2139 non
1409 2113 1477 2138 dixit
1491 2112 1665 2138 Fet-aliorum.
1717 2111 1836 2146 Cor-rupte
1855 2111 1937 2138 adhuc
1948 2111 2046 2146 editur,
2065 2118 2139 2142 etiam
2149 2119 2177 2143 in

1131 2149 1238 2174 Gronau.
1258 2147 1421 2180 Ferialiun1,
1443 2148 1630 2174 Ferialiorum.

1098 2198 1112 2224 5
1165 2190 1182 2209 F
1190 2189 1206 2209 Ε
1216 2190 1234 2209 R
1244 2190 1265 2209 A
1275 2190 1290 2208 L
1302 2191 1310 2209 1
1321 2191 1342 2209 T
1354 2190 1368 2209 E
1378 2190 1406 2208 R
1425 2182 1494 2209 Adu.
1530 2181 1649 2216 Fulgent.
1662 2180 1777 2214 Mythol.
1786 2191 1807 2215 3,
1815 2190 1826 2208 1
1845 2183 1916 2209 Dum
1927 2191 2002 2212 amor
2012 2184 2121 2213 nouiter
2132 2195 2178 2214 ve·

1127 2218 1181 2249 nit,
1203 2224 1231 2245 vt
1244 2218 1285 2244 leo
1299 2219 1420 2245 feraliter
1431 2218 1543 2245 inuadit.
2089 2216 2091 2218 ¹

1165 2261 1290 2281 FERAX
1302 2274 1311 2286 ,
1332 2254 1563 2284 FERCvrlvim
1589 2253 1643 2279 vid.
1664 2258 1775 2281 PERO.

1165 2296 1372 2322 FERCTVM,
1399 2290 1452 2316 vid.
1476 2296 1651 2316 FERTVM.
1687 2294 1691 2296 ·
1784 2316 1787 2323 ,

1166 2331 1183 2351 F
1195 2332 1211 2351 E
1221 2332 1273 2352 RE.
1294 2324 1360 2351 Adu.
1397 2326 1509 2360 flammi,
1529 2324 1601 2357 ὅλίγε
1617 2323 1674 2356 δεῖν,
1697 2321 1791 2360 medii]
1828 2324 1958 2352 Particula
1973 2326 2113 2355 diminuens
2130 2329 2177 2356 ali-

13 2379 15 2384 ·
31 2364 74 2397 bus
90 2380 152 2397 mox.
172 2371 244 2397 Diris
259 2369 386 2397 feralibus
399 2378 458 2396 arae
471 2366 582 2395 simelae
599 2366 666 2403 apud
676 2367 773 2393 Lucan.
785 2374 808 2398 3,
820 2374 876 2399 404
888 2367 992 2400 placent
1003 2366 1069 2391 Bur·
1086 2360 1190 2396 60quid
1203 2361 1232 2387 d?
1240 2362 1315 2395 plena
1329 2360 1458 2387 Uffl‘bffl'stm
1477 2360 1563 2396 quibus
1575 2359 1678 2386 additur
1683 2359 1886 2395 stg‘ll‘ssfiffllionc,
1905 2369 1933 2387 rt
1948 2363 2041 2396 Paew,
2067 2365 2177 2391 Tantum

0 2410 15 2421 ·’
29 2414 116 2436 (nanno
133 2413 181 2441 pro
203 2406 338 2438 altaribus,
351 2405 415 2441 quod
432 2404 521 2431 habent
533 2403 606 2431 MSS.
620 2409 644 2428 et
657 2405 780 2438 integrum
792 2402 862 2427 nobis
875 2402 939 2427 relin
959 2403 1012 2432 uit,
1023 2400 1069 2436 seu

0 2448 7 2467 t
29 2440 97 2468 diras
109 2442 201 2468 ferales
214 2442 350 2478 intelligere
361 2434 473 2475 placeat,
485 2438 530 2473 stu
543 2437 636 2464 feralia
650 2437 717 2464 dira.
815 2438 925 2472 Vulgata
951 2433 1013 2462 celio
1027 2436 1069 2462 Sa-

0 2480 7 2509 l*
27 2476 78 2503 cris
92 2477 230 2508 feralibus,
248 2476 276 2503 de
289 2486 333 2512 quo
347 2485 410 2502 mox.
480 2475 599 2506 Domus,
617 2475 636 2499 i.
648 2482 749 2504 carcer,
765 2472 820 2499 vid.
831 2481 888 2499 mox
900 2482 925 2498 n.
935 2480 959 2503 3.
1014 2472 1067 2497 Do-

26 2520 60 2539 na
78 2512 160 2540 Ouid.
175 2514 237 2539 Met.
250 2520 275 2544 9,
288 2520 335 2544 213.
405 2509 506 2544 Egestas
523 2508 660 2536 Claudian.
674 2508 753 2543 Epist.
767 2517 787 2541 1,
802 2517 837 2541 23.
890 2508 987 2542 Epulae
1000 2507 1067 2534 Plin.

25 2556 67 2578 20,
78 2557 112 2574 11.
132 2555 161 2574 vt
172 2556 262 2577 coena.
334 2546 444 2578 Erinnys
458 2544 529 2572 Latii
543 2545 571 2571 de
585 2545 713 2580 Cleopatra
732 2545 828 2571 Lucan.
842 2553 880 2575 10,
892 2552 931 2577 59.

27 2582 108 2609 benas
124 2582 218 2609 ferales
232 2582 304 2609 torui
317 2581 455 2617 praedonis
468 2587 540 2608 vocat
553 2581 702 2618 Proserpina
714 2589 812 2607 currum
826 2581 948 2610 Plutonis,
962 2587 1007 2615 quo
1026 2589 1068 2605 ra-

20 2618 153 2654 piebatur,
174 2617 310 2645 Claudian.
323 2626 349 2650 2,
361 2625 419 2652 272.
490 2616 604 2643 Habitus
625 2617 695 2643 Flor.
711 2625 731 2648 1,
744 2624 781 2648 12¹,
788 2623 829 2650 7..
885 2617 977 2650 Nempe
991 2612 1066 2640 Fide-

27 2662 81 2680 nae
92 2653 125 2679 ad
139 2660 269 2681 terrorem
282 2653 444 2680 mouendum
456 2652 559 2679 facibus
578 2661 705 2682 armatae,
725 2657 751 2678 et
768 2650 946 2678 discoloribus
965 2651 1068 2682 serpen-

25 2694 84 2716 tum
99 2690 126 2715 in
141 2697 244 2716 morem
256 2689 346 2719 vittis,
365 2688 457 2714 furiali
470 2696 546 2713 more
564 2689 745 2721 processerant.
817 2685 883 2711 Idem
901 2693 958 2719 ergo
977 2683 1067 2709 feralis

24 2724 149 2757 habitus,
168 2732 191 2751 et
203 2734 261 2751 mos
274 2723 389 2751 furialis.
457 2722 518 2748 Idus
532 2722 644 2748 Martiae
658 2720 762 2748 Caesari
775 2720 870 2747 ferales
894 2719 960 2744 Plin.
977 2723 1012 2750 18,
1027 2720 1066 2744 26.

25 2760 127 2795 Lupini
146 2761 270 2795 Calpurn.
283 2760 333 2786 Sic.
347 2768 370 2791 3,
384 2763 423 2789 82.
438 2761 496 2794 quia
508 2757 576 2784 cibus
587 2757 735 2792 inferorum.
777 2755 927 2781 Monstrum
944 2753 1066 2780 Prudent.

26 2796 161 2828 psychom.
177 2799 230 2829 565.
249 2796 278 2822 de
290 2797 409 2822 auaritia.
480 2794 592 2820 Munera
617 2792 697 2819 Ouid.
712 2790 798 2818 Trist.
812 2799 835 2823 3,
847 2800 867 2823 3,
881 2795 916 2820 81.
994 2790 1068 2815 Mur-

27 2840 88 2859 mur
107 2831 184 2866 Apul.
197 2833 262 2859 Met.
277 2839 293 2857 2
301 2838 345 2865 pr.
359 2833 377 2857 i.
390 2832 509 2865 magicum
518 2849 525 2860 ‚
544 2835 574 2855 vt
585 2828 715 2855 Arcanum
730 2826 819 2854 ferale.
871 2825 919 2853 Sed
929 2824 1067 2851 Claudian.

26 2867 58 2894 in
69 2868 156 2895 Rufin.
170 2876 190 2901 1,
206 2876 243 2900 131
264 2866 344 2893 Sensit
358 2865 439 2892 ferale
453 2864 589 2891 Britannia
599 2873 736 2895 murmur,
756 2865 774 2888 i.
781 2862 896 2898 fieriale,
916 2871 930 2887 a
946 2861 1066 2896 Megaera

26 2906 168 2930 excitatum.

27 2938 182 2999 Superlatiuo
195 2942 269 2965 etiam
282 2941 365 2964 utitur
379 2939 397 2963 6
410 2945 433 2971 p.
449 2942 502 2970 198.
536 2942 559 2962 et
572 2935 604 2962 de
621 2936 700 2961 Auar.
716 2943 725 2961 1
740 2944 765 2969 p.
780 2942 819 2966 29.
891 2931 1011 2959 Nomina
1031 2932 1069 2958 fe-

29 2981 60 3000 ta
71 2973 112 3005 ia,
125 2975 244 3007 Cannae,
263 2973 334 3002 Allia
354 2973 450 2999 Lucan.
464 2979 491 3006 7,
505 2976 566 3006 408.
662 2971 750 2997 Nutus
762 2970 885 2996 fortunae
911 2967 988 3002 Apul.
1002 2968 1068 2994 Met.

35 3016 66 3034 10
78 3017 102 3041 Ρ.
116 3016 172 3041 250,
185 3018 223 3044 ¹4·
290 3007 403 3036 Officina
411 3028 423 3043 ⁹.
434 3011 453 3034 i.
467 3009 563 3043 magica
582 3005 658 3041 Apul.
671 3007 736 3032 Met.
750 3013 762 3037 3
774 3014 799 3040 p.
814 3011 865 3038 137,
879 3010 891 3036 5
911 3013 957 3039 quo
971 3005 1022 3030 loco
1038 3004 1068 3029 il-

34 3041 166 3075 lustratur,
181 3045 243 3079 quod
265 3044 333 3074 modo
353 3047 380 3070 in
400 3045 530 3070 Arcanum
543 3042 626 3068 ferale
645 3041 752 3067 diximus
764 3051 772 3066 :
808 3039 976 3074 sepultorum
988 3039 1068 3065 etiam

34 3076 189 3117 eadauerum
202 3080 320 3114 expolitis
334 3079 423 3106 multis
436 3077 583 3105 admodum
597 3077 732 3105 membris.

32 3112 92 3139 1111c
105 3112 201 3139 carnosi
213 3115 281 3142 claui
294 3115 479 3150 pendentium,
495 3114 563 3141 alibi
582 3112 773 3140 trucidatorum
792 3113 907 3138 seruatus
927 3119 1022 3143 cruor,
1044 3117 1069 3136 et

33 3154 137 3189 extorta
150 3147 265 3176 dentibus
277 3151 395 3178 ferarum
403 3157 494 3178 trunca
507 3149 630 3177 caluaria.
723 3146 825 3174 Officiis
838 3145 967 3173 feralibus
980 3147 1067 3180 perso—

34 3184 97 3211 lutis
118 3183 194 3217 Apul.
206 3184 268 3212 Met.
282 3195 291 3212 1
302 3196 328 3221 p.
342 3196 401 3221 104,
415 3195 450 3219 35.
546 3186 620 3211 Onus
639 3183 721 3211 ferale
739 3182 845 3210 libellos
866 3181 1067 3217 Philofhpborum

31 3225 104 3246 voca:
125 3218 239 3252 Sulpicia
257 3220 305 3248 Sat.
324 3231 350 3249 v.
369 3231 416 3256 44.
436 3224 479 3257 qm*
493 3228 575 3257 nempe
589 3219 735 3256 quibusdam
748 3217 953 3253 illorum-fuerint
961 3216 1070 3252 funesti.

0 3319 2 3323 ,
33 3292 140 3326 insculpi
148 3289 222 3325 solet,
241 3290 370 3323 Symbolum
381 3294 491 3322 Ammae
502 3292 620 3319 humanae
631 3291 743 3326 diuersas
749 3289 852 3326 formas
865 3295 888 3315 ct
899 3295 1004 3323 corpora
1011 3288 1069 3324 Jub-

33 3328 113 3352 ‘unsis
150 3323 213 3351 und?
226 3327 295 3351 etiam
305 3325 372 3360 ψυχὴ
384 3335 486 3355 vocatur
493 3329 600 3363 papilio.
672 3325 791 3353 Pediculi
804 3325 900 3351 ferales
931 3323 1002 3350 Cael.
1015 3325 1068 3349 Αιι-

32 3345 255 3403 rel.'13ard.4.2‚
268 3368 298 3393 14
316 3361 435 3397 latiores,
453 3364 514 3391 duri
530 3363 630 3398 magis,
655 3371 684 3388 ac
704 3361 847 3388 saeuientes
865 3359 1003 3386 morfibus.
1041 3358 1069 3385 de

28 3397 166 3434 phthtrmst
180 3401 243 3457 aflt-
308 3396 416 3431 Pompa,
430 3399 661 3434 funerisaLuean.
674 3402 701 3428 8,
715 3405 768 3431 733.
840 3396 966 3430 Calpurn.
982 3395 1032 3420 Sic.
1048 3403 1068 3426 1,

5 3438 9 3441 ”
33 3434 78 3462 60.
135 3433 192 3466 Apu
207 3431 288 3457 .Met.
303 3435 317 3460 8
329 3440 352 3465 ρ.
365 3441 407 3465 203
419 3441 481 3461 extr.
532 3435 620 3469 Pugna
639 3431 731 3460 Claud.
746 3433 774 3458 B.
789 3431 859 3459 Gild.
874 3440 930 3465 124.

18 3468 86 3505 *stus
95 3488 103 3500 ‚
123 3470 141 3494 i.
149 3466 233 3503 stipes
245 3465 279 3492 ad
283 3465 432 3501 sepulturam
448 3469 538 3496 Claud.
552 3471 582 3496 in
595 3469 683 3496 Rufin.
698 3478 719 3500 2,
733 3475 794 3501 443.
878 3467 953 3493 Sacra
971 3466 1067 3492 Lucan.

34 3512 58 3541 1,
71 3504 126 3529 616.
162 3505 189 3535 6,
205 3510 263 3536 432.
287 3500 360 3543 ¹lsid.
367 3503 447 3536 paullo
458 3513 513 3531 ante
526 3506 598 3532 Diris
619 3504 754 3532 feralibus.
825 3501 935 3529 Tabula
954 3501 1026 3527 Flor.
1047 3511 1068 3534 3,

34 3547 74 3571 22,
87 3547 103 3566 2
122 3548 182 3574 quae
189 3537 387 3573 proscrtptorum
397 3542 492 3566 nomina
508 3544 625 3567 continet.
696 3538 790 3566 Tedae
808 3538 900 3565 omine
920 3537 980 3563 diro
1002 3536 1069 3563 fera.

35 3573 73 3601 les
91 3577 190 3609 nuptiae
202 3572 368 3608 inauspicatae
386 3572 479 3600 Lucan.
493 3583 514 3606 1,
526 3585 575 3603 112.
646 3576 786 3609 Tempore
798 3573 874 3600 ferali
894 3578 985 3607 operta
1004 3578 1068 3598 tem-

33 3609 78 3644 pla
97 3610 176 3637 Ouid.
190 3608 255 3636 Fast.
267 3616 291 3642 5,
303 3609 363 3640 486.
376 3609 395 3632 i.
411 3603 539 3636 Feralibus.

0 3663 5 3683 5
35 3644 171 3672 Feralibus
179 3667 188 3680 ,
207 3645 244 3671 DI
257 3651 364 3678 quoque
375 3642 644 3676 templorumforibus
656 3646 773 3672 celentur
785 3644 893 3679 opertis.
965 3642 1067 3669 Thala-

0 3687 7 3694 ”
35 3688 93 3707 mus
104 3682 124 3706 P
153 3681 208 3707 ekes
222 3679 300 3720 Apul:
312 3679 403 3711 Met.4
415 3682 564 3717 (Ἀκραίας
576 3681 745 3708 sollemnibus
758 3689 818 3706 cum
831 3681 933 3706 summo
944 3686 1069 3705 moerore

2 3723 9 3728 ‘¹
27 3716 115 3753 ¹perse!
137 3717 159 3742 is
193 3731 238 3736 ——-
272 3723 367 3742 viuum
382 3712 535 3748 producitur
545 3715 637 3748 funusr,
653 3723 679 3744 et
693 3716 831 3743 lacrimosa
844 3714 939 3748 Psyche
958 3713 1068 3740 comita-

0 3757 4 3781 ἴ
17 3762 18 3769 ¹
36 3755 80 3778 tur
93 3760 146 3778 non
159 3752 279 3786 nuptias,
297 3749 341 3776 sed
355 3749 490 3783 exsequias
505 3748 568 3774 suas.
636 3753 724 3779 Vittae
736 3752 823 3787 quibus
834 3749 980 3776 ,ηαξὶαῃᾱαρ
995 3756 1069 3784 Pecu.

36 3785 78 3812 ἀει
89 3794 207 3815 ornantur
224 3786 296 3813 Ouid
311 3786 339 3812 in
351 3785 411 3811 Ibin
426 3793 474 3816 103.
544 3784 601 3810 Val.
612 3786 650 3812 Fl.
663 3795 679 3821 7
688 3805 696 3819 ,
710 3795 750 3821 37.

0 3836 1 3839 =
37 3828 63 3861 3,
76 3829 95 3848 1.
286 3819 306 3859 q
328 3829 344 3847 2
380 3819 564 3847 Adue›·bialiter
578 3819 643 3846 dixit
655 3822 790 3849 Claudian.
801 3821 833 3848 de
845 3822 877 3847 R.
889 3821 960 3848 Pros.
981 3829 1006 3853 3,
1027 3828 1068 3852 130

0 3866 1 3870 ¹
36 3856 65 3883 St
75 3856 156 3883 buxos
169 3857 261 3884 inflare
272 3857 353 3884 velim
362 3876 370 3889 ,
388 3855 470 3882 ferale
483 3854 636 3889 gemiscunt.
870 3866 881 3888 3
919 3858 956 3883 De
969 3858 1066 3891 quami.

35 3896 88 3917 tate
99 3892 204 3927 Syllabae
212 3895 310 3928 primae
322 3892 363 3919 hic
375 3891 471 3927 aliquid
483 3889 624 3916 monendum
637 3887 678 3920 est·
719 3891 787 3926 Qae
800 3892 833 3918 ad
850 3902 879 3918 uc
893 3893 1022 3918 attulimus
1033 3892 1066 3917 10-

35 3935 80 3958 ca,
97 3930 124 3954 in
136 3930 169 3954 iis
182 3928 291 3955 omnibus
303 3927 369 3955 haud
381 3928 450 3953 dubie
463 3927 502 3952 lon
521 3935 536 3951 a
549 3923 581 3957 eft
595 3935 603 3949 :
638 3930 667 3949 vt
679 3923 758 3950 breuis
770 3929 842 3953 etiam
851 3925 1067 3962 putaretur-‚effi-

30 3964 71 3990 „t
88 3963 153 3990 Iocus
169 3962 304 3992 Prudentii
310 3982 320 3996 ,
338 3972 406 3999 quem
423 3965 461 3989 ita
475 3970 486 3988 e
505 3961 606 3989 iderunt
616 3969 631 3987 a
641 3959 669 3986 G.
680 3959 792 3986 Fabricio
800 3961 1010 4003 *indeuPsychom
1021 3963 1068 3996 565
1075 3975 1119 4004 105
1131 3957 1180 3985 RE
1188 3956 1216 3983 N
1224 3956 1254 3983 T
1262 3955 1317 3982 AN
1325 3956 1338 3982 1
1360 3957 1455 3983 Horat.
1468 3954 1557 3984 Carm.
1568 3961 1592 3986 5,
1607 3962 1632 3986 4,
1647 3960 1680 3987 ¹3·

1015 2544 1067 2569 Ha.
1083 2542 1114 2575 6,-
1128 2548 1206 2573 quam
1222 2539 1279 2565 fere
1295 2548 1417 2564 omnium
1430 2538 1548 2564 constans
1572 2542 1598 2563 ct
1616 2536 1751 2563 moderata
1775 2537 1845 2561 ratio
1868 2542 1955 2569 vnae,
1976 2544 2021 2564 etc.

784 3076 837 3102 Hic
854 3084 928 3102 nares
940 3080 965 3101 et
980 3074 1068 3109 digiti,
1090 3079 1150 3108 80¹·

32 3254 135 3289 Papilio
156 3253 236 3280 Ouid·
248 3256 310 3283 Met.
323 3265 358 3290 15,
371 3266 430 3298 374.Ι
449 3267 481 3284 an
498 3256 568 3289 ideo,
589 3256 653 3292 quod
671 3259 698 3281 in
711 3254 891 3290 fipulcralibus
909 3255 1070 3279 monumentis
1086 3257 1114 3286 85

980 3431 1067 3463 Qiae-
1082 3444 1118 3468 90
1129 3435 1141 3451 2
1155 3435 1176 3452 c.
1192 3427 1237 3460 46.

599 3612 665 3638 Nam
670 3610 710 3644 fic
723 3610 787 3637 Fast.
807 3618 839 3641 2,
853 3611 898 3641 563
918 3608 962 3635 vbi
973 3610 1027 3642 agit
1041 3607 1069 3633 de
1084 3618 1116 3643 95

844 3787 917 3812 Vrna
935 3785 1003 3811 Tac.
1019 3785 1068 3811 An.
1077 3799 1125 3818 100

1127 2406 1191 2427 uon,
1212 2397 1323 2423 Paullum
1337 2396 1421 2432 abfuit
1434 2399 1492 2431 quin
1505 2404 1550 2422 erc.
1605 2395 1672 2421 'sexu
1688 2397 1780 2422 Heaut.
1798 2404 1818 2427 1,
1832 2405 1852 2426 l,
1866 2404 1900 2430 70
1925 2398 2040 2424 Domum
2055 2406 2178 2428 reuertor

1131 2431 1243 2458 moestus
1258 2439 1337 2466 atque
1351 2432 1441 2458 animo
1456 2432 1512 2458 scre
1527 2431 1688 2466 perturbata.
1760 2432 1815 2457 Cic.
1831 2433 1908 2457 Acar..
1922 2442 1948 2465 4,
1962 2441 1991 2467 17
2008 2434 2111 2468 Scriplit
2127 2436 2176 2469 igi..

1128 2472 1171 2494 tur
1187 2467 1227 2493 his
1241 2468 1297 2494 fere
1311 2467 1415 2499 verbis,
1434 2467 1530 2493 indicat
1537 2468 1566 2503 se
1581 2476 1628 2492 nan
1641 2471 1688 2492 adn
1700 2476 1799 2492 imerare
1813 2467 2001 2502 vwbastngula.
2055 2470 2111 2496 Cic.
2126 2479 2175 2503 pro

1129 2503 1232 2532 cluent,
1246 2506 1281 2536 46
1302 2504 1331 2529 In
1345 2502 1443 2538 quibus
1462 2510 1575 2537 quantus
1595 2502 1717 2536 splendor
1741 2500 1787 2533 sit,
1806 2510 1886 2535 qulam
1908 2511 1992 2536 prope
2016 2504 2175 2539 aequabilis,

1127 2575 1179 2600 Off.
1198 2584 1218 2606 1,
1233 2577 1267 2600 60
1288 2574 1519 2606 Qiemadi-..oelmn
1534 2573 1642 2598 ducatur
1655 2571 1808 2603 honestum,
1828 2579 1860 2597 ex
1880 2580 1934 2606 quo
1953 2579 2043 2607 aptum
2061 2575 2098 2601 est
2116 2542 2175 2603 gilli.

1127 2610 1199 2635 ciffi„
1209 2629 1217 2641 ‚
1236 2609 1296 2635 satis
1309 2609 1365 2635 fere
1377 2610 1503 2635 digmus,
1598 2608 1704 2641 Svmpcr
1716 2607 1774 2632 fere
1787 2615 1846 2632 cum
1859 2607 1951 2641 aliquo
1970 2609 2090 2636 rusticari
2116 2613 2173 2639 Cic..

1129 2643 1161 2669 de
1174 2645 1248 2669 Orat.
1265 2652 1340 2682 2,.22.
1435 2644 1504 2669 Ter.
1518 2642 1623 2668 Phor-m.
1636 2651 1662 2673 2,
1676 2650 1698 2673 3,
1712 2644 1740 2667 16
1760 2642 1866 2676 Q1ippe
1880 2643 1961 2669 homo
1975 2645 2027 2671 i‘am
2048 2648 2175 2680 grandior

1129 2687 1241 2712 pauper,
1262 2687 1305 2704 cui
1319 2686 1399 2712 opera
1411 2678 1467 2704 vita
1481 2684 1535 2704 erat
1545 2698 1551 2708 ‚
1572 2678 1630 2704 ruri
1643 2678 1699 2703 scre
1714 2678 1738 2703 se
1751 2677 1911 2704 continebat.
2005 2681 2062 2707 Cic.
2077 2683 2131 2709 Att.
2146 2692 2174 2718 7,

1081 2725 1117 2753 70
1128 2716 1145 2739 6
1166 2714 1223 2740 Nec
1236 2713 1321 2740 adhue
1333 2714 1390 2740 sere
1404 2714 1507 2745 inueni,
1522 2713 1569 2747 qui
1582 2722 1636 2738 non
1648 2711 1845 2738 concedendum
1858 2719 1960 2747 putaret
1974 2715 2087 2750 Caesari,
2102 2719 2174 2753 quod

1128 2749 1278 2783 postularet.
1373 2751 1479 2776 Aetates
1491 2750 1590 2775 vestrae
1605 2753 1634 2774 vt
1646 2748 1757 2774 illorum
1768 2747 1847 2780 nihil,
1865 2756 1910 2775 aut
1922 2759 1976 2776 non
1989 2751 2045 2778 fere
2059 2754 2175 2781 multum

1129 2783 1254 2811 differunt
1274 2785 1329 2811 Cic.
1349 2784 1381 2810 de
1396 2785 1466 2812 Clar.
1481 2786 1556 2811 Orat.
1572 2791 1625 2816 150.
1707 2783 1772 2810 Non
1784 2784 1841 2810 fere
1855 2785 2010 2819 quisquam,
2029 2788 2082 2814 vid.
2093 2796 2163 2817 NON

1127 2821 1164 2846 Ex
1178 2820 1293 2847 victoria
1305 2819 1401 2847 bellica
1412 2830 1466 2847 non
1478 2821 1534 2846 fere
1557 2827 1717 2853 quemquam
1733 2818 1769 2844 est
1788 2818 1892 2846 inuidia
1910 2822 2011 2848 ciuium
2037 2811 2176 2853 consecuta

1128 2857 1184 2883 Cic.
1199 2865 1246 2891 pro
1263 2857 1330 2882 Sext.
1347 2865 1380 2888 51.
1447 2856 1515 2882 Ter.
1528 2855 1608 2882 Andr.
1623 2863 1643 2887 1,
1658 2863 1678 2887 1,
1693 2862 1728 2889 77
1747 2855 1812 2881 Fere
1830 2855 1857 2881 in
1871 2855 1963 2882 diebus
1976 2859 2064 2892 paucis
2078 2861 2175 2895 quibus

236 2902 319 2930 Nefas
332 2901 512 2928 feralissimum
532 2899 645 2927 Saluian.
660 2899 692 2925 de
702 2897 822 2925 Gubern.
836 2897 887 2923 Del
902 2905 912 2923 1
933 2905 957 2930 p.
972 2904 1002 2928 23
1026 2899 1068 2932 qui
1084 2902 1116 2930 75
1129 2891 1192 2918 haec
1205 2892 1261 2918 acia
1277 2892 1351 2923 sunt,
1368 2898 1415 2917 etc.
1452 2891 1559 2918 Dubitat
1574 2899 1702 2925 paucosne
1715 2900 1748 2915 an
1761 2890 1858 2917 multos
1878 2891 1958 2918 dicere
1978 2893 2083 2921 debeat:
2117 2903 2175 2931 pro.

1124 2927 1216 2968 pendet
1229 2927 1263 2953 ad
1274 2936 1378 2962 paucos.
1472 2927 1540 2953 Ter.
1555 2927 1650 2952 Heaut.
1666 2934 1686 2958 1,
1701 2934 1720 2957 1,
1734 2934 1746 2957 3
1782 2926 1839 2952 Nec
1860 2928 1900 2954 rei
1920 2928 1977 2955 fere
1988 2930 2049 2957 vsane
2061 2932 2173 2967 amplius

1129 2963 1276 2998 quidquam
1288 2963 1358 2995 fuit,
1376 2969 1421 2988 etc.
1494 2961 1625 2995 Qlinc‘iil.
1639 2970 1664 2991 2,
1678 2970 1705 2994 4,
1719 2970 1749 2994 41
1770 2962 1820 2988 His
1836 2962 1891 2988 fere
1907 2969 2008 2991 veteres
2021 2966 2173 2994 facultatem

1129 2998 1236 3025 dicendi
1256 3003 1446 3030 exercuerunt,
1467 3000 1486 3023 i.
1511 2999 1570 3024 fere
1592 3006 1682 3023 omncs.
1786 2998 1842 3024 Cic.
1864 2998 1944 3025 Acad.
1958 3008 1978 3032 1,
2015 3020 2021 3027 .
2058 3021 2064 3027 .
2100 3004 2173 3030 Haec

1127 3034 1184 3061 fere
1198 3035 1229 3061 de
1242 3034 1382 3065 moribus,
1401 3040 1447 3060 ctc.
1553 3033 1625 3059 Haec
1638 3033 1694 3059 fere
1707 3033 1764 3059 sunt
1777 3034 1805 3059 in
1820 3033 1865 3059 illa
1880 3035 1988 3068 epistola
2009 3036 2063 3062 Cic.
2077 3038 2130 3064 Att.
2146 3046 2174 3073 7,

1220 3070 1294 3096 Idem
1308 3069 1339 3095 de
1353 3069 1457 3095 Amicit.
1471 3077 1487 3094 z
1504 3068 1631 3100 edebatur,
1647 3069 1677 3094 In
1698 3077 1759 3094 rum
1778 3069 1927 3095 sermonem
1949 3070 2025 3096 illum
2047 3071 2173 3105 inchiere,

1130 3105 1178 3140 qui
1193 3111 1248 3131 tum
1262 3106 1318 3132 fere
1331 3105 1421 3131 multis
1436 3109 1491 3130 erat
1506 3104 1534 3130 in
1545 3112 1601 3130 ore.
1645 3105 1717 3130 Valla
1730 3111 1871 3139 corruptum
1882 3104 1946 3130 hunc
1959 3106 2038 3132 locum
2058 3106 2101 3140 effi’
2118 3118 2174 3135 cen.

1123 3141 1194 3177 sebat
1209 3148 1231 3167 ct
1244 3140 1369 3177 legendum
1378 3159 1385 3171 ‚
1406 3140 1463 3173 Qu
1477 3147 1533 3166 rum
1548 3140 1605 3166 fere
1619 3145 1674 3166 erat
1689 3140 1717 3165 in
1730 3148 1784 3166 ore.
1835 3141 1910 3166 Nunc
1923 3139 2004 3167 editur
2018 3136 2076 3168 fere
2087 3144 2173 3170 omni-

1130 3177 1187 3204 bus.
1296 3175 1425 3203 Columel.
1439 3184 1463 3205 2,
1478 3184 1500 3210 1ν
1519 3176 1642 3202 Veterem
1665 3175 1821 3210 opinionem
1840 3175 1897 3201 fere
1917 3177 2046 3203 omnium.

1128 3222 1150 3245 3,
1164 3220 1176 3245 5
1196 3211 1316 3238 Tametsi
1330 3212 1387 3237 fere
1400 3220 1490 3237 onmes
1505 3210 1636 3238 auctores.
1728 3211 1784 3237 Cic.
1799 3210 1882 3237 Tusc.
1896 3220 1918 3243 3,
1933 3220 1965 3246 34
1983 3213 2047 3239 Νοη
2061 3214 2119 3240 sunt
2131 3215 2173 3241 vi-

1130 3247 1249 3274 nestore-s
1263 3256 1342 3282 quam
1355 3247 1412 3273 fere
1424 3247 1543 3281 plerique
1558 3247 1618 3281 qui,
1639 3252 1685 3272 etc.
1788 3245 1855 3272 Ter.
1869 3246 1974 3273 Phorm.
1989 3257 2008 3278 1,
2023 3244 2055 3281 ὲ,
2069 3258 2099 3282 39
2118 3250 2173 3277 Hic

1130 3283 1277 3310 solebamus
1290 3284 1345 3309 fere
1358 3283 1514 3317 plerumque
1527 3291 1584 3308 eam
1599 3281 1727 3316 opperiri,
1735 3281 1798 3308 dum
1813 3281 1874 3308 inde
1889 3282 1939 3309 iret
1950 3283 2068 3310 domum.
2124 3286 2173 3312 Fe.

1130 3328 1159 3346 re
1171 3328 1226 3345 non
1240 3317 1347 3345 difficile
1362 3318 1398 3344 est
1412 3318 1534 3344 inuenire
1547 3318 1612 3352 quid
1627 3317 1657 3343 fit
1672 3318 1761 3343 causae
1776 3317 1929 3344 adiumento
1950 3318 2024 3345 Auci.
2033 3320 2063 3345 ad
2073 3321 2172 3348 Heren.

1130 3364 1154 3387 2,
1167 3362 1208 3389 27.
1227 3357 1244 3381 ι’.
1252 3357 1402 3390 plerumque.
1474 3354 1516 3380 Sic
1527 3356 1601 3378 etiam
1614 3352 1733 3379 Scribon.
1745 3362 1790 3386 40.
1806 3360 1840 3385 53.
1911 3355 1945 3379 Vt
1957 3354 2014 3380 fere
2027 3354 2062 3381 fit
2076 3356 2131 3382 Cic.
2140 3356 2173 3384 de

1128 3391 1230 3417 Inuent.
1244 3400 1266 3417 c.
1280 3399 1306 3424 4,
1398 3387 1478 3422 Quod
1492 3389 1548 3415 fere
1567 3388 1632 3414 fieri
1651 3388 1726 3420 solet,
1750 3388 1889 3422 probabile
1902 3388 1939 3414 est
1954 3390 2009 3416 cic.
2025 3390 2056 3416 de
2069 3392 2173 3420 Inuent.

1308 3426 1383 3452 Alias
1396 3426 1442 3451 ha:
1451 3425 1579 3459 particula
1593 3424 1655 3450 illud
1666 3424 1736 3450 modo
1748 3424 1891 3455 indicatur,
1911 3433 1958 3450 non
1971 3425 2030 3451 velle
2043 3430 2087 3461 qui
2100 3427 2164 3454 dicit

1129 3462 1205 3488 verba
1224 3460 1273 3496 βαι
1294 3460 1376 3496 rigide
1400 3467 1424 3486 ct
1448 3458 1580 3492 vniucrfim
1593 3462 1683 3494 accipi.
1776 3459 1833 3485 Cic.
1848 3459 1900 3484 Att.
1914 3466 1953 3492 14,
1969 3468 2002 3486 22
2022 3462 2044 3487 A
2059 3448 2174 3491 Lucullei

1130 3497 1257 3531 postridie
1271 3496 1361 3522 eadem
1373 3496 1430 3522 fere
1444 3495 1511 3522 hora
1524 3504 1576 3529 qua
1589 3497 1667 3527 veni,
1686 3495 1736 3520 VII
1752 3493 1810 3520 Idus
1829 3494 1952 3520 Lanuuio
1971 3495 2047 3524 datas.
2115 3500 2173 3526 Cic.

1129 3536 1182 3558 Att.
1198 3539 1223 3565 7,
1238 3535 1264 3558 16
1282 3531 1392 3558 Calibus
1406 3538 1462 3557 tuas
1476 3531 1566 3556 literas
1580 3531 1645 3556 hora
1659 3531 1715 3555 fere
1728 3538 1797 3555 nona
1816 3530 1974 3563 accepissem.
2045 3532 2100 3559 Cic.
2121 3535 2174 3561 Off,

1132 3576 1153 3599 1,
1168 3570 1196 3593 61
1216 3566 1371 3594 Declaratur
1382 3574 1469 3593 autem
1485 3566 1599 3592 studium
1613 3567 1636 3592 b:
1648 3566 1723 3591 llicae
1734 3564 1852 3598 gloriae,
1869 3565 1940 3599 quod
1954 3566 2047 3593 statuas
2064 3574 2173 3604 quoque

1129 3602 1250 3628 videmus
1264 3608 1359 3628 ornatu
1377 3603 1434 3628 fere
1450 3603 1570 3628 militari.
1640 3604 1677 3627 Dc
1689 3603 1827 3635 quantitate
1844 3601 1945 3627 ultimae
1957 3602 2067 3636 syllabae
2079 3606 2173 3643 ambigi

1124 3637 1201 3673 poffic
1217 3648 1223 3662 :
1260 3634 1391 3672 Virgilius
1403 3645 1426 3663 et
1437 3645 1531 3663 ueteres
1540 3636 1696 3672 producunt,
1715 3637 1822 3669 corripit
1835 3642 1923 3662 contra
1935 3636 2077 3666 Ausonius.

1168 3678 1439 3706 FERENTARH,
1461 3673 1514 3699 vid.
1537 3678 1648 3697 runo.

1165 3713 1182 3734 F
1192 3715 1208 3734 E
1218 3715 1236 3734 R
1246 3714 1263 3734 E
1273 3715 1290 3732 N
1303 3714 1323 3733 T
1332 3716 1341 3742 1
1351 3716 1373 3734 Ν
1383 3716 1403 3734 Α
1415 3728 1423 3741 ,
1444 3718 1482 3735 ae.
1503 3708 1522 3733 f.
1558 3709 1610 3732 Dm
1619 3705 1685 3740 suit.
1698 3704 1738 3737 stc
1750 3704 1822 3732 difla
1833 3705 1864 3732 ab
1877 3707 1965 3742 oppido
1972 3709 2043 3735 Latii
2049 3710 2171 3742 Feresne,

1130 3746 1199 3770 cuius
1212 3741 1267 3768 luci
1280 3742 1318 3769 T.
1332 3744 1425 3770 Liuius
1440 3745 1551 3770 meminit
1566 3750 1589 3772 1,
1603 3748 1633 3772 50
1647 3747 1670 3765 et
1683 3747 1720 3772 52.

1168 3784 1185 3805 F
1196 3785 1212 3804 Ε
1221 3785 1240 3804 R
1248 3785 1264 3804 E
1273 3786 1295 3804 N
1303 3785 1325 3804 T
1332 3784 1343 3804 1
1353 3787 1375 3805 N
1384 3787 1404 3805 V
1414 3786 1439 3806 Μ
1448 3799 1456 3811 ,
1477 3779 1642 3804 Hernicorum
1654 3775 1775 3811 ‘oppidum
1782 3795 1790 3808 ,
1807 3776 1872 3803 vnde

1166 3820 1182 3840 F
1191 3821 1207 3840 E
1216 3821 1235 3840 R
1243 3821 1259 3839 E
1268 3822 1287 3840 Ν
1298 3822 1319 3841 Τ
1328 3822 1337 3840 1
1346 3822 1386 3841 NI
1397 3835 1405 3847 ,
1425 3822 1513 3841 orum.
1533 3820 1568 3836 m.
1582 3812 1619 3837 Pl.
1657 3811 1702 3837 Sil.
1717 3816 1739 3844 8,
1748 3820 1798 3846 394
1819 3812 1892 3839 Sulla
1898 3813 2061 3845 Ferentinae,
2070 3815 2172 3842 Priuer-

1129 3855 1272 3883 natumque
1291 3849 1421 3885 maniplos
1458 3845 1585 3875 Ducebat.
1678 3846 1716 3873 lii
1750 3848 1770 3874 F
1784 3846 1803 3873 E
1818 3846 1841 3874 R
1855 3849 1874 3874 Ε
1890 3848 1918 3875 Ν
1930 3850 1961 3876 T
1976 3851 2028 3875 IN
2041 3850 2064 3874 A
2079 3850 2109 3876 T
2122 3851 2142 3876 Ε
2156 3850 2171 3876 S

1128 3886 1188 3912 Liu.
1205 3893 1230 3917 9,
1243 3893 1278 3918 42
1292 3892 1315 3910 et
1328 3894 1370 3918 43.
1416 3917 1418 3919 ‚

1168 3927 1183 3946 F
1196 3926 1400 3953 ERENTVM‚
1415 3920 1432 3946 i.
1454 3927 1480 3944 n.

2140 3181 2173 3206 Ee

1519 3916 1642 3952 Oppidum
1650 3918 1794 3946 Sabinorum
1803 3918 1847 3954 stu
1861 3919 2010 3947 Samnitum:
2025 3926 2041 3943 a
2052 3927 2097 3953 quo
2114 3918 2132 3944 F
2141 3919 2172 3944 E-

1748 3953 1810 3981 Liu.
1823 3962 1858 3987 9,
1872 3957 1908 3981 16.
1985 3951 2043 3981 th.
2060 3955 2136 3979 Gran.

1434 3987 1575 4018 Kkkk
1611 3997 1625 4015 ε
2078 3994 2173 4016 ruar-
