2479 4225
55 144 144 182 '52
453 128 857 168 onos

100 219 160 245 rafl'e
176 218 343 253 propinquis.
414 218 579 252 Degenerare
603 223 652 242 tam
671 226 685 242 a
705 216 778 246 bono,
799 222 870 249 quam
888 222 903 238 α
924 213 986 239 malo
1005 211 1109 238 dicimus
1117 224 1125 237 .-

100 255 156 280 Liu.
172 263 196 285 9,
210 261 237 286 35
257 254 290 279 ad
301 255 408 288 Appium
424 253 565 284 Claudium,
587 252 659 278 Nolo
673 259 720 284 ego
734 249 807 275 istam
819 249 847 274 in
861 255 886 274 te
899 248 1066 274 modestiam:
1093 258 1125 274 ne

98 289 296 323 degeneraueris
315 298 329 315 a
344 288 445 314 familia
460 287 662 322 irnperiofissima
672 285 707 311 'et
726 283 908 317 superbissima.
979 284 1034 309 Cic.
1050 284 1125 310 Vei-r.

97 334 118 357 5,
138 333 179 356 159
201 333 221 349 c.
236 327 266 354 68
295 323 377 350 Tune
396 332 454 349 cum
472 329 497 349 te
515 332 543 349 ac
561 330 632 349 tuam
646 321 726 346 vitam
746 319 843 350 nosses,
865 319 892 344 in
907 318 1023 344 Siciliam
1040 325 1125 345 tecum

1596 131 1632 169 D
1726 131 1893 172 EH'

1226 223 1443 244 DEGRADA‘T
1456 225 1507 251 10,
1535 219 1602 245 onis.
1640 219 1658 245 f.
1696 220 1748 247 ICt.

1226 259 1244 279 D
1254 260 1268 278 L
1278 259 1297 278 G
1307 259 1325 278 R
1334 259 1355 278 Α
1366 260 1387 279 N
1397 260 1414 279 1)
1424 260 1438 292 ¹ss
1449 262 1461 280 s
1471 260 1488 280 c
1500 261 1519 280 o
1528 274 1535 286 ,
1555 257 1607 281 ere.
1648 255 1759 282 Hieron.
1773 257 1776 261 ’

1228 294 1270 314 DE
1280 294 1387 328 G'RAN
1397 294 1414 313 D
1426 296 1434 314 1
1447 295 1467 313 Ν
1478 295 1541 315 ΛΤ.
1579 291 1684 324 Impers.
1720 291 1904 328 [ἐπιχαλιὶζσ]
1946 295 2024 322 Ouid.
2040 298 2104 325 Fast,
2119 309 2137 333 4
2172 308 2219 336 7''‘

1191 322 1228 347 Da
1242 332 1345 349 veniam
1357 323 1461 357 culpae:
1486 333 1549 357 nec,
1564 325 1626 352 dum
1640 325 1825 360 degrandinat,
1844 328 1910 354 obsit
1939 331 2037 363 Agreus
2050 334 2112 361 sano
2126 320 2218 372 Hippi)3

2174 154 2220 194 58

97 359 219 399 grandem
238 365 425 399 praetextatum
450 359 534 384 filium
557 357 678 386 ducebas,
704 359 732 380 vt
753 354 853 380 etianui
872 361 963 380 natura
985 363 1093 388 puerum
1111 363 1126 381 a
1152 363 1164 388 5
1192 358 1263 383 suiss‘e
1276 367 1367 392 pecus,
1386 362 1404 384 ι’.
1418 359 1491 384 donce
1503 361 1654 395 grandinari?
1666 360 1773 395 defluat,
1793 362 1867 388 donec
1880 362 1947 396 cestre
1961 368 2065 401 grando,

99 402 213 429 paternis
227 395 302 421 vitiis
315 401 393 428 atque
412 404 427 420 a
441 394 542 428 generis
560 389 731 420 similitudine
745 389 901 421 abduceret,
918 390 1077 416 cousuetudo
1090 396 1127 415 ta-

74 454 83 461 ,
98 439 157 456 men
177 439 238 456 euin
250 436 276 456 et
289 430 426 463 disciplina
441 436 594 464 degenerare
608 434 662 452 non
674 425 775 451 sineret.
847 424 974 452 Naturale
994 424 1126 459 quoddam

99 465 184 499 stirpis
199 466 298 492 bonum
312 465 449 499 degenerat
464 466 531 491 vnio
544 463 695 495 deprauatae
707 459 850 486 voluntatis
864 460 921 486 Cic.
934 460 965 485 dc
973 461 1125 492 ClanOrat.

99 510 121 526 c.
136 509 177 533 34.
250 501 320 527 Idem
340 503 371 526 de
392 502 509 527 l’rouinc.
529 497 604 525 Cous.
626 504 648 520 c.
668 500 681 525 8
705 496 805 522 Patrem
828 494 907 521 dico:
934 496 1006 522 cuius
1026 496 1125 522 vtinam

98 536 148 562 tilii
165 545 218 562 non
237 536 426 570 degenerassent
444 546 458 562 a
472 534 597 570 grauitate
615 536 730 564 paterna.

94 572 287 606 contestataque
300 571 397 598 virtute
412 572 539 597 maiorum
553 566 606 593 Cic.
619 575 667 600 pro
682 566 773 592 Flacco
793 574 814 591 c.
833 574 863 592 11.
933 566 972 592 Id.
986 566 1018 592 dc
1032 567 1123 593 Diuin.

98 615 117 638 1,
131 609 146 632 6
167 607 214 632 Sed
235 616 248 633 a
263 607 354 633 Stoicis
375 608 414 632 vel
433 601 592 640 principibus
611 603 667 627 cius
684 601 854 635 disciplinae,
874 601 1005 628 Posidonii
1023 601 1125 633 doeior,

97 642 236 676 discipulus
250 643 381 676 Antipatri
396 637 563 675 degenerauit
577 637 721 664 Panaetius.
793 637 831 662 Ita
845 637 1019 670 degenerant,
1037 643 1065 663 vt
1080 637 1125 671 ipfl

97 686 127 703 ex
141 678 166 703 se
180 679 234 703 nati
247 678 295 703 ess‘e
310 677 445 703 videantur
459 675 514 700 Cic.
529 672 561 698 de
575 673 631 698 Fiu.
648 679 669 704 5,
686 680 709 704 13
730 681 751 698 0.
766 679 779 704 5
798 672 825 697 dc
834 671 988 707 philosophis
1000 671 1126 699 doctorum

90 713 191 747 suorzmr
198 713 336 747 sententias
350 709 514 747 deserentibus.
765 743 769 745 ‚

97 748 175 773 Cous.
189 749 292 774 Honor.
306 757 334 780 4,
346 750 402 780 367.
473 743 555 771 Marti
569 750 677 777 paterno
690 742 852 769 Sraffsheb.
868 750 888 774 1,
923 762 928 768 .
967 762 974 768 .
1046 743 1127 777 Dege-

95 791 186 809 nerare
208 785 236 809 in
255 784 385 809 feritatem
403 779 469 806 Plin.
486 787 525 813 17,
543 786 568 811 15
596 779 612 804 s.
630 786 659 810 25
684 777 712 804 de
731 779 794 804 Vite.
867 778 979 804 Dextera
1000 778 1028 804 in
1047 780 1126 805 armis

96 819 234 853 degenerat
252 819 298 845 Sil,
312 825 350 850 15,
385 834 391 842 .
507 814 604 848 Virgil.
619 814 715 848 Georg.
729 822 755 845 2,
768 822 798 846 59
822 813 955 847 Pomaque
969 812 1127 848 degenerant

96 854 183 880 succos
190 854 272 880 oblita
279 854 389 887 priores.
415 859 420 864 .
462 849 526 875 Vidi
545 849 610 875 lecta
624 848 670 875 diu
688 856 713 875 et
725 849 810 875 multo
823 849 935 882 speciata
948 849 1039 875 labore
1052 850 1125 884 dege-

95 898 185 915 nerare
199 896 284 914 tamen
296 885 349 922 (fi.
358 885 477 919 femina)
491 885 564 911 Idem
578 885 674 918 Georg.
689 893 710 916 1,
727 892 773 918 197

94 932 135 952 rat
150 925 245 958 palmas
258 921 406 948 OuidMet.
415 927 505 955 77542.
524 923 542 946 i.
556 927 671 955 quantum
684 920 718 946 ad
725 920 831 954 palmas.
869 918 1032 955 Scdjneehmt
1046 919 1126 947 lesbo.

95 961 219 986 Caeterum
233 959 408 991 Degenerare,
426 954 522 982 affine:
543 955 647 982 Colum.
661 958 690 989 7,
703 964 737 987 12,
753 963 775 980 11
799 955 827 980 de
840 955 944 980 Canibus
953 975 961 987 ‚
982 956 1051 982 Huic
1064 966 1126 991 qua-

94 995 203 1029 drupedi
217 1000 300 1026 neque
317 992 446 1022 femmae,
462 999 548 1025 neque
569 991 651 1023 mari,
675 990 722 1016 nisi
750 989 807 1024 post
832 999 931 1016 annum
952 992 1125 1024 permittenda

95 1039 176 1056 venus
188 1028 242 1059 est,
255 1035 322 1061 quae
335 1026 352 1052 si
366 1027 463 1053 teneris
481 1026 650 1058 conceditur,
673 1026 757 1059 carpit
776 1032 801 1051 et
820 1033 913 1060 corpus
927 1032 951 1052 et
966 1027 1052 1058 vires,
1072 1028 1127 1054 aui-

93 1073 201 1099 mosque
213 1063 360 1097 degenerat.

96 1102 135 1127 Ita
147 1102 261 1133 Heinsius
277 1107 288 1124 e
298 1099 373 1125 MSS.
386 1097 512 1129 emendat,
529 1097 702 1132 confirmatque
718 1098 776 1122 aliis
790 1098 929 1131 Exemplis,
947 1099 1081 1124 cuiusmodi
1094 1098 1128 1132 est

95 1136 156 1162 illud
168 1134 243 1161 Statii
254 1133 316 1160 Silu.
330 1141 352 1165 3,
365 1141 384 1164 1,
399 1136 445 1159 160
463 1134 492 1159 T
495 1140 583 1159 autum
595 1141 649 1158 non
661 1131 830 1167 degenerabit
842 1131 979 1158 honorem.
1051 1136 1128 1169 Prop.

93 1180 120 1204 4,
129 1175 180 1202 1,81
198 1169 234 1196 DI
245 1169 316 1195 mihi
330 1170 387 1194 sum
401 1168 485 1200 testes,
503 1177 557 1194 non
570 1168 731 1202 degenerasse
744 1167 916 1202 propinquos.
953 1170 994 1195 Sir
1006 1170 1127 1197 Broucklr.

93 1215 121 1231 ex
132 1205 206 1232 MSS.
252 1204 292 1231 stc
306 1204 413 1240 Paffiue:
435 1204 599 1230 Adulterinis
614 1203 730 1229 coitibus
746 1202 936 1237 degenerantur
956 1210 1042 1239 partus
1061 1206 1127 1232 leae-

89 1243 181 1267 narum
195 1239 278 1266 801111.
299 1249 320 1266 0.
337 1248 372 1274 17.
415 1240 471 1266 Via.
493 1245 736 1266 DEGENERATVS.

126 1283 144 1302 D
152 1282 220 1302 EGE
231 1282 252 1301 N
261 1282 278 1302 E
288 1282 307 1302 R
315 1282 337 1302 A
346 1282 367 1301 T
376 1275 419 1301 V'S
428 1294 437 1307 ,
452 1284 475 1307 a,
493 1283 547 1301 um.
574 1275 666 1301 Partic.
705 1276 733 1301 A
743 1282 788 1309 quo
794 1272 868 1309 filius
881 1273 1044 1310 degenerauit.
1069 1276 1128 1302 Val.

90 1311 198 1338 Maxim.
218 1319 241 1343 5,
259 1315 288 1343 8,
307 1319 325 1344 4
345 1311 450 1337 Scaurus
455 1311 514 1346 filio
533 1310 614 1344 unfit,
639 1311 666 1336 Si
680 1309 745 1344 quid
759 1309 840 1335 modo
853 1310 960 1344 reliquo
977 1311 1008 1336 in
1020 1311 1127 1346 pestere

89 1345 262 1373 verecundiae
273 1346 417 1380 superesset,
431 1346 596 1380 conspeetum
609 1345 758 1380 degenerati
771 1345 851 1379 patris
863 1345 1017 1372 vitaturum.
1053 1347 1128 1374 Idem

80 1389 119 1414 -2,
127 1389 152 1416 7,
166 1389 184 1416 7
203 1382 253 1408 His
267 1381 389 1416 piaculis,
408 1382 477 1407 Mars
491 1381 598 1416 imperii
611 1382 693 1408 nostri
707 1387 793 1415 pater,
816 1380 863 1407 vbi
876 1381 965 1415 aliqua
981 1390 1012 1407 ex
1027 1389 1099 1417 parte
1111 1392 1126 1409 a

89 1417 141 1443 suis
152 1417 274 1452 auspiciis
287 1417 472 1452 degeneratum
487 1424 557 1448 erat,
572 1426 671 1443 numen
684 1422 759 1443 tuum
771 1416 973 1451 propitiabatur.

124 1458 428 1485 DEGENERATlo,
446 1460 470 1479 et
488 1459 806 1484 DEGENERATOR,
823 1452 890 1487 apud
902 1452 1038 1487 Angustia.
1076 1473 1082 1480 .

124 1495 143 1514 D
152 1495 168 1514 E
178 1495 199 1515 G
208 1495 224 1515 Ε
232 1496 255 1515 Ν
265 1496 275 1515 1
286 1494 305 1514 ο
316 1508 324 1520 ,
358 1492 410 1514 are.
459 1487 614 1521 Imoenustum
638 1488 747 1515 reddere.
791 1488 969 1522 Vsurpatione
988 1488 1128 1523 degeniare

89 1523 190 1558 aliquid
206 1523 346 1551 Cassiodor.
367 1523 407 1550 lib
419 1530 440 1556 5.
476 1523 549 1559 Conf.
570 1522 633 1557 Voſji
649 1524 676 1550 de
690 1523 772 1549 Vitiis
786 1523 816 1549 L.
829 1524 857 1549 L.
871 1532 899 1556 4,
912 1531 933 1556 5.

122 1566 142 1586 D
151 1566 167 1585 E
177 1565 198 1586 G
208 1566 225 1586 Ε
234 1567 256 1586 Ν
266 1568 276 1586 1
284 1567 306 1586 A
316 1566 337 1586 Τ
346 1567 365 1585 ν
375 1567 387 1586 s
395 1578 404 1591 ,
420 1568 443 1590 a,
463 1568 517 1585 um.
554 1560 647 1586 Partic.
685 1558 793 1585 Cassiod.
807 1558 886 1592 Epist.
902 1567 938 1588 12,
950 1566 983 1584 11.

123 1601 143 1621 D
152 1601 169 1621 E
178 1601 199 1622 G
209 1593 226 1621 ἕ
236 1602 255 1621 R
264 1602 283 1622 Ο
292 1615 301 1628 ,
321 1594 345 1620 ffi
353 1614 361 1627 ,
380 1595 446 1620 stum
454 1614 463 1627 ,
483 1597 536 1620 stre.
574 1595 784 1628 [ms-ammonas]

81 1629 155 1665 serre
170 1630 295 1666 deorsum,
313 1633 331 1656 i.
343 1629 462 1665 perdere,
487 1639 514 1655 m
533 1629 677 1655 barathrum
691 1629 803 1654 abiicere.
848 1629 928 1654 Plaut.
941 1629 1012 1654 Men.
1026 1635 1048 1660 5,
1062 1636 1088 1659 2,
1102 1635 1129 1660 53

87 1665 132 1690 Μο
144 1665 287 1698 despouat‚
305 1674 362 1691 mea
376 1672 528 1691 ornamenta
542 1664 609 1698 apud
626 1663 778 1690 meretrices
793 1663 902 1697 degerit.
933 1662 981 1688 Vbi
993 1666 1128 1696 interpres,

88 1699 211 1734 chcrit,
232 1700 301 1734 apud
320 1701 470 1726 meretrices
483 1699 621 1730 Absuniit,
642 1700 826 1731 interpretatus
838 1697 882 1722 est.
931 1697 1004 1722 Idem
1017 1697 1089 1721 Men.
1104 1704 1127 1727 5,

89 1743 109 1765 1,
123 1743 154 1765 41
176 1737 263 1768 Atque
277 1734 344 1760 illud
355 1742 419 1760 tuae
433 1735 535 1767 degeris
550 1734 658 1759 amicae.
714 1732 780 1758 Plin.
796 1739 832 1761 12,
846 1738 881 1764 27
902 1731 919 1756 s.
934 1732 969 1755 60
988 1731 1129 1763 Degeritur

88 1768 116 1794 in
131 1768 246 1801 pastillos
259 1769 288 1803 f.
303 1768 433 1801 digeritur
449 1769 543 1792 melius.

121 1809 139 1829 D
148 1809 165 1828 Ε
173 1808 194 1829 G
203 1809 221 1827 1.
230 1802 252 1828 A
261 1810 277 1828 Β
286 1809 304 1827 R
313 1809 332 1828 0
341 1821 350 1833 ,
381 1804 434 1826 are.
471 1801 586 1827 Glabrum
594 1799 683 1835 facere
690 1818 698 1831 ,
714 1799 833 1824 corticem
845 1798 946 1824 demere.
982 1798 1084 1825 Paullus
1100 1799 1129 1826 in

84 1837 102 1864 l.
115 1836 239 1864 Caedere
251 1838 282 1863 D.
294 1837 429 1863 Arborum
441 1835 505 1862 furt.
519 1836 612 1861 caesar.
625 1834 742 1861 Caedere
762 1833 797 1860 est
817 1843 873 1860 non
885 1834 970 1860 solum
983 1835 1126 1868 succidere,

85 1873 126 1900 sed
141 1873 223 1899 etiam
235 1872 318 1899 ferire
332 1871 458 1898 caedendi
470 1872 552 1897 causa.
590 1870 703 1904 Cingere
715 1869 751 1895 est
764 1869 931 1903 Deglabrare.

120 1912 193 1935 DEG
203 1916 219 1934 L
228 1914 274 1935 AB
284 1915 333 1935 ΚΑ
345 1914 367 1934 Τ
378 1914 397 1934 V
407 1914 437 1939 s,
453 1915 477 1938 a,
497 1915 552 1933 um.
588 1907 681 1934 Partic.
717 1904 834 1931 Laetam.
850 1913 869 1940 1,
883 1913 921 1931 21.

121 1945 318 1974 DEGLVBO,
350 1944 403 1969 ere.
439 1941 615 1976 [ἄπολεπίζω]
663 1941 782 1967 Corticem
801 1943 919 1972 eximere,
943 1939 1062 1975 Siliquam
1082 1946 1126 1966 aut

78 1979 221 2017 folliculum
239 1986 364 2010 excutere,
383 1985 406 2004 et
420 1979 531 2003 Granum
543 1978 592 2012 Jua
613 1976 706 2002 nudare
726 1979 820 2002 tunica.
858 1977 945 2002 Varro
965 1975 996 2001 de
1011 1976 1042 2001 R.
1054 1976 1086 2001 R.
1107 1985 1127 2008 1,

48 2044 51 2045 ⁷
85 2021 126 2049 48,
140 2024 156 2042 2
176 2014 257 2048 Qtod
272 2023 304 2040 eo
317 2013 439 2040 folliculo
453 2012 607 2046 deglubitur
622 2020 741 2046 granum.
783 2011 840 2037 Vid.
858 2016 975 2038 GLVBO.
1029 2011 1126 2045 Deglu-

84 2051 162 2082 bere,
174 2051 438 2086 pertram-slatimzem,
458 2048 491 2081 ςίὶ
505 2049 593 2074 Palem
608 2047 743 2073 detrahere.
783 2048 870 2073 Varro
882 2046 949 2082 apud
962 2046 1033 2072 Non.
1048 2054 1072 2077 2,
1081 2049 1128 2076 688

84 2087 182 2113 Peliam
197 2085 312 2112 Medeae
330 2083 487 2119 permisisse,
512 2088 541 2109 vt
562 2083 588 2109 se
608 2082 651 2108 vel
670 2082 763 2108 viuum
786 2082 956 2116 degluberet,
981 2080 1127 2107 dummodo

65 2130 68 2131 ⁷
87 2121 160 2157 daret
173 2121 309 2156 puellum(

86 2157 119 2184 ab
139 2157 247 2189 amicis,
267 2161 297 2182 vt
310 2154 519 2190 prouincialibus
537 2158 643 2188 augeret
660 2152 818 2186 vectigalia,
838 2152 986 2186 rescripsit,
1004 2152 1072 2179 Boni
1086 2161 1127 2186 pa-

83 2192 160 2218 storis
172 2192 220 2218 esse
234 2191 344 2218 tondere
357 2200 443 2225 pecus,
460 2199 515 2216 non
528 2190 677 2225 deglubere.
718 2188 775 2214 isid.
789 2188 937 2222 DiomCaffZ
951 2189 993 2214 lib.
1005 2198 1046 2222 57.
1085 2186 1126 2221 ast

84 2231 157 2255 etiam
168 2227 285 2254 libidinis
298 2227 424 2253 muliebris
443 2226 550 2252 verbum.
606 2224 704 2251 Auson.
717 2224 804 2258 Epigr.
818 2232 847 2258 71
874 2223 1018 2257 Deglubit,
1038 2222 1127 2255 fellat,

83 2263 196 2290 molitur
210 2271 256 2297 per
270 2269 408 2296 Vtramque
421 2269 574 2288 cauernam:
592 2260 674 2295 fimile
688 2259 840 2288 Catulliano
855 2265 882 2290 58
908 2258 1004 2286 Glubit
1023 2268 1127 2293 magna-

84 2299 171 2325 nimos
185 2299 264 2325 Remi
281 2305 396 2332 nepqtes.
486 2318 489 2321 .

120 2341 139 2361 D
149 2341 165 2361 E
175 2340 195 2361 G
206 2340 223 2360 1.
233 2341 277 2360 vr
287 2340 308 2359 Τ
318 2341 376 2366 vs,
392 2341 425 2365 a,
445 2341 499 2359 um.
536 2333 604 2359 Part.
640 2331 723 2358 Plaut.
737 2330 843 2357 Poenul.
858 2338 880 2364 5,
896 2339 919 2364 5,
938 2338 965 2363 33
997 2330 1127 2364 Deglupta

84 2378 176 2396 maena
188 2372 326 2396 conuicium
340 2371 367 2395 in
380 2369 500 2395 hominem
513 2369 615 2394 mollem.
651 2369 745 2393 Maena
753 2367 834 2403 piscis
846 2367 918 2399 vilis,
930 2366 1128 2402 degiubifhlitus

85 2413 114 2433 vt
126 2405 257 2441 anguillae.
294 2404 414 2432 Marcell.
429 2405 504 2438 Emp.
524 2413 546 2430 c.
562 2405 591 2430 16
616 2403 676 2429 Mus
691 2402 838 2436 degluptus.

122 2447 142 2466 D
150 2448 168 2467 E
177 2447 198 2467 G
206 2448 223 2467 1.
231 2447 251 2467 v
259 2446 281 2466 'r
291 2438 333 2466 i‘N
345 2446 365 2467 0
375 2455 384 2472 ,
415 2443 466 2466 are.
503 2438 691 2472 [αἰποκολλαὶω]
725 2440 875 2474 Disiungere
897 2436 961 2472 quod
976 2436 1127 2472 glutinatum

85 2483 148 2503 erat.
185 2476 251 2502 Plin.
265 2483 305 2508 25,
321 2484 343 2507 13
360 2476 380 2501 s.
397 2483 436 2507 103
461 2475 555 2508 Purgat
568 2473 639 2500 enim
653 2475 741 2499 vlcera
753 2473 910 2504 oculorum,
925 2474 1080 2506 expletque,
1101 2476 1128 2497 et
1139 2487 1170 2518 55

84 2512 116 2539 ad
131 2512 280 2538 cicatricem
293 2510 428 2545 perducit,
448 2509 585 2545 palpebras
600 2509 757 2543 deglutinat.

65 2550 74 2553 ²
119 2553 342 2579 DEGLv'rio,
367 2547 407 2572 υεί
428 2548 750 2577 DDGLv‘rT10,ire.
787 2541 862 2579 Quasi
879 2549 907 2568 tu
926 2542 997 2568 dicas
1014 2541 1124 2576 deorfiaem

84 2582 176 2618 glutire
196 2589 239 2608 aut
277 2582 386 2608 lutiendo
408 2581 536 2608 detrudere
549 2584 577 2607 in
593 2581 764 2606 ventriculum.
819 2580 852 2605 Vt
875 2578 1016 2612 deglutiret
1034 2578 1126 2603 Ionam

86 2617 204 2652 (pzscis)
218 2618 259 2642 Vu
272 2622 323 2650 gat.
336 2618 393 2642 Ion.
405 2625 431 2647 2,
445 2625 463 2642 1.
499 2616 573 2651 Conf.
587 2616 624 2641 Id.
640 2616 732 2641 Psalm.
745 2623 798 2646 123,
812 2623 832 2644 3.
867 2614 963 2639 Alcim.
973 2613 1124 2645 Au.4,564.

121 2658 165 2679 DE
175 2658 196 2678 G
208 2659 223 2677 t.
233 2657 283 2678 va*
293 2657 327 2676 113
339 2657 358 2675 N
372 2658 384 2676 s
394 2669 401 2681 ,
421 2650 495 2676 entis.
533 2650 625 2675 Partic.
661 2650 765 2683 Vulgat.
780 2658 790 2674 1
803 2649 856 2674 Pet.
870 2656 892 2679 3,
910 2656 951 2673 22.

122 2693 197 2713 DEG
209 2692 246 2717 O,
277 2689 331 2712 ere.
366 2684 477 2718 [διάγω]
520 2683 595 2718 Qzafi
615 2683 684 2709 dicas
703 2684 827 2716 deigere,
847 2684 887 2708 ve!
905 2684 985 2716 Vsque
998 2681 1032 2707 ad
1042 2680 1121 2716 finem

83 2731 171 2758 agere,
188 2722 309 2747 ducerem.
345 2721 412 2746 Ter.
420 2720 529 2751 Adcl.4‚
544 2727 564 2750 1,
578 2721 595 2744 6
618 2719 696 2744 Hunc
715 2718 785 2744 diem
803 2725 973 2751 perpetuum,
993 2722 1021 2742 vt
1039 2717 1124 2750 coepi,

84 2758 163 2791 cupio
176 2757 205 2782 in
217 2755 319 2782 laetitia
332 2755 433 2790 degere.
491 2754 532 2781 Sic
546 2761 569 2779 et
584 2753 667 2778 Plaut.
681 2753 758 2779 Most.
774 2761 795 2783 3,
810 2761 831 2783 1,
844 2760 865 2782 3.
935 2752 1003 2777 Ter.
1018 2751 1122 2776 Phorm.

87 2801 109 2826 2,
124 2801 147 2825 2,
160 2799 196 2826 70
214 2792 249 2817 Vt
260 2799 319 2816 cum
332 2800 364 2816 eo
377 2799 431 2817 vno
443 2795 554 2816 aetatem
568 2788 682 2822 degeret.
731 2804 734 2805 ν
753 2787 809 2813 Cic.
824 2794 877 2820 pro·
887 2786 961 2811 Rosc.
977 2786 1066 2811 Amer.
1080 2793 1124 2818 150

85 2838 107 2855 ε.
122 2836 149 2861 52
168 2829 238 2853 Inter
251 2826 319 2852 feras
333 2826 411 2851 satius
426 2825 461 2851 est
474 2830 585 2850 aetatem
598 2825 707 2857 degere,
721 2831 802 2857 quam
814 2822 843 2848 in
857 2821 904 2846 hac
918 2826 987 2847 tanta
1002 2821 1123 2846 immani.
1143 2829 1176 2858 73
1190 2833 1246 2850 cam
1266 2823 1414 2852 dehaurito,

86 2862 138 2891 tate'
150 2861 258 2889 versari.
312 2860 384 2887 Idem
399 2861 431 2886 de
445 2861 540 2886 Natur.
554 2860 632 2885 Deor.
648 2868 668 2891 1,
705 2878 711 2883 .
749 2877 755 2884 .
826 2858 926 2891 Degere
940 2865 1045 2882 omnem
1059 2862 1126 2882 aeta-

84 2906 137 2927 tem
151 2899 179 2924 in
191 2896 384 2931 tranquillitate
397 2896 453 2922 Cic.
464 2896 496 2921 de
506 2895 597 2926 Fin.2,
612 2899 658 2924 118.
730 2894 807 2920 Aetas
822 2893 927 2926 degitur
947 2892 994 2918 sub
1008 2899 1075 2918 nutu
1090 2893 1124 2918 ai—

88 2935 169 2962 terius
183 2934 286 2960 Lucret.
300 2941 326 2965 4,
341 2934 401 2958 1116.
473 2930 529 2957 Cic.
542 2930 594 2957 Off.
610 2938 629 2962 1,
644 2937 684 2963 117
702 2929 731 2954 Id
746 2929 794 2955 sibi
807 2929 918 2964 quisque
932 2928 1020 2954 Genus
1034 2929 1125 2954 aetatis

89 2969 219 3004 degendae
233 2967 385 3000 constituit,
405 2967 476 3002 quod
490 2966 605 2992 maxime
623 2964 765 2991 adamauit.
836 2966 938 2989 Aenum
957 2963 1064 2997 pulchre
1084 2963 1127 2989 dc-

90 3014 149 3041 gere
163 3006 267 3031 Lucrct.
282 3011 305 3036 5,
321 3011 372 3038 173.

89 3042 193 3074 degitur
207 3040 257 3066 hoc
269 3039 347 3071 aeui,
367 3039 545 3073 quodcunque
558 3037 594 3063 est
607 3037 679 3063 Idem
693 3045 718 3068 2,
729 3038 765 3062 16.
801 3036 874 3071 ConJ.
888 3035 926 3061 ld.
941 3044 962 3067 3,
976 3043 1019 3067 303
1037 3042 1060 3061 et
1073 3043 1125 3067 510.

81 3076 185 3103 Bellum
203 3084 262 3101 cum
282 3074 368 3100 ventis
385 3074 490 3100 Lucret.
503 3083 531 3106 4,
550 3075 599 3106 965
625 3072 742 3098 dicuntur
762 3078 859 3097 nautae.
897 3072 942 3097 Sea
956 3070 1012 3106 Gif.
1025 3078 1049 3096 ει
1062 3072 1122 3097 Par.

89 3115 172 3148 legunt
187 3111 329 3146 Degerere.
375 3110 463 3135 creech
482 3117 597 3135 cernere.
674 3107 787 3133 Corium
807 3106 840 3133 de
860 3112 936 3140 tergo
955 3106 1082 3138 alicuius,
1107 3109 1126 3132 i.

92 3146 225 3173 detrahere
234 3166 243 3179 ,
263 3143 363 3172 auam-e
377 3145 470 3171 Nonio
483 3154 512 3177 4,
526 3151 567 3179 117
589 3142 656 3178 apud
666 3143 747 3169 Plaut.
758 3141 832 3176 Epid.
849 3150 869 3174 1,
882 3150 902 3174 1,
915 3145 945 3173 63
971 3141 1036 3178 quast
1050 3143 1127 3169 Deor-

88 3182 140 3217 ι[11111
159 3191 237 3218 agere.
277 3180 335 3207 Vid.
354 3181 390 3206 ibi
407 3181 509 3206 Taubm.
812 3178 817 3182 ”

95 3216 180 3243 Α111111.
193 3225 220 3249 2,
232 3224 253 3249 Ι,
265 3225 295 3249 43
316 3216 395 3242 Ν11110
415 3224 464 3250 ego
477 3215 569 3247 istum,
589 3215 666 3240 soror
683 3214 801 3240 laborem
821 3212 924 3248 degam,
938 3219 963 3238 et
976 3212 1126 3239 diminuam

70 3286 75 3287 .
92 3251 156 3282 tibi,
174 3255 299 3287 antiquum
320 3250 353 3283 est
367 3258 389 3277 ct
410 3250 561 3285 inusitatum.
596 3250 632 3275 ibi
647 3251 721 3286 vulgo
734 3249 854 3275 Demam.
891 3248 943 3275 Ad:
957 3249 1078 3275 Nonium
1096 3257 1125 3282 4,

94 3293 144 3319 117.
206 3287 276 3315 Cato
290 3287 320 3312 R.
335 3287 365 3313 R.
380 3294 421 3321 37,
435 3294 448 3319 5
472 3287 511 3312 De
529 3285 608 3312 vinea
626 3291 651 3311 et
665 3284 808 3313 arboribus
825 3284 921 3319 putatis
940 3284 1068 3311 sannenta
1081 3284 1124 3310 de-

92 3329 162 3355 gere.
198 3321 236 3346 Sic
253 3321 348 3348 Vistor.
362 3330 384 3348 et
401 3323 454 3348 rell.
472 3324 540 3348 Ante
553 3321 666 3355 deterge.
705 3319 833 3356 Infinitum
841 3319 1019 3354 poscitfiries.
1063 3320 1127 3346 Otia

94 3358 122 3383 in
135 3354 350 3384 thalamoCatull.
365 3361 405 3389 68,
420 3361 489 3392 (67)
503 3366 559 3390 104.
632 3356 712 3390 Qiod
726 3356 859 3390 reliquum
873 3355 908 3381 est
921 3356 1007 3389 vitae,
1024 3355 1054 3381 in
1067 3358 1125 3382 otio

94 3393 186 3425 degere
203 3391 297 3417 Matius
309 3393 339 3418 ad
354 3394 409 3420 Cic.
424 3395 496 3419 Fam.
510 3402 544 3424 11,
558 3397 597 3424 28,
608 3400 651 3419 20.
723 3390 858 3418 Senectam
871 3397 975 3425 turpem
992 3393 1059 3418 Hor.
1074 3392 1124 3418 Od.

93 3437 114 3460 1,
128 3435 163 3459 31,
177 3434 218 3451 20.
273 3426 390 3462 Tempus
401 3429 492 3456 aetatis
510 3428 562 3454 sine
576 3427 696 3454 molestia
712 3427 766 3453 Cic.
780 3427 812 3452 de
826 3426 925 3453 5011061.
940 3435 964 3453 2..
1035 3427 1125 3454 Vitam

94 3463 167 3490 Idem
180 3469 228 3495 pro
241 3461 267 3486 P.
279 3460 348 3488 Sulla
381 3483 388 3490 .
546 3463 619 3490 Idem
632 3463 683 3489 Off.
699 3471 719 3495 1,
734 3471 755 3489 11
781 3462 869 3489 Facile
890 3462 972 3488 totius
984 3462 1055 3490 vitae
1069 3472 1126 3490 cur-

94 3499 150 3524 snm
163 3497 236 3523 Videt
245 3516 252 3528 ²
276 3496 307 3521 ad
321 3504 426 3533 eamque
440 3498 583 3534 degendam
601 3504 737 3533 praeparat
749 3507 790 3524 res
810 3498 968 3524 necess'ariaS.
1046 3499 1126 3525 Placi-

94 3534 153 3559 dam
166 3541 194 3558 ac
209 3537 323 3566 pacatam
339 3532 418 3560 vitam
430 3535 534 3561 Lucret-
548 3542 570 3567 5,
588 3542 649 3561 1121.

90 3570 232 3602 Fin.4,3o.
255 3602 260 3606 ι
301 3566 387 3592 Vitam
399 3569 427 3594 in
439 3570 547 3603 egestate
562 3569 635 3596 Idem
649 3578 698 3604 pro
711 3570 785 3596 Rosc.
800 3569 888 3596 Amer.
906 3578 928 3595 c.
945 3578 987 3602 49.
1032 3571 1121 3596 Vitam

92 3605 121 3632 iu
133 3604 216 3630 exilio
229 3603 286 3629 Cic.
309 3608 444 3635 antequam
456 3605 507 3632 iret
520 3607 548 3631 in
561 3605 621 3631 exil.
635 3613 677 3638 29.
748 3605 836 3632 Vitam
850 3605 902 3632 fine
917 3610 988 3631 metu
1008 3604 1080 3632 Idem
1095 3605 1127 3632 de

93 3641 158 3679 Fin..
169 3647 190 3671 3,
228 3658 234 3664 .
273 3657 280 3664 .
351 3638 386 3662 Ex
400 3634 482 3672 Jstquo
495 3650 554 3667 eum
566 3641 701 3675 aliquibus
721 3641 788 3667 Plin.
803 3643 828 3672 6,
842 3649 872 3674 25
897 3642 914 3668 s.
930 3649 971 3672 29.
994 3644 1012 3666 i.
1033 3644 1124 3669 viuere.

93 3677 176 3715 Degi,
196 3673 317 3709 infinitio.
336 3673 473 3704 le-12r1
492 3676 509 3701 s.
523 3684 540 3702 2
558 3676 633 3702 Mille
649 3682 781 3711 praeterea
796 3678 852 3702 sunt
871 3677 930 3702 vsus
949 3684 1054 3708 earum,
1073 3676 1125 3703 sine

95 3719 170 3745 queis
183 3710 239 3735 vita
255 3708 316 3742 degi
333 3717 384 3733 non
399 3707 479 3742 poffit.
504 3710 530 3735 de
542 3712 690 3738 Arboribus.
726 3711 891 3744 Symmachus
906 3718 1016 3751 praeter.
1023 3712 1125 3748 format
1136 3722 1183 3740 100
1194 3713 1278 3739 Trist.
1293 3721 1316 3745 5,
1331 3721 1367 3745 12,
1386 3720 1428 3747 27.

93 3746 189 3780 Degui,
202 3744 278 3779 Epist.
289 3753 307 3775 1,
316 3753 345 3775 32
365 3745 394 3769 111
409 3743 535 3769 00111113111
548 3745 682 3780 deguimus
695 3747 775 3773 ambo
787 3748 845 3773 aeui
859 3747 965 3780 tlisparl.
1069 3745 1095 3810 l
1110 3756 1123 3774 2

95 3782 209 3819 Degere,
229 3780 331 3813 antiqui
346 3780 486 3813 posuerunt
499 3788 547 3812 pro
560 3781 714 3815 Expectare,
735 3782 831 3809 Festus.
903 3782 1034 3817 Degerere
1046 3789 1069 3810 et
1087 3784 1125 3810 ‘x-

91 3822 194 3850 portare
200 3816 361 3851 ficspicantur
374 3817 427 3841 viri
438 3812 512 3840 aoffi.
660 3840 666 3841 .

129 3856 337 3883 DEGRADO,
356 3854 407 3876 are.
444 3849 607 3883 Degradandi
624 3851 757 3880 Senatores
774 3852 881 3881 licentia
901 3853 919 3880 1.
933 3862 945 3884 3
972 3855 1002 3880 C.
1021 3854 1053 3881 de
1070 3854 1124 3882 Off.

92 3886 192 3921 magist.
212 3886 257 3912 off.
283 3889 307 3913 -i.
322 3886 402 3921 gradu
414 3893 437 3913 et
447 3886 536 3913 honore
548 3884 686 3914 deiiciendi.

199 3927 220 3949 V
229 3928 249 3949 0
259 3927 285 3947 L.
320 3922 354 3949 Π.

802 530 966 564 Degenerare
985 539 999 557 a
1018 531 1127 565 perenni
1146 547 1174 564 ιο
1192 533 1280 561 ferunt
1295 545 1300 560 2
1323 535 1402 561 etiam
1418 535 1515 568 peritos
1532 537 1621 568 nandi,

584 708 653 734 Patri
666 707 824 741 degenerare
839 707 974 734 claudian.
989 708 1080 743 Paneg.
1095 708 1126 734 de
1148 721 1172 747 ¹5
1191 716 1265 742 neat,
1285 712 1363 736 etiam
1377 711 1469 745 mergi.

843 885 909 910 Acer
922 893 1005 918 equus
1018 885 1126 919 degene-
1138 896 1172 914 20
1193 887 1302 922 grauati.
1336 888 1428 914 Manus
1440 888 1555 922 pondere
1568 889 1722 924 degrauatae
1736 890 1813 924 Apul.
1831 892 1894 917 Met.
1908 901 1924 927 7

429 1062 509 1088 Ouid.
525 1071 556 1088 ex
570 1063 653 1088 Ponto
664 1069 687 1093 3,
703 1069 727 1094 1,
741 1068 774 1093 45
801 1062 875 1087 Hanc
895 1069 958 1087 caue
979 1062 1126 1096 degeneres.
1146 1078 1176 1104 23
1194 1071 1221 1098 7,
1235 1073 1264 1097 14
1284 1071 1348 1090 extr.
1383 1072 1406 1091 et
1425 1074 1446 1091 c.
1466 1074 1500 1099 24
1514 1073 1558 1101 pr.
1589 1069 1619 1091 it.
1634 1074 1670 1096 21,
1688 1074 1723 1098 32-

820 1594 886 1620 ldem
899 1593 963 1628 quod
978 1594 1075 1624 Geren-e,
1088 1594 1129 1618 vel
1137 1607 1174 1631 40

1143 1955 1174 1982 50
1196 1948 1251 1975 148,
1265 1953 1275 1970 1
1301 1944 1402 1971 Vinum
1420 1945 1485 1971 boni
1506 1945 1559 1971 viri
1577 1945 1707 1972 arbitratu
1727 1944 1870 1979 degustato.

370 2118 503 2146 Tiberius
518 2119 627 2151 Caesar,
647 2115 746 2144 aufbore
760 2117 865 2144 Sueton.
881 2127 902 2144 c.
915 2125 943 2149 32
968 2116 1127 2143 Admonitus
1147 2129 1175 2156 55
1194 2119 1268 2152 Ignes
1281 2119 1416 2153 degustant
1434 2119 1507 2154 tigna
1522 2119 1602 2147 celeri
1619 2120 1723 2147 flamma
1736 2121 1841 2147 Lucret.
1854 2130 1879 2154 2,
1894 2131 1945 2156 ¹92·

1149 2303 1184 2329 60
1194 2296 1340 2330 degustabis
1354 2297 1445 2324 Tacit.
1461 2298 1528 2323 Ann.
1543 2300 1570 2330 6,
1590 2307 1630 2324 20.
1648 2314 1652 2317 ·

1139 2664 1175 2692 ¹20

429 3002 560 3035 Qialibus
575 3001 603 3027 in
618 2999 750 3033 tenebris,
769 2999 840 3026 vitae
853 2999 1009 3034 quantisque
1023 2999 1127 3034 periclis
1139 3010 1170 3035 80
1191 3003 1302 3036 gratiam
1338 3003 1407 3030 Fore
1416 3004 1513 3030 Thais.

588 3178 720 3205 Laborem
739 3178 834 3208 alicui,
852 3181 870 3203 ι’.
891 3177 1025 3204 diminuere
1043 3178 1125 3204 Plaut.
1146 3186 1175 3216 ες
1188 3186 1236 3215 pro
1249 3180 1357 3212 Deinde,
1378 3181 1444 3207 Adu.
1458 3182 1563 3208 ordinis.
1602 3183 1658 3209 Cic.
1667 3183 1749 3209 Tusc.
1764 3192 1789 3215 2,
1824 3203 1830 3210 .

1149 3371 1184 3396 90
1191 3358 1259 3384 buit.

1137 3889 1334 3925 105finduntur,
1352 3894 1453 3923 crepant
1470 3887 1535 3949 P1l1in.
1550 3897 1577 3922 9,
1594 3897 1619 3922 15
1638 3889 1654 3915 s.
1670 3898 1711 3916 20.
1747 3892 1785 3918 De
1800 3891 1924 3926 Tlgj'nnis.

1227 400 1470 433 nronassou,
1491 399 1554 426 aris,
1575 400 1628 422 atus
1642 397 1713 428 sum,
1733 398 1779 424 ari.
1805 398 2033 436 [ἐγκατασκήπτω]
2064 405 2123 431 Stat.
2135 407 2209 435 Achil

1195 436 1214 460 1,
1230 432 1282 461 406
1307 429 1361 469 Vbi
1373 435 1441 455 tanta
1454 429 1551 456 mim-ia
1564 432 1662 464 primos
1696 432 1839 467 Degrassata
1853 432 1948 461 duces?
1969 437 1986 461 i.
2003 445 2088 466 contra
2098 443 2185 469 Duces.
2212 429 2219 435 “

1228 471 1326 491 DFGR
1338 472 1359 490 A
1370 470 1435 496 VO,
1467 469 1518 490 ure.
1545 466 1735 505 ,[κατωςάρέω]
1777 470 1879 495 Gratum
1898 476 1920 496 et
1932 472 2094 508 ponderosum
2112 478 2209 505 reddere

1186 504 1312 532 Premfff,
1330 498 1463 532 molestare.
1520 501 1579 526 Lm.
1593 510 1625 534 4,
1646 511 1671 533 33
1696 504 1769 529 Alios
1783 504 1811 529 in
1830 513 1922 538 aquam
1944 510 2091 542 compulsos
2106 500 2220 547 gurgite}

1199 569 1215 575 ἱ.
1258 571 1262 574 .
1512 571 1516 575 .
1571 572 1575 576 .
1640 537 1755 565 lallitudo
1768 545 1792 565 et
1805 540 1921 572 vulnera,
1942 549 1966 568 ct
1978 551 2061 576 pauor
2069 545 2208 580 degrauant

1193 572 1277 609 arguis
1295 579 1324 596 ex
1344 571 1491 596 transuerso
1510 571 1590 597 illat1s
1611 571 1783 606 degrauabant
1801 584 1883 609 prope
1909 578 2117 607 circumuentum
2137 570 2218 611 cornu

1193 605 1251 631 Liu.
1268 614 1290 637 3,
1309 608 1359 645 63...
1381 609 1400 632 ι’.
1414 605 1496 645 cedere
1511 607 1640 642 cogebant,
1659 616 1724 634 retro
1744 610 1855 646 agebant.
1925 613 2069 648 chrauari
2087 620 2167 643 minus
2187 619 2221 652 est

1193 649 1263 680 quam
1276 641 1362 680 Mergi
1375 651 1380 666 :
1405 640 1469 666 Plin.
1483 650 1508 674 9,
1522 649 1534 674 5
1558 642 1607 681 s.⁴4
1627 644 1769 671 Ascendere
1781 654 1841 671 eum
1856 647 1960 681 nauigia
1974 650 2108 677 noeturnis
2123 659 2220 688 tempo-

1192 675 1280 706 ribus,
1302 675 1438 710 statunque
1451 676 1587 710 degrauari
1601 686 1662 711 quas
1676 679 1796 707 insideret
1809 687 1892 714 partes
1908 693 1912 707 z
1939 689 1964 709 et
1978 685 1994 710 u'
2009 686 2107 713 diutius
2123 697 2221 722 perma-

1564 712 1664 752 Labore
1685 716 1771 748 operis
1791 716 1928 751 degrauari
1952 720 2082 747 Columcl.
2097 725 2122 755 6,
2142 732 2166 756 2,
2188 733 2221 752 1¹.

1191 746 1283 772 Genua
1297 754 1403 780 quoque
1421 746 1544 781 degrauat
1563 748 1626 773 le.
1643 757 1679 781 22,
1699 758 1729 782 25
1757 752 1773 776 s.
1787 759 1825 785 73.
1897 754 2030 781 Paullatim
2052 743 2223 792 degrauatuiii

1191 780 1307 815 pondere
1328 782 1375 807 suo
1394 791 1514 816 praeceps
1532 783 1674 811 attrahetur
1688 785 1818 812 Columel.
1832 796 1851 819 1,
1865 796 1887 821 5,
1906 797 1942 815 10.

1192 817 1293 843 vlmum
1314 816 1395 843 Ouid.
1408 818 1493 844 Trist.
1508 826 1530 851 5,
1547 827 1568 850 3,
1587 827 1623 851 35.

1228 858 1272 879 DE
1283 858 1517 885 GRAVATVS,
1536 863 1566 887 a,
1590 864 1643 881 um.
1679 855 1770 881 Par-tic.
1809 856 1915 884 Phaedr.
1930 868 1956 892 4,
1976 869 2013 893 21,
2028 858 2058 896 ις’
2076 864 2163 891 onere
2181 865 2223 892 de,

2013 792 2080 818 Vitis
2100 794 2224 828 degrauat

1927 914 2020 925 ,..

1228 929 1246 949 D
1255 929 1270 949 E
1281 928 1301 948 G
1312 928 1330 947 R
1342 929 1363 948 A
1374 931 1393 949 V
1402 931 1423 949 Α
1432 930 1453 950 Τ
1462 931 1478 950 Ε
1486 943 1493 955 ,
1527 925 1592 951 Adu.
1632 925 1697 959 apud
1722 926 1856 960 Augustin.
1891 946 1897 952 .
1940 948 1946 954 .

1217 964 1272 997 “DE
1282 964 1302 985 G
1312 964 1331 984 R
1341 965 1357 984 Ε
1366 965 1431 986 o10
1440 966 1472 990 R,
1493 960 1560 992 eris,
1580 960 1626 986 fl'us
1639 961 1705 992 sum,
1719 960 1771 987 edi.
1791 961 1854 995 Dep.
1875 961 2030 994 [nm-acam,
2038 969 2048 999 ]
2069 969 2215 1004 Dffi-wdm

1192 994 1252 1032 1⁴¹⁰:
1267 1002 1289 1026 3,
1303 996 1337 1019 62
1357 994 1536 1021 Verecundiae
1562 1001 1617 1021 erat
1641 996 1758 1029 equitem
1776 996 1824 1022 suo
1842 996 1982 1032 alienoque
1998 1001 2081 1027 Marte
2100 990 2224 1038 pugnare.

1192 1028 1308 1062 peditem
1322 1037 1354 1054 ue
1367 1029 1398 1056 ad
1413 1030 1488 1064 pedes
1502 1029 1609 1065 quidem
1622 1030 1736 1065 degresso
1750 1032 1835 1066 equiti
1851 1041 1939 1066 parem
1954 1035 2009 1060 else.
2065 1038 2137 1073 Cous.
2153 1027 2223 1067 Iden}

1359 1100 1363 1104 Ι
1475 1101 1480 1105 ᾖ
1723 1101 1728 1106 ¹
1792 1068 1823 1093 In
1844 1069 1947 1102 specum
1964 1070 2091 1103 degressus
2110 1074 2225 1102 sacerdos

1193 1099 1283 1126 hausta
1295 1100 1377 1139 sontis
1396 1109 1483 1127 arcani
1496 1108 1578 1136 aqua,
1597 1109 1642 1127 etc.
1661 1101 1750 1127 Tacit.
1765 1110 1791 1133 2,
1810 1110 1850 1136 54.
1919 1104 1994 1130 Pullo
2011 1107 2109 1133 amictu
2129 1110 2226 1143 palatio

1193 1134 1347 1174 degreditur
1366 1135 1437 1162 Idem
1452 1136 1519 1162 Hist.
1536 1145 1564 1169 3,
1585 1139 1628 1170 67.
1687 1137 1744 1163 Vid.
1765 1138 1871 1164 Gronau.
1899 1140 2028 1175 Per-peram
2048 1144 2126 1177 aliqui
2144 1146 2165 1171 le
2185 1153 2229 1173 unt

1194 1169 1356 1204 Digreditur.
1418 1174 1484 1198 Nam
1498 1179 1590 1207 quoties
1602 1181 1631 1197 ex
1643 1172 1693 1198 alto
1706 1171 1830 1208 dt'sffsssus
1843 1177 1956 1203 innuitur
1965 1195 1973 1207 ,
1991 1183 2047 1211 apte
2061 1179 2138 1205 Iocum
2157 1155 2230 1208 [ἕψει

1192 1206 1236 1232 hoc
1250 1206 1348 1232 verbum
1361 1206 1515 1241 Degredior.
1588 1207 1648 1233 Liu.
1660 1215 1702 1239 29,
1715 1216 1743 1239 3²
1768 1209 1836 1234 Cum
1849 1209 2011 1244 quingentis,
2031 1211 2098 1240 haud
2116 1216 2228 1250 amplius

1146 1253 1178 1278 30
1193 1240 1340 1275 peditibus,
1356 1242 1526 1276 ducentisque
1540 1242 1673 1277 equitibus
1687 1242 1830 1277 degi-emim
1843 1245 1909 1279 iugis
1921 1246 2076 1275 Masiniss'am
2089 1252 2229 1287 persequu-

1194 1283 1244 1303 tus.
1289 1277 1345 1303 Via.
1360 1278 1448 1304 Tacit.
1463 1278 1568 1310 Histfz,
1581 1280 1625 1309 66,
1638 1280 1663 1304 6.

1230 1319 1249 1338 D
1258 1319 1274 1338 E
1284 1319 1305 1339 G
1313 1319 1332 1338 rt
1340 1320 1356 1339 E
1367 1320 1379 1339 s
1388 1320 1400 1340 s
1411 1321 1428 1341 o
1439 1321 1468 1345 R,
1477 1313 1522 1340 ari.
1533 1314 1597 1347 Dep.
1615 1313 1680 1339 Idem
1688 1322 1717 1339 ac
1724 1314 1842 1350 chredi.
1880 1316 1956 1349 Apul.
1965 1316 1995 1342 dc
2005 1317 2061 1344 Deo
2069 1319 2138 1347 Socr.
2149 1330 2174 1356 p.
2182 1330 2219 1357 47

1193 1355 1224 1380 25
1248 1347 1276 1373 de
1288 1348 1406 1381 nubibus,
1427 1349 1532 1383 Quippe
1551 1349 1568 1374 si
1583 1357 1666 1382 aquae
1685 1348 1797 1375 humore
1815 1350 1940 1376 fecundae
1958 1352 2030 1386 sunt,
2051 1356 2135 1382 veluti
2149 1357 2181 1383 ad
2193 1343 2230 1384 fet

1193 1389 1249 1409 tum
1263 1383 1392 1410 edendum
1407 1383 1528 1411 deorsum
1542 1383 1726 1418 degress'antur.
1761 1386 1804 1411 Al.
1819 1386 2008 1420 Degraliantur.

1146 1432 1174 1458 35
1231 1425 1249 1444 D
1258 1426 1274 1445 E
1283 1426 1304 1446 G
1313 1426 1331 1445 R
1340 1426 1356 1445 E
1365 1427 1377 1446 s
1386 1427 1399 1446 S
1408 1427 1417 1445 1
1426 1426 1446 1446 Ο
1465 1421 1556 1456 legitur
1568 1430 1583 1446 a
1595 1420 1737 1455 quibmdam
1746 1439 1753 1450 ‚
1772 1420 1814 1446 vbi
1826 1423 1872 1447 alii
1885 1422 1997 1457 dtgreflio
2008 1434 2015 1448 .·
2042 1424 2083 1451 Sic

1230 1460 1469 1488 DEGREssvs,
1497 1455 1533 1481 sis.
1570 1465 1605 1481 m.
1649 1456 1704 1481 Cic.
1725 1455 1753 1480 in
1774 1456 1858 1482 Pison.
1877 1460 1908 1488 63
1940 1467 1961 1482 c.
1980 1461 2010 1484 26
2039 1460 2069 1485 Et
2087 1449 2229 1495 degren'bm

1194 1498 1300 1522 meum,
1316 1496 1341 1516 et
1354 1490 1513 1522 absentiam,
1528 1496 1554 1516 et
1567 1490 1689 1517 reditum.
1725 1491 1766 1516 Sic
1780 1490 1836 1516 inde
1849 1501 1863 1517 a
1883 1493 2002 1524 Grzctero,
2022 1496 2055 1521 al.
2077 1496 2229 1530 Digressum.

1205 1521 1222 1541 Ο
1231 1532 1249 1551 D
1259 1532 1275 1551 E
1285 1532 1305 1551 G
1316 1532 1333 1550 R
1345 1532 1365 1550 V
1376 1532 1400 1551 Μ
1411 1531 1430 1550 0
1442 1532 1460 1551 R
1469 1545 1477 1556 ‚
1496 1525 1544 1550 ari.
1582 1525 1627 1550 Ad
1636 1533 1748 1560 grumam
1762 1526 1897 1560 mensuram
1910 1527 2026 1562 dirigere.
2064 1530 2145 1556 Lucil.
2160 1532 2208 1559 lib.
2216 1542 2229 1565 3

1194 1559 1324 1592 Viamque
1338 1559 1489 1593 degrumari
1503 1559 1556 1589 vis,
1576 1565 1605 1585 vt
1617 1559 1705 1585 castris
1718 1561 1822 1585 mensor
1834 1561 1897 1586 facit
1910 1561 1985 1588 olim.
2022 1562 2094 1590 Non.
2110 1574 2130 1596 1,
2144 1569 2195 1598 316.
2241 1578 2242 1581 ’

1233 1600 1252 1619 D
1263 1601 1279 1620 Ε
1288 1600 1309 1620 G
1317 1592 1338 1620 ὖ
1348 1601 1364 1620 L
1375 1599 1395 1620 Ο
1404 1613 1413 1626 ,
1434 1598 1486 1620 Ere.
1522 1595 1608 1627 [καιτοι
1670 1593 1732 1627 stim]
1768 1595 1906 1630 Antiquam
1915 1602 1965 1630 pro
1979 1597 2119 1632 Covyumere
2135 1608 2157 1626 et
2168 1603 2231 1637 ligu-

1193 1631 1263 1661 rire,
1284 1628 1351 1664 quast
1365 1630 1439 1655 Gulae
1452 1628 1559 1655 tradere.
1594 1629 1676 1654 Plaut.
1694 1627 1832 1662 Postquam
1851 1632 1972 1664 degulato
1988 1630 2150 1665 patrimonio
2172 1646 2233 1671 pau-

1195 1672 1241 1696 per
1255 1663 1290 1689 est
1304 1664 1396 1690 faetus.
1444 1663 1550 1690 Nonius
1564 1671 1589 1695 2,
1600 1671 1647 1695 223
1673 1663 1806 1696 Degulasse
1824 1665 1859 1691 est
1874 1666 1948 1700 gulae
1963 1666 2057 1694 dedisse
2072 1679 2077 1694 :
2101 1671 2233 1708 laudatque

1194 1698 1272 1723 Iocum
1284 1698 1403 1734 Afranii.
1437 1699 1505 1725 Add.
1519 1697 1620 1725 Charis.
1639 1706 1648 1724 1
1675 1706 1700 1732 p.
1714 1703 1754 1727 80.

1230 1739 1249 1758 D
1258 1739 1276 1771 D
1283 1739 1304 1758 G
1313 1741 1334 1759 v
1343 1739 1358 1758 1.
1368 1741 1390 1760 Α
1398 1740 1420 1760 Τ
1429 1741 1448 1761 o
1457 1741 1476 1760 R
1483 1753 1491 1766 ‚
1509 1734 1574 1760 oris.
1609 1742 1645 1764 m.
1681 1733 1835 1767 Degulator,
1843 1734 1914 1769 quod
1928 1737 2004 1771 gulae
2016 1738 2046 1765 sit
2059 1739 2161 1768 deditus
2171 1742 2230 1770 Isid.

1166 1781 1178 1806 ς
1197 1774 1225 1792 10
1246 1767 1299 1793 L1t.
1315 1768 1346 1794 Ι).
1386 1769 1454 1795 Add.
1467 1769 1544 1804 Apul.
1561 1769 1637 1803 Apol.
1656 1777 1680 1803 p.
1694 1777 1744 1801 32²-
1834 1776 1837 1781 “

1231 1808 1249 1827 D
1258 1809 1274 1828 E
1284 1809 1306 1842 q
1313 1810 1334 1828 V
1344 1811 1365 1829 N
1373 1810 1389 1830 E
1398 1810 1416 1830 R
1426 1811 1443 1830 Ε
1452 1824 1460 1837 ,
1486 1803 1622 1840 Degustare
1629 1824 1638 1836 ,
1658 1804 1754 1832 13011119.
1782 1805 1896 1840 'Quidam
1914 1807 1999 1842 legunt
2011 1809 2158 1844 Degumare
2192 1814 2233 1840 ve!

1195 1834 1362 1872 Degmmare.
1409 1839 1467 1866 Vzd.
1488 1839 1551 1873 Voffi
1568 1841 1646 1875 Etym.
1662 1846 1690 1874 p.
1707 1850 1764 1875 242.
2165 1832 2174 1845 ⁹

1226 1880 1249 1913 'D
1256 1880 1273 1899 E
1281 1880 1302 1899 G
1312 1881 1332 1899 v
1342 1882 1355 1900 s
1364 1881 1385 1901 T
1394 1881 1412 1901 Ο
1421 1895 1429 1907 ,
1455 1879 1506 1901 Ere.
1543 1874 1710 1908 [οἰπαγεύομαι
1773 1875 1812 1900 De
1829 1885 1856 1901 re
1864 1877 1976 1910 paullum
1990 1879 2104 1915 quiddam
2119 1879 2229 1913 Gustare.

1194 1907 1260 1934 Plin.
1270 1914 1305 1941 18,
1314 1917 1326 1933 2
1344 1909 1362 1935 s.
1371 1918 1387 1936 2
1408 1911 1446 1936 Ac
1458 1919 1491 1936 ne
1505 1910 1673 1944 degustabant
1685 1909 1794 1944 qmdem
1809 1919 1890 1937 nouas
1901 1912 1990 1946 fruges
2010 1920 2054 1940 aut
2068 1916 2137 1941 vina.
2174 1918 2230 1944 Cat.

1464 1981 1468 1985 .
1605 1981 1610 1985 .
1945 1981 1950 1986 ⁸
1964 1949 2078 1984 Meeaph.
2114 1951 2160 1978 Cic
2177 1954 2230 1979 Att.

1194 1988 1222 2012 4,
1236 1984 1249 2008 8
1270 1986 1335 2006 extr.
1354 1980 1402 2006 Tu
1417 1981 1498 2007 velun
1511 1987 1536 2006 et
1548 1980 1676 2011 Fabium,
1692 1980 1710 2006 si
1727 1988 1806 2013 quem
1817 1980 1896 2006 habes
1909 1980 2026 2016 aditum,
2046 1985 2179 2014 odorere:
2205 1995 2231 2015 et

1193 2014 1271 2052 istum
1290 2016 1432 2041 conuiuam
1451 2022 1527 2042 tuum
1546 2014 1670 2048 degustes.
1726 2015 1780 2040 Hoc
1792 2013 1839 2047 est,
1857 2017 1956 2043 Leniter
1975 2021 2002 2044 in
2015 2020 2126 2055 sermone
2145 2030 2221 2050 tentes

1193 2055 1223 2074 vt
1229 2052 1315 2083 Jcias,
1340 2054 1383 2084 qui
1387 2050 1426 2083 fit
1438 2053 1536 2076 animur
1547 2053 1598 2075 eius
1612 2059 1670 2085 erga
1684 2058 1728 2075 mc.
1802 2050 1944 2084 Degustare
1957 2058 2044 2088 artus,
2063 2056 2179 2084 :licuntur
2191 2043 2233 2085 υοῖ

1193 2085 1272 2109 lucres
1285 2084 1320 2109 ad
1332 2085 1512 2111 multitudinem
1527 2085 1671 2111 cadauerum
1675 2083 1868 2120 fignificandam
1880 2087 2011 2124 Lucan.7,
2023 2095 2083 2125 844,
2120 2094 2233 2130 Metaph.

2002 2126 2098 2161 Virgil.
2112 2129 2177 2155 Aen.
2196 2139 2233 2162 12,

1193 2156 1244 2188 376
1267 2154 1402 2181 Summum
1415 2155 1532 2190 degustat
1548 2155 1657 2183 vulnere
1671 2165 1763 2190 corpus
1777 2157 1880 2183 Lancea.
1930 2159 1998 2186 Add.
2014 2163 2137 2191 Drakenb.
2151 2174 2184 2191 aa.
2196 2166 2233 2191 Si.

1194 2189 1261 2215 lium
1281 2198 1307 2222 9,
1327 2198 1380 2223 523.
1453 2193 1515 2217 Alia
1530 2192 1643 2227 Metaph:
1675 2191 1805 2225 Qinc'til.
1819 2202 1848 2225 4,
1867 2201 1887 2225 1,
1907 2202 1936 2227 14
1961 2196 2122 2230 Degustanda
2145 2205 2233 2228 tamen

1193 2224 1427 2265 haec'prooemio,
1444 2235 1497 2252 non
1513 2226 1723 2254 consummanda.
1786 2227 1926 2262 Degustare
1941 2239 2021 2264 genus
2036 2233 2145 2268 aliquod
2160 2245 2233 2263 exer-

1193 2267 1350 2286 citationum
1372 2262 1427 2288 Cic.
1442 2261 1470 2288 in
1485 2261 1575 2288 Parad.
1588 2270 1607 2289 1.
1684 2263 1830 2297 Imperium
1849 2270 1875 2290 et
1893 2270 1937 2298 tn,
1958 2267 2056 2302 Galba,
2076 2271 2234 2306 quandoque

1682 2298 1756 2334 Conf.
1777 2299 1882 2326 Sueton.
1896 2301 1980 2328 Galba
1992 2312 2019 2336 4.
2091 2306 2233 2340 Degustare

1193 2338 1303 2363 mentes,
1323 2333 1461 2367 sensusque
1473 2341 1577 2365 eorum,
1591 2333 1660 2367 apud
1667 2342 1734 2368 quos
1746 2334 1832 2362 3611111
1845 2335 1932 2362 sumus
1946 2338 2001 2364 Cic.
2010 2338 2042 2365 de
2055 2341 2129 2367 Orat.
2139 2350 2149 2367 1
2189 2361 2195 2368 .
2224 2362 2231 2369 .

1193 2367 1335 2407 Degustare
1349 2376 1430 2408 pauca
1450 2367 1482 2395 de
1495 2368 1592 2394 fabulis
1604 2369 1660 2396 Cic.
1675 2372 1728 2396 Att.
1745 2378 1780 2402 13,
1795 2375 1830 2402 38.
1901 2373 2042 2407 Degustare
2061 2361 2162 2409 aliquid
2178 2377 2232 2410 pri-

1193 2411 1244 2429 mis
1259 2401 1340 2432 labris
1353 2402 1485 2436 Quntffil.
1499 2412 1536 2436 12,
1550 2412 1576 2437 2,
1588 2414 1615 2438 4.
1669 2405 1749 2439 Qtasi
1766 2404 1911 2440 degustatae
1924 2410 2047 2434 materiae
2064 2411 2137 2436 Idem
2155 2419 2194 2444 10,
2208 2419 2232 2445 5,

1192 2446 1231 2470 23.
1287 2439 1368 2465 Pauca
1383 2447 1413 2465 ex
1427 2439 1595 2466 orationibus
1611 2440 1667 2466 Cic.
1681 2442 1733 2467 Att.
1749 2449 1769 2472 1,
1783 2444 1820 2467 16.
1891 2442 1979 2468 Celeri
1998 2443 2112 2477 degustat
2132 2445 2230 2481 singula

1192 2474 1264 2499 sensu
1280 2474 1418 2500 Claudian.
1432 2475 1460 2500 in
1474 2476 1583 2510 Eutrop.
1598 2484 1616 2502 1.
1687 2475 1798 2509 Aliquid
1812 2476 1928 2508 speculae
1941 2485 1972 2502 ex
1986 2478 2107 2506 sermone
2119 2480 2229 2509 alicuius

1191 2509 1336 2542 degustare,
1356 2513 1375 2536 i.
1389 2512 1543 2544 aliquantum
1550 2511 1607 2545 spei
1622 2512 1747 2544 concipere
1759 2509 1815 2535 Cic.
1829 2518 1878 2543 pro
1892 2511 1995 2538 Cluent.
2009 2520 2043 2547 72
2060 2524 2081 2541 e.
2095 2519 2137 2543 26.
2179 2518 2229 2544 De.

1191 2545 1293 2578 gustare
1310 2545 1393 2570 vitam
1411 2545 1544 2579 aliquam,
1577 2548 1594 2569 i.
1615 2547 1725 2578 expertri
1737 2547 1805 2570 vitae
1825 2548 1945 2572 rationem
1959 2557 1968 2572 .-
1996 2548 2052 2575 Cic.
2065 2550 2147 2579 Tusc.
2164 2561 2178 2585 5
2202 2556 2230 2579 61

1192 2580 1270 2605 Visne
1285 2580 1384 2613 igitur,
1403 2582 1502 2614 inquit,
1521 2578 1538 2604 ό
1553 2579 1694 2611 Damocle,
1713 2579 1839 2613 quoniam
1853 2580 1915 2607 haec
1929 2588 1954 2608 te
1966 2583 2021 2610 vita
2035 2584 2147 2618 delcetat
2175 2573 2230 2623 i'pse

1190 2615 1299 2640 eandem
1312 2612 1461 2648 degustare,
1479 2620 1505 2640 et
1518 2614 1654 2641 fortunam
1667 2615 1783 2649 experiri
1796 2623 1881 2644 meam
1894 2617 1903 2642 3
2153 2607 2162 2620 ³

1566 2685 1597 2717 D
1692 2687 1718 2718 E
1816 2688 1849 2719 H

1225 2759 1245 2779 D
1255 2760 1271 2779 Ε
1281 2760 1407 2795 ΗΑῩΚῙ
1419 2760 1438 2781 o
1450 2774 1459 2787 ,
1486 2753 1521 2788 fi,
1546 2755 1629 2787 stum,
1657 2757 1706 2783 1're.
1743 2757 1907 2793 [ἐξωτλοὶω]
1947 2760 2014 2787 Idem
2031 2761 2097 2797 quod
2109 2763 2228 2797 Haurire,

1189 2789 1230 2814 vel
1246 2789 1391 2815 Exhaurzre.
1437 2791 1504 2817 Cato
1523 2799 1544 2817 c.
1558 2794 1593 2817 66
1612 2793 1703 2825 Qium
1717 2792 1806 2819 oleum
1821 2794 1953 2821 sustuleris
1972 2796 2004 2823 de
2017 2798 2129 2831 cortina,
2142 2808 2228 2827 anun·-

1259 2863 1263 2867 .
1465 2826 1507 2853 Sic
1519 2834 1575 2852 ante
1593 2827 1690 2854 ViHor.
1704 2827 1841 2863 sedpcfiea
1858 2829 1999 2864 dehorito,
2013 2832 2143 2868 scriptura
2161 2840 2229 2862 anti-

1188 2868 1286 2895 quaria.
1325 2860 1393 2887 Add.
1409 2861 1525 2888 Tertull.
1540 2861 1572 2888 de
1587 2863 1669 2889 Pallio
1688 2872 1709 2890 c.
1723 2872 1743 2896 5.

1228 2902 1382 2922 DEHAVS
1393 2904 1481 2929 Tvs,
1502 2907 1532 2929 a,
1571 2907 1625 2925 um.
1660 2899 1728 2925 Part.
1764 2899 1882 2926 Tertull.
1898 2900 1930 2927 de
1943 2902 2047 2928 Resurr.
2060 2905 2137 2931 Cam.
2152 2915 2183 2933 11.

1229 2938 1392 2958 DEHINC.
1428 2932 1497 2960 Adit.
1516 2940 1628 2968 tempor.
1670 2932 1739 2968 [οἷσι-ὂ
1758 2935 1836 2967 vsu,
1860 2937 1927 2969 μετοὶ
1938 2938 2041 2973 vastae]
2080 2943 2098 2966 i.
2114 2941 2216 2974 Pofihj,v

1185 2964 1278 3001 postca.
1317 2968 1384 2993 Ter.
1398 2968 1462 2994 Eun.
1477 2976 1498 3001 5,
1516 2977 1541 3001 2,
1561 2978 1588 3001 33
1614 2970 1648 2995 At
1662 2978 1730 2996 nunc
1749 2969 1841 2996 dehinc
1861 2972 1936 3006 spero
1948 2979 2080 3000 aeternam
2094 2976 2163 3003 inter
2180 2963 2226 3003 noi

1204 3038 1210 3043 .
1567 3004 1670 3031 Dehinc
1682 3014 1773 3032 omnes
1787 3005 1862 3032 deleo
1875 3016 1906 3033 ex
1920 3008 2010 3035 animo
2022 3010 2144 3038 mulieres
2157 3013 2223 3038 Ter.

1191 3039 1256 3078 hun.
1271 3047 1296 3071 2,
1315 3047 1339 3071 3,
1354 3045 1375 3071 5.
1446 3039 1527 3065 Plaut.
1541 3041 1624 3067 Merc.
1637 3048 1659 3073 5,
1676 3051 1704 3075 4,
1718 3050 1754 3074 40
1776 3049 1821 3069 LY.
1834 3043 1920 3069 Missas
1939 3044 1992 3070 iam
2012 3053 2062 3079 ego
2081 3047 2138 3072 istas
2158 3055 2223 3073 artes

1192 3073 1253 3099 feci.
1291 3080 1340 3100 ΒΕ.
1360 3074 1575 3110 thuide1n.ego
1587 3075 1682 3103 dehinc
1693 3077 1754 3103 iam.
1825 3077 1905 3104 Plaut.
1919 3079 1995 3106 Pocn.
2011 3088 2031 3112 1,
2051 3089 2074 3113 2,
2090 3089 2102 3113 5
2122 3082 2223 3108 Dehine

1192 3116 1325 3148 caeterum
1338 3110 1437 3142 valete,
1457 3110 1549 3137 adeste.
1603 3112 1675 3138 Idem
1691 3113 1768 3138 Poen.
1783 3120 1805 3145 5,
1818 3121 1843 3146 2,
1852 3116 1885 3146 69
1912 3114 1938 3140 Si
1951 3115 2060 3149 quidem
2078 3123 2135 3143 aute
2154 3126 2224 3143 men-

1191 3150 1253 3171 titus
1268 3144 1312 3177 sit,
1338 3154 1406 3171 nunc
1424 3146 1478 3172 iam
1498 3146 1593 3174 dehinc
1607 3148 1658 3173 erit
1677 3147 1729 3174 tibi
1747 3156 1835 3174 verax.
1906 3150 2023 3182 Dehinc,
2058 3152 2223 3188 [γεντεῦὲη]

1243 3216 1247 3220 ἱ
1274 3216 1279 3220 .
1866 3203 1873 3210 .
1908 3186 2024 3212 Primum
2037 3186 2117 3220 igitur
2132 3187 2163 3213 de
2177 3189 2226 3214 ima

1192 3216 1334 3242 bec1llitate
1352 3217 1515 3256 multorum,
1536 3224 1561 3243 et
1580 3217 1611 3244 de
1626 3219 1705 3245 variis
1720 3218 1863 3253 disciplinis
1882 3219 2099 3255 philosophorum
2118 3222 2226 3258 loquar:

1191 3260 1305 3286 quorum
1325 3261 1444 3286 prmceps
1464 3259 1490 3279 et
1509 3253 1666 3280 auetoritate
1686 3260 1712 3280 et
1732 3255 1888 3289 antiquitate
1905 3257 2048 3283 Socraticus
2068 3258 2225 3293 Aristippus,

1190 3296 1245 3319 non
1265 3286 1398 3314 dubitauit
1415 3288 1551 3320 dolorem,
1578 3290 1707 3315 summum
1726 3290 1825 3316 malum
1844 3290 1939 3317 dicere.
1994 3290 2095 3319 Dehinc
2114 3294 2144 3319 ad
2159 3294 2224 3321 hanc

1190 3329 1345 3363 eneruatam
1358 3323 1569 3358 muliebremque
1585 3325 1737 3352 sententiam
1759 3326 1817 3352 satis
1833 3326 1945 3351 docilem
1964 3327 1988 3351 se
2008 3324 2131 3360 Epicurus
2152 3339 2224 3364 prae.

1312 3359 1409 3393 Virgil.
1424 3360 1489 3385 Aen.
1504 3368 1527 3391 3,
1542 3362 1597 3394 464
1624 3361 1699 3387 Dona
1715 3360 1810 3387 dehinc
1828 3369 1892 3387 auro
1907 3361 2013 3395 grauia,
2033 3364 2154 3398 sectoque
2174 3367 2224 3391 ele-

1189 3394 1289 3428 phanto
1324 3394 1438 3429 Imperat
1451 3394 1483 3420 ad
1497 3404 1576 3421 naues
1589 3396 1664 3423 ferri.
1717 3395 1818 3422 Dehinc
1831 3396 1962 3430 altquando
1975 3399 2003 3422 in
2016 3407 2089 3424 vnum
2097 3400 2224 3435 sysabam

1189 3430 1349 3490 coittratfsitzcr
1362 3431 1484 3456 aronis.-
1504 3429 1600 3465 Virgil.
1613 3433 1678 3458 Aen.
1692 3440 1712 3464 1,
1731 3439 1777 3465 257
1803 3432 1897 3457 Oscula
1913 3431 2008 3458 libauit
2021 3441 2109 3466 natae,
2130 3435 2223 3463 dehinc

1189 3470 1253 3491 ta1a
1284 3470 1352 3491 atur.

1228 3506 1246 3526 D
1256 3507 1272 3527 Ε
1283 3507 1303 3526 1-1
1313 3507 1323 3526 1
1333 3507 1345 3527 s
1358 3506 1374 3527 C
1388 3506 1408 3527 0
1424 3520 1431 3532 ,
1460 3502 1513 3527 ἕτε-
1547 3501 1661 3535 [zaim]
1708 3499 1748 3534 Est
1761 3500 1790 3536 fi
1808 3501 1886 3527 veluti
1900 3502 1980 3528 Hiatu
1999 3503 2101 3538 quodam
2120 3509 2225 3540 aperire.

717 3535 805 3560 Vitam
828 3542 886 3560 cum
905 3534 1004 3560 virtute
1023 3534 1078 3560 Cic.
1095 3534 1126 3561 de
1143 3545 1175 3572 93
1192 3535 1288 3570 Virgil.
1305 3536 1369 3562 Aen.
1389 3545 1416 3569 4,
1436 3544 1472 3568 24
1503 3536 1552 3562 Sed
1575 3536 1642 3562 mihi
1666 3536 1707 3562 vel
1728 3537 1803 3562 tellus
1828 3542 1916 3571 optem
1936 3538 2008 3572 prius
2028 3539 2080 3566 ima
2101 3540 2223 3568 deluscat.

1194 3571 1302 3605 Aequor
1316 3571 1425 3597 dehiscit
1439 3572 1512 3598 Idem
1527 3572 1590 3598 Aen.
1606 3579 1628 3604 5,
1647 3580 1698 3604 143-
1769 3571 1835 3597 Cato
1855 3581 1882 3598 12
1907 3573 2011 3605 Qiibus
2027 3574 2134 3602 arbores
2153 3586 2224 3603 com-

1192 3607 1288 3640 primat
1307 3606 1324 3632 fi
1346 3606 1487 3633 dehiscent.
1541 3606 1588 3633 Sed
1605 3605 1669 3632 11⁷1&
1691 3605 1853 3633 dishiascent.
1924 3609 2008 3635 Moles
2029 3609 2096 3636 13613
2115 3611 2225 3639 dehiscit

1192 3641 1273 3668 Ouid.
1287 3643 1351 3668 Met.
1366 3651 1401 3674 13,
1416 3647 1473 3675 890.
1543 3642 1651 3672 Caelum
1665 3650 1679 3667 a
1692 3640 1778 3668 media
1791 3644 1900 3676 regione
1913 3643 2022 3671 dehiscit
2035 3646 2113 3672 Ouid.
2125 3647 2188 3673 Fast.
2199 3656 2223 3679 3,

1193 3685 1245 3711 371.
1291 3678 1350 3704 Ossa
1369 3676 1506 3704 dehiscunt
1523 3677 1587 3703 Cels.
1602 3681 1624 3707 8,
1641 3685 1650 3702 1
1671 3683 1734 3703 extr.
1806 3678 1906 3710 Cymba
1921 3680 1996 3706 rimis
2011 3679 2122 3707 dehiscit
2141 3683 2223 3709 Ouid.

1499 3712 1563 3750 Plin.
1578 3720 1622 3743 21,
1636 3720 1654 3744 4
1679 3712 1697 3738 s.
1712 3720 1740 3738 10
1766 3714 1829 3746 Qu)
1847 3722 1909 3739 mox
1929 3715 2131 3750 intumescente,
2150 3724 2175 3743 et
2194 3718 2224 3743 in

1191 3749 1290 3774 virides
1313 3748 1454 3774 alabastros
1472 3747 1619 3779 fastigiato,
1640 3747 1777 3781 paullatim
1797 3748 1932 3776 rubescens
1952 3750 2070 3777 dehiscit.
2141 3753 2222 3784 Syrtis

1191 3793 1243 3818 qua
1263 3783 1372 3809 dehiscit
1396 3783 1465 3809 Mela
1485 3790 1511 3813 1,
1532 3789 1557 3821 7.
1630 3782 1762 3816 Dehiscit,
1788 3785 1867 3818 seque
1892 3786 1995 3819 populis
2011 3787 2095 3820 aperit
2113 3787 2221 3814 Taurus

1192 3820 1256 3845 Plin.
1270 3827 1298 3851 5,
1319 3826 1352 3852 27
1381 3819 1398 3843 s.
1416 3826 1454 3851 27.
1524 3817 1616 3844 mous
1637 3819 1755 3845 animalis
1774 3819 1905 3846 dehiscens
1922 3820 1954 3846 ad
1969 3830 2043 3847 aures
2062 3821 2133 3847 Idem
2152 3828 2175 3854 8,
2193 3829 2221 3849 21

1343 3853 1485 3879 Dehiscunt
1505 3852 1612 3886 quidam
1630 3855 1710 3888 pisces
1732 3863 1794 3889 prae
1812 3856 1983 3889 pinguedine,
2013 3858 2036 3882 h.
2053 3866 2071 3881 c.
2092 3856 2220 3890 dzffllzunt,

1994 3890 2069 3917 Illam
2089 3890 2223 3919 dehiscens

2127 3933 2222 3961 pontu!

1192 3855 1209 3880 s.
1230 3863 1270 3886 30.
