2479 4225
42 229 99 271 521
415 211 446 250 E
536 211 571 250 X
659 211 687 252 P

43 304 148 333 Amores
166 308 267 328 amaros
312 299 385 334 Virg.
399 299 450 326 Ecl.
470 307 499 332 3,
521 309 569 326 110.
661 301 741 327 Arma
776 300 837 326 Stat.
849 296 940 324 Theb.
955 304 994 330 ιι,
1014 304 1066 329 339.

44 338 121 366 Ouid.
133 336 196 364 Fast.
205 345 231 369 4,
243 341 288 369 814
317 336 409 369 Magna
424 334 484 361 tides
498 337 587 362 auium
602 336 654 368 est,
672 336 837 370 experiamur
860 335 941 364 Auos,
964 335 1068 367 augurio

43 380 143 408 nempe„
199 373 256 398 Liu.
270 379 320 403 40,
336 379 368 401 29
401 373 431 405 Q
446 373 548 398 Petilius
559 374 663 399 Praetor
677 372 706 398 L.
721 371 816 398 Petilio
838 369 921 400 dixit,
943 368 973 393 Se
987 369 1010 393 se
1024 376 1068 393 eos

41 408 122 435 libros
147 407 281 441 (Numae)
303 407 330 431 in
345 407 429 439 iguem
445 407 627 434 coniee'nirum
642 407 697 432 csse.
733 406 805 440 prius
819 413 896 439 quam
911 402 938 429 id
957 404 1068 442 faceret,

42 444 68 472 se
83 443 107 470 ei
124 441 289 477 permittere,
313 441 350 475 (a
363 450 408 477 quo
427 450 508 477 nempe
524 443 599 469 libros
612 443 758 476 acceperat)
789 441 838 472 vti,
852 439 869 465 li
884 438 955 474 quod
971 440 1015 464 seu
1029 447 1070 478 ius

7 504 9 506 .
44 480 85 507 seii
97 478 228 505 Auxilium
243 478 267 502 se
287 477 381 503 habere
396 477 427 503 ad
440 487 483 504 cos
503 478 585 504 libros
597 476 750 512 repetendos
770 476 943 504 existimaret,
970 483 1071 513 experi-

3 533 7 537 -
43 521 125 542 retur:
159 513 186 539 id
200 514 301 546 integra
314 514 357 539 sua
374 514 456 547 gratia
469 523 530 540 cum
542 513 679 540 faeturum.
721 511 778 538 Vld.
799 521 854 537 mox
875 511 918 536 Ius
938 518 1070 543 experiri,

43 551 65 576 et
81 557 134 581 11.3.
204 549 327 574 Carmina
353 549 426 583 Virg.
441 549 491 575 Hel.
507 557 533 582 ς,
547 551 584 575 16.
654 547 713 572 Liu.
732 554 773 578 31,
809 566 816 572 .
854 565 860 572 .
897 545 970 572 Prius
990 553 1069 579 quam

0 612 1 617 ,
21 585 222 618 ·experirenmr
237 584 390 616 Certamen,
410 592 497 616 metu,
524 585 551 610 in
573 582 735 609 deditionem
755 585 892 608 venerunt.
927 583 946 607 i.
967 581 1071 616 Congre-

41 619 162 646 dei-entur.
234 619 302 645 Deos
323 619 428 654 iniquos
462 619 541 646 Ouid.
555 618 638 644 Trist.
647 626 669 649 3,
683 627 706 650 2,
719 624 760 651 27.
831 617 924 646 Dolia,
955 618 1007 642 vid.
1023 618 1070 655 Ra-

41 661 86 682 tes.
157 653 282 680 Dolorem
297 656 412 689 experiri
437 655 554 682 Scribon.
569 659 605 686 58.
711 653 810 679 Sallust.
825 652 945 678 Catil.26
969 651 1071 677 Consti-

5 715 7 718 .
42 691 93 717 tuit
109 689 206 717 bellum
221 690 322 723 facere,
342 697 366 717 et
381 692 498 717 Extrema
510 689 599 715 onmia
611 688 734 722 experiri.
806 690 873 715 Hor.
882 688 970 714 Carm.
983 696 1010 720 4,
1023 695 1070 719 4‚3

193 726 243 751 Cui
266 735 310 751 rex
330 726 439 753 deorum
458 733 566 758 regnum
588 724 616 750 in
642 733 703 750 aues
728 732 806 758 vagas

192 761 310 787 Permilit
328 769 446 796 expertus
469 760 586 786 Fidelem

192 797 309 830 Iuppiter
330 798 357 823 in
379 795 526 827 Ganymede
551 795 629 821 flauo.

41 830 129 858 Fidem
141 830 251 858 alicuius
269 833 429 865 Plaut.Capt.
445 839 469 862 2,
483 839 511 861 2,
525 838 567 862 99.
673 830 745 857 Caes.
755 829 781 855 Β.
796 829 853 858 G.i‚
867 835 890 859 31
915 827 1069 854 Fortunam-

40 874 91 901 que
104 874 275 902 quaecunque
292 867 403 898 accidat,
428 865 604 900 experiantur.
699 865 800 892 Paullus
814 864 842 890 in
863 863 880 888 l.
898 871 907 888 1
938 863 971 888 D.
992 863 1024 888 de
1043 864 1072 889 ln

19 915 22 918 ·
39 901 83 928 ius
93 902 227 935 vocando,
255 904 284 929 In
296 904 335 929 ius
349 910 443 928 vocare
463 901 498 927 est
513 902 579 927 iuris
593 900 750 936 experiundi
765 900 837 926 causa
851 906 955 924 vocare.
1013 899 1072 925 Vid.

39 946 95 963 mox
114 946 139 963 n.
153 946 174 970 3.
210 945 233 964 et
246 945 274 973 p.
288 948 310 964 α.
332 937 468 963 Auxilium
486 937 612 971 experiri.
682 935 813 962 Laborem
845 935 918 967 Virg.
933 934 1030 967 Georg.
1044 944 1071 968 4,

4 976 5 979 ’
42 980 95 1006 157.
167 973 264 1000 Sallust.
282 973 309 999 in
323 971 443 1006 Iugurth.
480 991 487 998 .

39 1016 106 1042 quae
119 1008 185 1034 mihi
199 1018 213 1035 a
228 1014 330 1043 parente
343 1016 403 1034 ineo
417 1007 511 1034 tradita
524 1007 569 1034 est.
684 1005 765 1034 Ouid.
780 1006 811 1031 de
829 1006 903 1032 Rem.
917 1005 1008 1044 Aynor.
1021 1010 1071 1038 804

38 1043 110 1080 Qiid
123 1043 173 1069 tibi
189 1043 343 1078 praecipiam
357 1043 388 1069 de
403 1043 497 1069 Bacchi
510 1051 619 1069 munere
633 1043 755 1077 quaeris?
792 1041 841 1076 Spe
866 1040 971 1067 breuius
985 1041 1071 1066 Moni-

39 1083 79 1104 tus
93 1079 227 1112 experiere
241 1087 320 1104 meos.
411 1079 556 1105 Hominem
569 1079 683 1112 experiri
698 1077 782 1103 Multa
795 1083 931 1111 paupertas
947 1076 1019 1102 iubet
1046 1077 1073 1102 P.

38 1113 124 1145 Syrus.
214 1114 311 1140 Omnes
325 1114 423 1140 Omnia
437 1114 551 1148 experiri
564 1114 674 1148 parrest,
699 1113 746 1147 qui
759 1122 799 1139 res
811 1121 915 1146 magnas
931 1118 956 1137 et
967 1121 1072 1146 niagno-

35 1157 98 1184 pere
111 1149 265 1182 expetendas
278 1150 487 1184 concupiuerunt
510 1150 565 1176 Cic.
580 1149 607 1175 in
620 1150 728 1180 Orat.4.

0 1183 3 1193 ¹
30 1182 59 1220 ⁷1,
74 1192 106 1216 13.
129 1185 208 1219 ibique
220 1186 312 1211 Donat.
384 1185 487 1212 Frustra
500 1185 597 1213 Omnia
623 1184 709 1210 Catul.
726 1192 763 1216 19,
779 1186 804 1210 6.
877 1182 1014 1209 Perfidiam
1026 1183 1072 1209 ali-

38 1221 110 1246 'cuins
135 1219 191 1246 Cic.
205 1221 282 1247 Verr.
299 1229 325 1252 1,
361 1240 368 1246 .
405 1240 412 1246 .
484 1222 580 1247 Poenas
610 1219 692 1247 Ouid.
706 1219 791 1246 Trist.
804 1227 826 1251 3,
841 1226 879 1250 11,
895 1226 939 1253 74.
1011 1219 1072 1245 Pro-

37 1263 80 1282 ωε
91 1255 165 1281 irrisa
178 1256 279 1289 priores
292 1256 433 1289 Experiar?
468 1256 541 1290 Virg.
556 1257 620 1282 Aen.
634 1264 662 1289 4,
679 1262 728 1288 333.
833 1254 888 1281 Cic.
903 1254 934 1280 de
943 1253 1070 1286 Diuin.2‚

40 1297 75 1326 97
107 1291 175 1318 Nam
194 1290 264 1325 quod
286 1293 376 1323 aiunt,
399 1291 588 1326 quadringenta
601 1292 762 1325 septuaginta
774 1299 904 1316 annorum
924 1290 952 1315 in
967 1289 1072 1323 pericli-

41 1358 128 1393 suiffe,
145 1361 246 1388 fallunt.

40 1402 112 1429 rent,
130 1405 212 1431 neque
225 1396 329 1431 nauigia
343 1397 524 1431 suppeterent,
551 1399 680 1432 Ratesque
700 1406 732 1423 ex
745 1396 861 1423 cratibus
881 1403 906 1423 et
918 1396 996 1422 Dolia
1012 1405 1072 1422 con-

39 1440 102 1459 nexa
116 1426 223 1467 virgulis
237 1432 265 1458 in
277 1433 437 1466 rapidissinio
449 1434 519 1460 freto
533 1434 628 1460 frustra
642 1434 834 1468 experirentur.

36 1467 146 1498 alicuius
169 1467 290 1494 Scaeuola
304 1469 332 1494 in
346 1469 362 1495 l.
377 1469 464 1495 Thais
479 1468 521 1506 §.1
545 1470 576 1496 D.
591 1470 623 1496 de
636 1469 769 1495 fideicom.
783 1468 872 1494 libert.

35 1502 142 1528 nitatem
154 1502 264 1529 alicuius
289 1504 346 1530 Cic.
360 1504 391 1530 de
405 1505 476 1531 Clar.
490 1506 564 1532 Orat.
578 1513 626 1537 231.

34 1536 106 1563 illain
119 1539 254 1572 experiere
268 1539 381 1565 colendo
401 1541 431 1565 Et
445 1540 549 1566 facilem
562 1540 662 1574 pecori,
680 1545 706 1565 et
718 1540 859 1573 patientem
872 1538 988 1564 vomeris
1003 1538 1071 1564 vnci.

947 1467 1072 1494 Tacitur-

35 1609 206 1643 comprobari
231 1610 288 1636 Cic.
302 1618 349 1644 pro
362 1611 433 1636 Cael.
449 1616 485 1642 58.

34 1648 87 1673 180.
159 1645 218 1670 Liu.
239 1654 288 1676 24,
323 1664 330 1670 .
367 1665 373 1671 .

33 1684 92 1710 tur,
121 1688 168 1705 nec
181 1680 279 1705 Vltima
293 1680 409 1714 experiri
419 1681 526 1707 vellent.
682 1678 703 1719 ff
722 1689 734 1713 3

32 1784 185 1816 Auxilium,
205 1786 248 1810 Ius
262 1786 385 1819 experiri.
466 1787 521 1812 Cic.
536 1795 584 1819 pro
600 1786 705 1811 Caecin.
719 1794 745 1816 33
762 1794 783 1809 c.
800 1793 827 1809 iz
859 1784 988 1809 Homines
1002 1783 1070 1807 iner-

32 1826 102 1850 nies,
123 1819 170 1852 qui
180 1819 212 1844 ad
226 1819 394 1845 constitutum
414 1821 462 1852 (in
475 1829 532 1846 rem
545 1821 705 1852 praesentem
719 1825 748 1843 vt
762 1818 857 1842 dicitur
879 1826 905 1842 n.
920 1820 971 1846 zo)
997 1823 1073 1848 expe-

500 1855 540 1879 sic
558 1853 613 1878 Cic.
628 1858 678 1886 pro
698 1852 771 1877 Cael.
787 1859 820 1876 20
837 1860 858 1876 c.
875 1855 888 1879 8
924 1850 1069 1890 Nunquam
1077 1859 1111 1886 45
1132 1850 1302 1885 probationes
1315 1861 1408 1879 eorum
1423 1852 1454 1878 fic
1468 1854 1526 1879 sunt
1541 1853 1729 1888 prouidentiae.

1121 1903 1123 1905 ·
1167 1893 1184 1912 Ε
1193 1893 1211 1913 x
1220 1894 1235 1913 Ρ
1245 1893 1261 1912 E
1273 1893 1291 1912 R
1304 1894 1343 1913 ιτ
1352 1894 1371 1914 0
1381 1895 1393 1914 S
1403 1907 1410 1918 ,
1434 1894 1537 1914 veteres
1550 1889 1640 1915 dixisse
1651 1891 1805 1924 Imperitos,
1831 1890 1900 1925 testis·
1914 1890 1946 1925 est
1965 1893 2061 1920 Festus.

1124 1928 1188 1956 puto
1202 1922 1247 1961 h-oc
1261 1922 1372 1955 voluffi,
1387 1926 1498 1962 primum
1513 1924 1689 1958 obstruatiom‘s
1707 1925 1846 1959 auHorem,
1870 1927 1934 1954 idem
1946 1927 2091 1964 significare
2099 1931 2177 1965 plane

29 1853 119 1878 riundi
132 1853 197 1878 iuris
211 1854 295 1885 gratia
308 1854 443 1878 veniss'ent.

29 1888 54 1914 se
63 1896 95 1913 ne
107 1889 239 1921 congreiiii
254 1887 360 1921 quidem
376 1894 401 1913 et
414 1887 556 1913 constituto
571 1887 681 1921 coepiffe
694 1886 725 1912 de
738 1886 817 1912 tantis
831 1885 938 1912 iniuriis
953 1893 1070 1919 experiri

30 1929 85 1948 ante
103 1922 219 1948 iudicium
239 1922 401 1948 ordinarium.
458 1922 531 1958 Conf.
552 1923 633 1949 Plaut.
653 1922 732 1948 Most.
746 1929 775 1954 ς,
790 1930 816 1954 1,
835 1929 874 1955 41.
967 1920 1028 1954 le.
1050 1921 1068 1947 l..

29 1959 135 1985 Praetor
147 1958 183 1985 ait
203 1957 235 1983 D.
260 1957 314 1983 Vbi
328 1956 460 1983 bonorum
473 1966 539 1992 rapt.
576 1959 606 1984 1n
618 1967 680 1984 eum
695 1958 723 1984 in
735 1965 821 1988 anno,
839 1965 893 1990 quo
906 1956 1022 1990 primuni
1037 1955 1070 1981 de

31 2003 60 2020 ea
73 2003 100 2020 re
112 1992 267 2028 experiundi
280 1993 390 2027 potestas
403 1993 502 2025 fuerit,
524 1994 551 2019 in
566 1993 690 2028 duplum:
725 1992 781 2027 post
795 2001 892 2018 annum
907 1992 934 2017 in
949 1990 1069 2025 simplum

31 2029 159 2059 astionem
173 2028 249 2054 dabo.

31 2064 153 2092 nolebas?
258 2063 295 2089 Id.
313 2073 361 2098 pro
376 2065 469 2098 Qiint.
483 2070 508 2095 38
529 2074 550 2090 c.
566 2073 587 2091 ιι
612 2065 638 2090 Si
653 2064 718 2098 quid
732 2063 759 2089 in
773 2062 978 2089 controuersiam
995 2070 1068 2088 veni-

33 2106 85 2132 ret,
104 2105 147 2126 aut
160 2099 228 2125 intra
242 2099 368 2133 parietes,
389 2106 433 2126 aut
446 2100 548 2126 summo
565 2100 622 2126 iure
641 2099 816 2134 experiretur.
887 2097 946 2131 le.
961 2098 990 2123 in
1003 2097 1019 2123 l.
1041 2097 1068 2123 Si

34 2135 90 2170 quis
100 2144 132 2162 ne
150 2136 181 2161 D.
197 2134 228 2161 de
241 2135 460 2168 Quaestionibus,
479 2136 573 2171 Siquis
582 2156 589 2167 ,
608 2145 641 2161 ne
655 2134 774 2170 quaestio
787 2133 819 2159 de
831 2141 864 2159 eo
875 2140 980 2167 agatur,
1002 2131 1069 2158 libe-

36 2179 94 2198 rum
105 2172 128 2197 se
141 2170 222 2197 dicat:
259 2171 336 2196 diuus
351 2171 481 2197 Adrianus
495 2170 641 2205 rescripsit,
666 2179 720 2196 non
734 2170 782 2195 ess'e
796 2177 857 2195 euni
871 2174 930 2194 ante
944 2174 1070 2202 torquen-

37 2205 106 2238 dum,
117 2214 190 2240 quam
203 2205 308 2232 liberali
322 2206 425 2234 iudicio
438 2208 595 2241 experiatur.

8 2259 10 2272 1
35 2241 76 2268 sus
87 2241 110 2278 §.
123 2241 192 2267 linali
212 2242 244 2268 D.
259 2242 290 2267 de
305 2241 455 2267 Publiciana
472 2243 499 2268 in
513 2251 569 2268 rem
583 2241 702 2272 adiione,
729 2241 777 2267 Sed
797 2240 876 2266 etiam
895 2240 928 2272 is,
945 2240 992 2273 qui
1013 2248 1069 2265 nio-

0 2288 7 2292 r
35 2285 120 2309 mento
131 2277 238 2311 poli’edit
249 2278 321 2303 refte
333 2277 380 2303 hac
393 2277 496 2304 achone
510 2278 670 2312 experietur.
741 2276 810 2310 Lege
843 2275 912 2310 Nep.
925 2283 973 2306 20,
994 2284 1021 2305 5,
1043 2282 1067 2300 2..

8 2331 10 2349 ζ
31 2311 78 2339 sed
86 2314 259 2348 &simpliciter
277 2313 392 2347 experiri
409 2323 436 2339 ea
450 2313 516 2340 dere
528 2313 639 2345 dicitur,
653 2322 676 2339 υ.
685 2320 709 2348 g.
729 2321 778 2346 pro
794 2311 886 2344 Quint.
902 2319 924 2336 c.
940 2313 967 2336 16
999 2311 1069 2337 Cum

8 2354 10 2363 *
31 2349 185 2382 experiundi
198 2348 307 2383 potestas
322 2358 375 2375 non
394 2348 438 2374 est.
475 2352 506 2375 it.
520 2358 540 2375 c.
555 2355 581 2378 28
608 2349 744 2375 Naeui-um
758 2356 790 2373 ne
804 2347 940 2380 appellasse
960 2346 1068 2380 quidem

31 2381 199 2417 Qiinfiium,
224 2393 282 2410 cuin
296 2384 370 2410 simul
391 2385 463 2415 essct,
493 2384 608 2418 experiri
626 2384 707 2418 posset
728 2382 859 2418 quotidie.

32 2419 107 2445 Com.
127 2428 149 2445 c.
169 2428 186 2454 7
220 2420 291 2453 Qid
305 2420 323 2446 fi
336 2419 439 2446 tandem
451 2420 568 2454 aliquem
582 2419 707 2445 timidum
720 2418 810 2444 nactus
829 2418 904 2449 esset,
924 2417 972 2452 qui
993 2425 1070 2451 expe-

29 2454 78 2481 riri
92 2464 146 2487 non
167 2456 255 2488 poss'et.
426 2452 449 2515 Ξ
472 2463 491 2486 4
526 2454 627 2488 Paffiue.
665 2455 805 2488 Expertum
827 2452 877 2485 cst,
901 2459 948 2487 pro
969 2453 1070 2488 Experi-

27 2498 105 2516 mento
117 2491 296 2524 comprobatum
310 2486 352 2520 ist.
451 2489 493 2515 ell.
508 2498 543 2522 15,
559 2497 576 2523 7
603 2488 780 2516 Obseruatum
795 2488 831 2514 est
846 2488 873 2514 in
887 2488 969 2514 multa
982 2487 1070 2514 homi-

27 2534 91 2551 num
104 2525 235 2550 memoria
248 2529 437 2558 expertumque
451 2524 494 2550 est.
566 2525 631 2551 Cato
646 2533 666 2550 c.
677 2532 720 2559 137
744 2525 807 2551 Cito
823 2524 910 2550 sanum
925 2524 1005 2550 facies
1020 2523 1067 2550 hac

29 2568 105 2586 cura:
141 2564 277 2593 expertum
290 2558 339 2584 hoc
353 2558 396 2585 est.

0 2593 1 2597 ¹
29 2595 91 2622 dum
106 2601 192 2620 autem
209 2594 244 2620 est
257 2594 284 2619 iii
297 2594 350 2631 ipsa
362 2595 494 2626 amicitia,
521 2595 557 2621 ita
573 2596 718 2629 praecurrit
731 2595 847 2622 amicitia
862 2594 1000 2621 iudicium.

62 2637 80 2656 Ε
89 2638 107 2656 x
116 2636 131 2654 Ρ
140 2636 157 2655 E
165 2636 184 2656 R
193 2637 203 2656 1
212 2636 228 2656 E
236 2637 257 2655 N
266 2636 284 2656 D
292 2636 313 2655 V
324 2637 336 2656 S
345 2649 353 2662 ,
373 2639 386 2656 a
395 2651 403 2663 ‚
423 2640 477 2657 um.
513 2632 605 2657 Partic.
640 2631 796 2667 [nespas-ins]
834 2630 898 2656 Plin.
908 2633 944 2662 16,
956 2640 982 2662 35
1003 2630 1068 2655 Ede-

0 2678 2 2693 ι
27 2674 72 2692 rae
85 2673 153 2691 inira
168 2664 289 2699 proditur
301 2671 392 2691 natura
406 2666 437 2691 ad
452 2666 610 2699 experienda
622 2668 695 2692 vina.
802 2665 883 2691 Ouid.
899 2665 963 2690 Fast.
977 2673 1007 2693 2,
1020 2667 1066 2695 368

27 2700 163 2728 caestibus
175 2708 200 2726 et
215 2701 324 2732 iaculis,
350 2706 375 2726 et
389 2701 463 2726 millo
479 2700 594 2734 pondere
607 2701 661 2726 saxi
695 2700 805 2726 Brachia
825 2708 870 2732 per
882 2699 950 2724 lusus
965 2699 1067 2732 experi-

27 2736 93 2762 enda
106 2735 212 2762 dabunt.

28 2772 147 2798 stitutum
158 2791 165 2804 ,
186 2771 342 2806 experiundi
355 2770 420 2797 iuris
434 2771 517 2805 gratia
530 2771 664 2797 venissent.

21 2829 40 2837 .-
62 2814 154 2834 EXPE
164 2814 198 2833 Ri
210 2814 225 2833 Ε
236 2814 257 2832 N
267 2814 295 2839 s,
313 2806 390 2832 entis.
425 2807 486 2834 Adi.
522 2807 664 2841 [ἔμπηρος]
702 2804 769 2832 Idem
783 2808 825 2840 qui
839 2810 968 2839 expertus,
983 2811 1065 2830 rerum

22 2845 129 2879 peritus.
200 2842 282 2868 Ouid.
296 2850 327 2868 ex
342 2842 425 2868 Ponto
439 2851 461 2874 3,
475 2850 501 2877 7,
514 2850 539 2868 12
563 2843 637 2874 Qiae
650 2841 748 2867 scilicet
761 2841 787 2866 in
803 2849 844 2866 me
862 2841 948 2873 Qiam
966 2839 1048 2873 proba
1058 2858 1066 2871 ,

0 2875 1 2878 ¹
30 2885 82 2906 tam
101 2877 194 2904 timida
214 2878 267 2910 est,
292 2878 480 2912 experiensque
499 2885 598 2912 parum.
692 2876 730 2903 Id.
751 2877 842 2902 Amor.
862 2884 886 2907 1,
901 2883 926 2906 9,
940 2883 966 2906 33
999 2875 1067 2908 Ergo

176 2949 236 2978 Cic.
251 2958 298 2983 pro
313 2948 453 2983 Cltient.23
466 2958 487 2974 c.
503 2954 515 2978 8
548 2949 620 2981 Qias
633 2948 720 2974 literas
735 2948 765 2973 A.
781 2947 877 2973 Aurius
890 2947 933 2972 vir
946 2946 1024 2971 fortis
1039 2952 1065 2972 et

732 2984 798 3009 Hor.
820 2981 898 3016 Epist.
918 2990 943 3014 1,
965 2988 1009 3016 17,
1030 2990 1064 3015 4²

797 3018 892 3044 Comes
900 3018 1064 3051 experientis

762 3054 817 3080 Cic.
833 3055 940 3085 Verr.3‚
956 3061 982 3085 53
999 3062 1020 3078 c.
1035 3061 1062 3079 21

0 2953 3 2957 ’
30 2957 112 2975 amor.

16 2981 176 3018 Je'xperienn
191 2991 216 3011 et
228 2984 301 3010 domi
314 2984 414 3010 nobilis
424 3003 431 3015 ,
449 2991 495 3010 etc.
515 2984 617 3010 recitat.

32 3019 64 3045 Et
75 3018 149 3045 decus
162 3025 187 3046 et
200 3020 313 3054 pretium
326 3019 397 3047 re&e
412 3020 476 3054 petit
491 3020 628 3054 experiens
641 3018 693 3045 vir.

9 3051 11 3076 l
33 3053 127 3085 Vlyssei
149 3054 227 3081 Ouid.
241 3056 304 3082 Met.
319 3064 359 3095 14,
375 3063 424 3088 159.
460 3058 479 3081 ι’.
498 3056 575 3081 multa
588 3057 692 3089 experti.

34 3133 92 3150 mus
103 3124 346 3159 ac‘diligentissimus
361 3133 457 3153 arator.
515 3128 544 3152 Et
558 3127 632 3152 Verr.
646 3134 673 3158 4,
688 3132 719 3159 37
754 3126 875 3152 Pronitus
889 3131 914 3150 et
927 3125 1062 3159 experiens

34 3160 125 3186 homo.
176 3161 206 3186 Et
218 3169 245 3192 3,
258 3168 288 3191 28
302 3171 324 3188 c.
338 3171 361 3189 11
394 3163 552 3197 Reperietur
563 3161 658 3196 aliquis
672 3160 749 3187 fortis
762 3167 786 3187 et
800 3161 935 3194 experiens
948 3166 1063 3192 curator.

69 3202 86 3221 E
96 3201 113 3220 x
121 3201 136 3220 P
145 3200 161 3220 Ε
169 3201 189 3221 R
199 3201 219 3220 Τ
228 3202 249 3222 v
258 3203 270 3223 s
279 3204 293 3229 ,-
302 3205 315 3223 a
322 3217 331 3229 ‚
348 3206 403 3224 um.
440 3198 532 3224 Partic.
567 3197 711 3232 [ἔμπειρος]
766 3198 924 3231 Experieiztia
938 3194 1025 3221 dorius
1040 3201 1063 3222 et

27 3230 138 3267 prudens
146 3228 245 3264 fatiat.
312 3233 385 3268 Virg.
400 3234 464 3260 Aen.
481 3242 505 3265 1,
527 3235 579 3259 206
614 3248 659 3253 -—
682 3240 729 3258 vos
744 3238 768 3258 et
782 3232 912 3266 Cyclopea
931 3231 988 3257 saxa
1014 3232 1063 3257 Ex-

2 3265 6 3271 '
32 3266 116 3300 perti,
137 3272 255 3291 reuocate
273 3267 380 3295 animos.

0 3300 3 3322 ἶ
32 3302 159 3335 Expertus
173 3301 265 3340 nictpit
287 3303 351 3329 Hor.
363 3304 439 3338 Epist.
450 3313 470 3337 1,
485 3311 509 3334 18
519 3324 526 3336 ‚
540 3310 581 3338 87.
685 3302 740 3330 Cic.
754 3304 786 3330 de
802 3304 907 3329 Amicit.
917 3304 947 3334 63
980 3302 1010 3328 Et
1023 3303 1062 3328 iu-

0 3339 5 3353 ¹⁴
33 3337 135 3367 dicare,
154 3334 260 3361 difficile
273 3337 307 3363 est
319 3339 375 3365 sane
388 3340 435 3367 nili
451 3346 596 3374 expertum.
668 3338 706 3366 Id.
720 3338 751 3365 de
764 3339 836 3366 Orat.
851 3348 876 3370 2,
893 3346 938 3364 102
967 3338 1060 3364 Dicam

0 3378 5 3383 “
31 3372 103 3403 enim
115 3370 163 3397 tibi
178 3370 270 3397 Catule
279 3380 333 3398 non
346 3379 397 3401 tam
409 3375 511 3407 deeius,
523 3384 602 3410 quani
621 3374 666 3408 (id
680 3374 751 3409 quod
764 3375 800 3400 est
812 3375 912 3404 maius)
932 3380 1063 3407 expertuS.

0 3411 2 3420 '
30 3409 71 3436 sic
83 3408 208 3441 Expertus
222 3406 317 3440 loquor
341 3408 397 3436 Seii.
410 3411 521 3443 Thyest.
540 3412 558 3437 s.
566 3420 587 3444 5.
657 3411 713 3437 Cic.
728 3411 799 3437 Fam.
814 3419 833 3441 1,
848 3419 864 3442 9
899 3410 944 3435 Te
957 3415 1062 3441 autem,

0 3468 1 3474 ,
16 3443 49 3470 -si
67 3443 172 3469 malleni
193 3442 222 3467 in
238 3441 303 3467 meis
321 3443 395 3470 rebus
412 3453 565 3480 expertum,
590 3455 671 3482 quani
687 3446 768 3472 etiam
792 3446 820 3472 in
838 3446 890 3472 tuis
908 3452 995 3471 tamen
1016 3451 1061 3471 etc.
1076 3453 1150 3479 903,
1171 3453 1229 3478 243.

1122 3480 1279 3507 Ornamenti
1304 3481 1360 3508 Cic.
1375 3481 1407 3508 de
1421 3482 1495 3508 Orat.
1510 3490 1533 3513 1,
1545 3484 1607 3516 264.

1121 3516 1303 3543 Periculorum
1347 3518 1403 3543 Cic.
1418 3518 1490 3544 Fam.
1503 3526 1538 3550 4,
1552 3526 1590 3552 14.

1121 3557 1238 3585 expertes
1252 3558 1280 3579 vt
1293 3553 1372 3580 faciat
1382 3552 1531 3587 foederatos
1550 3553 1587 3580 Id.
1602 3561 1650 3588 pro
1663 3554 1742 3579 Corn.
1757 3552 1828 3578 Balb.
1837 3560 1868 3587 37
1882 3562 1902 3579 c.
1910 3559 1932 3584 8.

1120 3586 1159 3613 id.
1172 3587 1224 3613 Off.
1241 3596 1260 3620 1,
1274 3596 1314 3620 50.
1769 3587 1774 3592 ’

624 3624 737 3650 Saeuitia
751 3630 857 3658 experta
884 3624 1001 3657 Propert.
1010 3631 1028 3654 1,
1038 3630 1058 3653 3.
1079 3627 1111 3653 95
1121 3622 1221 3656 Topic.
1233 3625 1276 3655 69.

1120 3657 1188 3683 tium
1208 3657 1365 3692 generibus,
1400 3666 1478 3695 atque
1497 3659 1612 3691 naturis,
1641 3664 1768 3692 particeps
1787 3659 1898 3686 rationis
1924 3666 1950 3688 et
1975 3663 2159 3697 cogitationis:

1122 3702 1203 3726 quum
1235 3699 1336 3720 caetera
1366 3693 1414 3722 sint
1445 3695 1569 3729 expertia.

1120 3727 1226 3754 Sceleris
1252 3728 1312 3755 Liu.
1329 3737 1354 3761 2,
1371 3732 1397 3756 6.

1120 3763 1177 3789 Sen.
1196 3764 1275 3790 Herc.
1297 3765 1350 3791 fur.
1369 3775 1389 3796 3.

772 3801 894 3827 Vulneris
909 3800 991 3826 aestus
1010 3800 1058 3826 Ex-
1066 3807 1112 3825 100
1121 3799 1202 3825 modo
1217 3808 1262 3833 per
1277 3801 1400 3827 omnium
1413 3800 1494 3827 vitam
1508 3798 1638 3825 amicitia:
1672 3808 1719 3826 nec
1732 3799 1813 3828 vllam
1827 3803 1919 3829 aetatis
1932 3804 2061 3839 degendae
2073 3806 2155 3831 ratio-

1120 3843 1179 3860 nein
1191 3835 1290 3868 patitur
1302 3837 1350 3862 ess'e
1365 3842 1497 3870 expertem
1512 3834 1565 3860 Sui.
1911 3837 1915 3841 '

1118 3870 1173 3896 vid.
1196 3876 1311 3896 licini
1326 3877 1399 3898 Las.

1119 3915 1178 3932 rum
1205 3905 1295 3932 Tacit.
1308 3906 1376 3932 l-iist.
1389 3915 1416 3939 4,
1430 3913 1467 3940 17.

1120 3941 1189 3967 nulla
1203 3941 1257 3967 eius
1277 3941 1348 3968 vitae
1371 3950 1429 3976 pars
1449 3941 1564 3967 summae
1587 3941 1759 3975 turpitudinis
1785 3944 1845 3970 effer
1867 3952 1967 3979 expers.

998 3979 1057 4005 Cum
1065 3985 1109 4012 105
1118 3977 1193 4012 Virg.
1206 3978 1269 4003 Aen.
1287 3984 1325 4009 ιο,
1339 3985 1388 4009 55²·

0 3507 3 3516 .
23 3480 157 3513 ¹Expertus
173 3477 199 3503 in
213 3477 271 3513 aliis
299 3477 456 3516 Scribon.19.
471 3490 526 3517 107.
701 3479 721 3519 ff
744 3489 759 3507 2
795 3481 859 3515 Paſji
896 3482 1061 3515 Exploratus,

0 3522 1 3531 ¹
31 3512 190 3549 manifestus:
226 3519 268 3542 vt,
289 3513 340 3549 V111
352 3522 468 3548 expertae
482 3517 588 3544 virtutis
618 3517 678 3543 Liu.
694 3525 717 3549 3,
730 3525 776 3550 44.
847 3516 896 3542 Vir
910 3525 956 3550 per
969 3517 1060 3542 onmia

31 3556 150 3584 expertus
178 3548 214 3574 id.
231 3557 250 3579 1,
265 3556 296 3587 3⁶}
309 3555 372 3574 extr.
427 3552 490 3580 Emi
500 3560 540 3587 pr.
573 3552 652 3579 Haud
666 3553 767 3586 ignotas
782 3551 846 3578 belli
859 3558 943 3584 artes,
964 3551 1006 3578 sed
1018 3560 1061 3577 ex-

32 3594 113 3620 pertas
126 3585 212 3619 primo
226 3585 321 3609 Punico
337 3582 416 3609 bello·
483 3588 604 3615 Feliciter
619 3594 724 3622 experta
739 3588 856 3614 amicitia
884 3588 943 3613 Liu.
959 3596 1004 3620 24,
1020 3592 1060 3616 28.

32 3621 121 3647 Homo
133 3625 254 3654 expertae
266 3619 388 3644 audaciae
415 3619 483 3653 Id.8‚
495 3630 532 3655 23,

8 3655 11 3703 ί
31 3656 120 3682 Virtus
144 3656 233 3682 Tacit.
247 3656 312 3680 Ann.
328 3663 354 3685 ς,
366 3662 411 3688 74.
479 3657 685 3692 Compositioncs
698 3665 820 3693 expertae
848 3658 966 3684 Scribon.
980 3657 1058 3691 Epist.

8 3706 10 3713 .
30 3693 49 3718 i.
64 3692 189 3726 probatae.
283 3690 390 3723 Experta
403 3689 535 3723 prodimus
559 3694 623 3720 Plin.
637 3697 675 3727 16,
690 3703 723 3727 13,
830 3695 912 3720 Cuius
926 3694 1007 3728 igitur
1014 3702 1058 3719 au-

25 3726 83 3753 ,dita
101 3727 185 3753 virtus
207 3725 368 3751 dubitationi
388 3725 475 3750 locum
492 3735 543 3752 non
556 3728 626 3756 daret
639 3730 716 3756 huius
730 3730 846 3764 praesens
860 3737 966 3763 experta
981 3735 1059 3763 atque

8 3756 10 3815 ε
24 3762 163 3823 -perlt‘pssjc‘tai
172 3760 379 3822 ‘ibtffffimomssn
390 3769 455 3786 voce
467 3760 589 3822 laectletiixr·
604 3765 659 3791 Cic.
672 3775 720 3799 pro
736 3766 816 3792 Corn,
828 3765 911 3791 Balbo
924 3767 958 3791 [4,
1014 3765 1059 3790 Li.

53 3804 79 3823 er
90 3806 135 3823 ais
166 3807 181 3824 u
194 3806 221 3823 ce
242 3806 285 3822 me
298 3805 350 3822 non
372 3805 414 3822 um
431 3804 508 3829 exper
522 3804 536 3822 a
583 3806 618 3824 111.
633 3808 651 3830 ι,
665 3809 674 3826 1
697 3821 702 3826 .

8 3819 10 3868 Ι
34 3833 110 3864 pertis
120 3833 249 3858 medicare
262 3832 349 3858 modis
381 3832 426 3857 Sil.
435 3833 449 3856 6
458 3851 464 3861 ,
478 3837 517 3864 98.
677 3808 704 3872 ,ἢ
725 3845 735 3868 3
773 3835 884 3869 psum-st,-
899 3836 992 3870 casibus
1002 3839 1059 3866 jun.

7 3872 9 3922 *
50 3869 108 3893 itur.
159 3867 303 3903 Accusatiuo
318 3878 325 3892 :
362 3867 476 3893 Labores
491 3866 604 3893 Lucinae
618 3876 720 3901 experta
749 3872 823 3905 Virg.
838 3873 933 3906 Georg.
947 3880 980 3905 4,
1000 3880 1057 3904 340.

62 3909 136 3928 anum
149 3904 248 3929 saeuam
272 3903 330 3929 sen.
345 3903 454 3937 Hippol.
469 3903 536 3935 [29.
626 3903 741 3930 Pericula
754 3907 828 3933 mille
855 3908 950 3933 Lucan.
965 3916 983 3939 i,
997 3915 1057 3939 299.

32 3936 90 3964 Liu.
102 3947 143 3972 42,
154 3942 183 3970 63
207 3938 323 3971 Qiidam
336 3939 391 3965 vim
403 3938 603 3972 superbiamque
617 3939 717 3971 experti
734 3940 794 3967 laeti
808 3951 863 3968 eain
877 3944 974 3970 famam
986 3951 1056 3969 acce-

24 3980 99 4008 pere.
166 3974 262 4000 Virum
282 3981 402 4007 expertae
417 3974 521 4009 puellae
554 3974 621 4000 Hor.
639 3974 726 4000 Carni.
744 3983 775 4007 3,
794 3984 837 4010 14,
856 3986 894 4004 ιο.

178 4015 198 4035 v
208 4015 226 4036 0
235 4016 261 4036 i..
297 4010 332 4036 11.

1130 298 1260 331 ΑὖΙαιίασ,
1279 298 1352 327 Bello
1364 305 1483 334 expertus
1503 301 1575 336 Virg.
1584 301 1647 328 Aen.
1660 308 1686 336 7,
1701 309 1753 334 235.

1097 625 1161 649 108⁵
1199 637 1205 644 ·

1093 809 1117 835 ¹5
1134 795 1234 821 artibus
1260 794 1365 820 Colum.
1382 803 1400 824 1,
1415 803 1434 820 1.

527 992 533 998 .
570 973 649 999 Certe
678 981 727 1006 ego
751 970 912 997 Libertatem
939 971 1116 1003 experiar,20

782 1148 855 1184 Cous.
868 1148 936 1174 Ter.
952 1147 1030 1173 Andr.
1046 1156 1110 1188 ²⁹25

39 1324 122 1352 tandis
144 1326 362 1361 experiundisque
382 1328 470 1353 Pueris
489 1329 642 1361 quicunque
662 1328 738 1353 essent
758 1326 826 1356 nati,
854 1325 1013 1358 Babylonios
1027 1334 1072 1359 po·
1080 1338 1111 1362 30

361 1362 433 1388 Flor.
447 1372 468 1394 3,
483 1371 525 1394 20,
540 1371 563 1395 13
603 1364 694 1396 Quini
709 1362 799 1396 fugam
818 1362 846 1387 in
863 1361 980 1387 Siciliam
1000 1369 1073 1395 para-

912 1432 1073 1458 Seruitutem

698 1505 772 1538 virg.
787 1504 883 1537 Georg.
897 1510 930 1535 2,
950 1511 993 1528 222
1028 1517 1092 1542 —3

33 1573 95 1598 Vim
108 1575 202 1600 veneni
220 1575 337 1608 experiri
361 1576 389 1600 in
409 1575 516 1609 aliquo,
542 1582 567 1602 et
588 1576 643 1601 eius
662 1574 789 1608 perceleri
810 1574 920 1600 interitu
940 1582 1074 1600 venenum

575 1612 652 1637 Vires
666 1611 722 1636 suas
755 1610 835 1636 Ouid.
852 1608 883 1634 de
897 1610 960 1635 Arte
974 1610 1033 1635 Am.
1047 1617 1073 1641 2,

412 1645 566 1672 Persuadent
588 1654 616 1672 vt
633 1645 735 1672 traduci
752 1646 777 1671 sc
792 1646 820 1671 in
835 1645 933 1670 Locros
953 1650 1073 1678 pateren-

771 1681 934 1707 peculiariter
951 1679 1071 1714 Experiri
1080 1695 1117 1720 40

33 1713 163 1744 dicuntur,
182 1718 224 1750 qui
238 1716 365 1750 remsuum
380 1717 420 1742 vel
431 1720 470 1742 ius·
482 1716 583 1752 aliquod
593 1720 765 1748 conuentione,
791 1722 834 1741 aut
845 1714 871 1748 st
890 1716 937 1741 hac
955 1724 1003 1740 non
1016 1715 1074 1749 fiac-

9 1749 11 1753 ⁴
31 1748 136 1783 “iffi'rl's,
149 1752 249 1782 iudicio,
267 1751 437 1791 patentiaque
450 1752 541 1778 iudicis
552 1755 616 1777 tucri
629 1753 669 1777 vel
681 1757 823 1785 recuperare
834 1757 964 1780 conantur.
1016 1748 1074 1774 Vid.

322 2029 379 2054 Cic.
396 2037 443 2062 pro
457 2030 530 2055 Rosc.
545 2029 657 2061 C0m.25
671 2038 692 2055 c.
702 2037 718 2061 9
744 2027 849 2053 Iudicio
862 2027 937 2061 graui
951 2026 1068 2066 experiri
1077 2032 1109 2058 50

644 2213 648 2217 ’
675 2205 779 2232 Paullus
795 2205 822 2230 in
835 2204 864 2229 L.
884 2205 972 2237 Quini
988 2204 1069 2237 Spon-
1077 2211 1104 2237 55

930 2390 979 2416 pro
992 2382 1068 2407 Rosc.
1075 2385 1110 2410 60

316 2735 372 2761 Cic.
388 2744 435 2769 pro
447 2736 558 2761 Caecina
573 2744 597 2767 13
621 2735 751 2761 Homines
766 2735 890 2766 inermes,
908 2734 955 2768 qui
967 2733 999 2759 ad
1007 2742 1068 2760 con·
1081 2741 1116 2768 70
1129 2734 1223 2760 ocimi.

1125 2840 1228 2867 Troad.
1245 2842 1312 2867 1106.
1348 2841 1440 2877 ignara
1457 2847 1479 2866 et
1498 2842 1633 2877 negligens.

743 2912 747 2916 .
824 2910 839 2915 ..
991 2910 995 2914 .
1048 2910 1052 2914 .
1125 2876 1226 2914 Legum
1240 2882 1265 2902 et
1279 2875 1368 2902 ciuilis
1387 2876 1548 2911 humanique
1562 2876 1675 2911 federis,
1695 2879 1794 2914 Appius
1822 2880 1882 2908 Liu.
1897 2890 1919 2914 3,
1933 2891 1973 2917 57.
2009 2888 2050 2911 cui
2062 2895 2089 2912 ea
2103 2887 2170 2913 nihil

0 2922 3 2928 .
28 2913 151 2940 desidiam
163 2914 315 2948 quicunque
331 2912 439 2940 vocabit
450 2921 569 2939 amorem
598 2911 715 2939 Desinat:
740 2920 842 2946 ingenii
857 2911 891 2936 est
906 2918 1066 2949 experientis
1075 2919 1106 2945 75
1118 2910 1514 2974 prgdqffeihtllgberiatlinqprilppzncig
1524 2913 1692 2974 ipsqpiolata.

1123 2950 1207 3009 ijiatiiss
1217 2991 1307 3017 expers
1321 2967 1378 3009 vini
1388 2983 1445 3009 Chii
1457 2965 1676 3018 laui'apud'iior.
1691 2985 1740 3013 Sat.
1757 2995 1788 3019 2,
1801 2993 1830 3020 8,
1846 2995 1879 3020 ις.

1123 3125 1211 3158 tenet)
1233 3125 1323 3159 sponte
1335 3131 1444 3151 naturae
1458 3125 1518 3151 suae
1532 3135 1604 3152 mare
1617 3127 1691 3161 sapit.

1122 3161 1221 3186 Iemnem
1239 3163 1347 3186 nominis
1365 3160 1438 3187 huius
1450 3160 1671 3197 siffiificationem.

1123 3197 1202 3222 altera
1217 3195 1384 3230 reconditior,
1405 3203 1434 3222 vt
1448 3197 1544 3232 Expers
1565 3198 1645 3224 maris
1666 3197 1803 3234 vinumJn
1822 3207 1977 3237 expertum,
2004 3202 2067 3238 quod
2077 3211 2163 3230 reuera

1124 3238 1197 3257 trans
1211 3241 1277 3258 mare
1287 3231 1460 3266 cidueflumfit
1469 3252 1477 3265 ,
1493 3243 1541 3259 noii
1554 3236 1725 3260 concinnatum
1736 3242 1790 3262 arte
1802 3236 1906 3271 quadam
1920 3240 1946 3262 in
1962 3239 2046 3264 Italia.

452 3269 543 3295 Dulcis
562 3267 704 3303 inexpertis
722 3268 823 3294 cultura
841 3267 953 3302 potentis
971 3267 1065 3298 amici,
1080 3269 1109 3298 85
1123 3268 1190 3293 locus
1202 3269 1313 3302 geminae
1325 3269 1390 3293 ambi
1408 3270 1497 3294 uitatis
1509 3267 1543 3301 cst
1575 3270 1642 3295 Pers.
1658 3272 1689 3302 6,
1701 3278 1741 3302 39.
1777 3271 1820 3297 vbi
1839 3272 1931 3306 Sapere
1951 3273 2067 3299 nostrum
2081 3274 2162 3301 maris

1124 3311 1216 3336 expers
1231 3303 1271 3329 uel
1279 3301 1359 3338 potest
1371 3312 1382 3329 e
1403 3303 1414 3329 ἐ
1427 3307 1596 3330 transmarina
1603 3305 1731 3340 sapientia
1748 3313 1772 3332 et
1784 3307 1918 3339 Graecula,
1943 3309 1983 3333 vel
1999 3308 2064 3343 quod
2082 3312 2164 3346 magii·

1121 3338 1208 3373 probat
1222 3338 1375 3374 Casauborzus
1394 3339 1490 3371 maris,
1518 3342 1536 3365 i.
1555 3343 1609 3366 viri
1622 3349 1712 3375 expers
1725 3340 1758 3374 ‘st
1771 3342 1850 3368 mollis
1860 3350 1933 3378 atque
1946 3343 2101 3376 effeminata,
2121 3348 2164 3372 cui

1121 3383 1169 3400 non
1183 3372 1244 3407 inest
1255 3374 1388 3401 Testiculi
1402 3384 1468 3401 vena
1481 3375 1534 3401 vlla
1548 3376 1666 3409 paterni,
1685 3383 1715 3402 vt
1728 3380 1766 3403 ait
1780 3386 1800 3410 1,
1815 3386 1865 3409 103.

1121 3408 1210 3445 ἄπειρος
1223 3410 1267 3444 twa)
1285 3411 1401 3445 ἔμπειρος.

1510 212 1768 253 ΕΧΡ
2097 236 2163 270 522

1637 338 1643 342 “
1867 305 1944 333 Bellis
1957 307 2059 335 animus
2071 316 2163 343 exper-

1453 371 1456 375 .
1588 337 1791 364 Deieniionibiis
1811 345 1946 373 expertum
1960 343 2094 377 ingenium
2124 345 2163 372 ld.

1420 371 1486 397 Plin.
1500 372 1588 406 Paneg.
1602 382 1622 398 c.
1638 375 1666 399 61
1699 373 1728 399 In
1746 373 1875 401 summum
1894 375 2032 405 discrimen
2052 380 2163 408 addudh

1134 406 1208 439 Resp.
1230 414 1365 441 expertum
1383 405 1529 432 honoribus
1548 409 1635 434 virum
1654 409 1778 443 posceret.
1892 410 2018 439 Industria
2042 423 2162 449 expet-m.

1133 441 1201 467 Suet.
1217 443 1291 477 Vesp.
1307 450 1363 474 c.4.
1398 442 1441 467 Al.
1456 441 1603 469 industriae.
1649 446 1732 470 Burm.
1745 443 1888 471 industriae
1903 454 2032 480 expertae.
2103 454 2163 478 Cum

1134 479 1256 503 (lenitum.
1293 477 1352 503 Liu.
1363 485 1447 510 24,22
1484 496 1489 502 .
1525 496 1531 502 .
1567 478 1742 506 Seruitudinis
1756 480 1972 516 indignitatisque
1986 482 2106 511 homines
2120 496 2163 513 cx-

1134 519 1221 545 pertos
1235 513 1357 539 aduersus
1370 520 1461 538 notum
1474 511 1569 538 malum
1585 514 1700 541 irritatos
1714 516 1770 542 effe.
1876 517 2070 552 Belliexpertus
2090 522 2163 556 Virg.

1134 548 1197 573 Aen.
1214 556 1249 578 10,
1264 557 1314 582 173·
1352 548 1441 573 Tacit.
1457 548 1524 572 ΗΜ.
1538 557 1566 579 4,
1579 556 1621 582 Τι,
1637 558 1660 575 2.
1733 551 1845 585 Liu.40,
1859 557 1872 581 8
1899 553 2021 587 Expertes
2032 555 2102 581 inter
2115 557 2164 583 sra-

1133 589 1185 608 tres
1199 585 1386 610 certaminum:
1416 582 1468 621 ssd⁴
1482 584 1567 622 uulgus
1579 585 1610 609 al.
1626 591 1751 618 expertes.
1839 588 1952 622 Sagittae
1970 596 2089 624 expertus
2119 591 2164 618 Sil.

1343 620 1435 653 Superi.
1443 619 1626 653 significatione
1634 620 1697 654 paſjl
1740 623 1809 649 Suet.
1824 622 1922 650 Tiber.
1934 633 1955 651 c.
1972 633 1999 657 19
2025 624 2166 653 Confiden-

1133 653 1234 680 ostento
1248 653 1297 678 fibi
1310 661 1338 679 ac
1353 654 1404 679 suis
1420 653 1602 687 expertissimo.
1655 656 1726 691 Cous.
1742 658 1856 684 Borrich.
1873 661 1964 695 Cogitt.
1974 668 2052 695 p-99.

1169 695 1185 715 Ε
1195 696 1212 715 x
1222 695 1235 713 Ρ
1246 696 1262 714 E
1274 695 1289 713 R
1302 695 1307 713 i
1321 695 1336 714 E
1346 695 1367 714 N
1377 696 1398 715 T
1408 695 1415 713 I
1425 696 1445 716 Α
1456 708 1463 720 ,
1485 698 1522 714 ae.
1549 689 1569 715 f.
1626 691 1726 727 [ni-ipse,
1748 694 1855 728 ἐμπειρία
1863 714 1871 726 ,
1890 693 2038 729 δοκιμασία]
2091 697 2167 732 Expe-¹

1131 723 1214 750 ricridi
1226 721 1313 754 tuqus,
1341 727 1368 749 in
1377 727 1470 758 primis
1484 727 1617 759 repetitus,
1640 729 1667 751 in
1686 736 1731 763 quo
1752 729 1782 754 ab
1800 736 1961 763 expcrmicnto
1979 730 2084 764 diflert,
2104 739 2170 768 pru-

1134 760 1217 786 dentia
1229 762 1285 784 item
1301 760 1444 793 experti-ndo
1463 759 1571 786 colle-cla.
1643 763 1707 788 Vsus
1727 769 1752 789 et
1771 765 1934 798 Experientia
1953 766 2122 794 dominantur
2140 768 2170 794 in

1313 831 1317 834 γ
1505 796 1552 822 Per
1567 796 1654 823 varios
1664 798 1721 823 vsus
1735 806 1817 826 artem
1831 801 1991 834 experientia
2000 802 2063 828 fecit
2075 803 2168 830 Manil-

1135 839 1161 863 ι,
1181 833 1218 857 61,
1287 831 1342 855 Cic.
1354 831 1424 856 Fam.
1439 838 1481 862 10,
1505 839 1532 863 19
1563 833 1637 864 Qiae
1650 833 1667 858 ss
1682 833 1806 861 aduentus
1821 844 1892 861 meus
1905 837 2066 870 repress'crit‚
2095 847 2170 873 agam

1135 866 1228 900 gratias
1243 865 1382 897 fortunae,
1400 866 1609 902 constantiaeque
1623 877 1710 901 meae,
1728 878 1794 904 quae
1804 870 1835 897 ad
1850 871 1914 897 hanc
1927 873 2114 906 experientiam
2128 882 2171 900 ex-

1133 902 1234 928 citauit.
1338 902 1413 935 virg.
1429 902 1525 936 Georg.
1542 911 1560 934 1,
1573 912 1590 935 4
1623 905 1707 938 Atque
1722 905 1812 939 apibus
1827 913 1924 940 quanta
1938 909 2100 941 experientia
2113 919 2171 944 par-

1134 938 1178 963 cis.
1250 936 1417 970 Experientia
1432 939 1586 971 patrimonii
1600 939 1776 973 amplificandi
1808 941 1864 967 Cic.
1878 951 1927 976 pro
1941 943 2005 969 Rab.
2019 944 2084 970 Post.
2098 954 2119 971 c.
2134 947 2169 971 16.

1134 972 1305 998 Laudandum
1319 973 1481 1006 experientia
1494 973 1630 1000 confilium
1663 974 1763 1007 Vell.2,
1776 981 1818 1010 57,
1833 984 1852 1002 1.
1922 979 1987 1004 Veri
2009 978 2090 1006 Ouid.
2106 981 2170 1007 Met.

1133 1016 1160 1069 ὃ,
1192 1016 1248 1040 225.
1338 1008 1454 1043 Inipigra
1485 1009 1580 1035 mentis
1624 1009 1730 1036 Lucret.
1763 1019 1791 1043 5,
1824 1018 1889 1043 ¹45¹·
1975 1013 2056 1041 Noua
2097 1016 2171 1051 Virg-

1158 1051 1203 1069 eor
1223 1063 1228 1068 .
1268 1063 1276 1075 ,
1293 1045 1347 1075 316.

1169 1085 1185 1104 Ε
1194 1051 1261 1105 ngAI}
1272 1084 1291 1104 R
1302 1084 1311 1103 1
1323 1085 1349 1104 M
1360 1085 1376 1104 E
1385 1085 1407 1104 N
1418 1084 1441 1104 Τ
1451 1085 1472 1105 V
1481 1086 1521 1110 M,
1540 1078 1559 1105 i.
1577 1088 1603 1105 11.
1640 1079 1748 1114 [migma]
1783 1076 1866 1106 AH'us
1880 1090 1943 1107 viius
1957 1084 2113 1117 experiendi,
2126 1092 2171 1120 pe.

1132 1115 1272 1146 rit-litatio,
1286 1112 1419 1149 specimen.
1490 1114 1556 1140 Plin.
1571 1114 1598 1140 in
1614 1115 1706 1149 Paneg.
1720 1124 1741 1141 c.
1757 1123 1793 1149 49
1827 1116 1914 1143 Discat
1928 1117 2011 1151 igitur
2025 1119 2173 1154 Aegyptus,

1133 1149 1274 1183 credatque
1287 1149 1466 1184 experimento
1475 1170 1483 1182 ,
1500 1159 1555 1176 non
1569 1150 1692 1177 alimenta
1706 1150 1731 1176 se
1744 1150 1839 1184 nobis,
1865 1153 1907 1178 sed
1923 1152 2023 1179 tributa
2035 1155 2173 1188 praestare.

1133 1185 1292 1211 Probabitur
1305 1186 1487 1219 experimento
1512 1186 1580 1212 Ibid.
1595 1194 1616 1211 c.
1624 1194 1666 1219 43.
1737 1187 1767 1212 In
1786 1187 1832 1212 vsu
1850 1194 1875 1214 et
1891 1189 2078 1222 experimentis
2091 1191 2173 1217 niedi-

1134 1221 1220 1247 cinam
1240 1229 1339 1255 ponere
1374 1221 1442 1247 Cels.
1457 1230 1466 1247 ι
1486 1222 1568 1255 praef.
1659 1222 1765 1248 Notitia
1784 1224 2027 1256 experimentorum
2060 1225 2173 1253 Ibidem.

1132 1263 1156 1282 et
1167 1255 1206 1289 Jic
1219 1256 1329 1291 saepius.
1373 1257 1588 1290 Experimentum
1611 1256 1709 1284 habere
1733 1258 1913 1286 remediorum
1951 1260 2070 1287 Scribon.
2094 1261 2174 1296 Epist.

1134 1292 1174 1318 Ad
1188 1297 1272 1318 tantae
1285 1292 1326 1318 rei
1335 1293 1543 1326 experimentum
1552 1292 1649 1319 habere
1661 1293 1810 1320 remedium
1830 1295 1867 1321 Id.
1877 1296 1970 1330 Comp.
1982 1303 2035 1330 172.
2084 1297 2175 1332 Longa

1134 1335 1279 1361 magnaque
1298 1329 1494 1362 experimenta,
1525 1329 1578 1354 vid.
1605 1335 1621 1354 L
1634 1334 1654 1354 0
1666 1335 1686 1354 N
1696 1335 1716 1355 G
1726 1336 1745 1354 v
1755 1336 1777 1354 s.
1867 1331 1951 1364 Agere
1979 1332 2176 1366 experimenta,

1133 1366 1151 1389 i.
1176 1364 1312 1389 Periculum
1326 1363 1425 1398 jacere.
1474 1363 1527 1389 vid.
1553 1369 1640 1389 AGO.
1732 1365 1831 1399 Capere
1857 1367 2066 1400 experimentum
2077 1387 2085 1400 ‚
2122 1369 2174 1394 vid.

1134 1405 1181 1425 CA
1191 1404 1261 1425 1²10.
1299 1399 1366 1425 Plin.
1382 1407 1415 1431 13,
1429 1407 1454 1425 2..
1524 1398 1727 1433 Deprehendere
1741 1401 1927 1434 experimentis
1950 1402 2080 1436 Qinctil,
2097 1412 2122 1436 2,
2136 1412 2174 1430 12.

1134 1433 1201 1460 Duci
1217 1434 1405 1468 experimentis
1419 1434 1451 1460 ad
1463 1434 1678 1461 consentiendum
1705 1434 1744 1461 Id.
1758 1444 1787 1467 3,
1802 1441 1823 1465 8.
1894 1438 1988 1464 Facere
2009 1438 2176 1466 certill'imuna

1135 1478 1241 1496 morum
1255 1470 1463 1504 experimentum
1491 1470 1529 1496 Id.
1545 1479 1567 1502 3,
1581 1478 1606 1504 7.
1700 1471 1829 1505 Inspicere
1842 1471 1958 1506 aliquem
1973 1474 2177 1508 experimentis,

1134 1504 1188 1531 vid.
1208 1512 1246 1531 IN
1258 1512 1294 1532 sr
1304 1512 1312 1531 1
1322 1511 1338 1531 c
1348 1513 1358 1532 1
1368 1511 1399 1531 0.
1470 1505 1500 1531 In
1518 1505 1643 1531 omnibus
1656 1506 1712 1532 sere
1725 1506 1812 1533 minus
1826 1507 1919 1535 Valent
1932 1515 2083 1544 praecepta,
2096 1519 2176 1545 quam

1134 1541 1316 1575 experimenta
1342 1539 1474 1574 Quintffil.
1490 1549 1502 1566 2
1517 1550 1538 1566 c.
1548 1548 1569 1573 5.

1145 1574 1436 1602 .13x1>i}R1'M13NT
1452 1580 1489 1608 o,
1514 1579 1566 1602 are.

1170 1617 1573 1644 EXPERIMENTATVS,
1595 1620 1626 1644 a,
1646 1620 1701 1638 um.

1133 1647 1376 1680 Experimentatum
1389 1645 1545 1673 remedium.

1169 1688 1185 1707 Ε
1194 1689 1212 1708 x
1223 1689 1237 1707 1>
1247 1689 1264 1707 Ε
1275 1688 1293 1708 R
1302 1689 1323 1708 T
1333 1689 1352 1708 0
1361 1688 1379 1708 R
1388 1702 1396 1713 ,
1417 1682 1479 1707 oris.
1499 1690 1534 1706 m.
1589 1681 1641 1715 Qu·
1657 1681 1756 1715 aliquid
1772 1685 1914 1715 experitur,
1941 1688 1985 1708 aut
1999 1688 2113 1717 expertus
2132 1682 2176 1716 est.

1133 1717 1271 1751 Legebatur
1285 1716 1330 1742 Sil.
1341 1725 1375 1747 12,
1390 1724 1433 1748 501
1463 1716 1527 1742 Non
1542 1715 1578 1740 ita
1592 1723 1634 1741 me
1646 1715 1749 1749 experti
1763 1716 1875 1749 Fabius,
1902 1717 2039 1752 Fabioque
2053 1718 2176 1752 magister

1134 1750 1292 1777 Turbarum
1314 1758 1438 1783 expertor
1457 1759 1539 1783 quum
1558 1749 1657 1775 clausos
1679 1750 1765 1775 milite
1786 1751 1883 1783 colles,
1908 1758 1953 1778 etc.
2010 1753 2057 1780 Sed
2071 1755 2178 1789 pulchre

1134 1784 1286 1809 emendatum
1300 1793 1329 1809 ex
1342 1785 1417 1810 MSS.
1453 1784 1625 1815 Turbatum,
1646 1784 1776 1819 Hesperio
1796 1793 1840 1812 etc.
1878 1790 1897 1813 i.
1921 1789 2039 1816 Romano.

1171 1823 1189 1842 ε
1200 1825 1218 1843 x
1227 1824 1241 1843 P
1252 1824 1267 1843 E
1276 1824 1294 1843 R
1305 1825 1343 1844 Ti
1354 1825 1389 1849 o,
1400 1819 1474 1844 onis.
1493 1819 1511 1844 f.
1548 1818 1673 1845 probatio.
1710 1820 1817 1847 Vitruu.
1827 1827 1850 1854 8,
1863 1830 1876 1855 ς
1885 1830 1929 1858 pr.
1961 1823 2133 1858 Expertiones
2149 1829 2177 1854 et

1132 341 1172 360 tus
1208 336 1297 362 Tacit.
1312 337 1340 362 in
1353 336 1439 369 Agr-ic.
1454 345 1492 369 41.

1132 370 1198 396 Hist.
1208 382 1234 404 4,
1248 380 1288 404 42,
1303 374 1327 397 6.

1608 1576 1699 1610 Veget.
1713 1585 1735 1608 3,
1750 1585 1763 1602 2
1790 1577 2004 1612 Experinientare
2016 1579 2174 1607 remedium.

1738 1613 1830 1639 Partic.
1867 1613 1977 1640 Theoti.
1991 1614 2113 1642 Priscian.
2126 1623 2150 1647 3,
2162 1623 2175 1648 ς

2115 1895 2176 1921 Non

1130 1963 1263 1996 expetitos
1284 1964 1307 1983 et
1326 1958 1483 1992 imperitos:
1513 1959 1561 1993 μά
1573 1960 1703 1993 experitos
1718 1967 1766 1995 pro
1780 1963 1894 1996 expertis
1914 1964 1994 1989 eadem
2006 1965 2095 2000 figura
2109 1966 2175 1999 dici,

1130 2001 1177 2027 qua
1190 1993 1339 2026 imperitos.
1392 1995 1435 2018 An
1449 2002 1507 2020 vero
1514 1994 1704 2030 Experituspro
1718 1996 1830 2030 Experte
1845 1997 1978 2033 diflusste,
1997 2009 2045 2026 non
2059 1999 2175 2029 dixerim.

1139 2026 1197 2054 istd.
1219 2033 1235 2052 Ε
1244 2035 1263 2054 x
1273 2034 1287 2054 Ρ
1298 2034 1314 2054 E
1325 2035 1344 2054 R
1352 2035 1366 2054 s
1387 2028 1478 2054 Maris.

1165 2069 1181 2089 E
1192 2070 1209 2089 x
1218 2070 1233 2088 P
1244 2069 1259 2088 E
1268 2070 1286 2089 R
1296 2071 1305 2089 1
1314 2070 1335 2089 v
1344 2070 1364 2089 R
1373 2069 1392 2089 o
1401 2082 1408 2095 ,
1429 2068 1481 2089 are.
1518 2064 1734 2098 Experiurabant,
1743 2067 1910 2095 exsecrabant
1921 2070 1947 2096 se
1960 2078 1988 2096 ac
2002 2069 2061 2098 suos
2081 2071 2174 2099 Afran.

1129 2105 1168 2134 ap.
1183 2098 1256 2125 Non.
1269 2106 1296 2132 7,
1311 2100 1356 2131 46.
1416 2099 1472 2125 Vim
1486 2100 1594 2134 augendi
1607 2100 1678 2126 haber
1693 2102 1849 2137 Praepositio,

1166 2140 1183 2159 E
1192 2141 1210 2160 x
1223 2140 1238 2159 Ρ
1247 2140 1263 2159 Ε
1273 2141 1292 2160 R
1304 2140 1316 2159 s
1325 2153 1334 2166 ‚
1353 2133 1426 2160 ertiS.
1463 2134 1522 2160 Adi.
1559 2133 1693 2170 [ἄμοιρος]
1748 2139 1822 2164 Cuius
1833 2139 1900 2166 nulla
1913 2146 1979 2176 pars
1991 2139 2041 2174 est,
2062 2144 2176 2177 quipar·

1130 2174 1177 2194 iem
1191 2178 1238 2194 mm
1254 2168 1340 2201 habet,
1355 2171 1432 2204 plane
1453 2176 1482 2195 vt
1495 2170 1605 2203 Exsors,
1624 2172 1732 2206 Exspes,
1752 2174 1856 2201 Excors.
1927 2176 1980 2202 Cic.
1996 2178 2071 2203 Verr.
2087 2186 2121 2210 4,
2141 2186 2175 2206 22

1129 2204 1179 2230 His
1193 2203 1301 2238 quidem
1316 2204 1344 2230 in
1363 2204 1527 2239 temporibus
1548 2206 1575 2231 in
1596 2208 1671 2233 omni
1690 2209 1756 2234 orbe
1774 2215 1905 2236 terrarum
1926 2211 2020 2243 vacui,
2039 2218 2175 2246 expertes,

1129 2240 1210 2265 soluti
1230 2247 1258 2266 ac
1282 2239 1364 2266 liberi
1383 2240 1492 2267 fuerunt
1510 2240 1543 2267 ab
1561 2242 1636 2268 omni
1658 2243 1790 2270 sumtuum
1811 2246 1949 2279 molestia,
1985 2256 2097 2275 munere
2126 2255 2173 2275 etc.

1130 2275 1168 2315 Id.
1183 2274 1215 2301 de
1228 2276 1337 2315 Orat32,
1351 2284 1361 2302 1
1385 2276 1531 2303 Antonium
1546 2277 1658 2304 omnino
1671 2279 1758 2305 omnis
1773 2279 1931 2308 eruditionis
1945 2289 2081 2317 expertem
2094 2289 2174 2319 atque

1132 2319 1253 2345 ignarum
1268 2311 1352 2337 fuisse.
1424 2312 1520 2346 Expers
1533 2314 1632 2340 amoris
1647 2315 1719 2348 gnati
1746 2316 1798 2350 ,Qui
1817 2317 1893 2352 nescit
1909 2324 1933 2343 et
1951 2322 2053 2354 ignorat
2071 2326 2176 2356 gnatum

1131 2355 1213 2373 amare
1249 2346 1329 2373 Plaut.
1346 2346 1435 2373 Pseud.
1451 2357 1468 2378 1,
1483 2355 1505 2380 5,
1518 2353 1554 2380 83.
1625 2349 1693 2375 Belli
1720 2350 1801 2377 Ouid.
1814 2352 1879 2378 Met.
1894 2360 1917 2386 ς,
1937 2362 1975 2385 91.
2045 2354 2174 2388 Consilii,

1130 2383 1181 2417 Qi
1192 2388 1260 2408 caret
1274 2382 1371 2415 confilio
1379 2403 1387 2415 ,
1405 2390 1449 2408 aut
1460 2385 1575 2409 Alterius
1588 2385 1712 2418 consilium
1729 2389 1830 2422 ignorat
1855 2388 1912 2416 Cic.
1925 2390 1978 2415 Att.
1991 2397 2020 2422 3,
2035 2395 2048 2420 8
2072 2390 2174 2423 Rudis,

1130 2418 1235 2452 ignarus
1247 2426 1352 2450 rerum,
1373 2427 1465 2452 expers
1479 2419 1598 2452 consilii,
1618 2427 1663 2446 aut
1678 2421 1787 2456 ingenii.
1828 2422 1866 2449 id.
1881 2433 1930 2458 pro
1943 2425 2010 2450 Sext.
2023 2433 2068 2459 47.
2124 2425 2173 2453 Sed

1128 2455 1203 2480 aliter
1217 2452 1315 2480 Coniili
1330 2454 1371 2480 vis
1384 2463 1475 2488 expers
1505 2456 1573 2481 Hor.
1587 2456 1675 2482 Carm.
1690 2465 1712 2489 3,
1725 2466 1753 2490 4,
1765 2461 1805 2490 65.
1842 2461 1860 2485 ι’.
1882 2462 1949 2486 vires
1963 2459 2019 2493 sine
2026 2460 2170 2494 prudentt‘a.

1129 2489 1272 2523 Corporis,
1300 2490 1351 2524 ,Qui
1368 2499 1414 2516 non
1427 2490 1500 2516 hahet.
1513 2497 1601 2525 corpus
1634 2492 1689 2518 Cic.
1705 2492 1783 2518 Acad.
1798 2500 1830 2525 4,
1844 2498 1881 2525 38.
1987 2494 2171 2529 Cupiditatum

1128 2531 1154 2550 ct
1168 2525 1375 2551 aemulationum
1404 2525 1439 2551 Id.
1452 2526 1536 2551 Tusc.
1556 2535 1575 2558 1,
1590 2535 1635 2558 44.
1725 2528 1785 2553 Liu.
1802 2536 1827 2559 1,
1840 2535 1871 2560 25
1898 2528 2075 2557 Consederaiit
2087 2531 2171 2557 vtrin-

485 2559 591 2586 Gerund.
629 2560 685 2586 Cic.
699 2561 731 2586 de
747 2560 853 2586 Amicit.
865 2562 901 2592 64
927 2559 1069 2593 Experien-
1090 2560 1121 2591 65
1130 2570 1181 2594 que
1202 2569 1250 2594 pro
1277 2560 1365 2586 castris
1391 2560 1444 2586 duo
1463 2560 1594 2586 exercitus
1606 2561 1720 2595 periculi
1734 2562 1815 2596 magis
1836 2571 1914 2596 quam
1936 2564 2022 2591 Curae
2039 2572 2169 2600 expertes.

1128 2597 1259 2621 Curarum
1287 2596 1347 2620 Stat.
1363 2595 1427 2621 Silii.
1441 2604 1464 2625 2,
1479 2604 1504 2626 2,
1517 2602 1555 2628 71.
1663 2596 1773 2623 Decoris
1799 2598 1953 2625 Ouid.Met.
1966 2608 1990 2630 2,
2003 2605 2051 2632 381.
2123 2602 2171 2628 Di-

1129 2630 1261 2655 scriminis
1286 2630 1382 2655 Lucan.
1399 2637 1420 2661 3,
1436 2637 1491 2661 194.
1559 2629 1636 2655 Ferri
1656 2631 1721 2657 Plin.
1737 2640 1771 2664 ις,
1784 2641 1827 2665 29.
1899 2634 2009 2661 Fraudis
2035 2636 2127 2663 Claud.
2136 2638 2170 2664 de

1130 2664 1213 2697 Nupt.
1227 2665 1331 2690 Honor.
1348 2671 1385 2698 17.
1457 2664 1567 2690 Funeris
1602 2665 1684 2692 Ouid.
1704 2667 1736 2693 ad
1759 2668 1864 2695 Liuiani
1885 2675 1926 2701 59.
2018 2672 2170 2700 Honestatis

1128 2707 1218 2732 expers
1231 2699 1301 2726 ratio
1313 2705 1356 2724 aut
1370 2698 1490 2733 voluptas
1516 2700 1572 2726 Cic.
1586 2700 1618 2726 de
1626 2701 1684 2728 Fin.
1693 2710 1719 2735 2,
1732 2707 1769 2734 38.
1874 2704 2053 2733 Humanitatis
2085 2708 2123 2734 Id.
2136 2708 2169 2735 ad

1294 2734 1333 2761 Id.
1347 2733 1379 2760 de
1392 2735 1484 2761 Diuin.
1498 2743 1530 2767 2,
1545 2740 1569 2765 81
1583 2745 1603 2761 c.
1617 2741 1654 2767 38.
1758 2737 1868 2771 Imperii
1880 2740 1971 2767 matris
2003 2742 2084 2769 Plaut.
2099 2743 2170 2771 Afin.

1127 2778 1150 2801 3,
1167 2778 1186 2804 i,
1200 2778 1223 2796 2.
1258 2772 1277 2795 i.
1294 2770 1361 2804 Quae
1378 2777 1456 2796 mater
1470 2773 1576 2805 imperat
1589 2772 1724 2807 negligens.
1794 2773 1956 2802 Iniuriarum
1975 2782 2001 2804 et
2014 2779 2170 2806 commodo-

1127 2814 1186 2831 rum
1224 2804 1280 2831 Cic.
1302 2806 1377 2831 Verr.
1399 2813 1423 2836 1,
1461 2825 1466 2831 .
1505 2825 1511 2832 .
1605 2807 1708 2833 Irarum
1740 2808 1786 2835 Sil.
1805 2816 1838 2843 7,
1875 2830 1881 2837 .
1920 2831 1926 2838 .
1997 2814 2066 2840 Iuris
2108 2815 2168 2842 Sen.

1702 2843 1814 2871 Laboris
1844 2845 1925 2873 Plaut.
1939 2847 2035 2883 Amph.
2049 2858 2075 2882 1,
2090 2858 2114 2881 i,
2131 2853 2168 2878 16.

1747 2951 1751 2956 ἰ
1794 2916 1976 2945 Liberalitatis
1996 2926 2057 2947 tuae
2076 2930 2168 2956 expers

1721 2950 1838 2985 Linguae
1852 2953 1968 2981 Graecae
1997 2954 2069 2982 Idem
2083 2965 2125 2989 29,
2147 2965 2167 2984 1.

1914 2992 1932 3015 i.
1959 2990 2167 3027 nonfaHicium,

1121 3021 1161 3045 cui
1181 3028 1229 3044 non
1242 3018 1334 3044 demum
1346 3028 1409 3054 aqua
1420 3021 1517 3044 marina
1528 3019 1607 3055 sapor
1620 3020 1660 3046 ille
1671 3023 1819 3049 conciliatur
1832 3022 1865 3056 cst
1873 3043 1882 3056 ,
1901 3034 1968 3060 quem
1980 3028 2113 3054 conciliare
2126 3027 2169 3054 do-

9 3080 11 3094 l
705 3089 710 3094 .
807 3090 811 3094 η
962 3089 966 3093 .
1018 3088 1023 3093 .
1121 3061 1177 3079 cent
1196 3054 1262 3080 Cato
1276 3062 1311 3087 24
1324 3060 1349 3080 et
1363 3061 1421 3087 105:
1454 3054 1519 3090 quod
1536 3058 1620 3081 uinum
1634 3056 1734 3083 Graeco
1754 3057 1837 3085 simile
1855 3059 1949 3085 dicitur
1968 3064 1995 3086 in
2015 3065 2093 3087 ueteri
2109 3063 2167 3088 Iem-

9 3102 11 3112 .
34 3088 159 3123 Nympho
171 3090 205 3116 est
225 3092 429 3125 Centuripinus,
455 3091 537 3117 homo
551 3099 649 3125 gnatius
662 3096 688 3116 et
703 3088 861 3121 industrius,
879 3088 1064 3123 experientiffi—
1080 3095 1112 3120 80
1124 3096 1187 3115 mate
1217 3089 1322 3115 Colum.
1338 3097 1379 3121 12,
1399 3096 1438 3124 37.

1494 3090 1619 3116 Lesbium
1639 3092 1711 3119 enim
1738 3093 1825 3128 (quod
1836 3097 1902 3120 inter
1916 3094 1983 3122 Chia
1991 3100 2165 3133 principatum

1748 3130 1816 3155 Haec
1829 3132 2003 3165 interpretatio
2010 3132 2097 3167 struat
2110 3132 2164 3193 bh!-

1728 3164 1775 3191 Sed
1784 3163 1870 3204 vpotest
1887 3169 1961 3191 etiam
1981 3168 2059 3193 locum
2077 3168 2109 3194 ha
2125 3176 2164 3194 ere

2087 3239 2163 3266 Alter

1908 3378 1960 3404 Vct.
1977 3377 2048 3411 Glcff
2063 3380 2162 3414 Expers

1903 3413 2030 3440 Nominis
2056 3415 2162 3443 Lucret-

1854 3447 1919 3481 Opis
1944 3449 2048 3476 Lucret.
2063 3458 2086 3483 5,
2099 3453 2162 3484 996.

1701 3483 1770 3508 Pacis
1803 3482 1883 3508 Ouid.
1898 3492 1929 3509 ex
1943 3484 2026 3511 Ponto
2039 3494 2063 3518 1,
2083 3495 2116 3520 9,
2137 3494 2160 3520 ς.

1685 3517 1882 3550 Praemiorum,
1913 3517 2160 3557 beneficiorumque

2037 3557 2160 3585 Rationis

1420 3589 1533 3615 Ratione
1546 3594 1619 3615 vtens
1632 3595 1655 3614 et
1668 3588 1787 3614 Rationis
1801 3596 1907 3622 expers,
1923 3594 2052 3619 contraria
2077 3593 2115 3620 id.
2130 3594 2160 3620 in

1347 3623 1386 3650 Id.
1399 3623 1430 3649 de
1445 3623 1537 3659 Legib.
1547 3633 1568 3655 1,
1582 3632 1611 3650 22
1632 3632 1652 3649 c.
1662 3631 1679 3657 7
1703 3623 1796 3662 Solum
1810 3624 1846 3649 est
1858 3624 1929 3652 enim
1943 3634 1975 3652 ex
1988 3632 2027 3653 tot
2041 3628 2159 3656 animan-

1471 3411 1557 3437 Metus
1581 3412 1679 3438 Lucan.
1693 3420 1723 3443 2,
1759 3432 1765 3438 .
1803 3432 1809 3439 .

1302 3445 1464 3480 Nuptiarum
1490 3446 1556 3473 Hor.
1569 3447 1656 3474 Carm.
1671 3458 1692 3481 3,
1706 3455 1737 3479 11,
1753 3456 1785 3473 11.

1682 3693 1808 3732 *Roboris
1843 3695 1922 3722 Ouid.
1947 3698 2012 3724 Met.
2036 3707 2074 3732 15,
2101 3708 2156 3727 202.

1468 3727 1604 3763 Sepulchri
1635 3727 1715 3754 Ouid.
1731 3738 1763 3755 ex
1776 3730 1859 3757 Ponto
1872 3741 1900 3764 4,
1912 3738 1934 3762 8,
1946 3741 1992 3767 47.
2064 3735 2155 3761 Somni

1478 3766 1532 3791 Cic.
1549 3763 1580 3788 de
1594 3763 1700 3790 Amicii.
1714 3769 1742 3794 853
1786 3765 1872 3801 Serpit
1887 3769 1958 3794 enim
1972 3769 2075 3801 nescio,
2101 3778 2155 3803 quo

1591 3834 1627 3874 ·h.
1643 3843 1662 3860 e.
1681 3836 1738 3862 Sine
1750 3841 1863 3864 amicitia
1876 3837 1927 3871 este.
2007 3840 2153 3872 Terroris,

1470 3869 1598 3896 Thalami
1631 3870 1705 3905 Virg.
1720 3872 1784 3899 Aen.
1802 3875 1836 3907 4,
1857 3881 1911 3906 550.
2017 3874 2151 3900 Tributo-

1562 3905 1617 3932 (Εἰς.
1629 3906 1704 3932 Verr.
1719 3915 1740 3938 2,
1753 3916 1793 3941 191
1824 3908 1913 3936 Nemo
1927 3908 1962 3935 ita
1980 3908 2102 3940 viuebat,
2122 3904 2152 3935 ὗε

1488 3975 1493 3981 ·
2039 3941 2152 3970 Virtutis

1461 3976 1598 4004 Virtutum
1630 3976 1724 4006 Vellei.
1737 3986 1764 4012 2,
1781 3987 1833 4014 74,
1848 3987 1868 4005 a.
1975 3978 2065 4005 Vndae
2085 3979 2152 4006 cibi-

1267 4012 1290 4038 V
1311 4021 1328 4039 v
1347 4020 1364 4038 ν
2097 4023 2150 4050 que
