2479 4225
19 219 103 262 909
397 193 562 236 Ho
649 186 699 234 M

21 292 70 330 qui
90 289 174 318 adhuc
195 288 224 315 in
243 292 336 314 ventre
376 289 508 312 ortaretur
528 288 555 310 et
575 282 657 310 homo
674 281 736 308 sieri
754 280 910 320 speraretur.
975 277 1060 318 Aliter

21 326 181 357 Martial.9,
194 332 230 357 42
263 322 297 348 ad
308 294 524 355 masturbatorerm
550 320 634 354 Ipsam
657 317 732 344 crede
754 315 807 342 tibi
828 320 950 342 naturam
972 313 1060 340 dicere

23 371 127 394 rerum,
145 359 214 386 Istud
227 357 300 393 quod
310 357 415 392 digitis,
435 355 555 387 Pontice,
576 353 679 388 perdis,
698 352 781 378 homo
795 350 839 376 esi.
1007 347 1027 384 q
1044 358 1060 375 z

23 401 77 428 Iam
93 396 215 424 Fon-mulas
228 394 353 420 videamus
367 399 390 419 et
403 391 532 427 Epitheta,
556 393 584 416 in
596 389 683 425 quibus
694 387 748 423 ipJa
763 384 894 412 multitudo
900 383 990 444 ²suada*
1001 392 1060 420 par.

17 433 153 470 fimoniam.
206 429 276 464 Quid
287 431 350 455 enim
361 427 390 454 de
403 427 498 454 homine
510 435 559 452 non
575 422 655 460 potest
677 423 746 454 dici?
781 426 826 447 aut
848 423 898 455 quii
932 426 1005 459 opus,
1032 427 1060 446 ut

26 471 233 497 commemorentur
244 465 398 490 Conuentus
411 461 551 489 hominum
570 461 675 487 Lucret.
684 467 710 491 4,
718 462 773 496 785.
806 462 850 482 aut
857 455 919 481 illud
927 456 1060 488 virent-1.

26 513 63 536 ιο,
77 504 105 528 61
135 501 187 527 Aut
199 501 269 526 Deus
284 499 330 525 ille
344 498 422 526 Malis
436 497 576 524 hominum
590 495 723 521 mitescere
736 492 830 518 discat:
864 497 908 516 aut
928 491 1001 517 Sator
1017 491 1062 517 ho-

24 539 125 566 minum
139 542 218 571 atque
231 536 342 561 deorum
368 534 440 560 Idem
454 534 518 559 Aen.
533 540 552 563 1,
565 536 617 563 258.
689 530 742 555 Nec
760 533 819 561 opus
837 526 936 552 videtur
950 527 1063 561 Epithm

23 581 159 609 congerere.
213 572 240 598 Si
251 573 291 597 cui
305 577 385 597 tamen
402 569 477 595 libeat
495 568 534 594 illi
555 567 627 593 indul
643 573 680 591 ere
696 562 907 602 laborffifjuol11at
921 561 979 596 suis
1002 564 1063 588 Iocis·

22 606 85 642 ista:
121 607 241 634 Absonus
261 615 327 632 voce
340 605 438 635 homo,
472 602 610 630 Abstinens
650 607 713 626 omo
738 598 852 623 mirifice
868 617 877 629 ,
912 597 1062 629 Abstrusus,

22 642 167 672 Abundans
180 662 189 675 ‚
224 643 292 668 Acer
304 661 313 674 ,
354 639 470 667 Acerbus
482 658 491 671 ,
533 638 629 664 Acutus
641 655 650 668 ,
691 633 847 673 Adolescens
861 652 869 664 ,
909 633 1038 659 Aduersus
1052 652 1060 664 ,

24 680 149 710 Aerarus,
185 677 305 704 Afflietus
319 682 345 703 et
365 677 466 708 iacens,
502 673 625 703 Alienus,
661 669 732 696 Asini
746 668 883 700 homines,
918 668 1063 703 Allegatus‚

23 714 206 745 Ambitiosus,
241 713 366 744 Ansatus‚
401 711 546 745 Antiquus,
582 708 693 741 Apertus
707 711 733 731 ct
745 703 866 739 simplex,
901 704 1061 738 Apparatus,

23 752 155 780 Arcanus,
191 748 304 780 Aridus,
340 749 479 777 Armatus,
513 742 598 770 Bellus
632 740 717 768 Catul.
729 749 776 771 22⁴,
794 748 820 774 7.
862 738 1018 765 11⁷1·d.15011us
1034 743 1061 765 in

21 792 71 814 ΒΟ
80 791 129 812 NV
138 791 160 810 S-
231 785 318 810 Bonus
330 783 412 810 homo
423 787 449 808 et
461 779 538 806 nobis
552 778 652 804 amicus
685 777 742 803 Cic.
756 776 827 802 Fam.
843 776 888 806 16,
907 780 941 804 18,

19 817 109 848 'mines
121 820 234 854 opinor,
254 819 329 845 valde
341 816 478 844 exercitati
490 820 515 841 et
528 813 597 840 Boni
623 812 661 839 Id.
676 812 709 839 ad
722 813 761 845 Q
772 812 840 837 Frat.
854 819 877 842 3,
892 818 914 841 3.
983 811 1008 837 O
1021 820 1061 836 ce-

23 856 92 883 leres
102 857 238 883 Bonorum
252 854 391 881 hominum
403 853 458 879 dies
478 850 554 884 Apul.
564 850 592 875 in
604 848 674 875 Flor.
710 847 784 882 Conf.
798 847 875 872 Inscr.
890 846 965 871 Grut.
980 855 1003 880 p.
1012 854 1061 878 349

23 901 51 918 n.
65 900 90 919 2.
161 891 326 922 Calculosus,
349 888 402 916 vid.
422 893 439 914 c
450 893 471 913 Α
480 893 495 912 1.
506 893 523 912 c
531 893 552 911 v
562 892 578 911 L
587 891 607 910 v
616 891 639 910 s.
709 882 806 909 Canidi
831 880 930 907 Sallust.
944 881 1061 915 Iugurth.

24 936 70 961 42.
141 926 266 961 Capitalis
282 945 290 958 ,
324 922 478 951 Castiffimus
497 927 523 947 et
540 921 641 954 integer
653 939 663 952 ,
699 919 792 949 Certi,
828 916 967 948 cibarius,
1003 917 1060 943 Cir-

1086 426 1100 453 ς
1125 422 1262 450 hominem
1276 433 1330 450 non
1347 424 1444 458 putabo
1470 427 1525 453 Cic.
1539 427 1569 454 ad
1585 429 1623 462 Q
1633 428 1717 455 Fratr.
1730 436 1782 460 2,ss
1796 435 1859 455 extr.

1082 613 1111 631 10
1123 608 1149 634 7>
1163 609 1195 632 13·

1006 776 1060 800 ΗΟ-
1080 787 1106 814 ις
1120 778 1152 805 ad
1166 778 1231 805 vitia
1247 778 1360 804 maxime
1374 787 1465 812 prona.

1492 194 1535 236 H
1620 197 1657 238 Ο
1743 198 1792 242 M
2094 217 2166 253 910

1119 280 1160 307 vis
1173 280 1287 322 horum,
1305 282 1421 324 mulier,
1438 293 1552 320 vnquam
1564 285 1616 313 tibi
1629 285 1699 313 visus
1712 286 1814 320 sorem,
1840 289 1903 317 Non
1921 292 1953 320 fic
1969 293 2090 320 ludibrio
2108 294 2161 320 tui·

1122 316 1198 344 facus
1213 317 1318 344 habitus
1330 320 1414 345 esscm.
1504 321 1560 348 Cic.
1576 322 1646 349 Fam.
1664 330 1703 353 11,
1718 330 1751 355 29
1785 325 1865 356 Qod
1878 331 1953 353 tuum
1967 330 2098 356 iudicium
2112 329 2160 355 nili

1123 362 1180 392 mea
1195 354 1293 379 ssnuma
1306 353 1491 393 beneuolentia
1509 365 1570 391 erga
1583 362 1623 390 te,
1649 357 1824 392 omnibusque
1844 361 1945 387 meritis
1967 366 2144 399 comprobato

1126 389 1179 421 ipse
1192 398 1234 414 me
1247 387 1383 415 hommem
1396 399 1450 415 nun
1462 392 1567 424 putabo.
1640 393 1666 419 Si
1680 392 1792 420 Sallustii
1813 394 1984 428 Empedoclea
2000 401 2094 434 legeris
2106 420 2114 432 ,
2136 386 2162 427 tc}

1144 459 1159 472 r·
1186 459 1189 463 ,
1256 459 1260 464 ἰ
1349 461 1352 464 ψ
1379 460 1384 464 Α
1441 461 1445 465 η
1578 464 1581 467 .
1609 465 1611 468 ι
1663 463 1667 468 ¹
1930 432 2001 459 Idem
2014 436 2044 460 ad
2061 437 2133 462 Brut.
2149 445 2159 462 1

1123 458 1201 484 Ixuul
1219 466 1291 499 euim
1317 459 1386 499 ¹¹¹¹.¹¹¹
1410 468 1496 487 nunus
1510 462 1628 489 hominis
1642 463 1761 498 videtur,
1788 472 1867 498 quam
1889 474 1943 492 non
1962 469 2116 502 respondere
2130 471 2159 497 in

1122 503 1213 520 amore
1228 502 1270 525 ns,
1284 504 1299 521 a
1311 495 1409 529 qmbus
1421 505 1574 530 prouocere.
1645 500 1713 525 Hinc
1726 502 1752 524 in
1767 502 1963 535 vituperatione,
1982 504 2061 530 timere
2069 507 2151 540 solent

1123 530 1186 556 Non
1199 530 1297 572 hoino,
1317 530 1360 556 sed
1373 537 1419 556 etc.
1512 533 1575 559 Non
1594 533 1691 567 homo,
1714 534 1756 560 sed
1770 534 1832 561 litus
1845 540 1923 570 atquc
1942 539 1987 564 afr
2004 545 2030 565 ct
2043 526 2160 567 solitudo’

1123 574 1195 592 mera
1218 567 1275 607 (Ac.
1289 567 1341 593 Att.
1355 574 1374 597 1,
1389 571 1422 596 ¹8-
1519 568 1582 594 Non
1595 568 1694 601 homo,
1714 569 1756 596 scd
1770 571 1860 604 scopae
1872 572 2007 599 dissolutae
2037 575 2075 601 ld.
2090 576 2158 603 ibid.

1229 637 1234 641 ι
1249 601 1290 628 8η·
1302 601 1409 635 Capella
1428 610 1481 627 non
1495 601 1592 635 homo,
1618 604 1697 630 Belua
1707 614 1760 631 non
1774 605 1872 639 homo,
1897 607 2028 635 Phantasia
2041 619 2096 637 uon
2112 611 2159 637 lio-

1123 645 1183 668 1110,
1208 637 1283 677 Piper
1295 646 1350 663 non
1363 637 1462 668 homo,
1487 637 1515 664 de
1533 639 1618 674 quibur
1635 641 1714 666 Hurm.
1726 640 1760 667 ad
1771 642 1874 668 Petron.
1889 651 1909 670 c.
1923 648 1952 675 38
1972 647 2058 678 p,168.
2132 647 2159 673 Si

1121 672 1204 698 homo
1217 674 1291 704 csses,
1326 675 1346 699 ι’.
1365 671 1500 707 Sisapercs
1513 682 1543 700 vt
1554 674 1623 700 homo
1653 676 1721 702 ¹I'er.
1737 675 1845 710 Adelph.
1860 686 1869 703 ι
1879 697 1886 709 ,
1899 687 1931 710 2,
1951 687 1994 714 27.
2100 682 2159 709 Cic.

1121 708 1175 749 Att.
1192 716 1229 739 ιο,
1243 713 1344 747 ιιῄεκηικ
1369 707 1504 740 Qioniam
1518 709 1553 736 est
1569 709 1651 736 homo
1663 718 1687 736 et
1700 719 1747 736 nos
1760 710 1857 746 diligit.
1928 715 2033 747 Homo,
2052 715 2080 743 de
2098 718 2160 744 Pue-

1119 753 1167 769 ms.
1223 742 1353 775 Qunfihl.
1367 751 1386 774 1,
1400 751 1411 774 3
1439 744 1576 778 fugiendo
1591 745 1694 772 turbam
1709 746 1846 772 hominum
1860 748 1915 774 eius
1927 750 2034 783 aetatis,
2047 761 2115 787 quae
2128 753 2160 781 sit

1414 816 1417 819 .
1548 815 1554 820 Ι
1569 781 1714 813 Homines,
1732 789 1779 816 pro
1794 783 1916 816 Famuhs,
1934 787 2049 819 ancillis,
2063 791 2149 823 seruis

1192 848 1198 853 .
1215 850 1220 854 ³
1404 814 1528 854 Scaeuola
1546 823 1575 841 in
1592 815 1609 841 l.
1626 822 1698 849 pater
1717 817 1748 842 1).
1762 817 1794 843 de
1807 817 1863 844 doli
1881 820 1941 845 mal.
1956 829 2054 855 except.
2085 809 2160 851 Patert

1120 858 1170 889 pro
1183 848 1238 875 nna
1250 847 1340 888 dotem
1352 851 1520 889 promise-rat,
1540 857 1566 877 ct
1578 850 1666 884 passius
1680 858 1752 884 erat,
1771 859 1799 879 vt
1812 854 1866 887 ipsc
1878 855 1959 882 aleret
1973 857 2054 883 liliam
2069 859 2140 887 suam

1118 893 1228 924 eiusque
1241 883 1370 910 hommes.
1440 886 1495 911 Cic.
1505 895 1554 919 pro
1562 887 1655 920 Quint.
1668 896 1689 913 c.
1699 896 1725 919 ³9
1748 889 1893 916 Hominem
1907 891 1932 916 Ρ.
1947 892 2054 926 Quintii
2067 880 2159 928 dep-e:

1120 920 1228 951 henaim,
1241 926 1286 946 etc.
1343 919 1436 945 Catuli.
1452 929 1490 952 10,
1506 929 1531 953 15
1559 923 1721 955 Comparasti
1736 923 1765 949 ad
1780 924 1898 951 lec‘ucam
1912 925 2041 954 homines.
2118 914 2124 922 ι

1119 821 1142 840 ct
1155 820 1208 839 tota
1214 812 1329 848 familia.

2095 933 2158 957 Stat.

23 962 179 990 cumretitus
193 981 200 992 ‚
237 960 392 987 Comitiales
406 979 415 991 ,
449 956 613 984 Commodus
626 975 634 987 ,
670 954 833 988 Conspicuus
847 972 855 984 ,
892 953 1058 978 Consumma·
1074 963 1109 982 20
1120 956 1183 982 Silu.
1199 964 1219 986 2,
1233 957 1259 988 6,
1273 963 1302 987 14
1327 955 1365 981 De
1385 954 1535 991 Vrststruo,
1555 958 1702 983 Hominem
1716 959 1813 992 gemis,
1831 968 1877 986 etc.
1904 960 2055 993 hominem.
2076 966 2141 992 Vrsc

2047 994 2051 996 >
2149 986 2159 999 ο

23 1003 82 1029 tus,
116 997 316 1024 Contaminatus
329 995 417 1022 multis
431 992 553 1028 flagitiis,
587 991 640 1017 uid.
647 988 681 1024 ffi
694 990 720 1016 Il.
814 988 967 1014 Contemtus
979 994 1004 1015 ct
1017 988 1060 1014 ab·

25 1033 109 1060 iectus
139 1033 195 1060 Cic.
209 1033 242 1058 de
254 1033 284 1058 L.
299 1032 360 1065 Agr.
373 1039 398 1060 2,
413 1037 451 1061 93.
517 1027 662 1061 Copiosus,
697 1024 814 1056 Crassus,
850 1024 952 1049 Crudus
964 1044 971 1056 ,
1006 1023 1060 1050 vid.

23 1070 67 1097 hh.
82 1078 125 1095 vu.
218 1067 347 1094 Demissus
359 1065 473 1092 multum
495 1064 562 1089 Hor.
575 1063 656 1088 Serm.
671 1070 690 1094 1,
702 1069 723 1092 3,
737 1067 778 1094 57.
848 1060 968 1085 Desertus
982 1065 1061 1093 atque

23 1104 143 1130 abiectus
161 1103 217 1130 Cic.
227 1104 296 1129 Fam.
305 1111 325 1133 1,
333 1109 355 1134 5.
422 1097 638 1134 Diligentiffimus
645 1096 790 1123 verborum
799 1094 880 1121 homo
888 1095 981 1121 Cicero
992 1095 1060 1121 Gell.

24 1148 61 1171 13,
75 1146 112 1171 ‘²3-

23 1176 93 1200 tium
117 1174 206 1200 Minus
231 1173 368 1200 hominem
389 1170 513 1202 doCtum,
547 1168 689 1202 minusque
706 1166 737 1193 ad
760 1166 827 1193 hanc
850 1175 905 1192 rem
928 1165 1062 1193 callidum.

17 1209 114 1236 -Durus
146 1210 214 1236 Hor.
227 1209 307 1235 Serm.
325 1217 351 1241 1,
364 1215 390 1242 7,
403 1208 428 1233 6.
520 1203 646 1238 Egregius
677 1201 779 1229 Sallust.
792 1201 869 1229 Catil.
883 1210 926 1235 24.
996 1202 1061 1228 Non

21 1245 138 1275 facetus,
167 1244 220 1271 vid.
242 1250 368 1271 FACET
380 1249 399 1269 V
409 1249 432 1268 s.
501 1239 597 1266 Facilis
626 1238 682 1265 Cic.
697 1239 768 1264 Fam.
783 1246 815 1271 9,
831 1247 868 1264 20.
939 1237 1061 1271 Flagitiu-

21 1278 128 1306 ssssimus
148 1279 247 1305 Sallust.
260 1281 285 1311 6,
298 1281 340 1305 62..
393 1275 525 1304 Idoneict
541 1274 639 1309 integri
650 1295 658 1306 ‚
677 1274 729 1300 vid.
744 1279 781 1301 1D
791 1280 811 1300 ο
822 1281 842 1299 N
853 1281 867 1299 Ε
877 1279 899 1297 ν
908 1281 930 1300 s.
987 1274 1059 1306 Igna-

20 1315 128 1341 vissinui
143 1314 265 1341 homines
280 1312 411 1340 fortissimi
424 1311 478 1338 viri
498 1310 601 1337 Sallust.
609 1309 690 1337 Catil.
704 1318 770 1336 c.12.

20 1359 51 1377 ac
64 1350 189 1381 nomine,
214 1348 381 1379 Immundus,
406 1346 459 1374 vid.
474 1346 515 1374 bh.
529 1355 574 1373 υυ.
644 1345 761 1380 Impiger
785 1344 885 1371 Sallust.
901 1343 1061 1378 Iugurth.18.

21 1385 269 1419 Impotentissimus,
304 1382 474 1414 Indifferens,
494 1380 589 1415 vid.ffi
604 1381 631 1408 ll.
702 1379 853 1407 Inertissimi
880 1379 978 1406 Sallust.
987 1382 1012 1411 6,
1020 1384 1061 1411 48.

10 1421 137 1451 ffiffames
149 1420 273 1447 omnibus
290 1419 382 1450 vitiis,
405 1425 483 1452 atque
501 1418 576 1444 omni
598 1416 744 1448 dedecore,
778 1416 867 1442 Infans
887 1421 964 1450 atque
980 1415 1062 1449 impo-

11 1451 92 1488 Ϊὶεηε,
128 1456 243 1482 Infantes
256 1460 282 1482 et
296 1455 461 1489 insipientes,
485 1452 593 1484 Intimi,
617 1451 770 1486 Ingeniosus
785 1457 811 1477 et
824 1457 960 1486 peracutus
969 1471 977 1483 ,
1010 1449 1062 1476 vid.

21 1491 61 1520 bb.
74 1492 100 1518 ll.
172 1490 326 1518 Inhonestus
349 1490 417 1516 Ter.
426 1490 491 1515 Eun.
504 1498 526 1518 2,
538 1497 559 1520 3,
573 1490 612 1519 63.

10 1529 89 1554 *notis
103 1526 285 1562 turpitudinis,
315 1524 461 1554 Instabili„
495 1525 598 1557 integer
612 1527 638 1549 ct
652 1522 769 1555 sancius,
804 1522 901 1548 Intonfi
914 1529 940 1548 et
953 1521 1063 1553 inculti,

19 1563 78 1597 Ipse
90 1562 190 1595 homo,
227 1560 379 1588 Lenislimus
392 1564 418 1585 et
431 1564 540 1589 natura,
563 1564 610 1584 etc.
644 1558 739 1588 Leuis,
773 1558 902 1591 Locuples
917 1557 990 1584 domi
1005 1557 1064 1583 suae

20 1607 80 1624 eum
96 1598 204 1632 primis,
241 1596 416 1626 Luculentus‚
451 1594 564 1624 Laneus,
598 1593 762 1624 Maculosus,
797 1592 849 1619 vid.
863 1593 906 1621 hh.
920 1592 946 1619 ll.

19 1635 104 1660 sanias
118 1632 359 1662 Lacedaemonius,
383 1631 494 1663 Magnus
508 1629 590 1656 homo
602 1628 655 1655 fuit
686 1628 787 1662 Nep.⁴4
799 1634 843 1663 pr.

20 1669 104 1696 homo
117 1667 231 1694 Maximi
243 1666 362 1700 corporis
375 1664 543 1699 terribilique
556 1664 624 1690 facie
655 1664 724 1698 Nep.
739 1672 768 1696 14
777 1682 785 1694 ,
798 1672 827 1695 3,
850 1671 869 1689 1.

19 1704 74 1730 vid.
96 1709 212 1729 MALvs.
267 1701 414 1733 Maritimi,
426 1701 479 1726 vid.
493 1706 599 1727 MARE.
669 1699 796 1725 Militaris
815 1698 914 1724 Sallust.
926 1698 1005 1724 Catil.
1020 1701 1063 1730 69.

20 1738 114 1765 Miseri
140 1738 243 1764 Lucret.
258 1746 287 1769 3,
305 1745 337 1769 51.
408 1736 528 1768 Mobilis,
548 1734 738 1768 Municipales,
760 1734 851 1760 Nauus
864 1739 890 1759 et
904 1733 1062 1765 industrius,

19 1772 207 1800 Nobilissimus
221 1773 358 1804 omnium,
375 1772 428 1797 vid.
443 1772 484 1798 hh.
497 1780 541 1798 υυ.
596 1771 720 1804 Nequam
728 1769 811 1795 homo
819 1778 845 1794 es
870 1768 951 1794 Plaut.
960 1767 1034 1800 Epid.
1044 1776 1064 1799 1,

17 1816 44 1839 2,
53 1813 93 1842 87.
146 1807 341 1834 Nocentifl'urui
360 1807 421 1832 Sall.
432 1808 538 1839 1ug.34.
592 1805 677 1834 Noui,
697 1803 849 1837 Operarius,
865 1801 1064 1834 Opiniofiffimi,

17 1842 72 1868 vid.
85 1842 128 1869 hh.
142 1842 168 1867 ll.
261 1842 384 1875 Optimus
398 1840 481 1866 homo
504 1838 624 1865 Scribon.
634 1840 690 1871 146.
725 1840 745 1863 i.
763 1841 815 1862 vir.

18 1877 108 1904 Deiot.
127 1885 149 1902 c.
162 1884 188 1902 2.
278 1875 452 1905 0rdinarius,
487 1873 685 1904 Ornatissimus‚
718 1870 772 1898 vid.
793 1870 834 1896 hh.
854 1870 881 1896 ll.
969 1871 1064 1896 Parcus

17 1912 136 1940 quenal.
150 1920 191 1945 14,
206 1918 254 1937 112.
325 1909 492 1936 pereruditus
502 1928 509 1939 ,
543 1907 597 1934 vid.
610 1907 636 1934 h.
650 1916 678 1933 v.
771 1906 841 1932 Ter.
862 1906 925 1931 Eun.
942 1913 970 1937 3,
990 1914 1015 1936 1,
1036 1913 1063 1937 19

18 1948 118 1982 Regem
129 1946 274 1981 elegantem
285 1954 383 1972 narras.
457 1950 599 1971 THRAso.
636 1943 723 1969 Immo
730 1941 763 1968 fic
769 1941 852 1968 homo
859 1940 904 1972 est,
920 1942 1064 1975 Perpauco-

19 1992 80 2011 rum
95 1982 244 2009 hominum.
300 1986 462 2010 GNATHO,
471 1979 593 2014 seorsum,
612 1979 699 2004 Immo
706 1977 977 2008 nullorumarbitror,
1001 1975 1065 2001 site-

10 2028 80 2050 ‚cum
99 2018 178 2046 viuit.
251 2016 414 2051 praeposteri
444 2014 546 2042 Sallust.
558 2012 678 2047 Iugurth.
693 2018 730 2043 88.

18 2059 66 2084 ¹18·
139 2053 307 2087 Repentinus·
342 2052 398 2078 Cic.
416 2052 446 2077 in
463 2051 536 2077 Brut.
556 2057 615 2082 242.
675 2047 733 2075 Vici.
755 2047 933 2081 Repentinus,
959 2049 987 2072 in
1011 2053 1061 2072 RE-

15 2090 106 2120 'PENS‚
121 2091 209 2124 priore
221 2094 344 2123 correpta.
414 2086 498 2112 Scitus
506 2106 514 2118 ‚
542 2084 596 2111 vid.
615 2091 628 2110 S
638 2090 657 2111 C
668 2091 678 2110 1
689 2089 720 2110 Ο.
790 2083 938 2109 Sericarum
949 2081 1061 2108 vestium

10 2125 102 2160 &horno
129 2124 241 2151 Hieron.
287 2122 341 2149 vid.
355 2122 444 2150 Barth.
458 2121 525 2148 Adu.
537 2123 578 2151 26,
592 2123 633 2146 26.
704 2119 828 2145 Strenuus
853 2117 953 2144 Sallust.
968 2118 1000 2148 6,
1022 2125 1061 2148 52.

54 2159 159 2187 bmiffus
173 2166 199 2186 et
210 2158 346 2191 abiectus,
375 2161 418 2184 cui
434 2158 589 2184 contrarium
612 2152 646 2187 est
669 2154 756 2180 Elatus
795 2153 851 2178 Cic.
873 2152 926 2178 Off.
951 2160 961 2177 1
973 2171 982 2182 ‚
1006 2160 1061 2183 124.

47 2195 190 2223 -eestiffimus
198 2215 207 2228 ,
226 2194 280 2221 vid.
288 2195 336 2230 sub
347 2201 369 2220 T
377 2199 423 2220 EG
435 2200 465 2220 O.

19 2240 62 2264 m,
73 2240 95 2256 2.
250 2229 270 2267 Ἴ
288 2239 300 2262 3
337 2228 424 2256 Eadem
436 2227 569 2254 Verborum
582 2227 658 2252 ratio.
729 2221 860 2262 Accedere
875 2221 907 2247 ad
916 2220 1063 2253 hominem,

14 2265 154 2299 *Admirati
165 2265 301 2292 hominem
314 2265 343 2290 in
355 2273 384 2291 re
402 2264 490 2296 aliqua
499 2281 507 2294 ,
542 2260 689 2287 Aduertere
707 2258 861 2289 hommem,
897 2257 1062 2283 Conuertcre

2 2301 155 2332 hominem
176 2310 192 2327 a
210 2299 422 2330 consuetudine,
451 2298 616 2323 Conuertere
644 2294 767 2321 homines
790 2293 819 2319 in
840 2292 1062 2324 admirationem,

11 2333 184 2365 “Conuertere
197 2336 222 2362 se
235 2336 264 2362 in
276 2335 429 2364 hominem,
447 2332 502 2359 vid.
515 2332 556 2358 hh.
570 2340 614 2357 vv.
708 2331 810 2356 Exuere
823 2328 961 2354 hominem
971 2336 1002 2354 ex
1016 2327 1064 2354 ho-

8 2370 92 2401 ‘'mine
113 2372 169 2399 Cic.
176 2369 209 2398 de
216 2371 274 2397 Fin.
282 2379 305 2403 5,
316 2377 352 2403 35.
409 2369 522 2403 Fingere
530 2366 652 2393 homines
673 2364 805 2398 Qiinffll.
814 2372 833 2396 1,
842 2366 866 2389 6.

17 2408 140 2437 homines
149 2427 157 2439 ‚
193 2407 316 2441 Iugulare
329 2404 467 2432 hominem
480 2403 533 2429 suis
546 2401 651 2431 verbis,
677 2400 785 2427 Mollire
798 2398 934 2425 hominem
943 2419 952 2431 ,
988 2399 1064 2425 Sum:

18 2451 65 2477 vt,
82 2445 155 2471 Inter
168 2442 291 2469 homines
304 2442 364 2471 csse,
399 2438 528 2464 Homines
543 2446 557 2463 a
570 2436 669 2468 latere,
703 2436 808 2462 Trium
821 2434 958 2461 literarum
973 2434 1064 2465 homo,

16 2481 72 2507 vid.
85 2480 127 2506 hh.
140 2487 184 2504 υυ.
339 2473 361 2513 ff
385 2483 404 2507 4
440 2474 513 2508 saepe
521 2472 592 2508 subit
603 2473 680 2498 Iocum
686 2472 843 2497 Pronominis
854 2471 972 2502 relatiui,
991 2477 1021 2496 vt
1027 2468 1065 2503 fit

18 2516 75 2547 Ille,
91 2515 120 2540 de
135 2522 179 2548 quo
193 2514 289 2548 agitur.
378 2510 446 2536 Hor.
460 2509 543 2535 Serm.
557 2516 588 2540 2,
602 2515 629 2542 7,
645 2514 685 2541 117
715 2507 769 2533 Aut
785 2506 881 2533 insanit
900 2505 998 2537 homo,
1020 2510 1065 2532 aut

18 2551 110 2577 versus
122 2548 194 2574 facit.

19 2587 47 2613 fe
59 2582 166 2612 Senatui
179 2582 284 2615 roganti
299 2580 331 2607 de
345 2580 489 2612 Marcello,
512 2588 545 2605 ne
559 2578 676 2605 hominis
690 2577 798 2613 quidem
817 2578 891 2603 causa
908 2583 1065 2611 negaturum

19 2621 99 2655 ipfius
113 2617 242 2645 Marcelli.
313 2617 354 2642 Sic
366 2616 497 2642 Homines
516 2623 567 2650 pro
578 2614 671 2648 Aegris
688 2621 728 2648 ap.
746 2613 864 2640 Scribon.
877 2621 915 2639 21.
987 2613 1064 2637 Hunc

21 2656 71 2684 sibi
88 2654 221 2682 Perdiccas
234 2652 405 2684 adiunxerat,
439 2650 513 2686 quod
531 2650 560 2676 in
579 2649 690 2675 homine
704 2648 785 2674 fidem
797 2654 823 2674 et
839 2647 994 2674 industriam
1011 2655 1065 2672 ma-

21 2700 100 2727 gnam
113 2688 221 2716 videbat
248 2688 317 2721 Nep.
333 2693 367 2719 18,
380 2696 406 2719 2,
422 2695 443 2719 3.
477 2685 546 2712 Adel.
559 2684 630 2711 Ibid.
645 2693 684 2717 14,
701 2693 740 2716 10,
752 2692 773 2715 3.
875 2682 944 2708 Ter.
960 2682 1024 2707 Eun.
1039 2690 1064 2712 2,

1001 1593 1063 1618 Pau-

949 1627 1046 1660 Thyus
1055 1647 1063 1660 ,

21 2736 54 2758 2,
73 2735 104 2758 30
132 2724 181 2751 Ille
194 2723 242 2750 vbi
254 2723 335 2749 miser
347 2722 483 2749 famelicus
495 2720 570 2746 videt
584 2728 643 2751 me,
671 2725 717 2745 etc.
752 2717 794 2744 ibi
813 2717 894 2744 homo
913 2716 1002 2751 coepit
1020 2724 1063 2742 me
1074 2720 1109 2747 70
1123 2716 1236 2743 eundem
1250 2717 1335 2743 casum
1348 2716 1522 2743 determinata
1533 2718 1600 2744 sunt.

1117 2751 1233 2788 postiam,
1253 2759 1276 2778 et
1287 2751 1342 2785 fine
1360 2752 1499 2779 harmonia.

21 2761 177 2792 obsecrare,
195 2765 224 2785 vt
235 2758 283 2785 sibi
296 2758 390 2785 liceret
402 2757 490 2784 dicere
507 2755 536 2782 id
549 2755 582 2781 de
595 2763 648 2782 me.
812 2750 832 2789 fl
854 2760 867 2785 ς
902 2753 977 2779 Alias
990 2751 1065 2778 abun-

21 2797 82 2824 dare
93 2796 207 2828 videtur,
234 2798 272 2821 ita
283 2801 379 2825 tamen,
390 2799 421 2819 vt
436 2793 546 2828 aliquam
563 2790 737 2817 vehementiam
755 2791 865 2815 orationi
883 2788 1012 2820 conciliet,
1036 2793 1066 2813 vt

8 2839 142 2865 ,moratam
155 2833 252 2867 magis,
271 2836 296 2856 et
308 2838 381 2855 verae
397 2831 466 2854 vitae
476 2826 597 2861 similem,
608 2825 706 2862 faciat.
778 2824 846 2851 Ter.
859 2823 932 2849 Adel.
947 2832 973 2856 1,
992 2831 1020 2855 2,
1040 2831 1065 2855 31

0 2867 92 2895 *Proh
104 2866 239 2901 Iuppiter,
258 2871 287 2891 tu
300 2864 383 2891 homo
395 2863 484 2898 adiges
497 2871 539 2888 me
552 2861 583 2888 ad
596 2860 731 2887 insaniam.
785 2860 817 2886 Ee
825 2862 855 2892 63
874 2860 912 2885 Ita
924 2858 960 2885 est
973 2858 1063 2885 homo.

6 2903 90 2931 cTer,
104 2902 210 2928 Phorm.
224 2909 244 2933 1,
257 2909 282 2933 2,
295 2908 324 2935 73
348 2899 389 2926 Est
403 2898 525 2933 parasitus
539 2897 647 2932 quidam
660 2895 802 2928 Phormio,
822 2895 905 2922 homo
918 2894 1063 2926 confidens,
1078 2896 1110 2924 75
1124 2894 1156 2921 de
1169 2895 1285 2921 inuentis
1301 2895 1396 2921 mentis
1409 2895 1457 2921 ista
1472 2894 1619 2922 scribentis,

4 2940 72 2974 ¹:qui
91 2938 187 2970 (illum
201 2935 228 2962 di
243 2944 335 2962 omnes
349 2934 499 2970 perduint.)
558 2932 607 2959 Vbi
629 2932 758 2958 Donatus:
789 2931 881 2958 Homo
903 2930 1003 2957 comice
1024 2929 1064 2956 di-

1 2968 109 3008 ζῧόῖυηιτ
144 2982 205 2999 nam
225 2972 284 3006 quis
307 2971 412 3005 ignoret
431 2970 569 2996 hominem
587 2968 725 3002 parasitum
743 2967 808 2993 effe?
843 2966 913 2993 Ibid.
931 2975 962 2999 2,
982 2975 1008 2998 1,
1029 2974 1063 2991 21.

4 3027 8 3038 ,·
31 3016 63 3043 *ta
74 3009 110 3035 est
121 3009 204 3035 homo
229 3007 297 3033 Ter.
312 3005 387 3032 Adel.
402 3015 421 3037 1,
435 3014 461 3037 2,
474 3008 513 3037 63.
571 3004 621 3031 Vbi
637 3004 768 3030 Donatus:
794 3003 885 3029 Homo
896 3002 964 3028 dixit
980 3009 1065 3028 mora-

32 3046 101 3080 W'ter:
138 3044 170 3071 sic
185 3043 258 3070 enim
270 3042 384 3068 dicimus
398 3041 430 3067 de
450 3040 493 3073 iis,
512 3048 579 3075 quos
599 3047 676 3074 parce
694 3037 925 3073 reprehendimus,
949 3043 978 3064 vt
997 3036 1065 3064 ibid.

25 3078 50 3114 3,
64 3090 86 3112 3,
99 3085 135 3115 77
157 3080 195 3105 Vt
209 3078 291 3105 homo
307 3077 359 3110 est,
379 3078 416 3103 ita
429 3085 531 3103 morem
548 3084 630 3110 geras.
667 3074 740 3110 Conf.
753 3075 847 3100 Heaut.
862 3082 885 3106 5,
898 3084 908 3105 3
916 3080 961 3109 pr.

24 3116 118 3144 bemus
131 3115 268 3141 hominem
294 3113 363 3140 Ter.
376 3114 441 3139 Eun.
455 3120 476 3145 5,
492 3121 511 3144 1,
525 3120 562 3144 19.
623 3110 670 3138 Vbi
683 3111 816 3143 Donatus,
833 3110 904 3136 Mire
921 3109 1068 3135 Hominem

24 3151 112 3181 dixit,
130 3155 159 3176 vt
169 3150 262 3176 Reum.
356 3148 431 3182 Quid
445 3147 564 3174 hominis
576 3155 602 3173 es
611 3167 619 3178 ,
643 3147 747 3182 Elegam·
766 3148 793 3171 in
813 3154 852 3172 cos
863 3148 986 3180 correPtio
995 3164 1002 3175 ,
1042 3147 1068 3170 ui

26 3185 99 3212 nobis
111 3184 226 3211 videntur
242 3184 347 3220 absurda
363 3193 469 3211 narrare
500 3183 567 3209 Ter.
588 3184 683 3209 Heaut.
696 3191 730 3215 4,
746 3186 777 3213 8,
794 3189 817 3214 5.
910 3180 984 3214 Quid
1004 3179 1022 3206 il
1035 3188 1068 3205 ue

29 3219 147 3247 hominis
171 3219 238 3245 Ter.
251 3221 316 3246 Eun.
329 3228 357 3253 5,
370 3229 397 3252 1,
418 3228 446 3254 17
477 3221 616 3245 contemtim
627 3227 636 3243 .·
671 3217 724 3244 vid.
740 3217 836 3244 Donat.
854 3216 888 3243 ad
906 3218 971 3242 Hec.
985 3225 1018 3248 4,
1039 3224 1066 3248 4.

29 3256 121 3282 Nemo
137 3253 218 3279 homo
242 3254 308 3281 Ter.
319 3255 384 3281 Eun.
398 3264 428 3288 3,
440 3262 468 3288 ς,
484 3263 517 3286 13.

28 3298 111 3329 vnam
123 3297 182 3327 rem⁴
191 3296 233 3313 me
244 3288 338 3316 habere
350 3297 453 3325 praeter
465 3291 533 3317 alios
547 3290 712 3324 praecipuam
731 3288 863 3319 arbitror,
890 3287 998 3313 fratrem
1019 3286 1066 3312 ho-

32 3332 101 3351 mlm
113 3331 246 3363 Πςῐῦῑῐῑῢῑὶῑ
259 3325 305 3349 esse
317 3327 462 3359 primarum
475 3326 573 3352 artium
586 3325 668 3360 magis
682 3324 835 3359 principem.
877 3323 923 3349 Vbi
932 3323 1066 3348 Donatus:

31 3362 161 3394 Quamuis
176 3367 222 3392 per
239 3358 341 3391 Nemo,
370 3363 461 3389 Homo
478 3362 656 3395 intelligatur,
679 3366 768 3387 tamen
784 3358 887 3386 addidit
906 3359 1014 3389 Homo,
1038 3362 1068 3383 vt

31 3402 133 3422 veteres
146 3394 230 3420 selem
243 3393 429 3433 Τῷρἷκαὶὶνμῷ.
499 3398 555 3424 Cic.
569 3405 618 3431 pro
630 3397 655 3422 P.
669 3395 739 3422 Sulla
751 3403 779 3428 25
807 3394 865 3422 Nili
881 3394 950 3420 forte
963 3393 1067 3427 regium

29 3431 84 3458 tibi
97 3429 202 3456 videtur
215 3430 252 3455 ita
263 3436 370 3460 Vluere,
391 3438 420 3458 vt
435 3441 489 3459 non
502 3432 583 3459 modo
597 3431 702 3458 homini
716 3431 834 3462 nemini,
859 3429 902 3456 sed
916 3437 949 3455 ne
967 3428 1068 3463 cupidi·
1078 3433 1114 3458 90
1129 3430 1308 3464 componitur.

31 3467 80 3494 tati
94 3465 202 3500 qutdem
218 3464 267 3491 vlh
281 3465 386 3491 seruias.
468 3469 541 3495 Idem
556 3468 589 3495 de
603 3469 638 3495 N.
652 3468 683 3494 Ι).
699 3475 730 3497 2,
743 3474 777 3501 79
807 3466 847 3493 Est
861 3465 933 3492 enim
944 3465 985 3491 vis
998 3471 1069 3490 tanta

0 3533 3 3535 .
30 3508 141 3529 naturae
149 3521 157 3533 ,
184 3506 213 3526 vt
224 3499 307 3526 homo
319 3508 398 3526 nemo
410 3502 475 3530 velit
484 3504 532 3531 nisi
548 3503 666 3531 hominis
678 3502 770 3529 similis
782 3503 839 3529 esse.
1011 3498 1031 3535 Ἴ
1052 3501 1069 3525 6

32 3537 252 3572 Obseruatt.aliae.
307 3536 396 3562 Homo
404 3537 467 3570 sum,
484 3543 503 3567 i.
522 3541 574 3575 Qei
583 3549 667 3567 errare
679 3534 950 3574 etfacilefallipqffim.
997 3535 1066 3562 Ter.

32 3573 106 3599 Adel.
115 3582 143 3606 4,
153 3580 174 3604 2,
187 3581 224 3604 40
251 3569 325 3596 Vah!
345 3571 443 3598 censen’
455 3573 590 3601 hominem
601 3583 644 3601 me
657 3575 723 3601 esse?
742 3573 840 3600 eri-aui.
910 3571 976 3598 Plin.
991 3570 1068 3604 Epist.

33 3617 57 3642 ς,
71 3618 83 3641 3
111 3606 262 3641 Aliquando
277 3612 410 3640 praeterea
421 3607 513 3642 rideo,
529 3611 622 3643 iocor,
642 3609 720 3637 ludo:
755 3615 833 3644 atque
847 3608 936 3635 onmia
944 3607 1069 3632 innoxiae
1085 3605 1117 3632 95

32 3643 188 3671 remiffionis
200 3651 295 3677 genera
308 3641 482 3675 compleEtor,
497 3645 578 3672 homo
590 3647 657 3672 sum.
729 3646 834 3677 Petron.
848 3653 870 3670 e.
878 3650 908 3678 75
925 3652 954 3668 ex
967 3642 1070 3677 persona

32 3680 163 3706 Habinnae
172 3679 264 3714 plebeii
276 3678 398 3707 hominis,
417 3677 505 3705 Nemo
516 3689 571 3707 non
583 3681 702 3709 nostrum
712 3686 812 3716 peccat:
850 3678 969 3706 homines
983 3678 1069 3703 sumus

31 3724 87 3741 non
101 3714 159 3741 Dei.
225 3712 277 3753 *Sed
285 3714 360 3748 plane
373 3713 447 3739 aliter
460 3713 528 3741 Ter.
542 3716 635 3744 Heaut.
649 3726 668 3748 1,
682 3726 702 3750 1,
715 3725 743 3750 25
770 3718 861 3743 Homo
875 3715 941 3745 sum,
961 3711 1069 3739 humani

32 3750 102 3777 nihil
115 3759 129 3776 a
141 3759 184 3776 me
196 3749 313 3775 alienum
328 3753 407 3782 puto:
441 3754 543 3783 propter
554 3751 620 3777 illam
629 3752 772 3787 societatem
787 3753 884 3788 generis
900 3749 934 3776 ad
944 3758 981 3775 me
992 3750 1070 3783 perti-

32 3796 90 3812 nere
100 3792 161 3821 puto
170 3804 177 3816 ,
195 3784 317 3820 quidquid
328 3784 422 3810 homini
434 3787 520 3809 euenit.
555 3785 628 3821 Conf.
642 3787 758 3814 Cic,0ffi
774 3797 794 3820 ι,
809 3788 841 3820 3ὸ
853 3795 875 3813 c.
884 3794 908 3818 9.

31 3821 138 3848 homini
151 3821 214 3846 deus
226 3820 275 3851 est,
296 3819 313 3845 si
326 3820 402 3845 suum
415 3817 533 3845 officium
546 3820 624 3852 sciat,
650 3822 779 3849 Caecilius
792 3822 909 3849 comicus
923 3819 989 3855 aPud
999 3819 1070 3851 Sym-

32 3856 119 3884 mach.
132 3855 210 3890 Epist.
225 3864 258 3888 9,
273 3860 316 3885 108
323 3861 368 3890 pr.
394 3854 488 3888 (Pare.
503 3855 568 3888 ¹14)

31 3891 178 3927 Indignitas
191 3894 315 3923 maxima,
334 3891 437 3925 aliquem
450 3889 569 3916 hominem
585 3898 634 3917 non
641 3896 740 3924 putare.

33 3935 51 3959 9
71 3933 255 3953 MYRRHINA.
291 3925 332 3954 Mi
345 3924 402 3952 vir!
423 3930 594 3952 rnmxrrvs.

682 1487 830 1521 inquietus,
863 1485 971 1521 lnstgnis
986 1489 1064 1512 omnis
1082 1495 1110 1521 35

962 1663 1047 1689 Malus
1055 1683 1064 1695 ,
1073 1676 1109 1700 40

868 1835 936 1862 ΑΜ.
951 1836 1062 1868 Cic.pr0
1078 1847 1111 1873 45
1124 1845 1150 1871 7,
1165 1844 1219 1876 347
1253 1837 1294 1862 An
1307 1835 1355 1870 qui
1367 1837 1393 1862 se
1406 1836 1547 1868 interficit,
1564 1836 1699 1864 homicida
1711 1838 1749 1865 sit.

837 2011 957 2038 Priuatus
990 2011 1062 2037 Idem
1073 2018 1104 2044 50
1122 2012 1214 2039 Cereri
1220 2012 1307 2038 necari
1320 2011 1446 2038 iubebant
1459 2012 1574 2047 grauius,
1587 2022 1666 2047 quam
1680 2014 1708 2039 in
1721 2015 1869 2041 homicidio
1883 2017 2045 2045 conuictum.

535 2189 675 2222 Venustus,
694 2189 778 2220 dicax,
790 2194 816 2213 et·
828 2186 943 2213 vrbanus
966 2186 1062 2211 Catuli.
1080 2194 1108 2220 ς,

315 2544 322 2550 ·
1003 2540 1008 2545 .
1117 2506 1164 2543 fid
1172 2512 1261 2542 quarta
1274 2506 1372 2532 ls'ocalis
1382 2508 1446 2540 poni
1465 2505 1574 2532 debebat.

290 2546 346 2572 Cic.
360 2546 433 2572 Fam.
446 2553 480 2577 4,
493 2552 512 2578 4
543 2544 661 2577 Repente
674 2543 770 2569 Caesar
783 2547 887 2576 praeter
898 2542 968 2576 spem
982 2541 1065 2572 dixit,
1079 2541 1111 2573 65

1014 3074 1067 3099 Ha·
1081 3071 1113 3096 80
1127 3073 1279 3106 Paradigma
1292 3078 1317 3098 et
1331 3071 1466 3099 Parabole.

636 3856 725 3883 Homo
738 3859 792 3885 fuit
817 3856 937 3885 Sci-ibon.
950 3856 995 3889 Ep.
1009 3853 1071 3881 mcd.

793 3894 834 3921 Sic
846 3893 915 3920 Ter.
931 3892 994 3918 Hec.
1010 3901 1038 3923 4,
1052 3898 1072 3920 1,

648 3925 700 3951 Vir
707 3935 757 3960 ego
769 3930 846 3956 tuus?
881 3934 910 3954 tu
924 3927 1011 3953 virum
1020 3934 1073 3958 me,

32 3967 79 3989 aut
90 3961 227 3990 hominem
238 3961 305 3991 adeo
331 3960 442 3999 (crefiit
454 3960 595 3998 indignatio
596 3961 618 3994 )
639 3960 689 3989 effe
700 3960 822 3997 deputas?
858 3964 929 3993 Nam
942 3962 960 3992 si
974 3968 1073 3991 vtrum-
1083 3967 1128 3996 105
1135 3958 1214 3995 Epist.
1228 3967 1250 3993 1,
1261 3966 1302 3992 25.
1321 3958 1337 3983 l.
1348 3961 1364 3984 6
1377 3959 1408 3984 C.
1421 3958 1453 3986 de
1467 3958 1572 3988 Summa
1585 3958 1669 3989 Trin.

1120 997 1206 1031 tuum..
1279 991 1355 1016 Varr.
1370 991 1400 1016 R.
1416 992 1446 1030 R.
1461 1000 1492 1024 2,
1512 1000 1528 1018 2
1546 999 1609 1018 extr.
1637 992 1705 1018 Illud
1719 1002 1784 1019 vero
1797 1003 1887 1021 omnes
1902 997 1929 1022 in
1944 998 2024 1032 Epiro
2038 1000 2147 1028 facimus

1120 1036 1153 1053 ne
1166 1034 1253 1066 nunus
1264 1025 1404 1052 habeamus
1418 1034 1446 1052 in
1465 1032 1585 1053 centenas
1597 1036 1660 1052 oues
1672 1026 1752 1054 hirtas
1766 1028 1877 1063 singulos
1891 1030 2024 1064 homines,
2044 1035 2073 1060 in
2083 1021 2162 1070 pelli:

1121 1068 1159 1089 tas
1175 1060 1262 1101 binos.
1348 1062 1438 1096 Nepos
1454 1072 1489 1095 4,
1503 1070 1533 1093 2,
1544 1071 1563 1094 4
1589 1062 1637 1088 His
1653 1061 1685 1088 dc
1698 1063 1776 1089 rebus
1795 1072 1840 1089 etc.
1860 1071 1961 1093 certum
1974 1068 2109 1096 hominem
2126 1072 2160 1099 ad

1121 1106 1182 1124 eum
1194 1102 1298 1128 mittas,
1317 1096 1383 1123 face.
1435 1096 1509 1123 Idem
1521 1105 1553 1131 7,
1567 1106 1612 1130 10,
1627 1106 1647 1124 1.
1715 1098 1757 1125 stc
1773 1099 1870 1126 Auson.
1884 1100 1962 1134 Epist.
1980 1112 2006 1129 22
2039 1105 2162 1134 hominen

184 1138 264 1165 Plant.
279 1137 354 1171 Epid.
368 1145 391 1169 3,
406 1145 428 1170 3,
441 1137 477 1168 46
503 1135 557 1168 Ego
570 1132 588 1159 si
600 1132 743 1166 allegaffem
755 1131 874 1165 aliquem
882 1130 912 1157 ad
926 1130 974 1157 hoc
986 1138 1063 1164 nego·
1076 1137 1107 1163 ας
1120 1139 1192 1160 vocat
1206 1133 1261 1161 Eos,
1280 1135 1323 1167 qui
1330 1135 1459 1167 pertinent
1471 1133 1505 1159 ad
1517 1132 1622 1159 domum.
1662 1132 1720 1159 Via.
1734 1134 1826 1171 Scalig.
1839 1135 1874 1161 ad
1883 1136 1979 1164 Auson.
1993 1147 2017 1172 p.
2031 1144 2072 1169 80.

1157 1175 1177 1194 Η
1187 1174 1205 1193 O
1214 1174 1238 1193 M
1250 1175 1268 1193 v
1280 1173 1327 1208 N·C
1339 1175 1346 1193 1
1359 1173 1378 1194 O
1389 1188 1396 1199 ,
1417 1167 1484 1194 anis.
1505 1177 1540 1194 m.
1560 1168 1662 1195 Dimin.
1686 1168 1884 1205 [oc'vamc'fzov]
1919 1172 1987 1199 Ter.
1995 1174 2059 1200 Eun.
2067 1184 2089 1207 3,
2098 1184 2161 1209 5‚43

1121 1205 1175 1238 Ego
1189 1203 1333 1229 homuncio
1346 1202 1396 1229 hoc
1409 1212 1463 1229 non
1477 1203 1600 1230 facerem.

1137 1239 1143 1244 .
1197 1239 1202 1243 .
1282 1238 1287 1243 .
1675 1204 1732 1230 Cic·
1744 1204 1822 1231 Affld·
1836 1215 1864 1238 45
1878 1215 1922 1240 ¹34
1941 1217 1963 1234 c·
1976 1217 2008 1241 43
2039 1210 2162 1238 Homun-

1120 1248 1164 1266 cio
1176 1238 1229 1274 luc,
1242 1246 1289 1272 qul
1301 1238 1383 1264 multa
1397 1245 1478 1273 putat,
1492 1245 1538 1264 etc.

1197 1275 1203 1279 ι
1470 1275 1474 1278 Δ
1491 1274 1497 1278 .
1610 1239 1704 1266 quen.
1718 1240 1768 1279 Sat.
1781 1247 1809 1272 5,
1830 1249 1869 1279 133
1895 1244 2094 1279 Qiadringenta
2109 1247 2164 1274 tibi

1120 1275 1138 1301 fi
1159 1282 1217 1309 quis
1238 1275 1324 1306 Deus,
1354 1280 1399 1300 aut
1420 1273 1511 1300 similis
1528 1275 1593 1308 DIs,
1621 1275 1654 1302 Et
1677 1275 1775 1302 melior
1793 1276 1855 1303 fatis
1877 1277 1987 1305 donaret
2004 1279 2161 1310 homuncio.

839 1309 947 1335 lllustris
960 1308 1062 1334 honore
1075 1317 1107 1341 30
1119 1310 1186 1337 Add.
1201 1310 1258 1335 Seu.
1271 1309 1350 1344 Epist.
1364 1312 1411 1335 116.

1155 1353 1175 1372 H
1186 1351 1206 1371 0
1216 1352 1239 1371 M
1251 1351 1272 1370 v
1285 1341 1388 1372 nesti
1401 1351 1422 1371 v
1433 1352 1462 1376 s,
1483 1344 1502 1372 i.
1537 1353 1574 1372 m.
1609 1344 1689 1371 Aliud
1706 1346 1806 1372 Dimin.

1119 1381 1203 1408 Tusc.
1216 1390 1235 1411 1,
1250 1388 1278 1414 17
1292 1389 1313 1407 c.
1322 1389 1338 1413 9
1367 1379 1414 1406 Sed
1430 1386 1458 1407 vt
1469 1380 1642 1407 homunculus
1654 1390 1719 1407 vnus
1733 1390 1747 1407 e
1761 1381 1849 1409 multis
1862 1384 2012 1418 probabilia
2027 1387 2165 1415 conicetu-

1120 1425 1149 1444 ra
1163 1418 1282 1451 sequens.
1335 1415 1376 1443 Sic
1388 1416 1472 1442 Tute.
1481 1424 1502 1448 5,
1514 1419 1551 1449 64
1563 1426 1584 1443 c.
1601 1425 1637 1448 23.
1672 1416 1746 1443 Idem
1759 1418 1831 1445 Fam.
1844 1427 1873 1452 4,
1886 1426 1908 1452 5.
1963 1422 1996 1447 Et
2007 1422 2040 1448 de
2053 1423 2089 1449 N.
2102 1424 2126 1450 D
2149 1432 2164 1451 t

1122 1462 1143 1478 c.
1151 1461 1197 1485 44.
1239 1450 1313 1486 Conf.
1327 1451 1409 1479 Plaut.
1421 1451 1503 1478 Trin.
1517 1460 1543 1484 2,
1555 1461 1584 1484 4,
1599 1460 1623 1483 9.
2126 1443 2134 1451 ⁶

1142 1524 1146 1527 -
1159 1495 1180 1514 H
1190 1495 1209 1514 O
1218 1494 1241 1513 Μ
1252 1485 1273 1513 ὗ
1283 1494 1299 1513 L
1314 1493 1332 1513 V
1344 1494 1356 1514 S
1365 1507 1373 1519 ‚
1392 1487 1411 1513 i.
1442 1496 1478 1514 m.
1514 1487 1595 1514 Aliud
1606 1487 1707 1514 Dimin.
1762 1487 1960 1524 [ἅνθρωπίσκος]
2015 1493 2072 1519 Cic.
2087 1494 2116 1520 in
2129 1494 2161 1521 L.

1122 1524 1205 1550 Pison.
1214 1531 1243 1556 59
1257 1532 1277 1548 c.
1285 1530 1316 1554 25
1340 1521 1388 1548 Sed
1402 1522 1528 1556 quoniam
1535 1523 1674 1557 praeterita
1687 1529 1789 1550 mutare
1802 1533 1856 1550 non
1869 1527 2016 1560 possumus,
2035 1529 2101 1562 quid
2111 1530 2165 1555 ces-

1123 1560 1160 1586 sat
1173 1559 1216 1585 hic
1230 1557 1353 1584 homulus
1366 1566 1397 1583 ex
1413 1558 1506 1592 argilla
1518 1564 1544 1584 et
1564 1558 1621 1584 luto
1641 1558 1730 1590 fitihts,
1755 1560 1911 1593 Epicureus,
1937 1562 1999 1588 dare
2012 1562 2076 1590 haec
2090 1573 2164 1599 prae-

1123 1595 1192 1621 clara
1210 1599 1345 1628 praecepta
1357 1594 1498 1627 sapientiae
1511 1593 1648 1620 clarissimo
1663 1600 1688 1620 et
1700 1595 1803 1621 summo
1817 1597 1975 1630 Imperatori
1986 1606 2085 1631 genero
2099 1600 2166 1626 suo}

1122 1627 1145 1692 ἓ
1165 1639 1177 1656 2
1213 1629 1361 1660 Homulns,
1377 1638 1508 1665 cognomen
1521 1629 1767 1664 Valeriorumfuit.
1819 1632 1938 1664 Inscript.
1973 1633 2053 1658 IVL.
2071 1634 2103 1659 D.
2125 1635 2165 1660 M.

1148 1686 1154 1691 .
1181 1666 1201 1691 I.
1228 1665 1350 1690 HOMV
1363 1664 1392 1690 L.
1430 1665 1512 1691 SAL.
1544 1665 1633 1690 LAC.
1664 1665 1726 1690 VX.
1752 1665 1958 1691 PIENTISS.
2049 1669 2166 1696 Homuli

1122 1704 1232 1728 oratoris
1246 1702 1335 1725 mentio
1349 1699 1415 1734 apud
1433 1700 1499 1725 Plin.
1512 1699 1591 1733 Epist.
1603 1707 1630 1730 4,
1644 1707 1671 1731 9,
1685 1706 1719 1730 ις.
1756 1706 1780 1724 et
1792 1701 1866 1725 alias.

1160 1741 1245 1761 nom
1258 1741 1277 1759 v
1290 1740 1399 1764 LLVS,
1418 1734 1437 1760 i.
1474 1742 1510 1761 m.
1552 1733 1630 1759 Idem.

1122 1769 1179 1795 &us
1200 1767 1338 1794 homullis.

1159 1811 1179 1829 u
1190 1810 1209 1828 o
1221 1803 1349 1834 M1ci11>
1360 1808 1399 1832 A,
1416 1809 1454 1827 ae.
1476 1810 1498 1827 c.
1534 1801 1699 1837 [μιαιφόνος]

1842 1347 1856 1381 [
1863 1347 2034 1384 ἅνθρωπίδὶον]
2103 1353 2161 1380 Εἰς,

1685 1733 1789 1759 Lucret.
1804 1742 1831 1766 9,
1843 1740 1875 1764 28
1901 1735 1993 1762 Breuis
2006 1736 2043 1763 est
2054 1735 2098 1764 hic
2109 1738 2165 1765 fru-

1735 1804 1787 1839 Qti
1793 1803 1912 1831 bominem
1919 1807 2018 1833 occidit.
2056 1809 2166 1842 Qxinet.

1370 1872 1375 1875 .
1397 1872 1402 1876 .
1778 1874 1784 1879 ,
1816 1840 1855 1866 Id·
1868 1848 1901 1874 7,
1913 1850 1943 1873 3,
1955 1850 1988 1876 34
2018 1844 2049 1869 In
2066 1844 2164 1878 quibus

1124 1880 1215 1898 omma
1228 1872 1286 1897 sunt
1301 1870 1470 1904 homicidae,
1489 1878 1591 1906 praeter
1603 1882 1709 1899 manum
1746 1873 1812 1900 Plin.
1827 1883 1872 1905 10,
1891 1884 1930 1907 23.
2000 1879 2039 1904 De
2046 1878 2163 1914 femina.-

1124 1908 1182 1934 Sen.
1196 1908 1327 1933 Controu.
1339 1916 1354 1932 z
1386 1907 1459 1940 Qud
1473 1907 1491 1932 fi
1504 1913 1606 1933 tantum
1619 1907 1771 1935 homicida?
1807 1909 1880 1942 Qn'd
1894 1911 1912 1937 si
1927 1917 2028 1939 tantum
2042 1922 2086 1940 rea
2100 1915 2164 1942 fuir-

1123 1944 1169 1970 set.
1215 1942 1288 1977 Conf.
1302 1943 1418 1968 quenal.
1434 1951 1460 1981 2,¹
1474 1944 1507 1968 26
1531 1942 1558 1969 Si
1570 1942 1615 1968 fur
1626 1943 1761 1977 displiceat
1775 1945 1870 1978 Verri,
1889 1945 2023 1974 homicida
2037 1949 2146 1976 Miloni.

1161 1984 1181 2003 H
1191 1983 1209 2002 o
1219 1983 1380 2003 MIC1D1V
1390 1983 1414 2002 M
1427 1996 1434 2008 ‚
1453 1985 1471 2003 ι.
1503 1985 1530 2003 n.
1567 1978 1731 2012 [μιαιφονία]
1787 1980 1853 2006 Plin.
1869 1986 1904 2013 18,
1917 1991 1930 2013 3
1956 1983 2163 2019 suspensumque

1123 2047 1236 2082 prudens
1249 2047 1442 2080 homicidium,
1477 2047 1502 2074 h.
1516 2057 1536 2073 e.
1557 2049 1715 2080 Fortunam,
1733 2059 1779 2075 non
1794 2052 1961 2078 voluntarium
1995 2056 2076 2081 Valer
2098 2022 2156 2081 ι11Ῑί

1121 2086 1159 2110 De
1171 2082 1271 2118 Croeso,
1295 2082 1390 2117 infime.
1426 2117 1432 2121 -
1452 2083 1558 2121 Ἐπεπε
1571 2082 1750 2109 homicidium
1784 2085 1915 2118 Qinffil.
1931 2096 1958 2120 ς,
1976 2097 2001 2120 9.
2058 2074 2165 2117 P'etrbri]

1121 2128 1143 2144 c.
1153 2126 1204 2152 137.
1276 2118 1344 2143 Reus
1359 2116 1502 2143 homicidii
1528 2117 1584 2144 Cic.
1599 2118 1710 2153 Philipp.
1722 2128 1738 2146 2
1752 2128 1774 2146 c.
1784 2129 1821 2147 12.
1891 2118 2009 2158 Suspicio
2022 2124 2167 2153 homicidii

1123 2154 1192 2178 Suet.
1205 2151 1298 2178 Claud.
1311 2161 1332 2176 c.
1343 2154 1386 2177 26.
1411 2177 1414 2180 ,

1159 2194 1179 2213 n
1190 2193 1209 2213 o
1220 2192 1384 2213 m1c1D1A
1394 2193 1413 2212 R
1423 2193 1462 2213 1v
1472 2193 1501 2227 s,
1515 2196 1546 2220 a,
1566 2197 1620 2216 um.
1654 2189 1715 2216 Adi.
1770 2191 1820 2224 Vt,
1840 2192 1949 2227 Sanguis
1962 2193 2167 2223 homicidia-ius

1124 2222 1200 2249 Au&
1214 2223 1306 2256 Paneg.
1317 2221 1351 2248 ad
1363 2222 1525 2249 Constantin.
1540 2232 1561 2250 c.
1576 2233 1603 2257 4.
1637 2226 1680 2251 ΑΙ.
1696 2226 1904 2253 Homicidarius.

1159 2263 1439 2297 HVMANYSUHV
1452 2265 1657 2292 MANlTAs,
1673 2267 1720 2287 etc.
1761 2261 1819 2287 Vid.
1832 2262 1938 2299 infraJI
1951 2265 1969 2290 Ι.

1159 2299 1180 2319 H
1192 2299 1301 2320 OMOE
1313 2295 1492 2326 OMERfA,
1510 2303 1550 2320 ae.
1576 2295 1596 2320 f.
1633 2295 1820 2331 [ᾇμοιομξρεια]

1205 2327 1210 2332 ,
1241 2332 1244 2334 ¹
1262 2332 1265 2335 ι
1875 2299 1988 2326 Partium
2001 2302 2042 2327 vel
2052 2300 2168 2329 membro-

1122 2338 1177 2355 rum
1185 2328 1333 2362 Jmulztudo.

1412 2329 1516 2356 Lucret.
1530 2338 1540 2356 1
1550 2349 1559 2362 ,
1573 2335 1622 2363 829
1656 2331 1727 2357 Hinc
1739 2337 1766 2358 et
1777 2333 1948 2368 Anaxagorae
1962 2336 2107 2364 scrutemur
2119 2337 2168 2364 ho.

921 2363 1064 2390 immolare
1086 2364 1324 2391 somoeomeriam.

1160 2406 1181 2426 u
1191 2407 1209 2426 0
1220 2407 1243 2425 M
1253 2406 1296 2426 or.
1307 2405 1325 2425 o
1336 2406 1350 2425 1>
1360 2406 1406 2425 ao
1416 2406 1432 2439 ¹³.
1441 2404 1487 2438 nr
1499 2405 1519 2425 R
1531 2405 1550 2425 o
1564 2405 1587 2425 Ν
1597 2420 1616 2440 ,,
1625 2399 1645 2440 Ξ..
1664 2410 1691 2428 n.
1727 2400 1944 2440 [ὅμοιοπρᾰφερον]
1979 2406 2058 2433 Mart.
2066 2407 2166 2442 Capelr.

1124 2443 1138 2468 5
1155 2444 1180 2470 p.
1194 2438 1221 2461 16
1276 2434 1312 2460 est
1329 2443 1396 2473 cum-
1407 2434 1519 2466 dicunt,
1539 2436 1564 2461 O
1577 2435 1640 2462 Tm
1654 2443 1710 2464 tute
1722 2437 1790 2464 Tati
1803 2438 1854 2465 tibi
1866 2437 1936 2466 tanta
1948 2447 2057 2472 tyranne
2073 2443 2168 2469 tulisti.

1123 2471 1167 2498 Ad
1181 2480 1224 2497 uer
1240 2480 1288 2502 um,
1303 2470 1367 2505 quod
1370 2471 1452 2503 simili
1457 2471 1520 2506 sono
1529 2471 1672 2506 profertur.
1728 2474 1835 2500 Fortem
1845 2477 1983 2510 penultima
1993 2486 2041 2503 non
2046 2477 2168 2514 ficum-da,

1159 2549 1179 2568 u
1189 2548 1207 2568 o
1218 2548 1241 2582 iu
1252 2548 1270 2568 o
1278 2548 1295 2567 E
1306 2547 1325 2567 o
1336 2548 1351 2567 P
1359 2549 1380 2567 Τ
1389 2543 1411 2580 (ξ
1418 2547 1439 2565 Τ
1445 2547 1466 2579 o
1479 2546 1501 2580 15
1512 2559 1521 2572 ,
1541 2541 1559 2566 i.
1585 2549 1610 2566 n.
1650 2540 1849 2579 [ὅμοιόκτωτον]
1885 2545 1921 2572 est
1947 2547 2052 2582 (inquit
2066 2548 2166 2583 Aquila

1125 2578 1258 2603 Romanus
1275 2586 1298 2610 p.
1311 2580 1355 2609 19)
1387 2575 1478 2601 Smule
1491 2584 1519 2601 in
1533 2575 1647 2608 casibus,
1672 2578 1731 2604 Hoc
1744 2588 1775 2604 ex
1789 2588 1821 2605 co
1834 2589 1931 2607 nomen
1945 2583 2055 2617 accepit:
2092 2583 2166 2618 quod

1123 2612 1245 2651 membra
1258 2612 1303 2637 illa
1312 2631 1320 2643 ‚
1339 2611 1366 2637 id
1380 2611 1415 2637 est
1430 2610 1501 2641 cola,
1519 2611 1548 2636 in
1559 2611 1666 2637 eosdem
1680 2614 1751 2639 casus
1764 2615 1876 2647 cadunt;
1909 2616 1941 2643 ad
1955 2617 2024 2644 hunc
2037 2619 2147 2645 modum

1123 2648 1196 2686 Huic
1208 2652 1290 2680 igitur
1301 2647 1385 2672 socios
1397 2645 1496 2672 vestros
1510 2646 1677 2679 criminanti,
1696 2655 1722 2675 et
1735 2649 1767 2675 ad
1780 2650 1883 2677 bellum
1895 2661 1943 2678 vos
1958 2653 2107 2681 cohortanti
2139 2638 2169 2681 οἷ

1124 2681 1250 2707 omnibus
1262 2680 1348 2707 modis
1361 2687 1389 2707 vt
1404 2681 1432 2707 in
1445 2681 1560 2708 tumultu
1572 2682 1670 2715 efferis,
1687 2684 1819 2713 molienti.
1875 2688 1947 2714 Haec
1959 2689 2030 2715 enim
2049 2690 2100 2717 tria
2109 2674 2123 2723 ,²
2136 2690 2168 2716 in

1590 2755 1592 2758 y
1675 2720 1764 2746 Verum
1781 2722 1852 2758 cafics
1870 2723 1910 2749 illi
1927 2723 2038 2758 dzffimili
2048 2726 2110 2760 sono
2124 2724 2168 2759 ‘ffi

1246 2787 1252 2792 .
1292 2788 1297 2792 ¹
1500 2788 1504 2792 ι
1551 2754 1595 2779 Ita
1613 2753 1804 2791 Homoeoptoton
1824 2757 1857 2790 est
1874 2761 1901 2784 in
1923 2760 1966 2785 illo
1975 2780 1983 2792 ,
2011 2761 2085 2787 Pleni
2108 2761 2168 2788 sunt

1126 2797 1217 2814 omnes
1234 2787 1315 2820 libr1,
1343 2788 1434 2822 plenae
1453 2788 1599 2822 sapientum
1617 2798 1711 2822 voces,
1741 2792 1816 2826 plena
1838 2794 2022 2829 exemplorum
2043 2796 2168 2823 vetustas.

1125 2825 1188 2851 Sunt
1199 2826 1263 2850 enim
1274 2825 1349 2849 iidem
1366 2823 1437 2859 casus
1445 2843 1454 2854 ,
1472 2824 1537 2858 quod
1547 2833 1594 2849 non
1607 2834 1665 2851 aure
1673 2845 1681 2858 ,
1695 2826 1742 2861 sed
1753 2829 2032 2865 Grammaticascientia
2043 2835 2168 2858 metimur.

1124 2860 1218 2886 Contra
1226 2860 1435 2886 Homoeoteleuton
1449 2862 1521 2885 etiam
1528 2859 1584 2894 sola
1593 2863 1663 2887 auris
1674 2862 1810 2899 intelligit,
1826 2871 1856 2890 vt
1861 2864 1888 2898 st
1899 2865 1984 2899 dicas,
2004 2867 2076 2901 Quid
2089 2868 2169 2893 sentis

1175 2934 1179 2937 -
1247 2933 1250 2936 .
1274 2933 1278 2936 .
1560 2931 1564 2935 .
1671 2898 1753 2924 Etiam
1767 2901 1897 2935 imperitus
1910 2902 2008 2938 linguae
2016 2903 2092 2938 sonos
2096 2902 2169 2936 fimi-

1123 2931 1158 2957 les
1169 2931 1299 2966 mtelhgzt.
1344 2931 1418 2956 Tales
1424 2930 1488 2965 sunt
1501 2932 1601 2966 versus,
1621 2939 1681 2966 quos
1693 2934 1815 2961 Leoninos
1827 2943 1925 2963 vocant.
1962 2938 2075 2973 Exemplo
2088 2939 2168 2974 Aqui-

1121 2967 1160 2993 lae
1173 2969 1256 2992 utitur
1273 2969 1346 2992 etiam
1360 2966 1438 2992 Mart.
1453 2966 1516 3000 Cap.
1525 2975 1538 2998 5
1556 2975 1580 3000 p.
1589 2975 1645 3000 174.

1162 3007 1275 3028 nomo
1286 3007 1330 3027 EO
1343 3007 1355 3026 s
1371 3007 1422 3032 1S,
1440 3009 1493 3027 eos.
1530 3001 1551 3027 f.
1587 3001 1732 3037 [ὁμοίωσις]

1235 3037 1261 3041 ..
1316 3036 1321 3041 ο
1779 3003 1812 3037 ist
1825 3005 1915 3043 figura
1927 3007 2081 3043 fintentiae,
2106 3017 2167 3034 cum

1127 3046 1173 3072 per
1186 3036 1384 3063 similitudmem
1398 3044 1440 3062 res
1454 3036 1624 3071 praestantur.
1838 3042 1843 3046 ”

1681 3039 1763 3065 Cuius
1776 3041 1874 3074 species
1886 3043 1944 3068 sunt
1962 3043 2064 3076 primae
2083 3043 2167 3075 duae,

1521 3074 1624 3099 Harum
1639 3073 1758 3114 distantia
1769 3076 1820 3107 est,
1845 3077 1916 3111 quod
1934 3078 2085 3114 Paradigma
2101 3078 2168 3105 facit

1126 3117 1190 3136 vera
1203 3107 1334 3144 exempla,
1352 3107 1477 3134 Parabole
1491 3107 1551 3134 fieta
1564 3109 1685 3136 ostendit.

1164 3151 1183 3184 n
1193 3151 1243 3170 OM
1254 3150 1272 3170 ο
1282 3149 1327 3183 Ειο
1337 3150 1358 3169 Τ
1366 3150 1383 3170 Ε
1393 3151 1408 3169 L
1418 3150 1434 3169 F.
1442 3150 1462 3169 V
1471 3151 1493 3170 'r
1504 3149 1524 3170 o
1536 3151 1558 3170 N
1566 3164 1575 3176 ‚
1590 3145 1609 3170 i.
1631 3154 1656 3170 n.
1692 3143 1907 3181 [ὅμωπέλευτον]
1942 3148 2034 3174 Simile
2043 3148 2166 3176 determi-

1127 3185 1243 3206 natione.
1280 3178 1399 3219 differta
1412 3179 1548 3213 superiore
1566 3184 1577 3212 (
1585 3181 1818 3214 Homoeoptoto):
1853 3182 1925 3217 quod
1938 3183 2004 3210 illud
2017 3183 2126 3218 quidem
2140 3189 2169 3211 et

1126 3216 1184 3241 casu
1198 3220 1224 3242 et
1237 3216 1302 3241 sono
1321 3214 1417 3240 similia
1436 3214 1518 3241 verba
1536 3216 1719 3242 membrorum
1741 3216 1911 3244 determinat:
1946 3218 1997 3245 hoc
2014 3228 2095 3253 vero,
2113 3228 2169 3246 non

588 3253 661 3280 Idem
673 3252 748 3279 Adel.
760 3262 773 3278 2
782 3273 790 3285 ,
804 3262 817 3285 3
826 3273 834 3285 ‚
850 3254 867 3279 6
896 3253 987 3285 Itaque
1001 3250 1066 3276 hanc
1085 3250 1114 3279 85
1127 3251 1212 3278 solum
1224 3251 1329 3277 casuum
1341 3250 1529 3282 similitudine,
1546 3251 1589 3277 sed
1600 3252 1778 3285 cuiuscunque
1791 3253 1869 3279 verbi
1882 3260 1960 3289 atque
1977 3255 2169 3281 enuntiationis

1127 3292 1279 3313 contentum
1293 3286 1337 3312 est.
1396 3287 1426 3312 In
1438 3294 1528 3313 muros
1542 3286 1627 3312 statim
1641 3287 1773 3320 curritur,
1800 3289 1929 3315 exercitus
1945 3298 1960 3315 a
1980 3290 2057 3316 sociis
2072 3290 2169 3317 arceffi-

1128 3329 1187 3353 tur,
1212 3321 1328 3348 delec‘lus
1342 3321 1476 3348 iuuentuti
1490 3321 1667 3348 denuntiatur.
1704 3324 1772 3349 Haec
1791 3324 1889 3358 Aquila
1906 3326 2048 3352 Romanu&
2109 3326 2169 3353 Vid-

1128 3359 1207 3385 Mart.
1221 3357 1320 3392 Capell.
1334 3358 1381 3383 Lc.
1406 3361 1450 3392 qui
1457 3354 1595 3391 posteriora
1615 3357 1768 3392 dqfinitionis
1785 3362 1871 3386 melius
1890 3363 1928 3386 ita
1946 3360 2046 3387 videtur
2063 3360 2171 3395 ffmw,

1128 3395 1187 3420 Hoc
1200 3402 1264 3420 vero
1276 3394 1334 3420 soni
1346 3399 1446 3419 tanturn
1459 3392 1630 3419 similitudine
1650 3392 1697 3419 sub
1718 3402 1872 3430 quacunque
1891 3395 1969 3423 verbi
1986 3397 2171 3424 enuntiatione

1368 3428 1424 3454 1'id.
1446 3434 1800 3456 HOMOEOPTOTON.

1168 3472 1188 3491 H
1200 3472 1219 3491 o
1228 3472 1252 3490 M
1261 3471 1280 3491 0
1289 3471 1309 3490 G
1317 3471 1334 3490 13
1344 3471 1365 3489 N
1374 3471 1391 3489 F.
1399 3470 1419 3488 v
1429 3471 1442 3490 s
1451 3483 1458 3494 ‚
1477 3472 1508 3496 a,
1527 3472 1581 3489 um.
1625 3463 1686 3490 Adi.
1728 3463 1875 3499 [ἇμογενής]
1929 3466 2042 3493 Eiusdem
2057 3470 2155 3504 generis
2163 3477 2172 3492 .-

1122 3500 1244 3537 frequms
1258 3500 1324 3533 apud
1336 3498 1503 3534 Philosophus.
1560 3499 1717 3525 Contrarium
1731 3500 1939 3535 Heterogeneus.

1157 3543 1187 3576 *H
1198 3542 1218 3562 O
1228 3542 1252 3561 Μ
1262 3535 1283 3561 ὅ
1293 3541 1308 3560 L
1318 3542 1334 3561 Ε
1344 3555 1352 3567 ,
1373 3543 1408 3560 es.
1444 3534 1465 3561 f.
1501 3535 1578 3561 Mons
1591 3532 1625 3567 est
1638 3535 1777 3570 Magnesiae
1785 3555 1794 3568 ‚
1809 3536 1860 3569 fiue
1877 3537 2009 3564 Thraciae.
2044 3537 2171 3566 Str-ahaz

1130 3573 1206 3606 Virg.
1227 3572 1290 3597 Aen.
1312 3580 1342 3602 7,
1364 3572 1421 3603 673.

1166 3614 1186 3633 n
1195 3614 1214 3633 o
1226 3613 1246 3632 M
1260 3612 1280 3632 ο
1292 3613 1307 3631 L
1317 3612 1353 3631 01
1364 3612 1382 3631 υ
1392 3612 1408 3631 E
1417 3613 1429 3631 s
1438 3622 1447 3636 ,
1473 3614 1527 3631 um.
1567 3605 1586 3630 f-
1641 3606 1736 3631 Nomen
1749 3612 1882 3640 portarum
1904 3608 2075 3635 Thebanorum
2097 3611 2173 3634 unius

1131 3642 1193 3668 Stat.
1207 3641 1299 3668 Theb.
1313 3649 1346 3675 7,
1365 3649 1413 3673 252
1449 3641 1496 3667 Per
1508 3641 1625 3673 ingentes
1638 3640 1813 3668 Homoloidas
1826 3649 1899 3669 exeat
1913 3644 2043 3671 Haemon.

1166 3684 1187 3704 H
1198 3684 1218 3703 ο
1230 3684 1253 3702 Μ
1266 3683 1285 3702 o
1296 3684 1318 3702 N
1331 3683 1350 3716 r
1362 3683 1384 3702 M
1395 3684 1403 3702 1
1414 3683 1435 3702 Α
1444 3695 1451 3707 ,
1470 3685 1508 3702 ae.
1531 3676 1550 3715 Γ.
1586 3674 1750 3714 [ὄμωνυμία]
1801 3678 1858 3704 Vna
1871 3687 1937 3706 voce
1950 3680 2063 3706 multum
2076 3676 2171 3711 signifi·

1131 3718 1172 3738 cat
1180 3732 1189 3745 ,
1208 3713 1368 3744 synonymia
1382 3720 1446 3738 vero
1458 3711 1550 3737 Multis
1564 3709 1675 3736 vocibus
1689 3711 1759 3738 idem
1773 3712 1895 3746 testatur,
1914 3722 1944 3741 vt
1957 3716 2064 3750 explicat
2071 3714 2173 3739 Fronto

1131 3755 1202 3774 vetus
1216 3749 1406 3774 Grammaticus.
1460 3745 1589 3778 Quinctil.
1603 3753 1629 3779 7,
1643 3755 1669 3777 9,
1682 3755 1699 3772 2
1725 3748 1793 3774 Cum
1806 3749 1926 3784 pluribus
1940 3751 2017 3776 rebus
2030 3754 2073 3773 aut
2085 3747 2171 3773 homi-

979 3785 1070 3810 Homo
1080 3782 1210 3809 monibus
1223 3783 1314 3808 eadem
1328 3781 1468 3817 appellatio
1484 3781 1520 3806 est
1530 3800 1538 3811 ,
1555 3779 1681 3814 ὁμωνυμία
1695 3782 1808 3817 dicitur,
1828 3791 1857 3812 vt
1865 3787 1960 3812 Gallus.
1996 3782 2063 3811 Add.
2072 3789 2127 3814 8‚2‚
2137 3790 2172 3813 ¹3·

1167 3820 1460 3848 ΗοΜοΡιᾹΤΑΕ,
1495 3816 1548 3842 vid.
1569 3822 1823 3847 OMOPLATAE.

1170 3858 1190 3878 H
1200 3859 1220 3878 Ο
1229 3860 1255 3879 Μ
1266 3859 1286 3879 Ο
1298 3859 1320 3878 Τ
1332 3851 1351 3880 ὄ
1362 3860 1382 3878 N
1392 3859 1411 3877 V
1420 3858 1448 3883 S,
1468 3860 1500 3884 a,
1522 3861 1575 3878 um.
1613 3852 1672 3878 Adi.
1709 3853 1857 3889 [ἇμότονῡς]

1134 3887 1163 3914 de
1176 3891 1261 3914 neruis
1273 3889 1407 3923 aequaliter
1422 3886 1495 3919 tensis
1515 3887 1623 3914 Vitruu.
1637 3896 1658 3920 1,
1673 3897 1692 3915 1.
1728 3897 1753 3916 et
1765 3899 1789 3924 5,
1802 3901 1829 3924 4.

1170 3931 1190 3950 Η
1200 3930 1218 3949 0
1229 3930 1252 3949 M
1261 3929 1280 3950 0
1289 3930 1310 3948 v
1318 3931 1331 3950 s
1340 3931 1349 3949 1
1361 3931 1379 3949 v
1389 3930 1402 3949 s
1410 3942 1417 3953 ,
1432 3931 1458 3954 a,
1477 3931 1530 3949 um.
1555 3922 1615 3949 Adi.
1647 3923 1797 3961 [ὅμοίως]
1832 3921 2057 3960 σοψιῌῖαηιῖαϋς.
2093 3921 2171 3949 Hier.

1909 3853 2028 3889 Aequalis
2040 3851 2173 3885 tenfionis,

1290 4009 1304 4029 2
1329 3994 1349 4020 Y
1385 4001 1402 4021 2.
1988 3997 2174 4023 HONESTVS,
