2479 4225
301 158 370 200 875
691 141 735 182 H
824 139 864 180 A
948 134 976 175 s
1794 134 1837 173 H
1888 134 1981 173 rA‘
2052 133 2090 174 v
2329 103 2459 187 ⁷375]

301 238 360 264 vius
378 235 448 262 ψη,
471 233 546 268 Virg,
562 233 626 259 Aen,
642 241 679 263 10,
692 237 751 266 877,
822 226 912 253 Minax
939 223 999 250 Sen.
1012 223 1104 258 Agam.
1124 222 1142 249 s.
1156 222 1182 248 6.
1250 219 1340 261 Tacit.
1394 222 1449 259 Jblo
1468 224 1560 252 haeret.
1596 223 1671 258 Virg.
1688 224 1753 250 Aen.
1767 231 1790 255 3,
1803 231 1832 255 23
1862 222 1943 249 Forte
1963 222 2016 249 fuit
2034 223 2106 250 iuxta
2124 223 2258 255 tumulus,
2272 231 2326 258 quo
2345 228 2437 254 cornea
2454 252 2455 255 ,

302 276 368 299 Ann.
383 279 422 303 14,
439 277 469 304 37
493 270 524 295 Et
544 277 622 303 eques
637 267 766 294 Protentis
779 262 855 289 hastis
868 259 1010 294 perfringit
1023 259 1095 294 quod
1112 257 1224 298 obuium
1236 261 1262 282 et
1274 256 1341 282 vall·
1401 260 1505 286 summo
1519 261 1657 294 Virguha,
1678 266 1701 285 et
1716 259 1798 285 dentis
1813 258 1952 284 hastilibus
1971 258 2080 285 horrida
2101 266 2209 291 myrtus.
2266 261 2296 285 Et
2307 260 2402 293 Georg.
2413 269 2438 294 2,

301 308 363 334 dum
378 312 442 331 erat.
513 305 579 331 Pura
595 304 680 334 hasta,
692 298 822 337 ficundum
838 297 988 327 Donatum,
1001 294 1096 321 dicitur
1109 295 1183 327 Qffle
1196 295 1249 318 ¹¹1¹ss
1267 291 1339 319 ferro
1401 300 1444 327 358
1481 296 1560 322 Rasae
1580 295 1681 322 hastilia
1695 295 1794 328 virgae.
1852 295 1883 320 Et
1897 293 1963 320 ibid.
1977 302 2030 326 447
2061 295 2161 326 Myrtus
2181 294 2275 320 validis
2295 294 2437 328 hastilibus,

301 343 349 368 est:
371 341 446 375 Virg.
461 341 525 366 Aen.
546 342 571 372 6,
585 342 644 367 762.
670 335 726 363 Vni.
749 341 762 359 Ρ
773 339 791 357 V
801 338 848 358 RV
858 338 880 357 s.
951 330 1030 356 Ouid.
1044 329 1109 356 Fast.
1122 338 1149 360 2,
1163 331 1213 361 560
1245 327 1340 353 Coma(
1400 336 1426 356 et
1440 330 1510 357 bona
1522 331 1593 357 bello
1601 332 1712 357 Cornus.
1746 331 1889 365 Plerumque
1909 337 1990 356 tamen
2010 336 2079 355 notat
2097 332 2189 365 lignum
2209 329 2287 362 illud,
2301 332 2341 355 cui
2348 325 2456 365 praelisv

299 377 431 403 viraineas
444 375 515 402 hasta
529 369 646 401 Rectirua
659 377 760 400 comm,
779 366 832 392 vid.
852 365 974 401 Opuscula
980 366 1071 401 philol.
1086 365 1172 391 Italice
1185 362 1252 402 edita
1268 363 1338 388 Tom-
1363 368 1377 394 ς
1401 375 1457 391 xum
1474 368 1515 392 vel
1531 366 1580 399 est,
1593 368 1632 392 vel
1644 366 1704 401 fuit
1720 365 1831 401 ferrum.
1868 364 1949 391 Ouid.
1963 365 2027 390 Met.
2039 371 2069 398 7,
2084 367 2135 399 676
2167 367 2227 399 Qia
2243 372 2330 391 tamen
2351 373 2365 390 e
2377 364 2437 394 silua

300 413 335 439 IX
345 398 378 446 εἰ).
394 419 444 446 473
465 411 508 437 vbi
520 420 548 437 cx
559 411 637 436 ueteri
651 405 754 438 exemplo
766 401 973 437 repraesentatur.
1040 401 1174 427 Tremens
1188 399 1264 431 virg.
1274 398 1339 423 Aen.
1399 405 1486 427 teneas
1500 401 1591 428 hastile
1604 402 1725 431 recisum,
1738 408 1784 426 etc.
1839 400 1971 426 Columel.
1984 409 2012 433 4,
2028 408 2054 426 17.
2088 401 2141 425 Aut
2156 400 2174 426 fi
2192 401 2307 435 regionis
2321 400 2437 430 conditio
2445 428 2456 435 ι

275 463 276 469 ι
301 456 327 480 2,
343 455 394 482 175.
465 445 591 473 Trabalis
606 444 667 468 Stat.
681 437 771 464 Theb·
785 446 813 470 4,
828 439 854 463 6-
947 435 1044 462 Adime
1058 436 1147 467 Viros,
1182 433 1281 460 Adnixi
1295 431 1340 458 ha·
1398 437 1546 469 permittit,
1565 444 1655 463 vetera
1677 436 1839 470 deponamus
1864 435 1966 461 hastilia
1976 456 1984 467 ,
2008 434 2107 469 quibus
2123 435 2295 462 adnectuntur
2323 433 2437 468 singulae

299 483 360 513 stis,
380 482 433 509 vid.
446 482 488 509 bh.
503 490 546 507 vv.
615 474 749 508 Colligere
762 473 875 505 hssstdffl,
888 471 954 508 apud
966 472 1055 498 Tacit·
1070 472 1136 497 Aml-
1154 478 1180 501 2,
1194 478 1219 495 21
1240 467 1272 501 est
1287 469 1339 494 Ha·
1399 472 1561 499 transuersae
1582 473 1704 506 perticae,
1717 479 1762 497 etc.
1817 470 1873 498 Cic.
1896 481 1945 505 pro
1968 471 2059 497 Rabir.
2083 480 2110 497 21
2148 472 2238 504 Quum
2259 471 2374 505 denique
2386 471 2438 505 Qis
2453 472 2459 486 ⁴¹

293 517 361 551 stam
372 518 498 547 reducere,
517 522 586 549 quam
598 517 654 537 ann¹
660 508 839 544 protenderat,
852 514 881 534 vt
894 507 945 541 htzs?
948 517 983 533 em
989 507 1089 542 ferires
1096 517 1103 531 :
1123 512 1194 540 atque
1210 505 1268 530 haec
1282 512 1339 529 con·
1397 506 1523 534 Scaeuola
1541 507 1676 534 conseelus
1697 506 1841 537 senec‘lute,
1860 507 2024 540 praepeditus
2043 506 2155 539 morbo,
2169 515 2274 532 mancus
2284 526 2292 539 ‚
2310 512 2336 533 et
2359 509 2455 536 menam,

299 557 382 580 traria
394 554 470 588 siant,
484 546 639 576 Protendere
654 553 676 571 et
689 536 824 578 Colligere
838 543 944 570 hastam.
983 544 1043 569 Eius
1061 541 1135 568 verba
1148 541 1226 576 juvit,
1247 541 1338 572 Quini
1356 546 1384 566 ιο
1398 540 1454 567 bris
1466 543 1591 570 omnibus
1608 548 1696 577 captus
1709 552 1738 569 ac
1755 542 1867 573 debilis,
1882 541 1969 568 hastili
1981 542 2069 574 nixus,
2084 548 2129 567 etc.
2183 542 2248 568 Plin.
2265 550 2303 575 17,
2318 550 2343 573 23
2380 533 2459 570 Cir-{p}

300 590 389 623 ingens
403 583 544 613 multitudo
559 581 639 608 aretis
658 580 723 606 locis
738 580 819 606 hastas
838 588 892 605 non
911 579 1095 613 protenderet,
1115 585 1169 602 non
1189 575 1337 609 colligeret.
1398 577 1546 612 cumligatis
1559 578 1704 605 hastilibus.
1777 579 1903 609 Ferrum,
1917 577 1988 611 quod
2005 586 2037 603 ex
2051 577 2139 603 hastili
2158 577 2187 603 in
2208 586 2319 611 corpore
2338 586 2409 604 rema

300 626 379 653 Plaut.
394 621 468 648 Most.
482 628 503 651 2,
517 627 536 650 Ι,
551 626 578 643 ¹0
598 616 753 648 irridentur,
780 615 841 647 Isti,
855 615 902 649 qui
921 614 1002 640 trium
1020 621 1163 639 ¹¹1¹m0r11¹¹¹
1184 611 1258 637 causa
1278 609 1336 636 sub·
1398 613 1465 639 serat
1478 614 1546 648 Nep.
1560 623 1593 647 15,
1607 623 1633 647 9,
1646 622 1668 646 3.
1703 613 1822 649 Corzfioeta
1833 619 1912 639 autem
1929 613 2077 646 Syneedoche
2089 615 2178 639 Poetae
2191 613 2292 639 Hastile
2302 619 2348 647 pro
2362 612 2439 642 Hasta

299 667 361 686 eunt
375 657 420 683 sub
434 655 496 680 falas
516 651 636 687 (castella
648 653 731 687 lignea
741 657 764 687 et
778 653 925 676 munitiones
945 647 1072 683 hostium)
1089 648 1143 674 Vbi
1160 646 1246 681 aliqui
1261 645 1338 680 quin·
1396 647 1493 674 dicunt.
1548 651 1623 684 Virg.
1640 651 1704 675 Aen.
1725 658 1745 681 1,
1767 657 1812 683 317
1843 648 1909 674 Bina
1928 656 2007 674 manu
2028 648 2081 673 lato
2101 647 2337 683 crispans.hastilia
2355 647 2441 676 fen-0..

298 694 370 721 denis
385 690 460 717 hastis
468 697 562 723 corpus
573 687 690 721 transfigi
703 687 796 713 solent.
850 686 1038 718 Contorquere
1053 684 1166 715 hastam,
1186 681 1239 708 vid.
1261 687 1337 708 CON-
1395 683 1496 718 Repetit
1509 689 1608 718 12‚'16;.
1643 685 1712 719 Qun
1731 688 1806 711 etiam
1819 684 1913 710 talibus·
1932 685 1993 709 Iocis
2012 682 2082 714 hasta
2095 682 2246 716 ostendum,
2261 693 2310 718 qua
2322 690 2397 718 parte
2409 684 2437 714 12

298 735 360 755 rror)x
372 733 456 751 aveo.
528 724 650 757 Dirigere
669 722 767 748 hastam
787 721 815 747 in
827 720 944 755 aliquem
962 719 1045 746 Ouid.
1064 721 1128 746 Met.
1145 724 1168 750 8,
1183 719 1226 744 66.
1288 717 1337 757 'Ia-
1355 721 1381 748 ¹5
1396 728 1457 755 gnea
1468 719 1510 752 est.
1546 722 1587 748 Sic
1601 721 1760 746 Contortum
1773 719 1866 746 hastile
1884 719 1961 753 Virg.
1977 719 2042 744 Aen.
2059 726 2093 750 11,
2110 721 2161 751 561.
2232 721 2381 745 Cui-uatum
2395 718 2442 746 ha:

297 765 365 790 clare
408 760 487 787 astam
512 761 568 787 Cic.
581 760 612 785 de
626 760 700 785 Orat.
719 766 746 789 2,
765 759 816 788 316.
882 755 946 782 lecit
966 755 1063 782 hastam
1082 754 1233 781 stridentem
1258 753 1336 786 virg.
1395 755 1454 781 stile
1473 757 1565 782 quen.
1580 756 1630 781 Sat.
1651 762 1742 789 7,127.
1830 754 1955 789 Spargere
1973 761 1997 780 et
2015 754 2130 780 Densere
2156 755 2231 789 Virg.
2247 755 2311 780 Aen.
2335 763 2368 785 11,
2382 756 2438 784 650.

298 801 359 825 Aen·
369 805 404 826 ¹0,
418 799 475 828 ⁶45·
549 796 656 821 Innixus
669 793 756 824 hasta,
792 790 918 818 Inseffiari
930 791 1047 825 ³liquem
1062 790 1132 817 hasta
1145 791 1184 816 vel
1196 787 1338 823 1³95&an
1396 790 1541 825 Torquere
1554 791 1635 817 Ouid.
1651 791 1715 817 Met.
1731 795 1755 822 8,
1767 795 1808 820 28.
1844 790 1911 817 Adai.
1926 790 2001 823 Virg.
2015 790 2079 815 Aen.
2091 798 2117 822 9,
2131 798 2191 822 402.
2261 791 2344 816 Lenta
2362 789 2451 816 hasti-

295 832 412 860 Insistcre
426 831 525 863 hastae,
542 830 595 856 uid.
607 830 649 856 hh.
663 838 707 854 vv.
778 827 886 853 Mittere
899 826 997 852 hastam
1015 826 1044 852 in
1061 826 1200 853 aduersum
1217 824 1335 858 aliquem
1397 825 1585 861 liaTorquere
1597 826 1677 853 Ouid.
1685 826 1750 852 Met.
1764 830 1787 857 8,
1803 830 1842 855 28.
1911 825 2025 851 Praefixa
2038 824 2141 851 hastilia
2154 826 2228 851 ferro
2246 826 2320 860 Virg.
2336 825 2402 851 Aen.

295 868 376 895 Ouid·
391 868 453 893 Met.
477 875 513 898 ¹2,
535 873 581 898 ¹15·
652 865 772 890 premere
792 862 909 897 ³¹iq¹¹em
929 861 999 887 hasta
1020 862 1094 896 Virg·
1106 863 1170 888 Aen-
1191 869 1213 892 ²5
1233 868 1287 893 530-
1306 868 1335 885 Μ
1395 869 1449 895 537.
1520 862 1667 897 Clipeoque
1681 861 1821 888 inimicum
1834 860 1927 888 hastile
1940 860 2081 888 Trahebat
2093 861 2168 895 Virg.
2180 862 2243 886 Aen.
2263 870 2301 893 10,
2315 868 2369 894 795.
2439 878 2448 891 .·

289 907 405 939 proximo
427 902 535 938 mfiqui,
554 908 582 926 vt
613 909 669 926 acne
681 902 819 934 contingas.
891 896 1050 924 Protendere
1062 898 1153 924 Tacit.
1174 897 1241 922 Ann.
1260 904 1286 926 2,
1301 903 1336 920 21.
1346 905 1381 924 20
1434 902 1612 924 HASTlLv
1623 905 1687 924 Div
1698 904 1741 929 M,
1759 897 1778 923 i.
1804 906 1830 922 n.
1867 896 1991 931 Decursm
2010 899 2119 932 equitum
2137 898 2178 923 vel
2190 896 2303 932 peditum
2324 906 2377 922 cum
2395 887 2456 923 baal-'⁷

295 939 424 973 Qiatiens
443 939 576 971 ingentem
617 936 695 962 astam
723 935 796 968 Virg.
813 934 878 960 Aen.
897 942 934 966 10,
948 935 1006 967 762.
1078 933 1190 959 Sustinet
1207 930 1306 957 hastam
1320 939 1336 956 a
1387 929 1449 965 stis.
1491 933 1550 960 Vid„
1569 934 1623 960 Ver,
1636 930 1709 960 Dia,
1731 933 1772 960 vel
1784 932 1875 968 cangii
1883 931 1956 965 Gloff,
1971 933 2028 958 Lat.
2448 928 2453 934 ‘

2443 570 2461 618 ε.

2448 625 2466 671 zi

293 975 388 1009 iugulo
410 974 540 999 nitentem
560 973 620 999 Stat.
636 970 727 998 Theb.
749 979 771 1002 2,
792 972 851 1002 648.
943 968 1090 1002 Torquere
1108 968 1205 994 hastam
1232 966 1288 992 Cic.
1303 965 1337 991 de

295 1011 370 1037 Orat.
384 1018 403 1041 1,
417 1017 466 1041 242
479 1018 500 1034 c.
515 1016 554 1043 57.
623 1007 669 1033 vti
685 1006 786 1032 eminus
805 1004 891 1036 hasta,
904 1004 1024 1030 cominus
1040 1002 1129 1037 gladio
1149 1002 1223 1030 Idem
1235 1003 1266 1028 de
1278 1002 1337 1028 Seu.
1785 1006 1819 1037 H
1914 1006 1942 1037 Λ
2036 1006 2067 1036 V

296 1056 318 1072 c.
332 1048 358 1072 6.
426 1044 539 1079 Metaph.
557 1043 587 1069 de
606 1045 759 1078 argumentis
775 1040 942 1067 iudicialibus.
977 1039 1069 1072 Hastas
1081 1039 1217 1066 aeloribus
1230 1047 1244 1064 a
1258 1037 1338 1063 iuris·
2429 1037 2450 1070 ,ἐς

294 1080 387 1116 peritis
406 1079 552 1107 ministrari
568 1079 622 1104 Cic·
636 1077 735 1112 TOPiC·
756 1086 776 1103 c·
788 1084 824 1111 ¹7·
861 1075 934 1111 ems·
963 1081 1176 1102 AMENTATVS
1193 1074 1219 1110 J}
1233 1073 1290 1100 Cic·
1304 1072 1336 1098 de
1349 1083 1382 1109 25
1433 1079 1455 1100 H
1467 1081 1528 1111 AV.-
1552 1070 1606 1111 [ἷ]
1632 1075 1788 1104 Ιηῐετίεᾶὶίο
1803 1075 1839 1102 est
1853 1074 2025 1102 conturbatae
2042 1076 2154 1108 mentis,
2166 1084 2215 1101 nec
2228 1073 2369 1101 constantis
2380 1071 2459 1111 nbis)

295 1118 371 1144 Orat.
386 1125 396 1143 1
414 1126 437 1142 c.
450 1124 490 1150 57.
510 1121 533 1141 et
548 1114 576 1140 in
590 1115 663 1140 Orat.
683 1122 704 1138 c.
718 1117 758 1147 78-
859 1111 878 1147 Ἴ
900 1119 912 1136 2
950 1110 1028 1136 Hasta
1048 1110 1110 1137 Belli
1127 1110 1249 1136 indicium
1264 1116 1338 1144 prae·
1395 1117 1425 1136 vt
1439 1114 1476 1136 ait
1490 1111 1614 1139 Donatus.
1651 1113 1720 1139 Ter.
1736 1113 1801 1139 Eun.
1816 1121 1844 1144 4,
1858 1122 1879 1144 3,
1893 1120 1917 1143 13
1948 1112 2010 1137 Hau
2030 1111 2142 1137 obsecro
2159 1120 2217 1137 mea
2235 1109 2354 1142 Pythias,
2374 1109 2439 1144 quid
2456 1109 2460 1116 '

293 1152 363 1184 buit,
383 1161 440 1178 nam
458 1150 600 1177 mittebatur
610 1152 637 1174 in
650 1151 701 1174 eius
713 1148 790 1183 fines,
804 1155 871 1182 quem
883 1145 941 1172 bello
950 1146 1076 1181 petebant.
1112 1146 1173 1172 Liu.
1189 1154 1208 1178 1,
1222 1154 1249 1178 32
1273 1153 1336 1170 com·
1396 1146 1522 1173 iflucnam
1536 1149 1647 1175 monstri
1660 1149 1732 1175 fuit?
1803 1148 1872 1174 Ter.
1885 1146 1961 1173 Adel.
1976 1156 1999 1179 3,
2013 1155 2038 1180 2,
2050 1153 2078 1179 38
2105 1148 2166 1173 Hau
2182 1147 2234 1173 hau
2249 1146 2287 1171 mi
2300 1146 2391 1177 homo,
2402 1143 2453 1172 saa.

293 1190 434 1215 memoratis
445 1186 602 1221 sollemnibus
621 1184 703 1210 verbis
727 1184 844 1212 fetialis,
863 1181 892 1207 Id
912 1180 960 1207 vbi
981 1181 1100 1215 dixisset,
1114 1182 1212 1207 hastam
1226 1181 1254 1207 in
1272 1180 1336 1206 fines
1396 1191 1479 1208 nusne
1492 1184 1535 1209 es?
1553 1185 1586 1210 al.
1602 1185 1651 1210 Au.
2424 1179 2455 1206 *3⁴

294 1231 390 1249 eorum
407 1220 553 1247 emittebat.
604 1218 665 1245 Vide
685 1218 753 1244 Festi
771 1219 864 1250 locum,
884 1226 952 1253 quem
970 1217 1073 1250 damur,
1089 1226 1147 1243 voce
1169 1222 1335 1245 BELLONA,
1432 1225 1553 1245 HAVD.
1584 1219 1634 1253 [κζ
1654 1219 1701 1252 ἐκ,
1723 1218 1784 1254 ixi]
1822 1218 1890 1245 Adu.
1931 1218 2063 1256 Negandi,
2086 1219 2198 1254 ignificat
2214 1218 2283 1244 Non.
2306 1212 2457 1250 .Cic..prq.‘

293 1264 318 1284 et
331 1257 412 1283 Ouid.
426 1256 489 1282 Fasi.
502 1259 530 1288 6,
545 1258 601 1281 206.
623 1259 653 1280 it.
665 1254 737 1280 Seru.
750 1253 856 1280 adAen.
869 1261 896 1286 9,
908 1261 944 1285 53.
982 1252 1029 1280 Sed
1040 1256 1114 1279 etiam
1127 1251 1160 1283 esi
1176 1251 1254 1278 Hasta
1268 1252 1336 1277 sum-
1354 1261 1385 1284 3ο
1397 1253 1502 1280 Cluent,
1516 1257 1558 1287 163
1581 1255 1659 1282 Haud
1681 1255 1773 1281 haeres
1791 1255 1827 1281 est
1846 1255 1996 1281 Cluentius,
2051 1254 2121 1281 Ter,
2136 1253 2217 1279 Andr.
2237 1261 2257 1284 1,
2273 1260 2294 1284 1,
2307 1260 2332 1284 13
2360 1249 2442 1287 Ηζυῲ

295 1302 354 1323 mae
376 1291 504 1328 potestatis
520 1298 544 1317 ct
563 1290 726 1317 auctoritatis
741 1289 857 1324 publicae
880 1289 1008 1315 indicium.
1045 1288 1173 1315 Notabilis
1193 1286 1225 1320 qli
1245 1287 1337 1313 lustin.
1396 1296 1471 1316 muto
1495 1290 1604 1317 facium.
1646 1292 1694 1317 Vbi
1711 1292 1845 1323 Donatus,
1866 1290 1944 1317 Haud
1964 1296 2040 1316 muto
2059 1289 2175 1321 facium,
2190 1289 2255 1315 Non
2268 1296 2310 1313 me
2324 1287 2454 1321 poenitet»

294 1338 337 1362 43,
351 1337 363 1360 3
391 1328 437 1354 Per
452 1336 482 1354 ea
495 1334 613 1360 tempora
632 1326 736 1361 (prima
750 1325 860 1358 Romae)
875 1332 948 1357 regen
963 1323 1046 1350 hastas
1065 1332 1114 1358 pro
1132 1323 1280 1349 diademate
1294 1322 1337 1348 ha-
1396 1325 1470 1351 faeti.
1541 1326 1601 1352 Liu.
1616 1331 1638 1356 8,
1653 1335 1676 1352 11
1688 1333 1731 1361 pr.
1756 1326 1834 1352 Haud
1847 1326 1880 1352 ab
1895 1335 1923 1362 re
1937 1325 2000 1352 duxi
2020 1325 2109 1352 verbis
2124 1333 2231 1358 quoque
2244 1323 2303 1357 ipfis
2317 1328 2346 1349 vt
2359 1322 2440 1349 tradi·
2453 1339 2457 1350 ι.

292 1363 406 1395 bebant,
425 1372 488 1398 quas
504 1362 596 1388 Graeci
611 1362 712 1397 sceptra
734 1360 833 1386 dixere.
870 1360 941 1386 Nam
959 1365 985 1386 et
997 1359 1030 1385 ab
1056 1359 1163 1393 origine
1181 1367 1270 1386 rerum
1288 1367 1338 1392 pro
1397 1366 1423 1386 ta
1441 1368 1643 1396 nuncupataque
1665 1363 1739 1393 sunt,
1753 1361 1865 1388 referre.
1937 1361 2015 1388 Haud
2035 1362 2099 1387 alias
2115 1361 2205 1386 Tacit.
2223 1361 2290 1385 Ann.
2313 1368 2347 1391 15,
2360 1359 2405 1391 46,
2418 1366 2440 1384 n.
2456 1363 2457 1366 ’

294 1399 353 1426 Diis
372 1397 568 1425 immortalibus
586 1403 688 1423 veteres
707 1396 789 1423 hastas
802 1395 923 1426 coluere3
946 1394 982 1421 ob
997 1395 1072 1421 cuius
1085 1394 1224 1428 religionis
1237 1403 1337 1420 memo-
1397 1396 1476 1422 Haud
1488 1398 1622 1431 auspicato
1637 1396 1687 1423 huc
1702 1405 1743 1422 me
1757 1397 1848 1431 appuli
1862 1398 1931 1423 Ter.
1944 1398 2026 1423 Andr.
2039 1406 2066 1430 4,
2079 1399 2103 1427 6,
2118 1405 2155 1422 12.
2227 1394 2304 1421 Haud
2324 1402 2441 1420 commo-
2470 1396 2475 1427 ζ

294 1435 362 1461 riam
378 1434 462 1461 adhuc
475 1432 721 1467 deorumfimulacrir
732 1430 814 1464 hastae
827 1430 961 1457 adduntur.
997 1432 1072 1458 Hanc
1092 1432 1172 1466 Trogi
1185 1431 1229 1466 Jiai
1243 1430 1336 1466 digrcs-
1354 1440 1382 1467 35
1396 1431 1423 1458 di
1438 1433 1464 1459 ei
1476 1433 1527 1465 est,
1551 1433 1626 1458 Nihil
1639 1433 1678 1458 illi
1690 1432 1800 1467 prodest.
1835 1432 1916 1458 Plaut.
1931 1432 2014 1459 Calin.
2026 1440 2052 1464 2,
2066 1441 2091 1464 2,
2104 1434 2137 1457 26
2161 1431 2260 1457 Peculii
2281 1429 2391 1464 probam
2402 1428 2441 1455 ni·
2470 1431 2474 1450 ἴ

291 1470 394 1504 sionem,
412 1472 438 1496 in
450 1479 520 1505 quam
534 1469 574 1495 ille
586 1478 615 1494 ex
628 1468 788 1503 appellatione
802 1468 907 1501 Quirini
924 1473 946 1492 et
961 1467 1089 1501 Qiritum
1100 1466 1201 1492 videtur
1214 1466 1337 1499 inciasffig
1394 1467 1434 1493 hil
1455 1466 1553 1495 habere
1573 1467 1679 1494 addecet
1699 1467 1765 1493 clam
1778 1467 1853 1493 viro:
1879 1473 1904 1493 et
1919 1476 1986 1501 quae
2004 1467 2083 1493 habet
2103 1473 2220 1500 partum,
2234 1468 2260 1492 ei
2279 1466 2348 1492 haud
2361 1465 2439 1491 Com·

292 1506 349 1532 bene
361 1505 395 1538 <st
408 1505 472 1541 quod
479 1506 593 1541 struauit
607 1503 731 1537 Iustinus,
744 1504 802 1529 licet
814 1501 880 1537 apud
892 1505 902 1527 i
913 1502 969 1537 fian
982 1504 1043 1528 male
1056 1501 1193 1528 cohaereat.
1229 1501 1337 1529 Hastam
1396 1503 1469 1529 modi
1484 1503 1529 1529 est.
1597 1503 1664 1529 Ter.
1676 1503 1749 1528 Adel.
1766 1510 1790 1535 5,
1809 1511 1833 1534 2,
1853 1507 1866 1532 8
1892 1502 1991 1536 Edepol
2005 1503 2203 1528 coniessatorem
2217 1502 2285 1528 haud
2294 1503 2351 1527 sane
2359 1501 2439 1527 Com·
2470 1501 2473 1510 ¹

291 1542 362 1576 suam
376 1544 475 1567 inuocat
493 1542 594 1567 Turnur
608 1541 683 1574 Virg.
697 1540 763 1565 Aen.
778 1546 813 1570 12,
827 1545 857 1570 95
879 1538 958 1564 Nunc
972 1546 989 1563 o
1003 1546 1137 1572 nunquam
1153 1537 1275 1564 frustrata
1289 1546 1337 1564 vo-
1395 1539 1520 1568 modum,
1534 1539 1687 1572 praesertim
1704 1537 1866 1573 Ctesiphoni.
1938 1537 2014 1564 Haud
2030 1537 2170 1564 Consimili
2183 1537 2291 1572 ingenio
2305 1537 2347 1567 est,
2360 1542 2438 1570 atque

294 1583 380 1607 catus,
395 1577 487 1607 Hasta,
499 1584 572 1602 meos
597 1590 642 1595 —
669 1575 707 1601 Da
722 1574 834 1600 sternere
847 1582 951 1607 corpus,
965 1579 1011 1599 etc.
1048 1575 1173 1610 Imaginer
1185 1575 1293 1600 Deorum
1307 1576 1336 1600 in
1396 1575 1476 1600 Plaut.
1493 1573 1583 1599 Bacch.
1602 1582 1624 1605 3,
1640 1582 1661 1605 3,
1676 1582 1717 1606 50.
1796 1573 1874 1600 Haud
1887 1574 2100 1605 Consuerufflne,
2118 1575 2175 1599 Non
2187 1573 2280 1608 quidem
2299 1579 2327 1598 vt
2340 1571 2437 1606 fhlebas
2470 1579 2472 1583 ·

293 1615 375 1638 numi:
394 1610 503 1643 hastatae
519 1614 637 1637 maiarum
655 1610 752 1646 quidem
775 1617 798 1636 et
817 1609 1008 1644 bellipotentium
1019 1608 1080 1644 fere
1094 1618 1183 1635 omncs.
1234 1610 1382 1644 Qoties40
1396 1610 1477 1636 Plaut.
1492 1609 1573 1635 Trin.
1588 1618 1613 1641 2,
1627 1618 1652 1641 2,
1666 1614 1702 1641 83.
1769 1608 1838 1635 Ter.
1855 1610 1920 1635 Fun.
1935 1617 1961 1642 2,
1976 1618 2000 1642 3,
2016 1612 2050 1643 67
2077 1609 2124 1635 Sed
2144 1608 2217 1635 istam
2229 1607 2362 1635 Thaidem
2382 1614 2438 1632 non

260 1651 262 1654 ’
292 1651 367 1673 etiam
381 1648 468 1673 Romae
478 1654 539 1681 pars
553 1648 636 1680 aliqua
649 1648 747 1680 imperii
761 1652 803 1671 aut
816 1643 1003 1670 iurisdictionis
1017 1645 1076 1671 odeo
1090 1652 1113 1671 et
1127 1643 1335 1681 potestatisfiaem-
1396 1645 1462 1671 sciui
1480 1644 1559 1671 vobis
1578 1645 1704 1670 vicinam.
1727 1651 1751 1670 Ρ.
1773 1644 1841 1671 haud
1856 1645 1909 1670 Diu
1929 1645 1974 1671 est.
2046 1645 2102 1671 Cic.
2119 1645 2150 1670 de
2165 1644 2261 1670 Sene&
2280 1652 2300 1668 c.
2320 1651 2336 1667 2
2370 1642 2439 1667 Rem.

295 1692 347 1708 mac
362 1690 529 1713 exerceretur,
549 1681 627 1707 Hasta
646 1681 758 1706 “dhsbiffl
767 1680 838 1715 stgni
857 1681 907 1705 1⁰⁶0
927 1679 969 1711 ‘’st-
1006 1682 1047 1706 Sic
1060 1680 1137 1706 Hasta
1153 1680 1289 1715 ponebatur
1307 1684 1335 1706 in
1396 1681 1465 1708 haud
1482 1682 1554 1712 sane,
1570 1680 1659 1714 Scipio
1674 1687 1699 1706 et
1713 1680 1803 1712 Laeli,
1818 1678 1961 1706 Difficilem
1983 1680 2109 1706 admirari
2131 1680 2270 1706 videmini.
2342 1675 2400 1700 Liu.
2415 1678 2440 1708 3,

293 1717 458 1744 auctionibus.
494 1717 550 1743 Cic.
563 1716 676 1750 Philipp.
689 1724 715 1748 2,
729 1718 764 1747 64
786 1713 863 1740 Hasta
882 1714 963 1747 polita
981 1723 1030 1747 pro
1050 1715 1113 1740 aede
1128 1716 1201 1741 Iouis
1215 1716 1336 1747 Statoris,
1396 1726 1429 1749 ²4
1440 1725 1483 1751 pr.
1522 1716 1681 1749 Qiaestores
1696 1717 1733 1742 M.
1748 1717 1873 1748 Volscio,
1886 1716 1960 1751 quod
1973 1717 2051 1742 falsus
2066 1715 2135 1742 haud
2149 1715 2236 1742 Dubie
2251 1711 2320 1739 testis
2334 1711 2362 1737 in
2375 1709 2441 1736 Cae-

293 1751 372 1782 bona,
387 1760 430 1778 etc.
446 1752 516 1778 bona
530 1753 637 1786 inquam
652 1752 701 1778 Cn.
714 1750 833 1784 Pompeii
846 1750 937 1782 Magni
949 1749 1011 1774 voci
1030 1749 1204 1775 acerbiffimae
1218 1750 1336 1776 subiecta
1396 1752 1485 1777 sonem
1497 1752 1644 1782 exstitisset,
1659 1751 1731 1777 diem
1746 1751 1878 1777 dixerunt.
1898 1759 1921 1778 et
1934 1756 1971 1777 ita
1978 1752 2061 1787 fizepr.
2127 1750 2206 1778 Haud
2220 1748 2338 1776 Dudum:
2353 1748 2372 1772 i.
2383 1747 2457 1772 Non'·

292 1788 439 1821 praeconis.
492 1787 565 1812 Idem
579 1787 693 1820 Philipp.
707 1795 729 1817 2,
739 1793 784 1816 103
811 1786 864 1810 Iam
879 1784 1009 1818 intelliges
1023 1784 1102 1810 aliam
1114 1786 1215 1810 causam
1229 1785 1277 1810 esse
1292 1784 1336 1810 ha·
1345 1795 1379 1820 45
1395 1790 1432 1811 ita
1446 1786 1544 1820 pridem
1564 1786 1646 1811 Plaut.
1663 1787 1731 1812 Pers.
1749 1796 1777 1818 4,
1792 1795 1814 1818 3,
1831 1795 1873 1818 29.
1946 1788 2023 1812 Haud
2038 1788 2121 1817 Dum,
2136 1786 2188 1812 vid.
2210 1784 2292 1817 infra.
2362 1781 2422 1807 Hau
2435 1813 2437 1815 q
2458 1790 2465 1798 ν

292 1822 345 1849 stae
360 1822 495 1853 Caesaris,
513 1821 591 1847 aliam
614 1821 788 1846 confidentiae
808 1826 834 1846 et
852 1820 1013 1855 temeritatis¹
1026 1826 1102 1852 tuae,
1123 1823 1142 1846 i.
1167 1818 1246 1846 Sel-‘tio
1265 1819 1336 1846 bono-
1397 1821 1457 1847 Erat
1470 1820 1529 1846 sane
1541 1820 1613 1854 quod
1628 1821 1769 1855 quisquam
1783 1822 1886 1847 ratione
1900 1829 1929 1847 ac
1938 1821 2058 1847 doeirina
2067 1820 2214 1855 requireret
2225 1814 2416 1851 Cic.Tusc.3p
2458 1805 2464 1835 1

291 1867 346 1885 rum
360 1865 384 1882 ct
396 1854 486 1882 aufflo.
529 1855 644 1892 festus,
664 1855 758 1881 Hastae
770 1863 816 1886 ea,
831 1863 898 1888 quae
911 1855 1016 1887 publice
1035 1855 1236 1887 venundabant,
1255 1855 1337 1880 subii-
1397 1856 1464 1882 Ter.
1481 1856 1576 1881 Heaut.
1589 1865 1613 1890 3,
1628 1865 1649 1888 ι,
1661 1865 1673 1888 7
1703 1855 1782 1882 Haud
1795 1856 1917 1889 Faciam,
1930 1865 1990 1882 nam
2005 1865 2084 1890 quam
2098 1863 2191 1890 potero
2204 1853 2331 1880 adiutabo
2345 1853 2412 1878 senei

293 1893 395 1919 ciebant
414 1898 524 1918 veteres.
596 1891 651 1917 Cic.
666 1889 718 1916 Off.
733 1899 754 1920 2,
768 1898 798 1921 29
818 1897 840 1914 c.
855 1894 868 1918 8
903 1889 960 1914 Nec
980 1897 1046 1915 vero
1064 1898 1180 1922 vnquam
1201 1889 1336 1916 bellorum
1397 1891 1453 1916 Cic.
1468 1890 1499 1916 de
1512 1891 1613 1917 Seneet.
1629 1898 1656 1923 55
1687 1892 1750 1923 Qo
1764 1890 1872 1925 quidem
1886 1901 1928 1917 me
1947 1892 2154 1926 proticiscentem
2168 1890 2237 1916 haud
2253 1891 2310 1915 sane
2323 1888 2381 1922 quis
2396 1888 2424 1913 F

293 1929 418 1955 ciuilium
440 1928 528 1953 semen
548 1931 573 1952 et
590 1926 664 1952 causa
683 1924 783 1955 deerit,
799 1924 861 1949 dum
880 1922 1003 1949 homines
1023 1923 1122 1954 perditi
1143 1923 1240 1949 hastam
1261 1924 1335 1949 illam
1397 1925 1447 1949 cile
1463 1925 1604 1950 retraxerit
1618 1926 1711 1950 quen.
1724 1926 1774 1951 Sat.
1790 1934 1812 1956 3,
1827 1929 1884 1959 164.
1954 1927 2022 1952 Ter.
2037 1926 2116 1952 Andr.
2129 1934 2150 1956 3,
2165 1934 2183 1955 1,
2198 1933 2213 1950 2
2236 1923 2359 1950 Fidelem·
2373 1923 2414 1949 hat
2429 1926 2431 1930 ’

294 1971 428 1991 cruentam
446 1968 471 1989 et
488 1961 673 1992 meminerint,
692 1967 717 1986 et
736 1958 892 1994 sperabunt,
908 1967 986 1992 quam
1000 1959 1027 1984 P.
1038 1958 1110 1984 Sulla
1124 1967 1182 1984 cum
1204 1958 1336 1990 vibrass'et‚
1351 1969 1383 1995 50
1398 1960 1491 1985 Ferme
1507 1959 1617 1985 mulieri
1637 1960 1756 1985 inuenias
1770 1960 1870 1985 virum.
1906 1961 1989 1986 Plaut.
2003 1961 2082 1986 Poen.
2099 1969 2127 1992 4,
2141 1969 2162 1990 2,
2176 1962 2214 1991 36.
2286 1958 2364 1985 Haud
2378 1959 2430 1993 Grv

293 2007 340 2026 etc.
395 1998 469 2025 Idem
483 2006 509 2030 2,
523 2003 550 2029 83
566 2007 587 2023 c.
601 2006 631 2029 23
661 1996 767 2022 Hastam
788 1996 815 2020 in
836 1995 897 2021 soro
916 2003 1014 2028 ponere
1027 2000 1052 2020 et
1071 1993 1142 2020 bona
1161 1994 1262 2020 ciuium
1277 1994 1338 2020 voci
1396 2001 1456 2021 vate
1471 1994 1543 2020 Idem
1556 1994 1624 2021 Rud.
1640 2003 1661 2025 2,
1675 2003 1697 2027 3,
1711 2002 1755 2029 77.
1827 1995 1894 2021 Plin.
1911 2004 1943 2027 11,
1956 2003 1987 2030 37
2014 1995 2137 2022 Defluere
2157 1995 2292 2030 palpebras
2308 1994 2377 2020 haud
2391 1996 2403 2021 I
2428 1991 2460 2018 ιζ)

293 2034 425 2062 subiicere
451 2033 595 2066 praeconis.
669 2031 709 2058 Ad
732 2030 829 2056 hastam
852 2030 940 2056 locare
965 2030 1097 2056 Cclumel.
1118 2029 1199 2064 praef.
1213 2039 1232 2055 1.
1276 2029 1335 2056 Via.
1396 2030 1495 2056 merito
1520 2031 1625 2056 Venere
1639 2030 1834 2057 abundantibus
1857 2030 1972 2058 tradunt.
2047 2031 2123 2057 Haud
2138 2032 2275 2065 Impurus,
2291 2030 2344 2056 vid.
2359 2023 2455 2066 infr'¹

292 2072 358 2099 scal.
372 2070 406 2096 ad
415 2069 508 2096 Manil.
523 2078 546 2103 p.
560 2076 622 2101 429.
693 2066 749 2093 Cic.
764 2066 794 2090 de
809 2065 836 2091 L.
850 2066 942 2098 Agrar.
958 2074 978 2097 1,
992 2067 1009 2090 6
1040 2065 1114 2090 Num
1127 2066 1236 2103 obscure
1246 2065 1337 2090 viden·
1398 2066 1478 2092 Haud
1492 2066 1586 2092 malus.
1658 2066 1727 2092 Ter.
1743 2067 1808 2093 Hec.
1822 2075 1845 2099 3,
1861 2074 1883 2099 5,
1896 2075 1925 2099 32
1956 2066 2107 2102 Pamphile,
2121 2067 2152 2093 ad
2171 2075 2244 2093 aures
2262 2065 2332 2092 haud
2350 2063 2447 2092 Inuitoss·

293 2112 338 2132 tur
361 2114 442 2140 prope
463 2104 533 2130 hassa
566 2103 703 2139 praeconis
733 2101 856 2127 insectari
882 2101 930 2126 Cn.
959 2100 1080 2133 Pompeii
1104 2107 1266 2131 exercitum,
1291 2107 1337 2124 etc.
1397 2102 1483 2126 sermo
1503 2101 1573 2127 mihi
1591 2101 1688 2127 accessit
1706 2108 1775 2128 tuus.
1796 2106 1814 2128 i.
1834 2104 1930 2128 Lubens
1947 2102 2034 2128 audiui
2053 2110 2076 2128 te
2095 2105 2236 2138 loquentem.
2307 2100 2386 2127 Haud
2403 2101 2443 2129 Ita

293 2141 369 2168 Idem
385 2141 456 2167 Fam.
471 2149 505 2172 15,
518 2147 545 2174 17
580 2140 716 2168 Caesarem
729 2136 854 2171 putabant
867 2134 975 2161 moleste
995 2135 1124 2164 laturum,
1147 2141 1282 2173 yercntem
1305 2142 1339 2159 ne
1354 2146 1382 2171 55
1398 2135 1486 2161 decet:
1507 2136 1525 2161 i.
1538 2144 1561 2161 e.
1580 2139 1663 2171 inquit
1675 2137 1810 2169 Donatus,
1823 2138 1888 2164 Non
1902 2139 1983 2172 vsque
1996 2139 2062 2165 adeo
2076 2138 2159 2169 decet,
2174 2145 2198 2164 et
2213 2138 2249 2164 est
2262 2136 2444 2163 confirmatio*

293 2176 366 2204 hasta
385 2176 534 2203 refrixisset.
554 2177 572 2200 i.
592 2174 685 2201 Αιιὲἶίο
703 2174 816 2199 honorum
832 2171 1029 2206 proscriptorum
1051 2174 1078 2195 in
1105 2169 1283 2209 desuetudinem
1300 2177 1340 2208 oe·
1398 2170 1466 2196 Ter.
1482 2171 1547 2196 Hec.
1563 2179 1589 2202 2,
1602 2179 1627 2202 2,
1644 2179 1681 2196 10.
1755 2173 1814 2198 Liu.
1827 2182 1870 2205 29,
1885 2178 1911 2204 38
1925 2182 1988 2200 extr.
2020 2175 2096 2200 Haud
2112 2175 2151 2200 Ita
2171 2174 2284 2200 multum
2299 2173 2442 2207 progressiu

294 2211 383 2246 mjffit,
400 2210 483 2244 amiffo
505 2211 553 2236 tali
570 2217 685 2245 patrono.
753 2208 809 2234 Cic.
825 2207 936 2241 Philipp.
951 2213 1030 2237 2,103
1061 2206 1128 2238 Qus
1147 2204 1245 2231 hastam
1266 2204 1339 2230 illius
1398 2214 1413 2231 a
1433 2205 1517 2235 mari,
1538 2206 1654 2231 tumulos
1673 2207 1810 2239 proximos
1830 2214 1942 2240 ceperat.
2016 2210 2092 2234 Haud
2120 2210 2238 2242 Longius
2262 2209 2381 2235 futurum
2404 2207 2441 2234 est
2472 2207 2474 2209 ’

294 2247 459 2274 venditionis
477 2246 565 2272 vidit?
629 2246 665 2271 De
686 2243 860 2270 Locutiom'bur
880 2250 952 2268 ettam
973 2241 1099 2302 (ῘεΞῙονιιηι
1119 2240 1256 2266 adbibetur.
1276 2239 1339 2265 vnde
1398 2240 1479 2267 Plaut.
1494 2241 1576 2266 Trin.
1589 2248 1612 2272 3,
1626 2250 1647 2273 2,
1662 2249 1701 2273 95.
1773 2242 1846 2268 Idem
1860 2243 1940 2268 Stich.
1957 2250 1977 2274 1,
1991 2251 2013 2274 3.
2029 2248 2054 2271 81
2092 2244 2194 2270 Ecastor
2209 2244 2360 2270 auctionem
2377 2243 2443 2270 facit

296 2282 391 2310 Hastae
403 2282 491 2308 ass'ueti
507 2281 568 2307 Liu.
583 2289 623 2313 24,
637 2286 662 2309 18
682 2281 735 2314 ,Qui
746 2278 878 2304 conducere
891 2285 964 2312 opera
971 2284 1006 2312 pu
1023 2275 1196 2312 Iicasolerent.
1261 2275 1341 2301 Hasta
1398 2275 1467 2302 haud
1482 2277 1572 2309 Magni
1592 2277 1678 2310 pretii.
1749 2277 1827 2303 Haud
1845 2277 1933 2303 Malus
1952 2277 1989 2303 Id.
2002 2278 2070 2303 Rud.
2085 2279 2152 2310 prol.
2166 2288 2200 2310 35.
2242 2279 2311 2306 Ter.
2329 2280 2393 2306 Eun.
2412 2282 2441 2311 23

297 2317 522 2350 Centumuiralis,
540 2319 558 2342 i.
580 2316 766 2341 centumuiralis
779 2314 866 2339 indu-11
880 2312 963 2338 index.
1001 2312 1068 2337 Suet.
1083 2313 1149 2345 Aug.
1167 2313 1206 2343 36,
1221 2319 1239 2337 1.
1264 2311 1338 2345 Conf.
1356 2316 1391 2340 60
1399 2320 1423 2343 2,
1440 2321 1449 2343 3
1470 2311 1592 2337 Conueni
1607 2310 1687 2337 hodie
1701 2311 1845 2338 adueniens
1860 2313 1991 2347 quendam
2006 2312 2058 2337 mei
2072 2311 2124 2337 loci
2139 2312 2217 2346 hinc,
2234 2321 2313 2348 atque
2327 2313 2442 2346 ordini&

297 2353 414 2381 Martial.
431 2361 456 2387 7.
470 2355 509 2384 63.
531 2359 554 2378 et
569 2352 664 2378 Lucan.
679 2350 709 2376 ad
725 2350 809 2375 Pison.
828 2357 865 2381 41.
880 2348 896 2374 l.
909 2347 969 2381 Dig.
985 2346 1016 2372 de
1032 2347 1108 2381 orig.
1123 2348 1176 2372 Iur.
1191 2345 1264 2383 §.29.
1302 2348 1340 2372 De
1400 2348 1537 2373 hominem
1556 2353 1599 2373 aut
1614 2347 1764 2380 impurum,
1785 2347 1879 2373 itidem
1898 2348 1981 2382 patria
1996 2347 2043 2380 qui
2061 2346 2233 2381 abligurierat
2252 2348 2329 2374 bona.
2388 2349 2440 2374 Vbi

297 2388 384 2421 hasta,
401 2393 547 2419 amentata,
562 2386 701 2415 caelibari,
715 2393 824 2416 cornea,
838 2389 960 2414 cruenta,
975 2383 1124 2416 graminea,
1138 2391 1215 2416 pura,
1229 2392 1253 2408 v.
1267 2380 1301 2414 ſjl
1315 2382 1341 2407 ll.
1400 2383 1533 2414 Donatus,
1556 2383 1620 2408 Non
1633 2382 1703 2408 dixit
1716 2381 1873 2416 prodigum3
1893 2383 1956 2417 quia
1970 2382 2019 2408 hoc
2033 2383 2117 2416 ipsum
2132 2382 2237 2416 probat:
2258 2383 2298 2408 sed
2312 2391 2365 2408 non
2378 2391 2437 2409 aua—

335 2430 356 2450 H
368 2423 545 2455 AsTx'r'LA,
565 2431 602 2448 ae.
631 2423 650 2448 f.
676 2420 778 2447 Dimin.
813 2419 953 2446 Audiamus
971 2421 1051 2453 primo
1065 2418 1121 2444 nid.
1136 2426 1174 2451 17,
1187 2420 1203 2443 6
1230 2417 1339 2444 Hastula
1399 2427 1458 2444 rum
1480 2427 1532 2444 11011
1553 2417 1721 2451 improbum,
1747 2425 1772 2443 et
1794 2418 1826 2444 fic
1848 2418 1982 2444 laudamus
1995 2427 2054 2449 eos,
2069 2418 2097 2444 in
2111 2417 2206 2452 quibus
2223 2417 2291 2443 nihil
2310 2418 2345 2444 est
2363 2417 2435 2452 quod
2466 2413 2467 2418 ¹

296 2469 310 2487 a
325 2458 445 2486 tollendo
457 2465 621 2492 nuncupata,
636 2455 706 2491 quali
719 2455 819 2487 abstula.
855 2455 947 2480 Fomes
961 2454 997 2479 est
1011 2453 1126 2483 hastula,
1139 2462 1206 2487 quae
1219 2453 1251 2479 ab
1264 2453 1341 2479 arbo·
1399 2461 1558 2487 magnopere
1574 2453 1723 2479 efferamus.
1806 2454 1883 2480 Haud
1902 2454 1992 2480 Minus
2012 2453 2071 2480 Liu.
2086 2462 2108 2485 ε,
2125 2456 2168 2479 60.
2248 2452 2326 2478 Haud
2344 2453 2436 2480 Mora:
2464 2475 2466 2480 .

295 2495 372 2525 ribus
385 2494 534 2524 excutitur,
554 2493 680 2519 recisione
697 2497 740 2517 aut
755 2490 869 2516 hastulae
882 2489 1015 2515 ambustae
1031 2495 1074 2514 aut
1088 2489 1160 2523 ligno
1175 2495 1280 2521 cauata,
1296 2495 1341 2514 etc.
1356 2491 1387 2522 65
1400 2491 1553 2524 intelligitur
1575 2489 1673 2514 uerbum
1694 2489 1751 2519 Fit,
1776 2489 1840 2523 quod
1861 2499 1919 2514 raro
1938 2492 2096 2523 exprimitur.
2152 2488 2224 2522 Virg.
2247 2488 2310 2513 Aen.
2333 2493 2375 2518 io,
2399 2494 2438 2520 133
2472 2506 2475 2517 2

295 2532 355 2558 Sen.
370 2531 433 2557 Nat.
448 2529 553 2563 Qiaest.
570 2537 595 2560 z,
607 2536 632 2560 31
659 2526 730 2553 Illud
744 2534 826 2559 aeque
839 2526 907 2550 inter
921 2523 1067 2550 annotanda
1083 2533 1162 2558 ponas
1177 2524 1248 2554 licet,
1269 2522 1341 2558 quod
1404 2525 1481 2550 Haud
1503 2523 1532 2550 fit
1549 2525 1641 2554 Mora,
1654 2523 1784 2550 Tarchon
1820 2524 1909 2557 Iungit
1938 2533 2016 2557 opes,
2042 2524 2189 2558 foedusque
2222 2523 2293 2549 ferit.
2363 2521 2441 2548 Haud

298 2574 325 2593 et
337 2566 477 2592 hominum
486 2572 511 2591 et
523 2571 689 2591 caeterorum
698 2561 941 2594 animalium,quae
956 2559 1007 2585 ieta
1023 2560 1091 2591 sunt,
1111 2565 1186 2593 caput
1201 2558 1297 2592 speclat
1311 2557 1343 2584 ad
1400 2559 1487 2585 Multo
1502 2559 1557 2593 post
1578 2560 1660 2586 Plaut.
1675 2560 1753 2585 Cure.
1768 2568 1786 2588 1,
1800 2568 1821 2591 3,
1835 2561 1877 2585 26.
1949 2559 2018 2585 Ter.
2033 2560 2098 2585 Eun.
2115 2568 2144 2591 4,
2163 2567 2188 2590 2,
2202 2567 2231 2590 32
2265 2559 2342 2584 Certe
2357 2563 2442 2584 extre-

297 2604 399 2628 exitum
414 2601 550 2627 fulminis:
575 2599 646 2634 quod
660 2598 782 2624 omnium
797 2596 971 2630 percusl'arum
983 2594 1110 2621 arborum
1123 2601 1214 2620 contra
1229 2593 1342 2619 fulmina
1400 2603 1441 2620 ina
1456 2595 1525 2620 linea
1543 2603 1645 2626 amare,
1659 2594 1728 2620 haud
1743 2594 1821 2620 Nihil
1839 2594 1883 2620 est.
1954 2595 2016 2622 Liu.
2030 2603 2050 2626 1,
2063 2603 2074 2627 3
2087 2591 2129 2629 pr.
2166 2593 2242 2620 Haud
2262 2592 2341 2621 Nihil
2360 2592 2442 2619 ambi·

299 2637 414 2664 hastulae
431 2637 547 2670 surgunt.
584 2634 682 2661 Anulas
701 2632 816 2668 quosdam
834 2632 875 2658 hic
893 2631 978 2662 malle,
995 2631 1096 2656 Grati-ri
1115 2630 1183 2656 docet
1197 2631 1343 2654 annotatio:
1402 2637 1460 2663 gam
1477 2629 1554 2669 (lquis
1566 2630 1638 2655 enim
1656 2638 1712 2655 rem
1731 2635 1785 2655 tam
1799 2635 1917 2655 veterem
1931 2638 1980 2663 pro
1993 2637 2065 2655 certo
2084 2628 2230 2661 affirmeti)
2247 2629 2348 2655 hiccine
2362 2628 2442 2660 fuerit

299 2674 387 2700 Afl'ula
400 2679 478 2698 autem
486 2670 541 2704 fine
554 2670 626 2698 dubio
645 2667 679 2702 <ft
690 2667 803 2704 festuca,
816 2673 950 2693 ramentum
962 2668 1031 2702 ligno
1046 2665 1150 2699 decisum
1164 2666 1204 2690 vel
1223 2664 1343 2700 abrasum,
1357 2673 1392 2701 70
1403 2665 1527 2690 Ascanius
1541 2674 1573 2691 an
1586 2665 1682 2697 maior,
1697 2671 1741 2690 etc.
1812 2664 1885 2691 Idem
1897 2672 1941 2699 27,
1955 2674 1989 2691 20
2020 2665 2139 2691 Confilio
2159 2665 2187 2691 in
2200 2672 2299 2690 caetera
2313 2672 2443 2699 exequen-

300 2716 346 2735 etc.
383 2708 449 2733 Plin.
467 2708 503 2736 16,
516 2715 541 2732 12
567 2705 693 2739 Aperitur
704 2703 777 2739 picea
790 2711 803 2727 c
817 2708 888 2736 parte
906 2702 984 2727 solari
997 2710 1051 2727 non
1066 2701 1155 2735 plaga,
1176 2699 1219 2726 sed
1232 2700 1342 2726 vulnere
1403 2700 1434 2725 da
1449 2700 1514 2726 belli
1534 2700 1602 2726 haud
1615 2701 1708 2726 Parum
1724 2701 1877 2734 opportuni.
1949 2701 2026 2727 Haud
2040 2701 2130 2728 Paullo
2148 2701 2247 2726 melior
2260 2701 2315 2726 Cic.
2333 2700 2403 2726 Fam.
2447 2720 2451 2724 .

300 2743 383 2770 ablati
406 2742 528 2771 corticis,
549 2750 632 2775 quum
657 2739 802 2774 plurimum
827 2737 944 2770 bipedali
963 2736 1053 2768 hiatu,
1079 2742 1106 2762 vt
1127 2745 1140 2761 a
1161 2740 1230 2761 terra
1251 2735 1343 2761 cubito
1402 2738 1427 2762 6.
1498 2735 1570 2762 Idem
1584 2736 1656 2763 Fam.
1671 2743 1697 2770 7,
1714 2744 1723 2761 1
1754 2736 1834 2768 Qiod
1853 2735 1870 2762 fi
1892 2742 1920 2762 tu
1934 2745 1980 2770 per
1993 2745 2038 2762 eos
2053 2736 2108 2762 dies
2126 2745 2232 2770 operam
2247 2734 2341 2761 deditii
2355 2736 2415 2761 Prot

301 2787 383 2814 quum
395 2777 538 2803 minimum
552 2775 625 2802 absit.
661 2775 718 2800 Nec
733 2773 841 2807 corpori
856 2772 901 2806 ipsi
915 2772 1045 2806 parcitur,
1059 2777 1086 2797 vt
1100 2771 1127 2797 in
1140 2771 1258 2797 caeteris.
1279 2780 1345 2805 quo·
1402 2771 1462 2805 geni
1478 2777 1540 2797 tuo:
1558 2771 1623 2797 dum
1636 2771 1717 2798 modo
1738 2771 1758 2797 is
1773 2771 1824 2797 tibi
1839 2772 1946 2806 quiduis
1960 2772 2063 2806 potius,
2077 2781 2155 2806 quam
2174 2771 2306 2798 orationes
2322 2780 2392 2797 meas
2409 2771 2416 2796 l
2432 2800 2434 2802 ¹

301 2815 373 2841 niam
394 2812 493 2839 hastula
512 2812 540 2838 in
559 2810 649 2837 fructu
662 2809 706 2835 est.
763 2808 857 2842 Qcibus
872 2812 899 2833 in
919 2809 979 2833 locis
993 2806 1127 2833 Hastulam
1146 2810 1346 2841 interpretantur
1402 2806 1483 2840 gerit:
1505 2816 1553 2833 nae
1567 2813 1595 2833 tu
1615 2806 1683 2833 haud
1697 2806 1790 2833 Paullo
1803 2807 1874 2841 plus,
1889 2815 1967 2842 quam
1988 2808 2127 2842 quisquam
2146 2807 2277 2836 nostrum,
2291 2806 2433 2833 delectatio

307 2851 427 2884 Virgam,
441 2851 557 2874 nimirum
570 2856 585 2872 a
596 2844 763 2879 ⁴limilitudine
783 2841 872 2876 hastae.
908 2844 957 2878 Ego
968 2846 1053 2877 potius
1065 2842 1161 2868 Assiilas
1174 2842 1302 2878 intelligo,
1322 2848 1345 2868 et
1360 2848 1392 2875 75
1404 2841 1445 2867 nis
1458 2841 1579 2868 habuisti.
1653 2842 1742 2869 Tacit.
1757 2843 1823 2870 Ann,
1839 2851 1864 2875 2,
1880 2852 1892 2875 5
1921 2843 2000 2869 Suum
2015 2844 2126 2869 militem
2142 2842 2209 2868 haud
2226 2842 2335 2867 Perinde
2355 2842 2435 2868 vulne*

296 2886 446 2922 fragmenta
456 2903 462 2914 ,
475 2881 646 2919 seuschidm,
665 2889 725 2916 quae
737 2889 765 2906 rx
778 2879 875 2905 arboris
887 2881 962 2913 ipjtus
975 2884 1075 2912 corpore
1087 2881 1258 2908 excutiuntur,
1271 2887 1344 2913 quum
1401 2877 1491 2907 ribus,
1507 2887 1586 2912 quam
1606 2878 1696 2912 spatiis
1711 2878 1835 2904 itinerum
1845 2898 1852 2910 ,
1866 2878 1963 2904 damno
1982 2887 2118 2905 armorum
2137 2876 2213 2904 affici.
2285 2878 2354 2904 Ter.
2369 2876 2435 2909 Adel,

297 2921 373 2957 ferro
393 2920 547 2945 vulneratur.
583 2917 668 2943 Subdit
690 2919 752 2942 enim
768 2915 832 2940 Plin.
851 2915 939 2940 Postea
961 2913 1057 2941 humor
1070 2914 1156 2939 omnis
1176 2922 1189 2939 e
1210 2919 1264 2939 tota
1284 2922 1344 2939 con·
1402 2921 1458 2945 3,1,
1475 2917 1487 2942 8
1525 2914 1544 2939 E
1558 2922 1587 2940 re
1607 2920 1666 2939 nata
1686 2914 1779 2939 melius
1802 2914 1860 2940 fieri
1880 2914 1949 2941 haud
1970 2915 2074 2945 Potuit,
2089 2921 2166 2947 quam
2186 2912 2285 2938 factum
2305 2913 2357 2945 est,
2372 2912 2446 2948 hera,>

305 2956 363 2982 fluit
380 2956 407 2981 in
420 2955 501 2981 vicus.
538 2952 610 2987 Qod
623 2959 701 2978 autem
713 2954 765 2980 ait,
786 2951 815 2976 In
829 2949 916 2976 fruelu
931 2949 984 2981 est,
997 2948 1037 2983 sic
1050 2956 1141 2984 expono
1152 2947 1286 2984 FruHuosa
1301 2947 1344 2981 est,
1402 2949 1494 2980 Ltus,
1509 2957 1527 2981 4
1541 2956 1605 2975 extr.
1625 2950 1675 2975 Res
1689 2956 1835 2983 repetentes
1851 2950 1949 2983 legatos
1963 2949 2073 2979 nostros,
2086 2948 2154 2973 haud
2162 2948 2254 2974 Procul
2270 2948 2369 2979 abfuit,
2379 2948 2446 2984 quiq*

297 2988 418 3029 fruc‘lum
433 2989 527 3023 affert,
541 2995 584 3015 aut
602 2986 709 3021 refinae,
722 2992 765 3012 aut
775 2988 828 3019 pici
841 2985 975 3020 faciendae
994 2986 1067 3010 utilis
1088 2984 1129 3016 est.
1170 2984 1263 3012 Tradit
1282 2987 1345 3010 enim
1403 2984 1545 3010 violarent.
1628 2984 1705 3010 Haud
1733 2985 1883 3012 promeruit
1903 2984 2074 3018 quamobrem
2107 2983 2188 3009 Plaut.
2208 2983 2303 3018 Amph.
2328 2992 2350 3017 5,
2369 2993 2388 3014 2,
2409 2990 2445 3011 123

304 3037 326 3054 c.
341 3036 364 3053 11
386 3034 418 3052 ex
438 3024 545 3052 hastulis
563 3022 689 3050 minutim
701 3021 820 3052 concilis,
835 3027 859 3046 et
874 3020 968 3051 coffis,
985 3021 1128 3054 expressum
1143 3020 1255 3054 pingue,
1271 3029 1344 3055 prae·
1366 3019 1481 3052 goHaud
1496 3019 1651 3053 Quidquam
1666 3021 1748 3054 magis
1763 3020 1798 3046 est
1812 3020 1883 3055 quod
1898 3020 2000 3054 cupiam
2014 3019 2084 3044 Idem
2095 3019 2170 3044 Curr.
2187 3028 2206 3051 1,
2221 3029 2241 3051 3,
2259 3028 2291 3051 15.
2365 3021 2423 3045 Hau

302 3064 407 3097 tipuam
429 3062 478 3088 effe
496 3058 615 3087 relinam.
670 3057 717 3085 Sed
735 3064 764 3083 vt
778 3055 802 3092 s.
820 3057 837 3082 l.
857 3056 1031 3087 ostendimus,
1051 3057 1136 3082 melior
1154 3055 1226 3082 lcfh'o
1246 3056 1346 3082 videtur
1403 3055 1467 3081 Sane
1486 3054 1644 3088 spernendus
1664 3056 1706 3081 vir
1727 3056 1818 3082 Tacit.
1833 3055 1898 3082 Hist.
1913 3065 1931 3085 3,
1945 3062 1984 3088 75.
2055 3054 2133 3080 Haud
2146 3055 2205 3081 Scio
2219 3064 2250 3081 an
2263 3055 2331 3081 Ter.
2346 3056 2434 3082 Heaut

304 3098 407 3129 Asl'ula,
419 3108 430 3123 e
448 3106 494 3132 quo
507 3096 619 3132 Ji’quiore
638 3103 695 3121 aeuo
707 3092 789 3119 astula
806 3092 846 3117 vel
859 3091 956 3117 hastula
975 3098 1030 3117 orta
1042 3089 1085 3123 est.
1157 3092 1255 3118 Cercius
1290 3088 1311 3127 fl
1333 3099 1345 3116 2
1404 3101 1431 3124 4,
1444 3099 1472 3123 4,
1487 3098 1522 3122 23-
1577 3089 1650 3115 Idem
1666 3090 1739 3116 Adel.
1753 3100 1781 3123 4,
1796 3098 1819 3123 5,
1833 3100 1868 3124 33.
1911 3091 1967 3117 Cic.
1981 3090 2012 3116 de
2024 3090 2131 3116 Amicit.
2152 3099 2176 3123 51
2211 3091 2252 3117 Est
2264 3091 2337 3117 enim
2351 3091 2431 3117 amici
2451 3107 2455 3114 .

303 3133 412 3161 Hastula
425 3133 513 3166 regia,
534 3130 616 3158 Herba
634 3138 693 3165 quae
711 3136 734 3155 tt
745 3126 898 3162 Asphodrlus
911 3133 934 3152 et
946 3127 1065 3153 Albucium
1079 3126 1172 3153 dicitur
1180 3127 1245 3153 Plin.
1260 3135 1297 3159 21,
1311 3133 1348 3160 17.
1402 3126 1448 3156 tia,
1462 3131 1506 3151 cte.
1525 3133 1576 3159 qua
1589 3124 1696 3159 quidem
1710 3125 1778 3152 haud
1792 3127 1852 3153 Scio
1864 3135 1897 3152 an
1913 3131 2017 3159 excepta
2031 3126 2167 3159 sapientia,
2188 3126 2332 3160 quidquam
2348 3126 2452 3152 niellus·

303 3169 378 3205 CO'lf·
391 3169 449 3194 Scn.
464 3168 525 3194 Nat.
540 3165 644 3199 Qiaest.
658 3173 684 3197 2,
696 3173 731 3196 31.
766 3162 856 3191 Ifidor.
874 3170 910 3196 17,
924 3164 949 3188 6.
969 3168 992 3187 et
1006 3161 1083 3195 Apul.
1097 3161 1128 3187 de
1142 3162 1226 3188 Hcrb.
1245 3171 1267 3188 c.
1281 3171 1309 3194 32
1323 3168 1346 3188 ct
1404 3161 1509 3187 homini
1528 3160 1558 3187 fit
1572 3169 1585 3186 a
1605 3159 1657 3186 diis
1678 3161 1872 3188 inuuortalibus
1890 3160 1987 3187 datum.
2015 3162 2069 3187 Cic.
2084 3161 2154 3187 Fam.
2170 3170 2193 3193 9,
2208 3169 2232 3193 1,-
2246 3169 2291 3187 ctc.
2363 3159 2452 3188 Haud*

305 3213 343 3239 52.
379 3203 499 3230 scribon.
514 3202 590 3235 Larg.
611 3201 706 3234 Comp.
721 3207 779 3232 254.
815 3197 884 3224 Add.
896 3207 912 3224 a
924 3196 1003 3224 Rhod.
1017 3198 1074 3222 Lex.
1088 3196 1170 3223 Scrib.
1184 3199 1282 3224 collata.
1362 3201 1391 3231 85
1403 3197 1463 3223 Scio
1477 3205 1509 3222 an
1524 3196 1594 3222 recle
1612 3204 1640 3221 ea
1659 3197 1743 3222 virtus
1764 3197 1901 3232 frugalitas
1914 3196 2040 3230 appellari
2055 3196 2127 3230 possit
2147 3196 2219 3223 Idem
2233 3197 2316 3223 Tusc.
2331 3206 2354 3230 3,
2389 3216 2396 3223 .
2434 3207 2442 3224 1.

342 3244 599 3270 HASTAR1VM,
618 3237 637 3263 i.
661 3245 687 3261 n.
724 3234 793 3270 Qid
803 3232 874 3267 cffiw,
903 3231 1016 3259 uaerendi
1028 3231 1171 3264 occasionem
1184 3233 1251 3258 dedit
1265 3233 1345 3259 Tert.
1405 3231 1483 3259 Haud
1497 3232 1572 3258 Secus
1594 3231 1653 3257 Liu.
1669 3240 1717 3264 34,
1754 3252 1759 3257 .
1800 3252 1805 3258 .
1865 3231 1938 3258 Idem
1959 3241 1984 3263 2,
1999 3240 2028 3264 41
2049 3240 2112 3259 cxtr.
2143 3232 2172 3258 Id
2192 3241 2258 3258 vero
2278 3232 2347 3258 haud
2366 3232 2442 3271 SSCUS

306 3275 384 3309 Apol.
397 3284 419 3301 c.
436 3283 459 3306 13
492 3272 615 3299 Publicos
634 3287 679 3291 —
698 3272 762 3296 Deos
781 3285 826 3289 -——
845 3269 873 3294 in
907 3268 1002 3294 astario
1016 3267 1156 3301 veeligales
1172 3267 1282 3294 habetis.
1301 3283 1346 3288 —
1405 3277 1484 3303 quam
1499 3268 1657 3301 praesentem
1676 3267 1822 3293 mercedem
1838 3267 1913 3301 regni
1927 3268 2060 3301 aspernata
2079 3267 2160 3302 plebs.
2232 3267 2309 3294 Haud
2324 3269 2400 3294 secus
2413 3276 2450 3294 ae·

305 3310 360 3337 Sub
373 3310 464 3336 eadem
477 3308 546 3335 hasta
555 3328 563 3340 ,
584 3306 630 3333 sub
648 3306 740 3332 eadem
753 3305 923 3331 annotatione
936 3303 1088 3337 Quaestoris
1101 3302 1225 3329 diuinitas
1245 3303 1347 3330 addicta
1391 3304 1480 3337 ‘Virg.
1495 3304 1560 3329 Aen.
1573 3311 1595 3335 3,
1609 3304 1665 3334 236.
1738 3303 1813 3329 Haud
1826 3303 1865 3328 Sic
1878 3302 1951 3328 decet
1966 3303 2033 3329 Ter.
2048 3304 2112 3329 Eun.
2126 3311 2147 3333 5,
2163 3311 2187 3335 9,
2200 3311 2235 3336 35.
2278 3302 2351 3330 Idem
2366 3302 2442 3330 Adel.

307 3345 470 3372 conducitur.
510 3344 586 3370 Nihil
605 3344 705 3373 melius,
724 3350 795 3376 quam
816 3341 954 3375 intelligere
977 3339 1085 3365 tabulam
1103 3347 1182 3364 rerum
1194 3339 1292 3373 publice
1313 3340 1343 3364 lo·
1407 3347 1429 3371 3,
1442 3348 1468 3371 4.
1483 3345 1496 3368 8
1532 3338 1570 3365 Ni
1590 3338 1688 3363 facient
1703 3347 1769 3372 quae
1789 3338 1848 3364 illos
1867 3346 1980 3372 aequum
2000 3338 2051 3370 est,
2067 3338 2137 3365 haud
2149 3339 2190 3364 Sic
2210 3339 2340 3366 auferent.
2412 3335 2462 3370 Εὶῑζ

305 3381 448 3407 caudarum,
1361 3386 1396 3411 90
1408 3375 1473 3400 Eun.
1488 3383 1514 3406 2,
1528 3382 1550 3408 3,
1563 3382 1587 3399 21
1624 3373 1701 3399 Haud
1721 3374 1820 3399 Similis
1838 3373 1916 3407 virgo
1937 3373 1972 3399 est
1991 3374 2127 3408 virginum
2147 3374 2302 3400 nostrarum.
2373 3374 2443 3401 Ter.

345 3421 598 3446 HASTARlVS,
619 3414 638 3440 i.
664 3422 700 3439 m.
738 3411 804 3438 Idem
829 3409 893 3445 quod
918 3407 1048 3442 Hastatus.
1091 3408 1223 3434 Ammian.
1255 3415 1305 3442 27,
1335 3417 1347 3434 2
1409 3409 1488 3436 Andr.
1504 3418 1527 3441 3,
1541 3417 1562 3442 ς,
1577 3413 1601 3438 18
1632 3408 1755 3443 Namque
1776 3409 1855 3434 hocce
1875 3414 1976 3443 tempus
1995 3419 2150 3444 praecauere
2167 3409 2236 3435 mihi
2257 3419 2315 3441 me,
2335 3410 2445 3436 haudte'

309 3451 378 3476 Cum
391 3451 477 3484 paucis
489 3456 577 3485 captus
590 3449 622 3476 ab
634 3447 763 3476 hastariis.
787 3446 865 3480 Valef
880 3447 926 3480 leg.
938 3444 1057 3470 Ascariis.
1407 3445 1497 3471 vlcisci
1511 3444 1584 3471 Sinit.
1657 3444 1724 3470 Ter.
1739 3445 1832 3470 Heaut.
1847 3453 1872 3476 2,
1888 3453 1907 3476 3,
1922 3452 1945 3472 >u
1972 3446 2018 3471 Vis
2031 3454 2135 3478 amare,
2150 3445 2189 3471 vis
2205 3445 2300 3478 potiri:
2314 3444 2443 3480 vis‚quod

347 3492 367 3510 H
378 3487 574 3517 As'rfi’rvs,
592 3494 622 3516 a,
642 3493 695 3510 um.
728 3481 787 3508 Adi.
831 3480 984 3519 [λογχαῖοςι]
1020 3481 1106 3505 Varro
1125 3478 1156 3504 de
1175 3479 1203 3504 L.
1223 3479 1252 3505 L.
1271 3487 1299 3511 4,
1322 3480 1350 3504 16
1408 3481 1452 3506 des
1466 3481 1522 3513 illi,
1535 3478 1613 3506 effici:
1632 3484 1707 3504 tuum
1723 3479 1771 3504 ess‘c
1786 3479 1812 3504 iu
1828 3480 1959 3513 potiundo
1974 3481 2121 3514 periculum
2135 3489 2188 3506 non
2202 3481 2256 3506 vis:
2277 3480 2345 3507 haud
2360 3481 2443 3507 Stulte

311 3527 337 3554 p.
351 3527 395 3552 24‚
412 3528 420 3545 1
439 3521 538 3547 Hastati
551 3521 648 3547 milites
662 3518 823 3547 dicebantur,
831 3517 878 3551 qui
893 3516 972 3549 prinu
986 3514 1063 3541 hastis
1078 3513 1236 3548 pugnabant.
1287 3515 1348 3540 Liu.
1408 3516 1482 3549 stipis.
1552 3514 1623 3541 Idem
1637 3514 1717 3540 Andr.
1732 3523 1751 3545 1,
1765 3522 1786 3545 5,
1801 3523 1835 3547 42
1874 3516 1951 3542 Haud
1966 3517 2083 3548 Vereor,
2098 3516 2115 3542 Ii
2136 3516 2164 3542 in
2184 3522 2208 3541 te
2233 3516 2289 3542 solo
2308 3515 2337 3542 fit
2357 3516 2442 3542 situm.

312 3560 337 3585 8,
352 3559 374 3583 8.
411 3555 483 3589 Conf.
497 3557 563 3590 Li'ps.
576 3556 605 3581 dc
619 3557 677 3582 Mil.
692 3556 759 3580 Rom.
773 3563 796 3584 2,
812 3563 831 3578 1.
866 3551 986 3578 stewech.
1001 3550 1035 3576 ad
1047 3551 1138 3584 Veget.
1154 3558 1179 3581 2,
1194 3555 1216 3579 8.
1272 3550 1348 3575 Acies
1363 3562 1394 3587 95
1408 3551 1484 3577 Haud
1498 3550 1561 3577 Vidi
1574 3550 1654 3582 magis
1668 3550 1748 3575 Plaut.
1758 3550 1850 3583 Amph.
1865 3560 1887 3578 2.
1901 3560 1926 3583 2,
1940 3559 1985 3586 47.
2021 3553 2095 3585 Capt.
2108 3560 2130 3584 3,
2142 3560 2171 3584 4,
2184 3559 2225 3582 29.
2262 3552 2299 3577 De
2312 3552 2357 3577 hac
2387 3553 2444 3578 hra-

312 3589 404 3616 Tacit.
419 3589 485 3614 Anu.
503 3599 524 3621 2,
538 3600 575 3622 14,
589 3601 614 3624 4.
683 3590 790 3616 Bellona
813 3588 874 3614 Stat.
888 3585 980 3612 Theb.
1003 3594 1028 3619 2,
1050 3593 1103 3619 71⁸5.
1170 3584 1284 3611 Ordines
1303 3585 1347 3611 ha·
1399 3586 1438 3621 fi,
1456 3586 1507 3612 vid.
1527 3587 1618 3613 Murel.
1639 3595 1677 3618 17,
1698 3588 1735 3610 16.
1806 3586 1975 3621 Confimditur
1993 3590 2019 3613 in
2034 3588 2106 3613 MSS.
2126 3596 2177 3613 cum
2192 3590 2252 3618 Aut,
2271 3586 2298 3611 ici
2314 3596 2359 3622 quo
2390 3585 2441 3613 vid.

311 3624 437 3652 statorum
452 3625 541 3656 Veget.
554 3625 584 3649 de
598 3634 626 3651 re
639 3625 696 3651 Mil.
716 3634 737 3657 3,
755 3633 791 3657 14.
863 3623 918 3648 Cic.
933 3621 1023 3647 Diuin.
1039 3629 1049 3646 1
1069 3630 1090 3645 c.
1103 3628 1130 3653 35
1157 3621 1224 3646 Cum
1238 3620 1347 3655 signifer
1443 3627 1463 3647 Η
1475 3629 1496 3648 Α
1507 3628 1526 3646 ν
1536 3628 1553 3648 D
1563 3626 1581 3646 D
1591 3626 1643 3646 VM
1653 3639 1660 3650 ,
1689 3620 1810 3647 Nondum.
1847 3623 1906 3648 Liu.
1921 3631 1946 3654 2,
1962 3630 1992 3655 52
2016 3623 2097 3648 Patris
2118 3622 2247 3656 Agrippae
2268 3622 2346 3648 fauor
2365 3621 2443 3649 haud.-

313 3659 394 3695 primi
409 3658 509 3685 Hastati
524 3659 620 3692 lignum
637 3669 690 3686 non
705 3661 784 3694 posset
798 3667 908 3684 mouere
921 3657 994 3687 loco,
1014 3659 1032 3681 i.
1049 3659 1128 3690 primi
1142 3657 1294 3692 manipulis
1309 3666 1348 3683 or·
1406 3657 1468 3683 dum
1483 3657 1640 3683 exoleuerat.
1676 3655 1747 3681 Idem
1763 3665 1799 3688 10,
1814 3659 1831 3682 6
1864 3658 2005 3684 Samnitem
2021 3657 2154 3684 hauddum
2171 3657 2287 3683 foederis
2302 3658 2367 3683 noui
2383 3654 2444 3692 poess

312 3696 382 3722 dinis
394 3693 544 3727 hastatorum
553 3695 672 3729 thmser.
714 3695 770 3721 ΠΜ.
787 3694 854 3729 Lips.
867 3693 896 3719 de
910 3693 967 3719 Mil.
981 3693 1050 3717 Rom.
1062 3701 1086 3723 2,
1100 3698 1124 3720 8.
1406 3692 1516 3719 nitebat.
1573 3693 1602 3717 Et
1615 3699 1656 3718 22.
1671 3699 1695 3717 x:
1729 3692 1860 3719 Hannibal
1879 3693 2049 3720 constantiam
2061 3692 2138 3719 Fabii
2156 3691 2291 3719 hauddum
2311 3699 2442 3727 expertus,

352 3727 504 3757 nnsTic
516 3735 556 3753 vs
567 3747 575 3759 ‚
593 3737 622 3760 a,
642 3738 694 3755 uni.
732 3730 791 3755 Adi.
827 3731 895 3756 Suet.
910 3727 994 3761 Calig.
1015 3735 1036 3752 c.
1051 3735 1084 3753 20
1119 3725 1208 3752 Edidit
1225 3732 1250 3752 et
1269 3725 1345 3753 hasti·
1354 3727 1480 3763 100Conf.
1499 3727 1570 3754 Idem
1584 3733 1621 3757 10,
1637 3733 1676 3758 ις,
1689 3734 1712 3752 et
1726 3733 1761 3757 28,
1775 3737 1798 3754 ε.

311 3775 356 3793 cos
373 3766 457 3792 ludos.
483 3765 516 3791 al.
536 3763 664 3790 Actiacos.
696 3764 754 3790 Vid.
773 3765 879 3790 Turneh.
894 3763 997 3799 Aduers.
1018 3769 1055 3794 18,
1070 3772 1093 3796 5.
1128 3763 1216 3798 Patisc.
1230 3762 1348 3796 Astycos,
1447 3770 1466 3789 Η
1477 3770 1497 3789 Α
1507 3768 1611 3798 VDQV
1621 3763 1697 3800 Ᾰυχν
1708 3770 1728 3788 Λ
1738 3770 1771 3789 Μ.
1797 3763 1832 3797 [ε’
1845 3762 1900 3797 μὴ]
1922 3765 1971 3790 Pro
1985 3765 2151 3798 Nequaquam.
2188 3762 2249 3788 Liu.
2264 3768 2303 3795 28,
2317 3765 2334 3789 6
2353 3764 2440 3789 Haud-

310 3811 379 3838 qucm
397 3801 463 3827 vide.
1409 3806 1540 3832 quaquam
1565 3795 1596 3822 ad
1628 3797 1696 3830 spem
1724 3804 1831 3824 euentus
1857 3799 1999 3832 respondit.
2057 3799 2112 3824 Cic.
2128 3798 2158 3824 de
2172 3798 2245 3824 Orat.
2266 3807 2290 3828 2,
2312 3807 2355 3831 143
2377 3809 2397 3825 c.
2416 3796 2460 3830 33ι

348 3843 369 3863 Η
380 3844 399 3863 Α
411 3843 452 3863 ST
462 3843 471 3861 1
483 3841 500 3861 F
512 3840 571 3864 ER,
588 3841 603 3859 a
613 3853 621 3865 ,
641 3841 695 3859 um.
715 3833 775 3859 Adi.
812 3833 877 3859 Idem
891 3833 956 3869 quod
969 3830 1098 3866 Hastatur.
1133 3832 1222 3860 Sidon.
1261 3851 1268 3860 .
1306 3851 1312 3858 .
1409 3832 1539 3866 Haudqua
1559 3840 1619 3858 uam
1640 3832 1666 3857 id
1684 3832 1718 3858 est
1739 3832 1848 3860 difficile
1861 3834 1958 3860 Crass’o.
2014 3833 2086 3859 Idem
2101 3833 2133 3859 de
2148 3834 2268 3859 Vniuers.
2289 3842 2315 3865 35
2355 3833 2441 3860 Haud-

348 3879 368 3899 11
379 3879 397 3899 Α
409 3879 422 3898 s
431 3878 452 3898 T
464 3872 474 3896 1
486 3878 501 3896 1.
512 3877 528 3896 Γ,
538 3891 545 3903 ,
564 3869 594 3895 is.
615 3878 641 3894 n.
677 3867 779 3909 [λόγχη
786 3869 804 3907 ]-
834 3870 936 3896 Dicitur
949 3871 1055 3905 Lignum
1068 3875 1130 3894 teres
1143 3869 1278 3905 oblongum,
1291 3877 1348 3903 qua·
1409 3876 1541 3902 quaquam
1575 3867 1620 3893 oni
1635 3868 1686 3900 cst,
1703 3869 1809 3895 ratione
1821 3869 1941 3895 vinclum
1954 3869 2022 3897 velle
2037 3869 2187 3895 diffoluere.
2232 3868 2322 3896 Tacit.
2336 3869 2402 3896 Hist.
2418 3876 2442 3900 2,
2458 3868 2459 3904 l

311 3909 332 3934 le
346 3908 411 3943 Jblce
424 3905 466 3940 ifle
477 3904 574 3939 hastae,
595 3904 624 3930 ab
640 3903 685 3931 boc
703 3904 755 3939 ipso
769 3907 812 3939 vsu
828 3902 937 3933 ᾱιὲῗιιηιῑ
956 3914 1008 3930 cum
1018 3902 1058 3937 fic
1077 3911 1192 3936 uocetur,
1205 3907 1278 3931 etiam
1295 3910 1399 3937 cum105
1409 3905 1454 3937 66,
1468 3910 1479 3929 1
1504 3902 1715 3938 Haudquaquam
1728 3905 1825 3933 fractus
1839 3905 1952 3934 animus.

2320 3942 2443 3968 HAVEO,
