2479 4225
314 171 377 211 823
692 138 734 196 G*
819 154 855 192 0
941 148 974 187 R
1789 145 1827 186 G
1908 145 1940 185 R
2020 147 2062 188 A·
2364 155 2433 204 824

312 248 424 276 „idest-m
435 254 506 281 quum
513 250 614 280 praeter
626 245 775 271 voluntatem
788 236 976 272 emittitfi⁷mem
1011 237 1030 263 F
1033 236 1119 263 iriiiic.
1133 244 1145 268 3
1153 255 1161 268 ‚
1178 241 1195 270 7
1215 234 1289 261 Mors
1300 235 1343 262 issi
1440 242 1460 264 G
1470 242 1488 263 R
1497 241 1542 263 Ac
1552 240 1569 263 c
1581 241 1600 261 ιι
1609 240 1629 260 V
1638 241 1667 274 S,
1693 232 1747 268 flue
1773 240 1794 261 G
1802 241 1821 261 R
1829 242 1851 262 A
1859 240 1875 261 c
1886 240 1903 262 c
1915 241 1935 261 v
1944 241 1973 269 s,
2004 237 2138 272 cognomen
2160 234 2191 269 esl
2210 236 2433 272 Semproniorum.

312 293 358 319 per
372 281 581 316 gonorrhoeam‚
600 279 627 306 id
640 280 675 306 est
690 276 792 316 seminis
813 273 960 304 defluxum,
981 271 1074 298 fertur.
1404 272 1491 314 Varro
1508 271 1573 313 apud
1585 269 1685 297 charis.
1701 278 1719 300 1,
1734 272 1764 296 62
1784 270 1845 297 med.
1872 271 2002 311 Graccum
2017 271 2068 297 sine
2085 273 2243 313 aspiratione
2260 273 2314 300 dici
2331 273 2433 308 debere,

346 323 452 344 GORD
463 323 471 342 1
484 324 505 343 Α
517 323 606 348 st,
626 315 644 341 i.
661 323 694 340 m.
735 312 760 336 T
759 318 823 335 rmm
856 309 1032 342 Imperatorum
1064 308 1225 334 Romanorum
1249 314 1341 332 nomen.
1404 314 1427 332 et
1440 306 1532 333 elifium
1548 313 1585 333 ait
1604 314 1618 331 a
1637 305 1766 339 gerendo,
1784 305 1855 340 quod
1878 313 1959 333 mater
1980 315 2036 332 eius
2054 306 2192 334 duodecim
2211 308 2341 335 mensibus
2359 314 2433 338 vtero

317 353 373 379 Vid.
390 350 515 387 spanhem.
528 351 556 377 de
574 351 622 386 ¹⁷fi¹
634 356 656 375 et
669 345 759 378 Praest-
777 345 853 370 Num.
873 341 936 376 Diffi
949 352 984 369 10.
1405 351 1464 368 eum
1483 342 1620 377 gestauerit
1636 352 1640 366 :
1669 346 1713 366 aut
1732 349 1746 367 a
1764 341 1910 375 gracilitate
1932 342 2064 376 eorporiS,
2083 348 2110 368 vt
2123 343 2229 377 quidam
2244 344 2346 370 volunt.
2387 345 2433 373 Sea

347 393 368 414 G
380 393 399 413 0
409 395 428 414 R
438 394 501 414 Dlv
510 395 523 414 3
557 387 576 412 j,
595 394 629 411 m.
663 384 675 415 [
683 378 793 414 Γόρδιω]
828 379 880 405 Rex
895 379 1019 413 Phrygiae
1038 387 1066 403 ex
1079 375 1184 408 rustico,
1202 379 1271 402 cuius
1289 376 1342 403 bre·
1371 385 1385 411 ς
1405 377 1564 404 consuetudo
1578 375 1707 402 Gracchos
1722 385 1780 402 cum
1793 376 1969 410 adspiratione
1981 378 2124 412 vsurpauit.
2160 380 2288 406 Varronis
2306 380 2374 406 illam
2382 379 2439 415 sen-

312 432 365 448 vem
383 420 509 455 historiam
524 407 639 456 ponemus
658 426 686 441 ex
699 414 789 441 lustin.
805 423 836 444 ιι,
850 421 866 448 7
892 413 1094 441 Consulentibus
1108 412 1291 448 (Phrygibus)
1311 412 1343 438 de
1404 416 1505 439 tentiam
1521 416 1592 439 etiam
1604 414 1694 437 recitat
1706 412 1814 438 Scaurus
1826 412 1857 438 de
1866 412 1991 448 Orthogr.
2011 422 2034 447 p.
2042 415 2107 445 2256
2122 419 2165 448 pr.
2235 415 2367 449 Qiincfil.
2383 423 2403 447 1,
2414 423 2436 450 55

313 457 365 485 fine
384 457 571 484 discordiarum
589 451 693 478 oracula
710 450 921 484 responderunt,
946 458 1033 483 regem
1054 447 1191 474 discordiis
1209 456 1274 482 opus
1295 448 1342 473 effe
1404 455 1438 473 20
1467 448 1621 476 Patrensium,
1645 449 1740 482 inquit,
1763 447 1921 481 aspiratione
1941 455 2042 475 veteres
2059 448 2112 480 vfi,
2131 449 2210 475 etiarn
2233 451 2261 476 in
2286 449 2438 483 vocalibusy.

312 507 357 514 —
393 493 517 519 iubentur
534 497 592 516 eum
611 494 698 520 regem
718 485 871 516 obseruare,
890 494 968 520 quem
989 483 1083 510 reuersi
1104 483 1218 517 primum
1236 483 1264 508 in
1278 488 1343 508 tem-
1404 491 1485 516 quum
1499 484 1579 510 oedos
1599 483 1719 516 ircosque
1738 481 1867 509 dicebant.
1920 484 1973 510 Diu
1987 483 2082 510 deinde
2098 484 2228 510 seruatum
2248 495 2280 511 ne
2294 483 2445 512 consonari-⁴

312 529 384 563 plum
399 529 468 555 Iouis
486 531 588 552 euntem
608 521 722 554 plaustro
742 521 902 555 reperissent.
955 519 1058 547 Obuius
1076 519 1131 544 illis
1147 518 1263 544 Gordius
1283 518 1343 549 fuit,
1404 523 1442 543 tes
1460 519 1650 553 aspirarentur,
1670 523 1697 543 vt
1716 518 1744 544 in
1758 519 1864 544 Graccis
1883 524 1908 544 et
1921 519 2071 553 Triumpis.
2112 519 2185 546 Adde
2203 521 2327 547 Drakenb.
2345 520 2378 546 ad
2391 520 2437 548 Sil:

313 564 450 597 statimque
463 569 522 586 euin
536 566 624 590 regem
639 557 808 582 consalutant.
864 556 912 582 Ille
930 555 1090 589 plaustrum,
1111 562 1164 588 quo
1179 554 1287 579 vehenti
1305 563 1343 579 re·
1358 560 1387 578 10
1406 562 1434 586 4,
1449 561 1508 586 497.
1568 552 1697 580 Gracchos
1713 555 1804 580 nobiles
1817 563 1864 579 non
1878 563 2049 580 enumeramus.
2090 555 2182 581 Taceri
2193 563 2272 582 autem
2286 559 2330 582 vix
2338 554 2441 591 pqslimt·

313 608 392 634 gnum
410 597 520 623 delatum
533 593 635 624 suerat,
654 592 683 618 in
702 592 801 626 templo
814 591 886 617 Iouis
900 591 1012 625 positum
1031 589 1157 616 maiestati
1174 589 1263 623 regiae
1283 597 1344 615 con·
1398 588 1502 624 fratres
1513 588 1770 620 Gracchi‚Tiberius
1783 596 1806 616 et
1820 589 1908 621 Caius,
1920 590 1986 616 ambo
2001 592 2134 625 eloquentes
2145 597 2168 616 et
2178 591 2256 625 plebis
2261 585 2451 625 stuffiqfiffimi„

311 633 429 661 secrffliit.
482 643 527 648 -—-
563 627 710 654 Alexander
744 642 789 646 ——
824 628 915 660 iugum
937 626 1044 660 plaustri
1064 624 1160 651 Gordii
1184 623 1323 658 requisiuit
1337 634 1352 658 :v
1404 626 1447 659 qui
1459 624 1636 658 Rempublicam
1649 624 1795 659 perniciosis
1811 625 1904 661 legibus
1921 628 1948 650 in
1963 625 2043 660 plebis
2079 629 2169 651 ratium
2177 626 2287 661 scriptis
2303 625 2440 663 labe-[affixe

311 678 363 704 quo
381 664 501 693 exhibito
519 672 578 690 cum
597 663 681 697 capita
699 663 906 689 lorainentoi·uin
925 662 994 687 intra
1009 661 1090 687 nodos
1105 660 1255 686 abscondita
1269 669 1343 694 repe-
1403 665 1471 686 runt.
1512 660 1569 696 ‚Qua
1586 660 1613 686 de
1630 659 1701 693 causa
1717 667 1818 695 vterque
1829 659 1863 692 est
1877 660 1977 695 occisus.
2018 635 2148 687 ”sigerius
2163 671 2177 687 a
2192 663 2220 688 P.
2238 660 2344 695 Nafica,
2362 668 2385 687 et
2398 661 2452 695 de,-‹

310 706 362 732 rire
381 709 433 727 non
453 700 548 733 posset,
570 699 712 725 violentius
730 698 838 724 oraculo
857 698 914 724 vsus
932 696 1020 730 gladio
1033 697 1176 723 loramenta
1189 694 1289 727 caedit,
1305 701 1342 721 at·
1403 704 1452 721 cem
1470 697 1544 721 annis
1557 694 1613 730 post*
1629 696 1708 721 Caius
1724 696 1753 721 ab
1767 697 1865 731 Opimio
1883 696 1950 722 COS.
1973 702 1997 721 et
2016 700 2145 731 utriusque
2165 703 2254 731 corpus
2276 699 2304 723 in
2326 697 2453 729 Tiberino)

309 747 359 773 que
373 737 409 762 ita
424 735 545 761 resolutis
560 734 687 765 nexibus,
711 733 817 759 latentia
833 733 860 759 in
874 732 951 759 nodis
965 732 1048 766 capita
1064 731 1174 758 inuenit.
1213 732 1280 756 Haec
1293 730 1343 756 ille.
1362 738 1388 765 ις
1401 729 1535 765 proiectum
1549 729 1590 763 est.
1622 731 1808 764 VidAEpitoiiie
1822 731 1928 764 Liu.58.
1964 730 2058 757 Vellei.
2069 739 2094 757 2.
2122 738 2145 758 et
2155 732 2223 766 Epit.
2237 732 2297 759 Liu.
2312 734 2347 758 6ο
2365 732 2452 769 etsqa',

307 772 468 802 Oraculum,
487 769 551 805 quod
563 779 610 795 non
625 770 721 800 tradit,
740 768 847 795 Curtius
862 776 885 800 3,
902 776 921 799 1,
938 769 966 793 16
991 771 1029 793 ita
1041 771 1167 798 enuntiat,
1185 766 1258 792 Asiae
1275 766 1344 800 poti·
1404 765 1491 793 Valer.
1499 774 1517 797 1,
1525 773 1550 800 7.
1570 773 1593 791 et
1606 768 1631 797 6,
1640 771 1661 795 8.
1686 772 1709 791 et
1723 772 1746 799 8,
1761 775 1797 792 10.

307 814 402 836 turum,
421 807 468 840 qui
481 804 667 839 inexplicabile
679 804 817 830 vinculum
830 803 952 829 soluiffet.
988 803 1088 829 Caetera
1100 803 1141 829 hic
1153 801 1222 828 dabit
1232 801 1344 828 Freimh.
1445 806 1466 827 G
1475 807 1524 828 RA
1533 808 1549 828 c
1559 808 1575 827 c
1587 808 1607 827 1-1
1616 804 1638 828 Ᾱ
1647 807 1668 826 Ν
1678 808 1698 826 ν
1707 807 1720 827 S
1729 821 1738 833 ,
1761 810 1775 827 a
1783 821 1792 834 ‚
1816 810 1870 828 uni.
1907 800 1968 828 Adi.
2004 800 2077 836 ,Quod
2093 800 2127 834 est
2147 802 2263 828 Gracchi.
2305 801 2440 836 Qiinfiffls

305 842 378 876 Conf.
399 847 539 867 ινονΜ.
1405 844 1438 869 ιι,
1453 844 1478 868 3,
1498 845 1534 869 ¹15
1561 837 1613 863 Aut
1626 836 1805 863 Gracchanum
1820 837 1902 869 illud,
1929 838 1990 870 Qio
2006 846 2049 862 me
2068 837 2148 863 miser
2168 837 2327 864 conferam?
2358 841 2376 864 i.
2396 847 2437 867 uo·

342 883 363 903 G
376 884 394 904 o
403 884 422 903 R
433 881 454 902 G
466 883 482 902 Ε
492 895 499 907 ,
524 877 648 912 Meleagri
655 875 738 911 soror.
774 873 854 900 Ouid.
864 874 928 900 Met.
943 878 967 904 8,
980 881 1038 906 542.
1403 881 1452 898 cem
1466 872 1579 898 Gracchi.
1633 872 1777 899 Gracchani
1790 872 1889 899 iudices
1902 873 1958 899 Cic.
1974 872 2006 898 de
2017 872 2086 898 Clar.
2094 873 2168 898 Orat.
2183 878 2234 902 128.
2259 874 2284 900 h.
2294 882 2314 899 e.
2329 873 2438 900 Gracchi·

341 918 363 938 G
374 920 392 938 0
403 919 421 938 R
433 917 455 941 G
467 919 475 938 1
486 919 507 938 Α
515 919 539 944 3,
556 920 596 938 ae.
614 920 649 937 m.
672 910 809 944 [Γοργίας]
840 911 982 940 Leontinus,
991 909 1087 935 Siculus
1095 907 1186 937 rhetor,
1196 905 1345 941 Empedoclis
1356 917 1392 936 20
1403 914 1502 933 mortem
1518 909 1577 934 vlti.
2175 934 2179 938 ¹
2320 912 2325 913 ⁷
2417 927 2424 936 ,

302 947 444 984 discipulus,
453 947 571 983 Isocratis
582 953 660 972 autem
674 953 696 971 et
703 947 807 972 aliorum
817 944 1015 980 philosophorum
1028 950 1051 969 ct
1057 943 1180 969 rhetorum
1189 948 1343 977 praeceptor.
1438 948 1459 968 G
1469 949 1517 969 ΚΑ
1525 949 1542 968 C
1551 950 1567 970 C
1575 950 1596 970 H
1605 949 1625 969 V
1634 950 1652 969 R
1662 950 1707 973 IS,
1721 942 1751 969 iS.
1770 942 1790 968 f.
1815 942 1989 977 [Γρακχκρίς]
2011 942 2079 969 Vrbs
2091 942 2208 969 Hiberae
2220 943 2352 977 regionis:
2368 941 2438 971 di&

303 984 363 1010 Eius
376 981 471 1014 exstant
491 983 623 1009 Orationes
642 984 668 1007 in
688 981 783 1007 Aldina
801 980 906 1006 editione
920 981 1065 1005 Graecorum
1081 979 1223 1005 Oratorum.
1283 977 1341 1003 Vid.
1403 985 1418 1003 a
1431 977 1548 1004 Graccho
1560 979 1730 1013 Sempronio,
1750 986 1817 1013 quae
1829 984 1903 1004 antea
1917 977 2009 1004 Ilurcis
2024 978 2218 1005 nominabatur.
2256 979 2322 1006 Fest.
2424 989 2440 1009 μ’.

305 1018 436 1052 Quinctil.
450 1026 472 1050 3,
485 1027 505 1050 1,
519 1023 533 1048 8
555 1016 729 1052 etsaepifflme.
801 1015 994 1042 Concinnitatis
1008 1014 1126 1048 princeps
1142 1014 1252 1046 Gorgias
1284 1013 1340 1039 Cic.
1441 1018 1462 1039 G
1472 1020 1521 1039 RA
1530 1019 1547 1040 C
1560 1021 1576 1041 C
1585 1022 1594 1040 1
1604 1021 1626 1041 'r
1636 1020 1657 1040 Ο
1666 1034 1674 1046 ,
1693 1019 1745 1040 are.
1783 1015 1820 1039 De
1837 1022 1892 1039 uoce
1909 1016 2018 1048 anseris,
2043 1013 2118 1040 Aut-51.
2133 1013 2334 1040 Philonielaev.
2348 1021 2375 1046 19
2384 1013 2440 1049 sec-⁹

303 1055 333 1081 in
345 1055 418 1081 Orat.
433 1062 484 1085 103.
554 1052 679 1086 Magister
694 1051 813 1079 Isocratis
830 1051 940 1085 Gorgias
975 1049 1012 1076 Id.
1028 1049 1060 1075 de
1071 1049 1170 1075 Sene&-
1186 1057 1218 1080 13.
1289 1049 1341 1074 Iso·
1403 1047 1496 1075 Schott.
1509 1048 1574 1082 Obff.
1589 1051 1665 1076 Ham.
1678 1060 1702 1081 2,
1711 1059 1750 1083 52.
1777 1050 1810 1075 al.
1824 1049 1946 1075 Gratitat.

306 1096 387 1116 crates
400 1088 546 1115 adolescens
561 1089 647 1114 senem
661 1087 789 1121 Gorgiam
804 1087 832 1112 in
847 1085 981 1112 Thcfl'alia
993 1085 1097 1111 audiuit
1122 1084 1160 1110 Id.
1168 1084 1195 1110 in
1203 1084 1277 1110 Orat.
1287 1085 1340 1117 167.
1354 1092 1386 1120 25·
1439 1088 1460 1109 G
1471 1087 1603 1111 RAC'i'Li
1613 1092 1643 1117 s,
1662 1094 1683 1111 e.
1721 1083 1780 1111 Adi.
1818 1084 1920 1120 [5906ss
1933 1082 2069 1117 σφηκώδης,
2081 1082 2187 1118 meritiis]
2228 1084 2323 1115 Tenue,
2343 1092 2373 1109 ac
2384 1087 2438 1110 cora

303 1126 418 1159 Gorgiae
430 1131 513 1151 tantus
528 1123 611 1150 honos
624 1122 659 1148 est
673 1122 776 1148 habitus
789 1131 803 1148 a
816 1122 940 1152 Graecia,
966 1120 1015 1147 soli
1034 1128 1062 1147 vt
1075 1129 1106 1146 ex
1120 1118 1261 1151 omnibus,
1282 1119 1341 1145 Del-
1397 1125 1459 1154 pore
1477 1121 1638 1147 macilentum.
1681 1121 1749 1147 Ter.
1764 1121 1828 1146 Eun.
1843 1128 1867 1151 2,
1882 1129 1904 1152 ς,
1919 1128 1944 1145 21
1968 1119 2045 1145 Haud
2059 1119 2149 1145 similis
2162 1121 2240 1153 virgo
2254 1119 2290 1145 est
2303 1119 2441 1152 virginum.

304 1160 361 1195 phis
376 1169 429 1186 non
449 1160 567 1185 inaurata
586 1158 681 1187 statua,
705 1157 748 1184 sed
766 1166 844 1184 aurea
862 1157 1017 1183 statueretur
1050 1155 1088 1182 Id.
1103 1155 1134 1181 de
1146 1156 1221 1181 Orat.
1235 1163 1247 1186 3
1257 1174 1265 1185 ‚
1287 1161 1341 1188 127.
1401 1153 1561 1186 nostrarum,
1578 1165 1642 1190 quas
1657 1162 1751 1182 matres
1764 1155 1864 1181 student
1877 1154 1986 1181 demiffis
1999 1155 2115 1181 humeris
2128 1156 2189 1188 esse,
2209 1155 2301 1181 viiie'io
2320 1151 2448 1188 pec'tore,'2

309 1195 365 1222 Vid.
386 1193 494 1221 Vic‘torii
513 1195 603 1219 Varias
617 1192 744 1219 Let‘liones
754 1203 779 1226 5,
793 1202 817 1227 9.
906 1193 1019 1219 Centum
1039 1197 1065 1218 et
1084 1192 1181 1225 septeni
1196 1189 1341 1224 compleuit
1402 1195 1431 1216 vt
1443 1190 1551 1224 graciles
1566 1191 1635 1217 fient.
1672 1192 1726 1226 Quo
1739 1194 1766 1217 in
1779 1192 1830 1217 loco
1844 1191 1944 1217 Probus
1958 1191 2047 1216 nobilis
2060 1199 2236 1226 grammaticus
2251 1192 2321 1225 legit,
2335 1191 2373 1216 Vt
2383 1198 2439 1223 gra,

303 1240 382 1258 annos
396 1230 506 1263 Gorgias
530 1229 586 1255 Cic.
601 1228 633 1254 de
648 1228 748 1254 Seneft.
765 1237 799 1260 ¹3-
869 1227 1017 1255 Numerosa
1030 1227 1152 1253 oratione
1167 1225 1282 1252 maxime
1296 1225 1340 1251 de·
1403 1225 1468 1251 cilae
1483 1226 1561 1258 fient,
1578 1236 1593 1252 α
1608 1228 1768 1253 Nominatiuo
1782 1227 1909 1263 Singulari
1926 1228 1984 1253 hoec
1997 1226 2115 1256 Gracila,
2137 1225 2252 1261 quomodo
2270 1226 2374 1251 dicimus
2388 1226 2439 1251 Im-

301 1265 446 1292 lectabatur
466 1265 577 1297 Gorgias
614 1263 651 1289 Id.
671 1263 699 1289 in
718 1264 792 1290 Orat.
815 1265 868 1298 167.
958 1263 1102 1290 Leontinus
1123 1262 1233 1293 Gorgias
1257 1262 1281 1286 se
1306 1260 1338 1286 ad
1355 1272 1387 1296 30
1401 1261 1501 1287 berillus
1518 1268 1541 1288 et
1554 1262 1694 1288 Imbecillis.
1748 1265 1826 1288 Artus
1838 1262 1945 1296 graciles
1961 1262 2041 1288 Ouid.
2050 1263 2140 1287 Amor.
2155 1270 2177 1291 2,
2191 1270 2229 1294 10,
2241 1269 2280 1293 23.
2327 1260 2458 1301 Arunda,

302 1303 407 1332 onmia,
437 1300 469 1326 dc
489 1300 584 1334 quibus
604 1299 716 1334 quisque
735 1299 827 1326 audire
845 1298 939 1332 vellet,
965 1299 1014 1325 effe
1031 1304 1149 1333 paratum
1169 1295 1340 1323 denuntiabat
1403 1296 1459 1322 Sen.
1474 1297 1583 1331 Hippol.
1605 1300 1630 1324 6.
1701 1297 1823 1331 Capellae
1840 1296 1920 1324 Ouid.
1935 1299 1997 1324 Met.
2012 1306 2038 1329 1,
2059 1305 2114 1330 299.
2179 1297 2286 1331 Coi-pus
2300 1295 2439 1324 Ouid...ex⁴

301 1336 339 1364 Id.
354 1336 419 1362 ibid.
436 1344 462 1368 1,
482 1344 532 1367 103.
1401 1332 1475 1359 Pont.
1491 1341 1510 1363 1,
1523 1341 1561 1365 10,
1575 1341 1612 1359 21.
1683 1333 1804 1368 Corpora
1817 1333 1957 1367 graciliora
1972 1332 2132 1366 siccioraque
2141 1333 2206 1358 Plin.
2221 1341 2264 1366 34,
2277 1337 2299 1362 8.
2339 1333 2438 1359 'Crura
2456 1336 2460 1367 ἶ

337 1378 358 1398 G
369 1379 387 1398 0
397 1379 414 1397 R
424 1378 444 1398 G
457 1377 487 1397 o.
525 1369 591 1396 Adii.
634 1369 691 1396 Vid.
710 1375 727 1395 C
737 1376 755 1396 o
767 1376 784 1396 R
797 1375 817 1395 G
829 1375 857 1396 o.
1402 1368 1550 1401 gracillima
1568 1368 1673 1394 Sueton.
1688 1368 1792 1394 Neron.
1816 1377 1838 1394 c.
1853 1376 1887 1401 51.
1957 1368 2028 1394 Ilicis
2042 1368 2119 1394 Glans
2141 1369 2250 1394 breuior
2267 1373 2293 1394 et
2312 1367 2442 1402 gracilior.
2457 1370 2468 1388 ¹·

337 1413 358 1433 G
370 1414 388 1433 Ο
399 1414 416 1433 R
428 1412 449 1432 G
462 1404 567 1436 (3NES⁵
581 1414 635 1432 um.
652 1405 672 1432 f.
689 1405 826 1440 [Γοργόνες]
839 1404 968 1440 fabulosae
983 1405 1107 1430 mulieres:
1126 1411 1268 1439 quamquam
1276 1402 1341 1437 fun·
1400 1403 1467 1429 Plin.
1483 1406 1521 1435 16,
1534 1405 1557 1429 6.
1628 1404 1736 1437 Lanugo
1751 1403 1873 1436 Calpurn.
1890 1403 1942 1429 Ecl.
1956 1412 1981 1435 2,
1993 1409 2024 1437 87
2050 1404 2090 1429 uhi
2105 1403 2158 1430 vid.
2168 1405 2303 1430 Burmann.
2358 1402 2439 1437 Lapis
2449 1386 2461 1429 ‘l

300 1442 344 1468 dus
353 1441 542 1479 fabularumjit
556 1440 669 1474 historia,
689 1450 759 1476 quom
768 1441 923 1476 persequitur
936 1439 1015 1466 Diod.
1029 1440 1077 1466 Sic.
1088 1449 1107 1471 ς,
1121 1447 1146 1471 53
1165 1440 1220 1473 sqq.
1266 1439 1341 1465 Fabu-
1357 1446 1385 1472 35
1400 1439 1504 1473 gracilis
1519 1445 1545 1464 et
1558 1439 1641 1472 putris
1661 1438 1727 1463 Plin.
1742 1438 1820 1471 Epist.
1835 1440 1892 1469 23⁶·
1963 1438 2078 1464 Martial.
2091 1443 2112 1468 8,
2127 1447 2162 1471 24
2186 1439 2212 1464 Si
2225 1438 2291 1473 quid
2306 1438 2374 1465 forte
2394 1442 2440 1472 pei
2458 1451 2460 1460 r

299 1480 336 1504 las
349 1481 447 1513 exponit
460 1477 544 1503 bonam
553 1483 649 1512 partem
664 1476 816 1503 Ouid.Met.
832 1485 850 1508 4
863 1483 927 1502 extr.
998 1475 1075 1510 Apud
1088 1475 1160 1508 Virg.
1173 1475 1238 1500 Aen.
1253 1476 1278 1504 6,
1290 1479 1338 1507 289
1399 1480 1453 1500 tam
1470 1473 1568 1500 timido
1588 1473 1734 1507 gracilique
1748 1472 1862 1498 Libello.
1938 1474 2058 1499 Marmor
2076 1474 2142 1499 Plin.
2163 1473 2241 1508 Epist.
2259 1482 2309 1499 101.
2379 1473 2435 1500 Nu·
2458 1474 2465 1513 Ι]

300 1515 330 1540 In
342 1513 445 1540 foribus
459 1514 596 1547 inferorum
609 1512 737 1538 stabulant
749 1521 801 1537 cum
815 1512 917 1545 Scyllis,
935 1512 1057 1543 Briareo,
1076 1511 1217 1540 Chimaera,
1238 1511 1339 1544 Harpy·
1400 1509 1457 1535 cleo
1471 1509 1545 1542 glans
1555 1508 1646 1542 gracili
1664 1508 1736 1534 Idem
1751 1516 1789 1539 12,
1803 1516 1836 1534 21.
1907 1508 2006 1534 Orator
2025 1508 2132 1541 Quin&
2148 1517 2186 1541 12,
2205 1517 2244 1542 ιο,
2257 1510 2295 1540 36.
2349 1508 2434 1538 Talea
2458 1520 2460 1531 ι

299 1552 333 1575 iis
345 1552 416 1575 etiam
431 1549 574 1581 Gorgones.
630 1549 669 1574 Ibi
684 1547 805 1579 Seruius,
825 1548 881 1573 Hae
895 1548 1032 1580 Gorgones
1047 1546 1124 1572 Forci
1144 1546 1212 1581 (leg.
1226 1545 1338 1576 Phorci)
1398 1545 1526 1578 gracilior
1538 1543 1633 1569 Pallad.
1646 1552 1675 1575 4,
1688 1552 1725 1569 io.
1774 1543 1933 1570 Vindemiae
1946 1544 2013 1570 Plin.
2028 1543 2106 1578 Epist.
2119 1549 2142 1576 8,
2154 1552 2187 1576 ις.
2243 1543 2340 1571 Vmbra
2351 1543 2431 1577 Ouid.
2458 1548 2460 1553 ’

302 1584 370 1610 filiae
384 1590 435 1609 tres
450 1584 523 1609 fuisse
540 1583 662 1609 dicuntur
681 1584 709 1609 in
723 1589 838 1609 extrema
859 1583 947 1608 Africa
965 1583 1033 1608 circa
1055 1581 1184 1607 Atlantem
1203 1587 1338 1612 montem,
1399 1579 1486 1606 Trist.
1499 1588 1527 1612 4,
1546 1587 1585 1611 ιο,
1604 1580 1643 1608 86.
2407 1593 2409 1595 ·

302 1628 367 1653 quac
382 1627 471 1645 omnes
486 1627 565 1643 vnum
578 1619 684 1644 oculum
697 1618 842 1648 habebant,
862 1627 916 1652 quo
931 1618 1046 1643 inuicem
1060 1617 1211 1649 vtebantur‚
1230 1615 1336 1646 Sthcno,
1347 1627 1383 1652 40
1435 1620 1457 1641 G
1470 1622 1517 1641 RA
1527 1620 1561 1641 C1
1573 1621 1635 1645 LA,
1660 1613 1800 1647 antiquum
1816 1622 1865 1648 pro
1880 1614 2002 1641 Gracilis.
2039 1614 2187 1646 LuciLSat.
2202 1618 2224 1644 8.
2249 1613 2312 1649 apud
2323 1612 2396 1640 Non.
2409 1617 2434 1643 8,
2459 1612 2461 1614 ’

302 1655 419 1687 Euryale,
437 1653 552 1679 Medusa.
613 1653 661 1679 Sed
675 1653 781 1679 Medusa
793 1653 880 1679 erec'la
893 1654 987 1679 fauore
1003 1653 1121 1687 Neptuni
1133 1653 1193 1678 ausa
1205 1652 1240 1678 est
1252 1652 1337 1678 crines
1398 1655 1431 1683 48
1452 1649 1531 1683 Qiod
1546 1649 1641 1683 gracila
1655 1648 1691 1675 est
1700 1668 1707 1679 ‚
1727 1649 1836 1683 pernix,
1857 1651 1928 1684 quod
1941 1650 2047 1684 pectore
2060 1659 2144 1684 puro,
2177 1648 2256 1683 Qiod
2270 1656 2352 1683 puero
2364 1647 2434 1674 fimi-

301 1691 361 1716 suos
376 1690 510 1715 Mineruae
524 1687 623 1722 capillis
638 1689 782 1721 praeferre:
818 1697 870 1722 qua
890 1697 919 1714 re
938 1689 1071 1722 indignata
1091 1687 1138 1714 dea
1158 1688 1258 1719 crines,
1278 1688 1335 1721 qui·
1399 1686 1439 1712 lis.
1477 1687 1514 1712 De
1531 1686 1581 1711 Ioco
1595 1685 1663 1711 Ter.
1677 1685 1742 1711 Eun.
1756 1693 1771 1711 2
1798 1693 1820 1718 3,
1834 1693 1847 1711 2
1873 1684 1967 1711 diHum
1980 1685 2049 1712 modo
2061 1684 2102 1718 est.

301 1725 349 1751 bus
361 1725 472 1751 amatori
487 1724 600 1750 maxime
620 1724 765 1757 placuerat,
786 1723 812 1748 in
834 1724 962 1756 serpentes
975 1724 1071 1754 vertit,
1096 1732 1204 1756 eamque
1219 1723 1305 1748 excidi
1322 1731 1336 1748 a
1435 1727 1455 1747 G
1466 1727 1538 1747 RAC
1551 1727 1559 1746 1
1570 1721 1632 1746 Li'T
1643 1727 1685 1746 ER
1696 1740 1701 1746 .
1739 1706 1808 1747 Ad'u.
1845 1721 1922 1755 Apul.
1940 1722 2002 1747 Met.
2017 1730 2030 1753 3
2049 1730 2074 1755 p.
2088 1728 2140 1753 325.
2440 1737 2443 1739 >

301 1760 392 1785 Perseo
408 1760 470 1784 fecit
484 1759 629 1784 luminibus
643 1758 779 1789 orbatam,
799 1758 913 1791 fecitque
921 1764 949 1783 vt
963 1758 1083 1792 quisquis
1098 1766 1125 1782 ca
1146 1764 1173 1782 ut
1186 1758 1243 1782 eius
1258 1757 1337 1782 vidis·
1437 1761 1457 1780 G
1468 1763 1514 1781 ΚΑ
1524 1761 1541 1781 C
1553 1763 1562 1781 1
1572 1762 1587 1780 L
1599 1754 1611 1781 f
1623 1761 1644 1780 Τ
1657 1762 1677 1780 Α
1690 1761 1702 1780 S
1713 1774 1721 1784 ,
1739 1756 1795 1782 atis.
1831 1756 1850 1781 f.
1887 1756 2022 1791 [fxviii-nr,
2039 1757 2176 1789 λεπτότης]
2211 1755 2326 1789 Corporis
2337 1750 2438 1786 habitus

300 1795 351 1823 set,
374 1800 523 1819 verteretur
543 1794 570 1818 in
589 1795 687 1818 saxum.
748 1793 797 1819 Sed
817 1794 934 1828 Perseus,
960 1800 1004 1818 ctc.
1064 1807 1109 1811 -—
1158 1800 1234 1817 renus
1249 1798 1335 1817 tamen
1350 1797 1382 1822 45
1398 1792 1504 1815 tenuior.
1540 1790 1596 1815 Cic.
1617 1789 1648 1814 de
1660 1789 1730 1815 Clar.
1744 1791 1817 1815 Orat.
1833 1799 1872 1821 313
1893 1801 1915 1816 c.
1931 1800 1958 1822 91
1983 1793 2042 1817 Erat
2060 1800 2092 1817 co
2107 1798 2225 1824 tempore
2239 1789 2266 1815 in
2280 1788 2357 1814 nobis
2369 1788 2433 1813 sum·

300 1830 377 1855 Poeta
391 1828 454 1854 dicit
468 1828 604 1860 Gorgonas
617 1828 714 1861 puellas
729 1828 802 1853 fuiffe
816 1829 892 1853 vnius
907 1826 1127 1861 pulchritudinis,
1147 1835 1210 1861 quas
1223 1835 1281 1852 cuin
1298 1826 1335 1852 vi-
1398 1833 1440 1850 ma
1460 1823 1589 1858 gracilitas
1607 1829 1633 1849 et
1651 1823 1791 1850 infirmitas
1812 1827 1947 1859 corporis,
1971 1834 2110 1859 procerum
2130 1832 2156 1851 et
2169 1831 2247 1851 tenue
2266 1832 2375 1858 corpus,
2392 1829 2414 1848 et

300 1864 390 1890 dissent
403 1862 577 1896 adolescentes
591 1861 695 1894 stupore
715 1862 870 1894 torpebant,
893 1862 962 1887 vnde
982 1862 1105 1894 fingitur,
1130 1861 1217 1895 quod,
1238 1861 1255 1886 fi
1277 1861 1336 1895 quis
1398 1859 1550 1886 Succulenta
1564 1859 1711 1893 gracilitas,
1730 1865 1758 1885 vt
1772 1860 1917 1886 inenormis
1932 1861 2072 1894 proceritas
2086 1860 2163 1895 Apul.
2178 1861 2241 1886 Met.
2255 1868 2272 1885 2
2291 1869 2314 1893 p.
2329 1866 2376 1891 115,
2395 1866 2417 1887 2¹

300 1908 340 1926 eas
353 1898 470 1929 vidiss'et,
491 1895 642 1923 vertebatur
655 1896 682 1921 in
695 1895 826 1929 lapidem,
846 1902 891 1921 etc.
917 1896 979 1931 fiant
998 1899 1060 1920 enim
1070 1897 1152 1928 plura.
1205 1895 1272 1921 Adii.
1289 1897 1336 1920 La·
1400 1894 1538 1919 Gracilitas
1551 1903 1657 1919 crurum
1667 1894 1772 1920 Sueton.
1782 1895 1867 1928 Calig.
1881 1904 1931 1927 c.3.
2003 1896 2112 1928 Quinct.
2126 1904 2146 1927 1,
2157 1903 2172 1927 9
2191 1895 2276 1928 igitur
2289 1892 2425 1928 Aesopis

298 1934 380 1961 cerda.
453 1934 543 1965 Gorgo
567 1941 620 1958 cnm
631 1931 779 1966 stmpliciter
799 1930 910 1960 dicitur,
941 1929 1045 1963 fricdiisa
1058 1928 1227 1964 significatur.
1299 1930 1336 1967 Os
1399 1927 1495 1958 bellaS‚
1524 1936 1590 1960 quae
1609 1928 1706 1953 fabulis
1724 1929 1916 1954 nutricularum
1939 1931 2061 1962 proxime
2082 1929 2236 1961 succedunt,
2262 1937 2368 1955 narrare
2387 1929 2427 1962 se„

301 1970 433 2004 Gorgonis
452 1967 675 2003 pulcherrimum,
695 1966 810 1992 cinctum
828 1965 956 2000 anguibus
977 1966 1032 1991 Cic.
1046 1966 1123 1990 Verr.
1137 1975 1165 1998 4,
1180 1972 1236 1996 ¹24·
1291 1964 1336 1989 Ri-
1355 1971 1386 1997 50
1399 1971 1478 1988 mone
1494 1970 1579 1996 puro,
1596 1968 1622 1987 et
1634 1962 1703 1987 nihil
1719 1962 1744 1988 se
1758 1963 1834 1997 supra
1846 1964 1955 1989 niodum
1969 1964 2128 1996 extollente,
2147 1964 2207 1990 dein
2220 1973 2241 1990 ,ε
2256 1964 2368 1991 'eandem
2381 1972 2411 1999 gr

300 2005 360 2039 gida
382 2014 441 2030 cuin
464 2004 587 2037 Gorgone
606 2003 710 2028 Perseus
728 2001 866 2027 Claudian.
884 2002 911 2027 in
928 2000 997 2027 Ruff.
1012 2009 1031 2032 1,
1045 2005 1102 2029 280.
1174 1999 1255 2027 Saeua
1269 1999 1336 2026 Gor·
1399 1997 1525 2023 cilitatem
1539 1996 1598 2023 stilo
1611 1997 1722 2031 Exigere
1734 1998 1897 2029 condiscant,
1922 2009 1941 2025 ι.
1960 2006 2026 2025 tenui
2040 2006 2151 2026 oratione
2164 1998 2372 2035 etJirnpliciffima
2379 1999 2440 2035 per-¹

301 2050 368 2076 gone
382 2040 506 2074 effulgens
521 2038 601 2064 Pallas
614 2037 709 2071 Virgil.
725 2038 788 2062 Aen.
803 2045 827 2066 2,
839 2039 894 2062 616.
953 2038 1043 2070 Nempe
1061 2035 1141 2061 Pallas
1391 2033 1511 2069 scribere.
1583 2033 1721 2059 Gracilitas
1733 2032 1836 2065 Lysiaca
1858 2034 1965 2068 Qiinc‘t.
1980 2043 2015 2067 12,
2036 2043 2074 2067 10,
2087 2044 2128 2068 24.
2198 2037 2236 2062 ΡΙ.
2272 2034 2436 2069 Οτᾶεῦίιᾷωρ

455 2076 626 2108 Gorgoneum
643 2079 730 2107 turpes
751 2072 850 2098 crinem
871 2071 985 2096 mutauit
1005 2071 1033 2096 in
1054 2070 1160 2101 hydros.
1399 2070 1454 2095 Cic.
1470 2068 1502 2094 de
1516 2068 1584 2095 Clar.
1599 2069 1672 2094 Orat.
1686 2071 1722 2101 64
1745 2077 1765 2096 c.
1782 2072 1818 2095 16.
2426 2075 2442 2095 c

455 2110 534 2136 Nunc
554 2117 660 2144 quoque
681 2114 709 2134 vt
728 2108 854 2133 attonitos
872 2104 1015 2132 formidine
1035 2110 1132 2130 terreat
1149 2104 1250 2135 hostes,
1436 2109 1457 2129 G
1468 2111 1487 2130 R
1497 2111 1518 2130 A
1528 2110 1544 2129 C
1554 2111 1563 2129 1
1573 2110 1589 2129 L
1598 2111 1607 2129 1
1617 2111 1639 2130 Τ
1648 2105 1668 2130 xi
1677 2111 1695 2130 D
1704 2111 1723 2131 O
1732 2124 1740 2136 ‚
1772 2105 1834 2131 inis.
1871 2104 1889 2131 f.
1930 2104 2073 2141 [ἰχνότης]
2119 2105 2212 2132 Accius
2230 2105 2434 2140 Amphitryone-9
2462 2098 2479 2132 ἴῃ

455 2145 562 2171 Pectore
582 2144 610 2170 in
631 2144 740 2171 aduerso
758 2151 825 2178 quos
844 2142 908 2167 fecit
927 2140 1031 2167 sustinet
1048 2147 1164 2177 angues.-
1188 2172 1193 2176 ι
1318 2171 1324 2176 ·
1354 2142 1383 2168 55
1399 2138 1506 2176 Tamen
1524 2144 1548 2163 et
1567 2138 1663 2164 statuae
1682 2139 1858 2173 gracilitud0‚
1879 2145 1905 2166 et
1923 2143 2117 2175 propemodum
2135 2141 2221 2168 lucius
2240 2142 2320 2174 facit,
2337 2151 2369 2168 ne
2389 2141 2435 2168 dui-¹
2462 2136 2479 2158 Γ

301 2181 344 2209 Sic
355 2183 520 2207 narrationem
534 2180 562 2206 de
576 2179 739 2215 Gorgonibus,
757 2186 779 2204 et
791 2178 880 2204 librum
893 2186 911 2210 4
924 2177 986 2203 Met.
1005 2174 1098 2202 claudit
1111 2171 1235 2200 Ouidius-
1270 2171 1337 2198 Tri·
1399 2172 1493 2198 bitem.
1529 2173 1601 2198 Non.
1616 2181 1644 2204 2,
1659 2176 1717 2206 364.
2474 2144 2479 2221 1

304 2216 348 2244 stis
361 2216 453 2249 Gorgo
466 2216 555 2242 Valet,
570 2216 630 2248 Arg,
645 2223 666 2246 3y
679 2222 719 2247 54,
1438 2212 1459 2232 G
1471 2214 1489 2233 R
1499 2214 1519 2232 A
1530 2213 1546 2233 c
1559 2215 1566 2232 1
1577 2213 1593 2232 ι,
1602 2214 1617 2232 E
1627 2215 1647 2233 N
1657 2215 1678 2234 T
1688 2214 1730 2234 Vs
1739 2227 1747 2239 ‚
1765 2217 1789 2240 a,
1810 2218 1864 2235 um.
1900 2209 1961 2236 Adi.
1998 2211 2104 2245 [ἰχνδς]
2140 2211 2221 2242 Idem,
2236 2211 2301 2248 quod
2319 2210 2430 2240 Gracilis.

339 2257 548 2281 GORGONEVS,
566 2259 590 2282 a,
608 2259 662 2276 um.
695 2248 754 2275 Adi.
770 2247 864 2283 postest.
898 2246 1055 2282 [Γοργόνιος]
1087 2243 1167 2271 Ouid.
1178 2244 1241 2269 Met.
1250 2250 1278 2274 4,
1287 2246 1337 2282 778
1399 2243 1464 2268 Enn.
1477 2250 1494 2276 7
1510 2242 1655 2281 *Deducunt
1670 2242 1769 2269 habiles
1782 2243 1881 2283 gladios
1894 2244 1941 2270 filo
1954 2245 2107 2278 gracilento.
2151 2246 2223 2273 Non.
2237 2256 2261 2278 2,
2272 2251 2332 2281 364.
2368 2246 2430 2284 Vfioe

304 2288 457 2320 Gorgoneas
471 2286 580 2319 tetigisse
592 2285 693 2311 domos.
744 2284 842 2317 Anguis
854 2283 892 2309 Id.
908 2283 940 2309 de
948 2284 1010 2308 Arte
1025 2283 1083 2308 Am.
1097 2289 1119 2312 3,
1131 2288 1190 2312 504.
1211 2279 1243 2304 al.
1259 2278 1338 2311 Ignis.
1399 2276 1430 2310 esi
1445 2277 1546 2303 Gellius
1559 2287 1585 2309 4,
1600 2286 1627 2304 12
1646 2279 1748 2312 Equum
1763 2279 1934 2312 gracilentum
1949 2279 2054 2305 habere.
2090 2281 2163 2314 Conf.
2181 2289 2225 2313 19,
2238 2289 2263 2316 7.
2342 2283 2345 2287 '

302 2322 409 2355 Hydrae
423 2321 514 2348 Claud.
523 2320 554 2347 de
563 2322 638 2356 Rapt.
647 2320 714 2347 Pros.
723 2328 748 2352 2,
756 2326 808 2352 225.
862 2318 991 2345 Gestatrix
1005 2316 1142 2351 Gorgonei
1155 2313 1266 2340 monstri
1278 2312 1336 2340 Val.
1351 2314 1386 2339 60
1438 2318 1459 2338 G
1471 2319 1489 2339 R
1499 2319 1520 2338 A
1530 2318 1550 2352 Ch
1559 2311 1571 2338 i
1580 2320 1595 2338 L
1606 2320 1621 2352 ιζ
1633 2320 1654 2339 Ν
1667 2321 1679 2340 3
1688 2333 1696 2345 ,
1716 2315 1792 2339 entis.
1828 2313 1888 2340 Adi.
1925 2313 2052 2352 [λεπτᾶς]
2089 2313 2207 2341 Naeuius
2221 2317 2370 2350 Protesilao,
2382 2302 2433 2345 De:
2471 2317 2479 2350 l

303 2358 402 2392 Argon,
415 2367 443 2391 4,
461 2359 518 2389 603,
1401 2357 1469 2374 niani
1483 2348 1632 2381 gracilentis
1647 2349 1780 2382 colorem,
1798 2349 1860 2375 duni
1873 2357 1904 2374 ex
1917 2349 1966 2373 hoc
1980 2348 2105 2382 gracilens
2119 2348 2154 2375 fit.
2193 2350 2265 2376 Non.
2277 2359 2303 2382 2,
2311 2354 2374 2384 364.
2474 2354 2479 2370 ¹

338 2399 358 2419 G
369 2398 388 2418 ο
400 2399 418 2418 R
428 2398 448 2418 G
457 2399 476 2419 o
486 2399 500 2418 Ρ
510 2399 531 2418 H
541 2389 560 2417 ὅ
569 2398 588 2418 R
597 2398 617 2416 v
627 2398 639 2417 S
649 2410 657 2422 ,
675 2399 699 2422 a,
731 2399 786 2415 um.
823 2388 882 2414 Adi.
919 2387 1101 2423 [Γοργοφόρος]
1136 2385 1215 2411 Pallas
1234 2385 1335 2419 Gorgo·
1438 2389 1459 2409 G
1470 2390 1488 2409 R
1496 2390 1516 2409 Α
1528 2389 1544 2409 C
1560 2391 1568 2409 ι
1582 2390 1598 2409 L
1608 2391 1622 2410 ε
1631 2390 1643 2410 3
1652 2390 1668 2410 c
1679 2389 1698 2409 Ο
1708 2403 1716 2415 ,
1739 2386 1790 2409 ere.
1828 2383 2006 2418 [ἰχναύιομαι]
2043 2384 2139 2410 Gracile
2151 2391 2174 2410 et
2185 2385 2327 2419 tenuefieri.
2362 2385 2428 2413 Ptin.
2472 2371 2479 2416 l

301 2427 398 2462 phora:
418 2427 484 2462 quali
499 2428 632 2461 Gorgonem
639 2425 738 2460 ferens.
782 2424 897 2449 Pseudo·
907 2424 963 2450 Cic.
977 2430 1064 2456 anteq.
1080 2422 1130 2447 iret
1146 2421 1173 2447 in
1187 2420 1247 2446 exil.
1262 2429 1293 2454 ²4
1314 2429 1336 2446 c.
1400 2426 1437 2454 17,
1451 2427 1483 2444 zz
1504 2419 1594 2452 Qmin
1608 2419 1671 2445 alias
1690 2418 1857 2444 festinatione
1872 2418 1990 2454 pariendi
2003 2419 2161 2453 gracilescat.
2195 2421 2227 2446 al.
2240 2420 2359 2446 Gracilis.

304 2472 332 2489 10
352 2463 450 2497 Teque
458 2462 597 2493 Tritonia,
612 2461 782 2494 armipotens,
802 2459 976 2493 Gorgophora
989 2458 1080 2489 Pallas,
1096 2457 1217 2483 Minerua
1232 2456 1337 2482 caeteri-
1437 2460 1457 2480 G
1468 2461 1486 2480 R
1496 2461 1518 2480 A
1528 2460 1545 2479 C
1557 2462 1565 2480 1
1576 2460 1591 2479 L
1602 2452 1616 2480 ἶ
1625 2462 1638 2480 P
1648 2461 1700 2486 ES,
1715 2455 1780 2480 edis.
1815 2463 1851 2480 m.
1887 2455 1991 2480 Petron.
2011 2463 2032 2480 c.
2046 2462 2072 2487 55
2097 2454 2207 2480 Ciconia
2218 2455 2360 2489 gracilipes.

302 2507 353 2534 que
367 2498 422 2530 dii,
442 2497 556 2531 deaeque
574 2496 753 2527 immortales,
769 2501 814 2520 etc.
1351 2494 1383 2525 65
1437 2495 1458 2515 G
1470 2496 1655 2520 RACILLO,
1691 2494 1742 2517 are.
1790 2488 1891 2515 Auctor
1908 2489 2019 2518 Philoni.
2036 2498 2066 2520 25
2096 2490 2239 2517 Cucurrire
2258 2490 2323 2517 solet
2341 2489 2432 2524 gallus,-

337 2541 358 2560 G
368 2540 386 2559 O
396 2541 415 2559 R
425 2540 446 2560 G
456 2540 474 2559 ο
484 2539 505 2558 Ν
515 2540 553 2559 ιΛ
569 2552 577 2564 ,
612 2540 650 2557 ae.
687 2532 705 2558 f.
752 2531 763 2563 [
775 2529 900 2563 γοργονία]
939 2531 1022 2564 inquit
1045 2527 1110 2554 Plin.
1130 2535 1161 2562 37
1171 2547 1180 2559 ,
1202 2536 1230 2553 10
1268 2526 1337 2552 nihil
1399 2525 1496 2560 gallina
1515 2524 1639 2559 gracillat.

302 2569 372 2596 aliud
386 2570 436 2600 est,
456 2577 534 2603 quain
548 2567 694 2595 Corallium
710 2577 715 2593 :
739 2565 855 2592 nominis
870 2565 957 2595 causa,
975 2563 1045 2598 quod
1060 2564 1089 2589 in
1101 2563 1228 2590 duritiem
1243 2562 1337 2596 lapidis
1436 2566 1457 2586 G
1466 2567 1485 2586 R
1494 2567 1515 2586 A
1525 2566 1542 2586 C
1554 2557 1596 2586 GL
1609 2565 1626 2585 v
1639 2567 1651 2586 3
1660 2580 1668 2591 ,
1689 2560 1708 2586 i.
1738 2568 1773 2585 ni.
1809 2559 1909 2586 Dimin.
1933 2559 2039 2595 forma,
2065 2561 2123 2586 licet
2144 2565 2165 2586 G
2177 2566 2195 2586 R
2208 2566 2230 2587 Α
2240 2566 2256 2586 C
2269 2566 2290 2586 V
2302 2566 2315 2586 s
2335 2568 2382 2593 non
2393 2569 2433 2586 ex-

301 2611 426 2631 mutatur.
1392 2593 1444 2628 stet
1452 2615 1460 2628 ,
1481 2594 1547 2630 quast
1561 2595 1712 2627 coraculus,
1731 2604 1759 2621 ex
1775 2595 1819 2621 Gr.
1833 2595 1923 2629 κόραξ,
1941 2600 1998 2630 quia
2011 2605 2063 2621 cum
2077 2595 2163 2622 coruis
2175 2599 2343 2631 cognationem
2354 2596 2433 2623 habet.-

339 2647 387 2667 Go
398 2645 446 2666 RG
457 2645 553 2664 0N1v
564 2644 595 2671 S,
611 2638 630 2663 i.
650 2646 685 2662 m.
721 2637 779 2662 Viri
790 2638 919 2671 proprium
937 2636 998 2661 male
1015 2635 1118 2665 olentis,
1141 2632 1270 2659 Proucrhii
1287 2635 1339 2657 vim
1400 2631 1441 2657 Sic
1464 2632 1564 2665 Menag.
1582 2632 1705 2656 Amoenit.
1726 2633 1775 2656 iiir.
1811 2631 1955 2665 [κορακίας]
2003 2631 2068 2656 Ptin.
2090 2639 2128 2663 ιι,
2147 2639 2177 2663 29
2203 2631 2232 2657 de
2256 2629 2370 2664 lociastis,
2400 2631 2434 2659 In

302 2675 387 2703 habere
403 2672 479 2709 potell
500 2672 561 2699 illud
578 2674 670 2699 Horat.
685 2672 765 2698 Scrin.
778 2680 798 2703 1,
817 2679 841 2702 z,
860 2679 894 2705 27
917 2670 1035 2698 Pastillos
1054 2667 1165 2696 Ruffilus
1185 2668 1251 2698 olet,
1272 2667 1339 2694 Gor·
1348 2671 1385 2700 70
1402 2666 1502 2691 Lemno
1516 2666 1599 2691 insula
1616 2671 1684 2691 certa
1698 2666 1818 2691 mensura
1836 2666 1972 2699 praefinita
1990 2667 2041 2698 cst,
2061 2675 2139 2700 quani
2156 2666 2250 2701 singuli
2270 2673 2396 2693 enecatari
2418 2667 2437 2701 ζ’
2460 2678 2468 2698 l

303 2711 396 2744 gonms
415 2709 528 2735 hircum,
1403 2701 1435 2726 ad
1447 2701 1609 2735 magistratus
1624 2701 1748 2727 referant.
1790 2701 1915 2727 Graculos
1930 2710 2037 2736 quoque
2055 2703 2090 2728 ob
2105 2701 2133 2728 id
2145 2702 2249 2735 colunt,
2266 2702 2376 2729 aduerso
2387 2706 2412 2736 ν’,
2465 2708 2468 2716 ·

341 2752 361 2771 G
371 2752 390 2771 o
402 2751 419 2769 R
430 2751 451 2770 T
464 2745 520 2769 Y‘N
530 2749 566 2772 A,
584 2750 622 2768 ae.
642 2742 662 2767 f.
689 2740 835 2775 [Γόρτυνα]
875 2740 940 2765 Vrbs
953 2740 1046 2766 Cretae.
1084 2739 1151 2764 Hinc
1401 2736 1454 2762 latu
1469 2743 1634 2763 occurrentes
1651 2745 1741 2763 earum
1756 2737 1846 2762 exitio.
1901 2737 1965 2763 Fest.
1979 2745 1995 2771 7
2020 2737 2141 2769 Graculi,
2157 2741 2255 2773 inquit,
2273 2746 2288 2763 a
2303 2738 2368 2764 sono
2436 2735 2438 2738 ’
2469 2735 2471 2738 ⁴

341 2785 445 2806 GOR'T'
455 2785 472 2803 Y
482 2785 557 2807 NIS,
576 2777 634 2802 ldis.
658 2776 677 2802 f.
714 2782 738 2801 et
758 2781 804 2802 GO
814 2782 833 2801 R
843 2782 918 2801 TYN
928 2782 937 2800 1
947 2781 988 2801 Vs
998 2794 1004 2805 ‚
1023 2784 1046 2802 a.
1064 2783 1117 2799 um.
1143 2772 1202 2800 Adi.
1230 2772 1340 2799 Arundo
1401 2772 1490 2798 vocati
1505 2783 1511 2798 ι
1547 2772 1600 2798 fiue
1620 2781 1634 2798 a
1649 2772 1764 2806 gerendo
1783 2771 1864 2804 dicti,
1883 2773 1952 2807 quod
1968 2773 2036 2800 iaCla
2049 2774 2162 2807 segetum
2177 2773 2275 2799 semina
2289 2773 2387 2807 plurim

305 2814 430 2847 Gortynis
444 2814 540 2839 Lucan.
554 2822 576 2845 7,
591 2820 647 2843 2¹4·
675 2813 694 2836 i.
707 2811 815 2846 sagitta.
876 2809 980 2844 Spicula
993 2809 1122 2841 Gortynia
1135 2810 1197 2835 Stat.
1211 2808 1302 2836 Theb.
1317 2818 1341 2842 3,
1401 2813 1491 2842 gerant
1503 2818 1509 2833 ε
1532 2807 1575 2834 vel
1588 2808 1658 2842 quod
1673 2816 1703 2834 ex
1716 2808 1822 2834 oliuetis
1833 2808 1951 2834 cubitum
1965 2809 1990 2834 se
2003 2808 2166 2843 recipientes,
2180 2808 2242 2834 duas
2253 2808 2363 2842 pedibus
2377 2805 2441 2845 habi<
2464 2802 2468 2810 ⁷

305 2853 357 2884 35¹·
433 2849 522 2876 Teffia
545 2847 641 2874 eamn,
661 2849 711 2878 62,
732 2853 773 2880 73,
1359 2848 1391 2875 75
1402 2852 1458 2874 ωε,
1474 2843 1578 2869 tertiam
1592 2852 1640 2869 ore
1652 2843 1744 2870 ferant.
1812 2843 1942 2876 Qiinffii.
1957 2853 1976 2875 1,
1990 2846 2016 2876 6,
2029 2852 2060 2878 37
2080 2844 2127 2870 Sed
2140 2843 2183 2869 cui
2197 2851 2251 2869 non
2267 2844 2323 2878 post
2337 2844 2442 2880 vari-oi,

1087 2905 1098 2914 Ἰ
1266 2912 1271 2915 ,
1401 2887 1462 2904 nem
1478 2878 1529 2909 (de
1542 2879 1571 2904 L.
1585 2879 1613 2904 L.
1627 2887 1655 2911 4,
1670 2882 1711 2910 ιι)
1731 2878 1760 2905 fit
1780 2880 1876 2905 venia?
1901 2880 1948 2913 qui
1966 2888 2073 2913 agrum,
2090 2878 2160 2913 quod
2179 2879 2207 2904 in
2226 2887 2259 2904 eo
2277 2885 2369 2914 agatur
2384 2877 2437 2907 alia*-

566 2908 593 2939 G
644 2908 672 2939 O
720 2907 738 2938 S
810 2916 838 2938 σῖ
909 2907 937 2937 G
987 2906 1015 2937 Ο
1064 2906 1089 2937 ’1
1402 2913 1481 2948 quid:
1506 2920 1533 2940 et
1545 2914 1679 2948 gracu103‚
1698 2914 1760 2949 quia
1774 2914 1900 2948 gregatim
1916 2915 2021 2947 volent,
2040 2914 2123 2939 dictos
2137 2913 2261 2940 Ciceroni
2278 2911 2436 2949 persuaderi
2460 2920 2461 2924 ¹

341 2964 361 2984 G
371 2963 389 2983 O
399 2963 411 2982 S
421 2963 433 2983 S
443 2963 463 2982 A
472 2962 518 2982 Ml>
529 2953 540 2981 ἴ
550 2960 599 2980 NV
608 2961 620 2980 s
630 2973 639 2986 ‚
673 2954 730 2985 vel,
749 2959 777 2978 vt
795 2953 854 2987 legit
871 2952 1025 2985 Harduinus,
1402 2948 1489 2975 voluit
1504 2950 1512 2975 3
1537 2959 1619 2983 quum
1630 2950 1742 2976 alterum
1755 2959 1784 2976 ex
1798 2951 1899 2976 Graeco
1911 2950 1941 2976 fit
1954 2949 2116 2976 iiianifessum
2130 2949 2200 2981 duci,
2214 2950 2326 2976 alterum
2340 2960 2371 2977 ex
2385 2953 2449 2989 νοις]

341 2999 388 3019 GO
398 2999 431 3018 ss
445 2998 462 3017 Υ
477 2998 500 3017 Μ
512 2998 526 3017 1²
538 2988 607 3016 i'NV
617 2996 644 3020 3,
664 2988 681 3015 i.
708 2998 744 3014 ni.
780 2990 862 3014 Arbor
876 2989 922 3013 lini
933 2987 1021 3023 feras.
1058 2986 1123 3013 Plin.
1139 2994 1177 3018 iz,
1193 2993 1225 3012 ιι.
1402 2984 1474 3011 cibus
1496 2985 1595 3011 auium.
1636 2985 1702 3011 Add.
1723 2986 1787 3011 Plin.
1803 2991 1843 3017 18,
1856 2993 1892 3018 35.
1939 2985 2022 3011 Varro
2035 2984 2066 3010 de
2081 2984 2111 3010 R.
2125 2985 2156 3010 R.
2168 2993 2188 3016 3,
2203 2987 2238 3012 16.
2293 2987 2375 3012 Vetus
2395 2985 2443 3018 ests

342 3034 432 3054 Goss
442 3033 482 3053 ΥΡ
492 3034 501 3052 ι
511 3032 530 3052 O
540 3031 562 3051 N
573 3045 582 3057 ,
603 3025 621 3050 i.
657 3033 682 3050 n.
718 3022 826 3057 [ξύλον]
864 3024 952 3049 Frutex
964 3025 1075 3058 laniger,
1096 3022 1123 3048 de
1137 3031 1182 3057 quo
1197 3021 1261 3047 Plin.
1275 3028 1316 3054 19,
1330 3028 1340 3046 1
1355 3022 1387 3048 80
1401 3019 1522 3053 adagium
1537 3031 1542 3045 :
1569 3020 1647 3046 Nihil
1663 3030 1721 3046 cum
1736 3019 1832 3054 fidibus
1844 3021 1964 3055 graculo,
1989 3023 2007 3045 i.
2028 3020 2103 3045 Nihil
2118 3024 2241 3054 imperitis
2254 3030 2306 3047 cum
2317 3022 2388 3048 bonis
2401 3023 2437 3048 11⁴v
2460 3020 2468 3054 ἦ

306 3062 430 3097 Superior
450 3070 506 3095 pars
527 3060 636 3094 Aegypti
658 3060 685 3085 in
707 3057 830 3085 Arabiam
850 3067 972 3092 vergens,
993 3058 1076 3092 gignit
1097 3058 1236 3089 fruticem,
1260 3064 1338 3090 quem
1400 3058 1470 3081 teris.
1505 3055 1615 3094 GelLin
1629 3056 1711 3081 Praef.
1739 3057 1772 3082 al.
1785 3056 1886 3090 Epilog.
1921 3054 2002 3082 Addit
2012 3054 2081 3080 aliud
2091 3056 2192 3081 eiusdem
2202 3055 2340 3091 potcstatis,
2353 3054 2469 3087 Niliil'1.>''

305 3099 389 3133 aliqui
408 3097 543 3131 gossypion
563 3101 668 3127 vocant,
689 3095 774 3129 plures
792 3093 871 3125 xylon
881 3113 888 3125 ‚
906 3100 930 3119 et
945 3093 1005 3119 ideo
1019 3094 1071 3118 lina
1087 3092 1147 3119 inde
1162 3093 1230 3119 facia
1244 3091 1339 3123 xylina.
1401 3100 1460 3116 cuni
1476 3099 1623 3122 amaracino
1637 3091 1685 3116 sui.
1740 3092 1780 3117 Sic
1794 3091 1920 3126 Graculus
1935 3091 2003 3116 inter
2017 3091 2111 3123 musas‚
2131 3092 2224 3118 dicitur
2242 3092 2271 3118 cle
2286 3091 2439 3130 Hominibus}
2460 3084 2461 3098 ¹

306 3135 402 3160 Paruus
416 3133 468 3164 est,
489 3132 652 3165 similemque
668 3130 791 3156 barbatae
805 3128 879 3154 nucis
898 3127 981 3154 defert
1000 3128 1124 3154 fructum.
1159 3128 1233 3153 cuius
1251 3135 1282 3153 ex
1300 3127 1339 3152 in-
1401 3129 1467 3152 inter
1480 3124 1683 3157 erudi‘tosstolidc
1701 3133 1724 3151 et
1737 3127 1889 3161 impudenter
1901 3124 2095 3160 obstrepentibus.
2136 3128 2176 3160 Est
2190 3134 2214 3153 et
2226 3127 2296 3154 aliud
2307 3128 2437 3165 adagium5,
2460 3127 2461 3134 ¹

306 3169 403 3195 teriore
417 3167 545 3199 bombyce
558 3167 653 3200 lanugo
668 3171 753 3192 netur.
789 3165 845 3190 Nec
858 3163 910 3190 vlla
925 3165 982 3190 sunt
995 3163 1032 3189 eis
1047 3163 1074 3189 iii
1088 3163 1198 3190 candore
1212 3162 1339 3189 mollitia·
1403 3161 1528 3188 Graculus
1543 3160 1648 3195 graculo
1660 3162 1760 3195 semper
1771 3162 1865 3188 allidet.
2338 3160 2343 3163 “

305 3213 339 3230 ve
354 3203 531 3238 praeferenda.
574 3202 630 3228 Vid.
655 3208 673 3227 x
686 3207 728 3228 γι,
740 3206 801 3226 ΟΝ.
1356 3196 1386 3226 85
1438 3203 1541 3223 GRAC
1556 3194 1600 3221 GL
1612 3203 1632 3222 A
1643 3215 1649 3226 ,
1678 3205 1715 3222 ae.
1753 3197 1771 3222 f.
1807 3196 1932 3223 Laudatur
1950 3195 2015 3222 Ptin.
2037 3201 2060 3228 8,
2081 3206 2106 3229 27
2132 3197 2257 3224 Graculae
2276 3198 2344 3224 lauri
2361 3198 2441 3226 folii)K

343 3246 363 3265 G
375 3245 393 3265 Ο
404 3246 424 3265 Τ
433 3245 453 3264 H
465 3239 497 3264 iC
507 3244 526 3262 V
536 3244 548 3263 S
557 3257 565 3269 ,
585 3246 610 3269 a,
630 3245 684 3262 um.
722 3235 781 3262 Adi.
816 3235 950 3261 Aureliani
970 3235 1131 3267 Imperatoris
1148 3242 1290 3269 cognomen,
1311 3232 1340 3258 ob
1402 3241 1516 3259 annuum
1529 3231 1662 3258 fastidium
1676 3239 1793 3266 purgant.
1825 3229 1906 3263 Sedefl
1916 3230 2030 3257 Graculi.
2055 3232 2095 3268 Cf.
2104 3232 2216 3259 Saluian.
2226 3233 2323 3268 Epist.4
2337 3244 2362 3269 p.
2370 3236 2455 3267 2004*>

307 3278 396 3310 grauia
411 3281 433 3299 et
448 3280 547 3299 cruenta
560 3272 620 3298 bella
633 3281 686 3297 cum
698 3271 792 3297 Gothis
805 3268 879 3306 ἕψει.
915 3270 991 3296 Grut.
1006 3269 1083 3294 Inscr.
1092 3277 1110 3301 4
1122 3277 1146 3303 p.
1155 3271 1209 3301 276.
1234 3268 1340 3304 Vrsatus
1436 3275 1456 3295 G
1467 3274 1485 3294 R
1495 3273 1542 3294 AD
1551 3274 1571 3294 A
1581 3273 1599 3292 R
1608 3273 1644 3292 1V
1654 3274 1667 3293 S
1676 3286 1684 3298 ,
1716 3273 1735 3293 G
1747 3275 1764 3293 R
1775 3274 1797 3293 A
1809 3273 1827 3293 D
1836 3273 1889 3293 ΛΤ
1899 3272 1906 3290 1
1917 3272 1941 3292 M
1952 3286 1960 3298 ,
1984 3271 2005 3293 G
2016 3274 2064 3294 ΚΑ
2073 3274 2091 3293 D
2100 3274 2151 3294 AT
2160 3275 2169 3293 1
2178 3275 2213 3301 0,
2234 3274 2256 3295 G
2266 3276 2340 3296 RAD
2349 3278 2359 3296 ι
2371 3277 2390 3297 ο
2400 3269 2452 3303 Β,ῗ’

307 3310 335 3336 de
350 3312 410 3336 Not.
418 3310 487 3335 Rom.
495 3310 583 3344 Antiq.
596 3307 714 3342 Thesaur.
728 3307 815 3333 Graeu.
832 3307 901 3332 Tom.
916 3315 939 3331 11
954 3312 983 3341 p.
997 3314 1039 3339 73)-
1058 3304 1086 3330 Β.
1402 3309 1423 3330 G
1432 3310 1451 3330 R
1461 3311 1482 3330 Α
1492 3310 1510 3330 D
1522 3309 1530 3328 1
1542 3309 1561 3327 V
1570 3308 1589 3327 V
1600 3308 1612 3326 S
1621 3321 1629 3334 ‚
1663 3301 1715 3328 vid.
1751 3309 1772 3329 G
1784 3309 1802 3329 R
1811 3309 1833 3328 A
1842 3307 1860 3327 D
1870 3308 1890 3326 v
1900 3308 1912 3327 3
1922 3321 1928 3327 .
2425 3301 2440 3333 'i'
2460 3329 2462 3341 ὑ

1426 3343 1575 3365 «ῦκΑυν
1586 3343 1615 3368 3,
1642 3335 1679 3362 sis.
1717 3347 1751 3364 ni.
1786 3336 1927 3371 [sa'ouffudn
1945 3337 2041 3372 βῆιισε]
2075 3339 2116 3364 vel
2133 3336 2166 3371 est
2185 3337 2256 3365 aHus
2268 3337 2440 3375 promouendi':
2460 3346 2462 3366 ³,

683 3368 710 3399 G
814 3368 841 3397 R
954 3367 977 3396 Α
1353 3378 1388 3401 90
1396 3374 1482 3409 pedem
1491 3393 1498 3404 ,
1517 3374 1556 3399 vel
1568 3379 1631 3407 pars
1644 3376 1714 3405 viae,
1731 3375 1847 3408 inprimis
1860 3382 1886 3397 in
1899 3373 1994 3407 ascensu
2007 3382 2029 3398 ei
2043 3373 2169 3409 dq‘censu,
2188 3381 2259 3409 atque
2279 3375 2336 3403 adeo
2342 3370 2438 3411 singu-s

345 3421 365 3441 G
374 3422 392 3441 R
401 3422 420 3441 Α
432 3421 447 3441 Β
456 3415 477 3441 Ᾱ
486 3421 506 3441 Τ
515 3420 535 3439 V
545 3421 557 3441 S
567 3434 573 3445 ,
593 3413 611 3441 i.
639 3422 673 3440 m.
710 3413 800 3439 Graece
820 3410 972 3446 ’‘facem-05,
993 3411 1085 3446 duplici
1102 3407 1150 3441 ῥεῖ’,
1171 3407 1260 3435 Leftus
1278 3409 1339 3434 vilis
1401 3411 1437 3435 lae
1448 3416 1534 3444 partes
1540 3408 1664 3444 J‘calarum
1673 3427 1679 3438 ,
1699 3412 1726 3434 in
1740 3417 1800 3443 quas
1809 3407 1882 3441 pedes
1897 3415 2087 3442 promouentur,
2106 3410 2199 3444 gradus
2207 3411 2278 3445 fiant.
2315 3411 2374 3437 Inde
2384 3402 2448 3445 petit
2460 3402 2461 3419 l

311 3454 334 3473 ct
351 3454 460 3485 exiguus.
496 3450 551 3476 Cic.
567 3449 597 3475 de
610 3449 702 3476 Diuin.
719 3457 741 3480 2,
755 3456 799 3480 129
820 3456 841 3473 c.
856 3450 885 3476 63
906 3447 986 3473 Venit
1000 3447 1070 3472 enim
1086 3446 1138 3471 iani
1153 3445 1181 3470 in
1194 3444 1340 3470 contentio·
1401 3445 1580 3479 metaphoram,
1591 3444 1692 3481 «gradus
1709 3441 1741 3475 eli
1760 3444 1886 3468 membrum
1898 3446 1924 3468 in
1937 3453 2074 3478 quacunque
2082 3445 2156 3480 serie,
2173 3448 2199 3470 in
2212 3458 2217 3470 i
2229 3455 2258 3471 ua
2269 3444 2436 3482 progreffiimss
2459 3434 2462 3455 ⁴⁴

312 3491 382 3513 nrm,
402 3491 488 3510 vti-um
503 3485 531 3511 sit
547 3484 720 3519 probabilius,
737 3482 1016 3510 deosneimmortales.
1034 3490 1121 3507 rerum
1136 3481 1255 3506 omnium
1269 3488 1339 3514 prae·
1401 3480 1535 3515 afienfiaem,
1551 3477 1684 3538 deYcenJum
1702 3481 1810 3513 cogitare
1823 3479 1886 3504 licet.
1922 3479 1977 3505 Cic.
1991 3479 2067 3507 Attic.
2083 3490 2108 3513 4,
2124 3488 2134 3506 1
2156 3455 2256 3506 Gradus
2272 3480 2450 3515 teniploriiin„'

314 3516 403 3542 stantia
418 3520 567 3545 excellentes
577 3540 584 3551 ‚
606 3520 756 3546 concursare
770 3518 890 3544 omnium
909 3518 1076 3549 mortalium,
1098 3517 1145 3550 qui
1161 3515 1259 3549 vbique
1273 3516 1340 3547 sunt,
1404 3515 1436 3541 ab
1454 3514 1543 3541 infima
1556 3522 1571 3547 p
1582 3512 1631 3538 ebe
1645 3513 1767 3546 complcti
1782 3519 1861 3539 erant.
1932 3514 2036 3540 Vitruu.
2050 3523 2073 3547 3,
2087 3524 2099 3546 3
2124 3514 2223 3542 Gradus
2243 3516 2271 3541 in
2287 3516 2375 3543 fronte
2393 3517 2450 3544 ita«

313 3560 365 3577 non
380 3554 457 3577 niodo
472 3554 567 3586 lecios,
584 3564 675 3582 verum
688 3555 766 3580 etiam
781 3553 910 3588 grabatos,
948 3564 951 3567 ’
980 3553 1096 3579 Catullus
1112 3560 1150 3583 10,
1163 3560 1197 3577 20
1215 3560 1267 3576 cum
1282 3560 1338 3577 nar-
1355 3555 1387 3583 95
1404 3548 1576 3576 constituendi
1588 3548 1654 3579 sum,
1674 3549 1713 3573 vti
1726 3548 1772 3574 lint
1787 3549 1885 3584 semper
1899 3550 2011 3583 impares
2024 3560 2030 3575 :
2058 3558 2170 3584 namque
2185 3559 2243 3576 cum
2257 3551 2350 3579 dextro
2363 3551 2426 3586 pede

311 3585 384 3620 raffi't
402 3588 549 3613 mendacium
562 3590 633 3624 ficum
650 3590 677 3616 de
695 3587 749 3616 0510
764 3587 915 3620 lecticariis,
1403 3586 1503 3620 primus
1517 3582 1608 3619 gradus
1622 3583 1785 3616 ascendatur,
1805 3585 1867 3611 item
1881 3585 1910 3610 iii
1923 3585 2024 3611 summo
2037 3585 2135 3620 templo
2149 3585 2247 3619 primus
2263 3587 2314 3613 crit
2331 3595 2434 3621 ponenr

465 3623 497 3647 At
511 3622 546 3648 nii
561 3626 645 3651 nullus
660 3631 730 3657 erat,
749 3633 835 3659 neque
851 3623 910 3656 hic,
926 3631 1010 3657 neque
1023 3622 1077 3648 illic
1096 3621 1144 3656 (in
1149 3621 1299 3656 prouincia)
1403 3620 1466 3653 dus,
1485 3628 1530 3646 etc.
1566 3616 1605 3651 Est
1619 3621 1681 3643 enim
1695 3619 1729 3644 ibi
1747 3626 1799 3646 tota
1819 3621 1847 3646 de
1864 3630 1890 3646 ea
1908 3629 1934 3646 re
1948 3624 2097 3655 praeceptio.
2136 3622 2203 3646 Hinc
2215 3628 2266 3647 tum
2279 3624 2342 3648 aliae
2355 3629 2430 3649 meta-

465 3657 600 3690 Fanum,
620 3661 665 3693 qui
684 3660 781 3687 veteris
802 3659 893 3694 pedem
911 3658 1012 3693 grabati
1395 3656 1490 3691 pharae
1510 3654 1694 3688 intelliguntur,
1713 3661 1763 3681 tum
1782 3655 1858 3688 illud,
1877 3655 1941 3691 quod
1953 3657 2044 3690 Veget.
2057 3656 2168 3682 Mulom.
2184 3665 2211 3688 4,
2230 3665 2254 3687 2,
2273 3665 2291 3683 1.
2325 3660 2355 3683 it.
2370 3666 2390 3690 1,
2403 3665 2426 3690 2,
2461 3670 2462 3687 η

466 3691 495 3717 In
516 3692 584 3718 collo
604 3694 650 3720 fibi
669 3695 798 3721 collocare
816 3695 903 3729 posset,
1403 3700 1432 3717 ιι.
1468 3699 1490 3717 et
1505 3698 1557 3722 ¹‚32
1574 3688 1673 3714 Gradus
1687 3699 1804 3717 uocantur
1815 3700 1889 3727 rugae
1902 3693 1928 3716 in
1936 3692 2023 3727 palato
2036 3694 2097 3726 equi.
2151 3691 2270 3718 Scribon.
2284 3692 2362 3726 Epist.
2388 3711 2395 3719 .
2418 3709 2426 3719 .

314 3725 426 3753 Martial.
443 3734 478 3756 12,
492 3734 518 3757 32
540 3726 595 3752 Ibat
609 3729 685 3762 tripes
699 3730 833 3763 grabatus,
852 3730 925 3764 bipes
941 3728 1037 3755 mensa.
1089 3725 1161 3759 Idem
1176 3734 1196 3758 1,
1210 3733 1238 3758 93
1257 3725 1305 3752 Sed
1321 3725 1337 3752 fi
1348 3738 1395 3756 100
1402 3726 1481 3760 Quasi
1495 3733 1540 3759 per
1553 3723 1659 3758 gradus,
1684 3728 1700 3750 ι’.
1717 3726 1799 3752 ordine
1815 3727 1925 3761 quodam.
1995 3726 2131 3760 Duplicata
2145 3726 2240 3753 scansio
2258 3728 2351 3761 gradus
2365 3726 2427 3754 dici-

314 3770 359 3787 nec
379 3762 451 3787 focus
467 3761 517 3792 est,
533 3761 596 3787 nudi
615 3771 659 3788 nec
674 3764 770 3796 sponda
788 3765 896 3798 grabati.
966 3761 1085 3790 Membra
1104 3762 1170 3788 locat
1186 3761 1276 3787 sensim
1290 3761 1339 3788 vili
1402 3768 1459 3793 tur,
1477 3760 1547 3794 quod
1566 3759 1683 3792 graditur
1701 3761 1732 3786 ab
1747 3762 1873 3788 inferiori
1893 3762 1922 3787 in
1940 3761 2097 3795 superiorem
2114 3762 2201 3788 Varro
2215 3762 2247 3788 de
2262 3763 2291 3789 L.
2305 3763 2335 3789 L.
2348 3772 2376 3796 4,
2388 3767 2424 3795 35.

314 3797 417 3823 dcmiffa
434 3797 540 3827 grabato
554 3796 652 3823 Αιιέιοι-
666 3798 761 3824 Moreti
780 3808 805 3824 v.
819 3807 831 3831 ς
851 3800 879 3826 de
891 3797 989 3832 rustico.
1060 3797 1189 3824 Grabatus
1204 3796 1249 3822 ille
1262 3805 1339 3822 verus
1402 3795 1502 3822 Gradus
1526 3795 1686 3827 cognationis
1705 3797 1760 3822 ICti
1779 3804 1922 3829 numerant,
1950 3806 1975 3823 υ.
1993 3805 2018 3831 g.
2037 3796 2096 3822 Tit.
2116 3796 2147 3822 de
2167 3797 2298 3823 Gradibus
2315 3803 2341 3824 ct
2359 3796 2426 3824 affin.
2470 3823 2475 3834 Υ

313 3831 359 3863 fit,
378 3838 402 3858 et
421 3834 507 3866 sagum
527 3836 552 3858 et
566 3831 644 3857 durus
658 3833 729 3865 panis
749 3842 777 3859 ac
796 3834 913 3861 sordidus
931 3835 1017 3861 Senec.
1031 3833 1076 3867 Ep.
1093 3837 1126 3863 ¹8-
1199 3832 1339 3866 Proprium
1400 3830 1448 3857 Sed
1459 3832 1531 3855 etiam
1544 3829 1622 3856 Ouid.
1636 3831 1697 3856 Met.
1715 3841 1754 3863 13,
1769 3841 1812 3865 ¹4²
1838 3832 1931 3858 Nostri
1949 3839 2054 3866 quoque
2073 3832 2204 3865 sanguinis
2224 3832 2315 3859 auctor
2326 3833 2424 3867 Iupiter

313 3868 419 3901 scapulis
438 3867 527 3893 attolle
541 3866 675 3900 grabatum
693 3867 777 3893 Sedul.
791 3868 819 3893 in
832 3870 923 3896 Matth.
938 3879 962 3901 9.
1400 3864 1449 3894 est,
1473 3863 1637 3898 totidemque
1653 3867 1744 3899 gradus
1765 3867 1888 3893 distamus
1906 3867 1937 3892 ab
1957 3867 2011 3892 illo.
2083 3867 2187 3893 Neroni
2206 3867 2288 3894 Galba
2308 3866 2425 3898 sticceffit,

348 3909 368 3929 G
378 3910 395 3928 R
406 3910 425 3928 A
435 3909 449 3929 Β
459 3910 479 3929 Α
492 3909 514 3928 Τ
524 3901 544 3928 xi
553 3909 567 3927 i.
578 3908 600 3927 v
609 3909 622 3929 s
631 3921 639 3934 ‚
660 3902 678 3927 i.
714 3911 748 3927 ni.
785 3903 885 3929 Dimin.
922 3904 997 3938 Apul.
1013 3903 1095 3930 Miles.
1111 3911 1120 3928 1
1148 3911 1171 3937 p.
1186 3906 1237 3932 108.
1346 3906 1391 3934 105
1399 3899 1471 3926 nullo
1484 3897 1565 3933 gradu
1580 3901 1731 3936 contingens
1743 3903 1882 3930 Caesarum
1895 3902 2004 3928 donsum
2017 3900 2123 3928 Sueton-
2139 3901 2223 3929 Galba
2240 3911 2261 3930 t.
2274 3911 2299 3930 2.
2353 3901 2426 3935 Virg-

347 3944 598 3971 GRABATARlvs,
617 3937 635 3965 i.
651 3946 686 3964 m.
706 3937 868 3972 [κλινοποιός]
894 3938 1147 3973 Grabatorumfaber.
1177 3937 1218 3963 Gl.
1229 3937 1274 3963 Gr.
1282 3937 1338 3963 Lat.
2332 3937 2424 3970 Θεοῖς.
