2479 4225
87 201 142 237 ¹17
190 241 199 244 α
486 186 524 226 D
602 185 636 225 E
681 211 684 213 >
723 186 749 226 S
1581 188 1619 229 D
1707 190 1740 229 Ε
1827 193 1854 233 S
2161 206 2222 244 ¹¹8

123 281 239 303 DESPo
249 281 405 309 MATIO,
423 275 497 303 onis:
515 275 536 302 f.
572 276 690 303 Tertull.
705 273 736 300 de
749 273 839 300 Resur.
853 271 931 299 Cam.
946 279 967 298 c.
981 279 999 308 7
1023 272 1121 308 Despo-
1222 281 1241 301 D
1251 281 1288 302 Es
1298 281 1342 312 i>v
1351 281 1401 302 TV
1411 282 1452 309 M,
1472 277 1490 304 i·
1511 287 1537 304 n·
1570 278 1643 305 Cael·
1659 279 1748 306 Aurel—
1763 281 1838 307 Acsst-
1858 292 1880 315 3,
1893 292 1932 317 20,
1948 292 1990 318 193·
2016 286 2147 313 Feruntur
2162 295 2222 313 cum

35 320 38 321 ν
85 309 162 337 natio
180 311 274 338 camis,
757 342 763 348 .
1186 309 1226 336 his
1241 310 1398 338 humoribus
1411 312 1565 348 plerumque
1577 314 1711 342 subalbida
1726 315 1840 350 desputa.
1865 319 1921 344 Viti.
1937 321 2026 348 Barth.
2040 322 2106 348 Ado.
2117 331 2159 357 39,
2167 332 2187 349 1.

120 353 139 373 D
147 352 163 372 Ε
172 353 185 372 s
194 353 209 372 P
217 353 237 373 0
246 353 311 374 L1A
320 351 341 372 'r
352 352 372 372 o
382 353 401 372 R
415 365 424 378 ‚
449 347 514 373 oris.
538 356 574 373 m.
610 347 691 374 Plaut.
709 343 838 371 Tritium.
857 350 884 374 2,
905 351 930 375 ι,
943 350 973 376 14
1009 343 1121 377 Auarus,
1222 353 1240 372 ι)
1249 353 1264 372 E
1273 354 1285 373 s
1294 354 1308 373 1²
1318 354 1337 373 ν
1346 354 1367 373 Τ
1376 354 1397 373 Α
1406 354 1429 373 Μ
1440 355 1454 373 ι]
1465 355 1484 373 Ν
1494 356 1515 375 Τ
1525 356 1545 376 ν
1553 356 1578 376 Μ
1586 369 1595 382 ,
1614 349 1633 377 i.
1652 359 1679 376 n.
1715 351 1833 385 Fulgent.
1848 353 1933 385 Myth.
1947 363 1967 385 3,
1980 359 1995 381 6
2014 366 2037 389 p.
2051 364 2089 390 113
2117 357 2220 386 Scintil-

85 380 204 414 eleganS,
221 381 388 416 despoliator.
717 388 721 389 ⁷
823 412 830 420 Ι
992 412 998 420 Ι
1186 380 1263 408 lintis
1277 381 1332 408 olei
1345 381 1541 415 desputamento
1561 385 1694 412 succendit
1705 386 1778 421 suum
1791 387 1884 422 Pspche
1896 389 2047 424 Cupidinem.

119 423 139 443 D
147 423 184 443 Es
193 423 208 442 p
217 423 236 443 0
244 424 266 443 N
274 423 292 444 υ
301 423 317 444 E
326 424 344 444 0
353 436 360 448 ,
380 416 408 443 di
416 436 424 448 ‚
446 416 500 443 sum
507 436 516 449 ‚
535 420 588 444 εκ,
622 412 761 448 [mm-stim,
779 423 904 452 paratomon,
921 413 1030 454 ξ’χγωιω,
1043 414 1118 441 καθα·
1145 420 1160 446 ς
1224 424 1241 442 D
1250 424 1265 443 Ε
1275 424 1287 443 s
1297 424 1345 456 qv
1353 419 1376 444 Ᾱ
1387 424 1439 444 Mo
1448 437 1456 449 ,
1482 424 1532 445 ire.
1575 420 1586 454 [
1599 420 1734 456 οἶπολιπίζω
1747 422 1760 455 ]
1801 424 1920 458 Squamas
1936 427 2038 453 auellere
2063 433 2088 454 ct
2109 427 2218 464 auftrre.

84 452 247 485 μολογὲμαι]
284 453 397 488 Simplici
414 452 534 486 Spondeo
557 453 608 478 vim
625 451 732 484 aliquam
750 447 837 473 addit.-
857 449 990 484 thtnjtcat
1002 453 1063 475 enim
1077 459 1118 486 ge·
1185 451 1265 478 Plaut.
1287 452 1374 479 Aulul.
1388 461 1414 484 2,
1425 461 1442 485 9
1455 454 1537 487 princ.
1558 456 1661 483 Dromo
1679 456 1819 492 desquama
1837 459 1928 492 pisceS,
1942 466 1987 485 etc.
2025 463 2062 488 De
2080 463 2218 490 arboribus.

84 489 190 512 nemrim
199 490 363 522 prominere,
380 489 438 513 licet
446 489 570 522 peculiare
586 485 652 511 velut
665 483 817 509 domicilium
836 485 863 509 in
875 487 1004 523 renum-ia
1021 484 1117 512 haheat.
1184 487 1250 513 Plin.
1264 496 1301 522 ¹7⁷
1315 497 1350 521 24
1369 489 1453 515 Etiam
1468 489 1604 517 subarator
1616 492 1766 527 imprudens
1779 493 1881 520 luxauit
1897 493 2013 527 radiceS,
2027 506 2156 532 corpusne
2175 500 2218 526 de.

82 522 209 557 Argutius
228 532 299 558 quam
316 525 400 549 verius
414 524 497 549 Varro
511 522 542 548 de
554 521 583 547 L.
597 520 626 546 1..
640 525 664 551 ς,
677 526 694 552 7
714 527 738 553 P·
750 520 836 558 58,·26
866 519 922 558 Qu
944 519 1117 555 spoponderat
1184 522 1338 556 squamauit.
1374 523 1448 550 Idem
1461 532 1500 555 23,
1515 532 1531 558 7
1552 527 1659 554 Summo
1673 527 1770 555 cortice
1782 527 1831 555 des
1846 534 1967 562 uamato,
1982 530 2077 558 altiore
2089 533 2163 568 plaga
2175 536 2219 562 fic.

83 554 167 583 ffliam
187 556 346 592 despondisse
363 558 515 589 Videbatur,
528 553 599 591 quod
618 553 650 579 de
669 555 761 588 sponte
774 562 847 594 eine,
867 554 894 580 id
908 554 958 586 est,
979 555 1114 582 voluntate
1182 565 1283 584 cantur.
1339 559 1369 585 Et
1382 567 1419 592 35,
1435 566 1463 593 17
1482 560 1598 586 Prnuum
1613 562 1729 590 abluitur
1740 563 1818 590 vestis
1847 564 1925 596 arda,
1938 565 2000 592 dein
2014 567 2137 602 sulphure
2150 570 2218 598 suffi-

83 592 191 619 exierat,
228 594 292 621 Non
308 594 395 626 enim,
406 594 424 619 fi
444 592 563 623 volebat,
577 589 655 616 dabat
673 589 766 621 (intell.
779 589 844 620 alu)
865 589 936 624 quod
953 591 1046 629 sponsu
1061 598 1115 618 erat
1135 604 1163 622 10
1182 598 1240 624 tur,
1261 603 1323 620 mox
1336 593 1520 627 desquamatur
1533 596 1656 628 cimolia,
1671 607 1737 632 quae
1748 599 1785 626 est
1801 599 1899 626 coloris
1910 601 1977 628 veti.
2012 603 2047 629 1!-
2061 603 2090 629 de
2101 606 2219 640 ambustis

82 627 214 661 alligatus.
251 629 305 655 Hoc
322 637 386 656 certe
405 634 499 659 manet,
525 628 555 652 ui
570 624 723 659 despondit,
736 626 805 651 illum
821 624 948 658 spondere
960 624 1066 661 d‘ilff'ffi’,
1086 633 1115 653 vt
1181 628 1247 654 Plin.
1263 634 1303 661 28,
1315 638 1342 662 4.
1379 629 1453 665 Conf.
1472 636 1617 670 DisQVA
1628 640 1649 658 M
1660 640 1689 660 ο.

82 671 129 688 non
145 666 233 689 iterum
252 663 350 690 eandem
367 674 418 691 rem
435 635 559 698 spondqere
567 660 650 696 Pqffit.
666 686 672 687 ι
688 660 735 687 Sed
752 668 799 686 non
813 659 882 686 modo
894 663 920 686 in
937 670 964 686 rc
977 664 1066 687 uxoria
1081 663 1114 701 lq·
1216 670 1408 696 DESTANs‚
1427 665 1503 692 amis·
1539 666 1569 691 1¹¹
1591 668 1720 695 orchestra
1739 670 1888 697 senatorum
1901 671 1960 697 (ΠΜ
1972 670 2078 699 sedibffl
2097 674 2155 701 '0OE
2173 676 2217 702 de·

82 706 135 723 cum
147 698 247 731 hahere,
268 708 352 725 verum
371 702 443 726 etiam
461 697 489 723 de
507 698 576 730 aliis,
577 705 649 758 θὲιωε
656 699 857 735 promittuntur,
872 702 916 722 aut
922 699 1042 730 promitti
1057 697 1113 731 thlr-
1180 698 1271 725 stantia
1284 699 1389 726 Vitruu.
1406 707 1428 732 5,
1443 702 1467 726 6.
1506 702 1547 727 Ita
1560 701 1617 728 edit.
1632 705 1740 730 Elzeuir.
1759 705 1806 732 Sed
1814 714 1868 732 cum
1878 706 1946 732 nulla
1957 706 2000 735 bic
2010 715 2118 735 mutatae
2132 709 2215 738 lebito-

82 740 175 759 mmtur
187 733 261 766 adeo,
274 733 402 769 vsiffrpari,
415 733 520 766 exempla
533 731 576 757 doc
604 738 656 757 unt.
702 731 782 757 Plaut.
799 730 886 770 Cistel.
900 733 1005 771 2‚-3‚'5'6
1030 732 1112 759 Nem-
1179 737 1220 760 nis
1232 737 1298 760 ratio
1310 734 1446 767 reddatur,
1465 742 1489 762 et
1495 735 1635 771 superiores
1651 738 1779 771 designata
1798 741 1894 777 legent,
1913 742 1977 776 quod
1993 746 2083 778 optime
2102 751 2219 775 conuenit

77 776 114 801 Pe
127 767 182 794 istic
197 769 246 801 cst,
263 770 310 804 qui
325 766 510 796 Alcesimarcho
524 767 606 793 filiani
628 767 705 792 Suam
720 765 857 800 despondit
869 774 897 805 ιι]
911 765 1018 793 dimnas
1030 769 1112 794 maxi.
1135 779 1161 805 ¹3
1173 769 1329 805 finientium
1345 770 1407 805 quid
1418 770 1576 806 deniquesthi
1589 775 1650 800 velit
1663 774 1797 808 destanda,
1812 785 1860 802 non
1873 774 1997 812 affiquar:
2013 779 2142 814 probabile
2153 784 2219 812 mihi

81 811 144 829 mas.
170 804 227 830 isid.
242 806 297 832 Cic.
312 813 359 839 pro
372 803 474 831 Cluent.
490 810 546 837 179.
592 801 665 828 Idem
680 803 734 828 Att.
750 811 770 833 1,
783 810 795 834 3
815 800 966 827 Tulliolam
981 803 1009 828 C.
1025 803 1113 830 Pisoni
1171 804 1222 840 fit,
1242 811 1370 839 operarum
1382 808 1472 831 uitium
1485 806 1549 832 illud
1560 805 1611 839 effla

78 837 109 864 L·
130 839 158 864 F·
177 840 249 874 frug-l
268 838 457 874 del-pendimus.
494 839 527 864 1„
544 837 585 864 hi,-
603 839 718 873 exempli,
746 835 894 872 Despondet
911 842 985 871 pater
1001 838 1111 872 puellae.
1190 872 1193 876 γ
1213 838 1427 871 DESTERC6RQ
1441 846 1492 869 are.
1510 849 1539 867 vt
1554 843 1737 870 Destercorare
1750 844 1871 879 latrinas,
1890 849 1910 873 i.
1931 847 2086 876 stercoribus
2094 858 2216 889 purgare.

80 872 147 900 Ten
163 876 244 902 Andr.
259 885 279 909 ι,
294 884 311 907 1,
325 882 359 909 72
1179 875 1240 910 le.
1254 875 1282 901 in
1295 875 1312 901 Ι.
1333 875 1382 901 Sed
1394 882 1420 902 et
1435 875 1453 902 si
1468 876 1532 911 quid
1551 877 1761 905 inaedificauerit
1781 878 1804 916 §.
1821 889 1831 906 1
1850 882 1881 908 D.
1896 882 1929 908 de
1942 884 2080 912 vsufrue'tu
2091 906 2099 918 ‚
2113 888 2215 917 Dester.

269 925 312 930 -.
345 909 401 935 Hac
419 907 491 935 fama
510 907 636 942 impulsus
649 907 785 940 Chremes,
1178 910 1299 937 corandis
1316 910 1419 938 latrinis
1437 919 1587 946 praeponat.
1628 913 1771 941 Haloander
1787 915 1876 948 habet,
1903 918 2082 954 Extergcndis.
2118 923 2216 951 Pande—

232 945 307 972 Vltro
318 943 350 970 ad
363 952 407 969 rne
419 943 505 970 venit:
525 943 630 970 vnicam
644 950 748 978 gnatam
764 944 846 974 suam,
1124 952 1159 972 20
1177 946 1233 972 &ae
1247 945 1362 972 Florem.
1380 947 1566 974 stercorandis.

231 982 296 1007 Cum
308 978 369 1005 dote
388 979 488 1005 summa
501 978 558 1005 filio
576 987 687 1005 onrem
699 983 729 1005 vt
748 977 830 1004 daret.
1211 987 1435 1014 DESTERNO,
1463 985 1516 1010 ere.
1554 982 1686 1010 Destrauit
1706 983 1835 1015 camelos,
1861 985 1988 1020 deditque
2007 990 2092 1023 paleas
2112 998 2139 1020 et
2158 995 2216 1023 foe·

229 1015 333 1042 Placuit.
346 1013 482 1049 despondi.
495 1014 538 1041 hic
550 1015 650 1048 nuptiis
664 1014 750 1040 dietus
762 1013 797 1039 est
812 1013 878 1040 dies.
1174 1025 1238 1043 num
1253 1017 1331 1051 Vulg.
1344 1017 1437 1043 Genes.
1449 1027 1490 1051 24,
1504 1027 1542 1051 32.
1566 1021 1585 1044 i.
1596 1017 1683 1053 strata
1703 1019 1754 1045 illis
1767 1026 1790 1045 et
1804 1021 1910 1047 clitellas
1920 1021 2004 1053 demit,
2018 1025 2142 1059 ἐπέσαξεν,

77 1050 132 1076 Hoc
142 1051 192 1078 Ioco
204 1050 349 1085 Despondet
362 1054 435 1076 etiam
447 1055 521 1084 pater
535 1050 714 1076 adolescenti&
748 1049 844 1084 Rursus
854 1053 930 1084 pater
949 1047 976 1075 de
987 1048 1050 1085 filia
1059 1049 1109 1086 βω
1212 1058 1277 1079 DES
1289 1058 1310 1078 Τ
1321 1058 1365 1078 ER
1376 1059 1439 1085 ΤΟ,
1465 1054 1510 1086 ui,
1533 1055 1586 1080 ere.
1628 1054 1771 1089 Euigilare,
1778 1052 1886 1087 stertere
1903 1055 2015 1088 definere.
2052 1061 2118 1088 Pers.
2140 1066 2167 1097 6,
2185 1074 2216 1093 10

76 1088 130 1118 ait,
154 1087 188 1113 At
206 1095 255 1120 ego
268 1086 311 1112 ilii
324 1085 429 1117 nec‘do,
441 1094 488 1112 nec
501 1085 649 1120 despondeo
661 1085 729 1111 Ter.
742 1085 879 1124 fleam-‚4³
893 1093 921 1117 4,
932 1092 967 1116 31.
1040 1087 1108 1112 Hinc
1174 1087 1231 1114 Cor
1246 1087 1322 1114 iubet
1335 1086 1385 1114 hoc
1398 1089 1480 1121 Enni,
1494 1089 1631 1124 postquam
1646 1088 1783 1131 destertuit
1802 1090 1850 1128 else
1874 1091 2032 1120 Moeonides
2052 1097 2158 1130 quintus
2171 1110 2215 1135 pa.

77 1121 188 1161 Metapli.
207 1122 262 1148 Cic.
276 1122 328 1148 Att.
344 1130 364 1153 1,
379 1130 408 1147 10
434 1121 628 1148 Bibliothecam
639 1126 711 1146 tuam
726 1129 788 1146 caue
802 1127 926 1155 cuiquam
941 1120 1107 1160 despondeas,
1126 1134 1158 1161 25
1174 1132 1244 1150 vone
1257 1132 1289 1150 ex
1302 1122 1495 1158 Pythagoram:
1508 1127 1526 1151 i.
1540 1125 1666 1160 somniare
1676 1123 1756 1157 defin,
1764 1125 1793 1161 fi
1806 1124 1849 1158 eſje
1863 1127 1966 1161 Homeri
1976 1131 2059 1156 anima
2070 1135 2215 1163 animatum,

76 1164 195 1190 quamuis
208 1165 293 1183 acrem
306 1162 450 1183 amatorem
464 1155 611 1183 inueneris:
629 1164 690 1181 narn
705 1164 754 1189 ego
768 1163 860 1181 omnes
874 1164 943 1182 meas
958 1156 1106 1183 vmdcmio-
1210 1165 1229 1185 D
1238 1166 1276 1185 Es
1285 1165 1324 1185 ΤΙ
1333 1165 1394 1190 co,
1416 1164 1468 1186 are.
1505 1160 1606 1186 Sorices
1629 1160 1762 1192 dicuntur,
1783 1166 1813 1187 vt
1832 1164 1871 1187 ait
1892 1161 1981 1190 audior
2001 1163 2165 1195 Philomelae
2182 1172 2216 1197 62

75 1190 113 1218 las
127 1199 158 1218 eo
168 1192 290 1225 teser-uo,
305 1198 334 1218 vt
353 1191 421 1218 illud
441 1191 583 1221 subsidium
602 1191 729 1218 scnee'tuti
744 1199 841 1225 parem.
859 1190 884 1216 h.
900 1200 919 1216 e.
945 1192 1108 1218 Venditurum
1173 1194 1205 1221 Et
1217 1193 1310 1228 grillus
1323 1194 1420 1228 grillat,
1434 1195 1540 1222 desticat
1552 1194 1613 1221 inde
1625 1195 1712 1222 sorex.

74 1233 98 1253 te
113 1230 254 1261 promittas.
287 1229 339 1254 Im
359 1229 471 1254 Maritus
506 1234 592 1254 uturus
610 1236 718 1253 uxorem.
771 1226 876 1253 Caelius
897 1226 952 1253 Cic.
968 1228 1039 1254 Fam.
1051 1233 1075 1260 8,
1089 1235 1107 1262 7
1207 1236 1251 1256 DE
1261 1237 1273 1256 s
1284 1236 1348 1256 T1L
1358 1236 1373 1255 L
1383 1237 1404 1256 A
1414 1237 1466 1257 RE.
1510 1231 1522 1264 [
1535 1229 1687 1256 καταλῆξαι
1700 1232 1713 1265 ]
1750 1231 1871 1258 stillatim
1890 1232 2030 1268 demittere,
2051 1243 2075 1263 et
2094 1237 2214 1267 decidere.

74 1262 231 1289 Cornificius
243 1262 389 1290 adolescens
401 1263 538 1290 Orestillae
551 1262 634 1289 filiam
647 1261 696 1288 fibi
708 1260 855 1296 despondit.
969 1260 989 1298 Ἳ
1005 1272 1018 1289 2
1045 1265 1105 1290 For·
1172 1265 1302 1292 Columel.
1317 1273 1353 1297 12,
1369 1270 1404 1298 18,
1418 1275 1430 1298 5
1450 1266 1519 1292 Cum
1538 1266 1623 1300 picem
1641 1266 1670 1292 in
1689 1265 1802 1292 fundum
1823 1266 1962 1296 destinauit
1981 1270 2087 1306 lampas.
2144 1276 2215 1303 Cels,

73 1298 149 1327 mulae
165 1300 243 1327 cuiae,-
270 1297 437 1333 Despondere
451 1299 568 1325 animum
582 1299 623 1325 ille
636 1297 728 1324 dicitur
740 1298 856 1324 Varroni
869 1297 898 1339 1..
913 1298 943 1324 L.
958 1306 980 1330 5,
994 1306 1016 1340 7-
1031 1308 1055 1332 p.
1069 1304 1106 1332 58,
1125 1311 1157 1336 30
1175 1309 1203 1333 4,
1217 1309 1232 1327 2
1252 1300 1373 1327 Destillat
1389 1307 1478 1328 autem
1498 1301 1596 1328 humor
1607 1310 1639 1327 ex
1657 1301 1742 1336 capite
1755 1301 1890 1330 interdum
1903 1304 1931 1330 in
1942 1313 2026 1333 nares.
2063 1309 2138 1345 Conf.
2165 1317 2184 1337 D
2193 1319 2216 1338 1-

73 1341 121 1365 32,
133 1336 174 1368 qui
188 1333 252 1360 Suae
271 1334 369 1368 spontis
387 1334 476 1361 statuit
494 1334 572 1360 finem
581 1353 589 1365 ,
603 1340 627 1360 et
638 1332 705 1368 quast
723 1342 752 1359 ex
764 1332 940 1368 Desperationc
953 1343 1015 1360 mori
1028 1334 1107 1360 decre-
1174 1342 1186 1363 s
1195 1343 1216 1363 T
1226 1343 1235 1362 ι
1244 1343 1260 1362 1.
1269 1343 1285 1362 L
1295 1342 1326 1362 ο.

72 1371 139 1394 verit
157 1368 293 1402 [αἰθυμεῖῃ
310 1370 483 1404 ἐπεγνωκέναι]
502 1369 583 1396 Plaut.
602 1369 690 1408 Milit3
703 1376 730 1401 4,
750 1376 779 1408 2..
787 1370 818 1394 62
845 1368 917 1395 Nam
936 1368 984 1394 nifi
1005 1375 1033 1395 tu
1053 1369 1106 1396 fers
1193 1377 1497 1412 *DESTILLATlm
1518 1372 1587 1412 onis.
1611 1371 1632 1398 f.
1669 1371 1817 1412 Desiillatio
1837 1374 2005 1415 lacrimarum
2025 1377 2141 1406 Marcell.
2154 1381 2215 1409 Em-

47 1416 51 1420 *
71 1402 115 1437 iili
128 1403 263 1438 suppetias,
277 1406 329 1431 iam
341 1405 387 1432 illa
400 1405 517 1431 animum
530 1403 712 1439 despondebit.
748 1404 809 1430 Liu.
824 1406 864 1436 26,
884 1423 890 1430 .
911 1424 919 1432 .
940 1404 984 1431 Ne
998 1405 1107 1439 despon·
1173 1415 1224 1441 pir.
1240 1417 1262 1433 c.
1277 1412 1299 1437 8.
1335 1407 1401 1433 Cels.
1416 1415 1438 1439 2,
1453 1416 1463 1434 1
1484 1408 1605 1434 Saniores
1618 1407 1774 1448 grauedines
1786 1414 1813 1435 et
1825 1408 2013 1450 destillationes
2027 1414 2094 1441 male
2107 1415 2216 1445 habent.

71 1437 162 1476 det-ent
180 1441 289 1467 animos.
336 1441 383 1483 'De
401 1441 496 1483 auibus
515 1442 590 1481 Vart.
606 1440 636 1466 R.
652 1440 683 1465 R.
704 1448 725 1472 3,
745 1446 769 1472 5,
783 1441 808 1466 6.
824 1446 847 1466 et
858 1448 882 1472 3,
897 1442 934 1482 16,
950 1447 982 1473 ι5.
1054 1441 1105 1467 De·
1173 1442 1248 1477 Conf.
1266 1442 1337 1483 eund.
1355 1451 1378 1483 ι,
1391 1451 1407 1469 2
1422 1450 1446 1469 et
1467 1451 1489 1476 5.
1506 1453 1535 1478 4,
1549 1452 1576 1476 4.
1613 1443 1672 1469 Seu.
1691 1443 1770 1478 Epist.
1785 1452 1849 1484 ¹²⁰2
1873 1445 1940 1472 Pun.
1954 1455 1991 1480 23,
2006 1453 2027 1478 8.
2064 1450 2214 1480 Destillatio

69 1474 212 1508 spondere,
232 1476 364 1511 subaudita
384 1485 478 1503 nomine
496 1477 622 1503 Ammum
642 1475 771 1502 Columel.
793 1475 821 1501 de
845 1475 942 1501 Turdis
964 1477 1062 1510 loquens
1081 1483 1106 1508 8,
1125 1489 1154 1516 33
1174 1478 1289 1512 pedioris
1307 1478 1427 1504 scribon.
1442 1479 1518 1514 Larg.
1532 1488 1617 1513 comp.
1631 1487 1665 1511 90
1678 1485 1701 1504 et
1715 1487 1754 1511 93.
1789 1480 1907 1516 Absolute
1920 1491 2004 1517 comp.
2017 1489 2058 1518 87.

68 1518 106 1540 ιο,
118 1520 128 1534 ι
151 1509 300 1538 Difficulter
318 1513 345 1538 in
363 1512 442 1538 aliam
461 1513 597 1546 regionem
617 1511 824 1537 transferuntur:
851 1510 914 1545 quia
927 1511 1014 1537 caueis
1029 1512 1106 1538 clauli
1209 1519 1439 1540 DESTIMVLO
1452 1533 1460 1545 ‚
1489 1518 1540 1540 are.
1584 1514 1655 1540 Bona
1675 1513 1842 1541 destimulant
1863 1516 1944 1543 Plaut.
1964 1518 2056 1546 Bacch.
2079 1529 2106 1553 1,
2125 1531 2152 1554 1,
2172 1531 2213 1556 30,

67 1545 179 1578 plurimi
200 1546 367 1582 despondent.
439 1547 526 1574 Eadem
538 1550 634 1574 ratione
648 1545 777 1573 Columel.
793 1554 824 1578 11,
839 1554 859 1578 1,
874 1554 902 1572 12
940 1548 1026 1580 Qam
1046 1556 1106 1581 pro·
1171 1551 1191 1575 i.
1211 1549 1362 1576 deminuunt.
1376 1550 1409 1575 al.
1427 1548 1598 1575 distimulant.
1634 1549 1706 1585 Cons.
1720 1555 1910 1578 DISTIMVLO.
1946 1580 1949 1581 .

68 1579 165 1607 babilis
183 1583 252 1608 ratio
271 1583 307 1610 est
324 1583 536 1615 obmutescendi‚
561 1582 624 1617 quia
641 1590 753 1615 nequeas
770 1582 869 1608 Orator
888 1582 936 1608 esse
960 1582 1106 1616 perfectus:
1208 1590 1326 1611 DEsT1
1337 1590 1448 1615 NA,ae.
1465 1584 1485 1609 f.
1511 1585 1640 1610 Vinculum
1653 1593 1699 1619 quo
1712 1584 1849 1619 aedificium
1864 1589 2015 1620 continetur,
2026 1594 2121 1616 catena.
2141 1593 2213 1620 Vitr.

68 1622 114 1643 aut
133 1617 161 1643 in
180 1617 328 1645 socordiam
346 1618 483 1653 compelli,
498 1618 561 1653 quia
580 1616 748 1651 desponderis
767 1616 938 1650 sapientiam?
964 1619 982 1642 i.
1000 1621 1106 1651 promit·
1172 1625 1196 1650 5,
1213 1627 1238 1644 12
1249 1621 1277 1644 in
1289 1619 1346 1644 MS.
1360 1618 1494 1645 Philandri
1512 1619 1539 1645 Si
1553 1618 1668 1645 destinae
1681 1627 1751 1645 arcas
1770 1627 1823 1645 non
1837 1621 1972 1653 potuerint
1987 1624 2138 1657 continere;
2166 1627 2216 1655 Sed

25 1666 28 1667 .
67 1659 119 1679 ,m
135 1653 182 1679 tiln'
200 1653 312 1688 deflens,
330 1654 493 1690 &spem-15,
507 1660 530 1679 te
544 1651 610 1688 poffi
627 1651 717 1687 affiqui
729 1651 889 1686 sapientiam.
960 1652 1016 1678 Cic.
1033 1653 1105 1678 Fam.
1116 1665 1153 1689 40
1172 1653 1255 1680 editur
1274 1653 1415 1680 destinatae
1436 1662 1510 1680 arcae
1529 1662 1584 1679 uon
1602 1654 1740 1687 potuerint
1760 1654 1902 1681 contineri.
1957 1659 2016 1683 Alii
2022 1665 2070 1693 per
2083 1661 2214 1688 Columnas

69 1696 107 1720 12,
121 1697 138 1721 9
160 1689 259 1723 Exigua
272 1690 343 1716 enim
361 1691 415 1724 spes
433 1688 469 1715 est.
483 1688 596 1722 Reipub.
611 1696 671 1713 nam
683 1687 784 1712 nullam
796 1695 851 1712 non
863 1686 930 1713 libet
944 1686 1047 1719 dicere,
1061 1688 1105 1713 sed
1171 1690 1297 1723 explicant
1303 1708 1312 1720 ,
1333 1697 1392 1723 quae
1409 1688 1523 1723 aedificia
1535 1687 1676 1724 sustinent:
1704 1697 1763 1723 quae
1781 1690 1834 1715 alia
1850 1699 1908 1716 voce
1929 1691 2087 1727 Telamonet,
2110 1698 2214 1724 Graecig

71 1731 242 1758 quaecunque
261 1725 312 1757 est,
336 1734 366 1751 ea
385 1723 560 1759 despondetur
578 1731 647 1749 anno
660 1721 814 1749 Consulatus
836 1722 876 1747 tui
889 1741 897 1753 ,
920 1725 938 1747 i.
959 1721 1106 1754 destinatur,
1170 1724 1289 1749 Atlantes
1301 1723 1427 1750 dicuntur.
1462 1724 1502 1750 Ac
1507 1723 1570 1757 fitne
1583 1725 1620 1748 ita
1627 1722 1715 1758 fiam-fit
1729 1723 1829 1750 Arnob.
1844 1733 1860 1751 z
1872 1734 1896 1758 p.
1910 1733 1945 1757 92
1970 1727 2035 1754 Non
2048 1730 2104 1763 post
2117 1731 2214 1760 Theu-

66 1762 234 1794 Prommjfm,
305 1761 420 1794 propert,
441 1768 464 1791 3,
479 1767 517 1793 17,
531 1767 560 1789 23
590 1759 664 1783 Hanc
685 1757 770 1790 igitur
788 1756 877 1781 dotem
897 1756 975 1787 virgo
996 1755 1104 1789 despon-
1172 1756 1221 1782 tim
1235 1758 1392 1792 Aegyptium
1407 1764 1451 1785 aut
1463 1758 1519 1793 post
1531 1757 1674 1790 Atlantem,
1685 1764 1714 1784 vt
1727 1758 1835 1793 quidam
1850 1760 1940 1787 ferunt
1953 1762 2124 1797 gestatorem,
2138 1767 2213 1795 baiu-

69 1793 144 1819 ἀει-,π
155 1793 239 1824 hosti,
259 1795 341 1828 Scylla
356 1794 412 1826 Nifi
422 1794 483 1827 filia
495 1794 581 1818 Minoi
599 1799 701 1816 comam
721 1795 862 1823 paternam.
933 1790 990 1815 Cic.
1003 1791 1056 1815 Att.
1073 1798 1106 1822 11,
1171 1790 1226 1816 lum
1236 1811 1243 1823 ,
1255 1793 1394 1818 tibicinem
1411 1794 1489 1820 illum
1501 1802 1529 1820 ac
1543 1793 1672 1820 destinam
1684 1794 1758 1820 caeli.
1794 1795 1927 1830 Corippus
1941 1797 1972 1824 de
1988 1799 2068 1826 Laud.
2083 1802 2174 1830 lustin.
2189 1813 2214 1837 ι,

69 1829 87 1853 6
106 1827 135 1852 L.
148 1836 213 1852 vero
225 1828 350 1853 Lentulus
359 1827 494 1853 Hortensii
508 1827 624 1851 Domum
637 1824 701 1858 fibi,
722 1829 748 1849 et
760 1823 877 1849 Caesaris
892 1822 983 1849 hortos
997 1829 1022 1850 et
1030 1824 1104 1851 Baias
1121 1837 1155 1864 43
1174 1833 1202 1860 17
1225 1827 1256 1852 Et
1270 1827 1392 1853 Thomas
1407 1829 1522 1861 Libycae
1541 1828 1655 1855 nutantis
1692 1829 1797 1857 Destina
1812 1831 1927 1859 Terrae.
1981 1834 2040 1861 md.
2055 1836 2168 1864 Sentent.
2183 1847 2212 1872 2,

68 1860 248 1895 desponderat.
285 1862 344 1887 Hoc
355 1861 406 1893 est,
427 1861 477 1886 Sua
499 1858 698 1894 quodammodo
720 1857 783 1884 haec
805 1857 899 1898 omnia
917 1858 1006 1885 futura
1027 1860 1105 1894 polli-
1172 1870 1209 1895 40
1229 1861 1316 1888 Ruina
1329 1862 1454 1891 adulterii
1467 1864 1598 1899 excipitur
1611 1863 1710 1891 destina
1724 1866 1899 1893 matrimonii.
1935 1868 2009 1904 Cons.
2027 1870 2127 1898 Lucilii
2143 1874 2213 1901 locus

67 1896 182 1923 cebatur.
253 1895 318 1929 Paſji
339 1896 406 1922 Ter.
424 1894 505 1921 Andr.
524 1901 548 1928 5,
571 1896 588 1921 6
607 1900 671 1921 extr.
702 1893 746 1921 Ne
760 1892 913 1928 exspectetis
931 1893 994 1922 dum
1013 1900 1105 1922 exeant
1169 1899 1197 1922 in
1225 1903 1390 1926 EVGIVM.

66 1932 134 1965 huc,
154 1932 224 1958 imm
241 1930 454 1966 despondebi‘ur·
1205 1938 1224 1958 D
1233 1939 1249 1959 E
1258 1940 1271 1959 S
1280 1940 1301 1959 Τ
1310 1940 1320 1959 1
1329 1939 1353 1959 N
1362 1940 1406 1961 Eo
1415 1953 1424 1966 ,
1442 1936 1496 1962 ere.
1532 1935 1627 1962 Dubiae
1644 1932 1806 1962 austoritatis
1820 1936 1935 1964 verbum:
1952 1939 2018 1973 quod
2031 1943 2124 1968 nititur
2139 1944 2211 1970 Codi..

104 1974 341 1998 mzsrousvs,
360 1976 391 2000 a,
411 1975 466 2001 um·
503 1965 596 1992 Partic-
637 1963 784 1998 [ffwvnrda
801 1963 909 1998 uineas]
941 1965 976 1991 Vt
989 1966 1104 2000 Despon-
1169 1967 1237 1993 cibus
1256 1969 1437 2003 aliquotmss.
1474 1970 1529 1996 cte.
1546 1970 1612 1996 Phil.
1626 1977 1649 2002 ς,
1662 1978 1688 2002 33
1701 1979 1723 1996 c.
1739 1979 1763 1996 12
1783 1972 1838 2004 (λιιι
1857 1980 1891 1998 ne
1909 1973 1975 1999 sorti
1996 1975 2105 2008 quidem
2125 1978 2211 2006 som..

65 2004 92 2031 sa
106 2003 200 2038 puella.
237 2002 373 2030 Thalamo
384 2002 495 2029 alicuius
508 2001 633 2035 desponsa
644 2001 723 2034 virgo
735 2000 795 2027 Stat.
809 1999 900 2026 Theb.
916 2009 955 2033 10,
968 2003 1005 2027 61.
1042 2003 1103 2028 Erat
1120 2013 1151 2039 50
1169 2010 1214 2028 nas
1228 2002 1327 2030 nostras
1340 2003 1466 2030 destinuit
1474 2015 1481 2035 ς
1498 2005 1541 2031 sed
1556 2004 1665 2031 libidini
1678 2006 1806 2039 cuiusque
1819 2015 1867 2033 nos
1878 2007 1916 2033 ita
1927 2008 2028 2036 addixit
2042 2017 2087 2037 etc.
2119 2014 2212 2042 Verum

66 2036 191 2074 priuigria
210 2038 322 2065 Antonii
342 2037 464 2073 desponsa
484 2037 590 2065 Caesari
610 2036 676 2063 Vell.
696 2044 721 2067 2,
736 2038 776 2069 65,
789 2044 814 2064 2.
886 2035 941 2062 Cic.
961 2036 993 2063 de
1008 2038 1102 2072 Arusp.
1170 2047 1258 2074 magno
1275 2039 1388 2075 consensu
1399 2042 1453 2065 viri
1464 2039 1532 2066 dosii
1539 2041 1648 2075 probant
1659 2040 1808 2067 destinauit.

66 2075 142 2109 Resp.
156 2076 173 2101 6
185 2083 207 2100 c.
222 2083 233 2107 3
255 2075 307 2101 Cui
320 2083 362 2100 me
375 2074 525 2109 praeripere
537 2072 687 2107 desponsam
700 2071 752 2097 iam
774 2077 799 2097 et
814 2070 967 2098 destinatam
987 2072 1102 2105 laudem,
1205 2079 1223 2099 D
1233 2080 1271 2100 Es
1281 2081 1301 2100 T
1311 2082 1321 2100 1
1332 2080 1379 2100 ΝΟ
1388 2093 1396 2105 ,
1415 2078 1469 2100 are.
1490 2074 1530 2108 Est
1540 2075 1655 2110 firmare.
1692 2075 1765 2101 Caes.
1784 2076 1812 2102 B.
1828 2076 1860 2103 C.
1881 2085 1901 2110 1,
1921 2086 1953 2113 25
1978 2081 2056 2108 Rates
2075 2084 2212 2117 quaterni,

66 2120 148 2145 quum
161 2110 215 2145 ipse
232 2110 288 2137 eius
300 2118 379 2144 opera
396 2116 422 2136 et
434 2108 588 2143 dignitatem
601 2113 626 2133 et
644 2106 752 2133 salutem
770 2108 963 2141 recuperarim,
977 2107 1054 2134 valde
1066 2108 1104 2134 est
1169 2108 1271 2134 ancoris
1283 2117 1315 2134 ex
1328 2115 1443 2143 quatuor
1456 2110 1557 2144 angulis
1571 2108 1725 2136 destinabat.
1757 2110 1835 2138 {dem
1849 2112 1877 2139 B.
1893 2114 1925 2140 G.
1938 2123 1964 2150 7,
1979 2125 2012 2143 22
2036 2118 2149 2153 Laqueis
2162 2120 2212 2147 fal..

68 2146 199 2181 iuiquum.
270 2144 410 2172 Connubia
429 2144 514 2172 Catul.
538 2146 577 2176 63,
596 2145 637 2170 26.
708 2142 765 2169 Cic.
785 2141 818 2169 de
838 2142 959 2169 Prouinc.
974 2144 1051 2170 Cous.
1071 2150 1104 2178 37
1132 2172 1136 2173 ⁷
1171 2152 1212 2169 ces
1224 2143 1387 2176 auertebant‚
1401 2153 1465 2179 quas
1477 2145 1538 2170 cum
1550 2144 1743 2172 destinauerant
1756 2147 1887 2183 (Metaph.
1903 2151 2075 2188 καταχέω-ες)
2094 2159 2212 2183 tormen-

68 2181 175 2208 Habere
187 2180 350 2215 prouinciam
369 2180 448 2207 debet
464 2180 500 2211 is,
517 2184 546 2205 vt
560 2187 616 2206 eam
629 2177 796 2212 desponsam,
812 2186 865 2204 non
879 2178 1010 2205 decretam
1024 2177 1104 2205 habe·
1122 2187 1151 2214 ςς
1168 2179 1203 2204 tis
1223 2178 1370 2213 (funibus)
1388 2179 1517 2206 introrsus
1531 2180 1699 2207 reducebant.
1750 2182 1857 2209 Vitruu.
1872 2191 1896 2217 ς,
1911 2193 1939 2212 12.
1978 2189 2060 2215 Areae
2078 2188 2211 2224 stipitibus

67 2225 97 2245 te
110 2216 241 2243 videatur.
277 2216 349 2243 Idem
361 2217 414 2243 Att.
428 2224 447 2249 1,
460 2217 488 2243 16
514 2215 673 2250 Desponsam
687 2213 792 2240 homini
805 2214 859 2240 iam
873 2213 974 2245 Syriam
987 2213 1083 2243 ademi.
1168 2213 1282 2241 robustis
1304 2221 1330 2241 et
1349 2215 1446 2241 catenis
1464 2215 1576 2242 inclusae
1594 2216 1623 2242 in
1635 2225 1730 2252 aquam
1743 2216 1919 2247 demittendae
1932 2221 2152 2260 destinandaeque
2165 2226 2212 2254 fir.

101 2258 216 2279 DEspo
226 2258 270 2279 Ns
281 2260 289 2278 1
300 2259 336 2285 ο,
352 2252 420 2279 onis.
444 2252 464 2278 f.
500 2250 572 2278 Cael.
585 2249 673 2277 Aurel.
688 2251 762 2275 Acnt.
777 2257 800 2282 3,
815 2254 849 2279 ιε.
1168 2250 1257 2277 miter.
1329 2250 1403 2277 Caes.
1417 2251 1445 2277 B.
1459 2251 1491 2278 G.
1502 2260 1522 2283 3,
1538 2260 1568 2285 14
1586 2252 1734 2287 Funes,qui
1745 2259 1870 2281 antennas
1887 2255 1920 2282 ad
1939 2258 2023 2285 malos
2036 2259 2212 2296 destinabant,

102 2293 121 2313 D
129 2294 146 2314 E
156 2294 168 2314 s
177 2294 192 2313 P
200 2293 219 2314 o
227 2295 249 2314 N
258 2294 272 2313 S
280 2294 299 2314 O
310 2307 318 2320 ,
337 2291 389 2314 are.
424 2288 563 2322 Frequent.
598 2285 688 2312 Aurei.
707 2284 777 2311 Viet.
797 2284 830 2311 de
843 2284 919 2319 Orig.
934 2285 1011 2312 Gent.
1024 2285 1101 2312 Rom.
1166 2294 1238 2320 quam
1253 2283 1379 2312 lethonem
1392 2285 1457 2312 refie
1471 2293 1554 2314 tuetur
1567 2287 1661 2323 Vqffius
1673 2295 1760 2314 contra
1772 2292 1884 2317 virorum
1897 2291 2024 2320 dobiorum
2035 2295 2210 2325 destinebant,

47 2345 49 2349 ,
66 2331 89 2349 e.
109 2331 132 2355 13
153 2317 221 2349 F'ilia
241 2322 294 2348 iam
313 2328 372 2349 ante
390 2322 541 2357 desponsata
559 2320 659 2348 Turno
679 2321 774 2347 fuerat.
828 2321 859 2348 Et
872 2320 978 2348 Meffala
989 2321 1102 2348 Coruin.
1170 2322 1230 2347 Vet.
1244 2321 1324 2348 Glosst
1337 2321 1470 2355 Destinat,
1482 2323 1595 2359 περισπᾷ.
1613 2323 1751 2360 Confanox
1764 2330 1979 2356 DEsTtNATvs.
2086 2329 2107 2368 ἢ
2118 2341 2133 2358 2
2155 2334 2211 2360 Me-

64 2366 90 2393 p.
102 2367 119 2392 9
144 2358 237 2384 Filiam
251 2358 350 2385 Turno
362 2359 523 2386 Rutulorum
535 2357 592 2392 regi
604 2356 778 2391 desponsarat.
1122 2361 1157 2386 60
1169 2357 1238 2392 tuph.
1261 2358 1387 2388 Firmare,
1406 2364 1473 2384 certo
1492 2357 1645 2391 corfiituere.
1681 2359 1756 2394 Virg.
1777 2361 1842 2387 Aen.
1862 2369 1895 2395 2,
1915 2371 1960 2397 ¹29
1988 2365 2020 2391 Et
2038 2374 2081 2392 rue
2098 2367 2210 2396 destinat

100 2400 120 2420 D
129 2400 145 2420 Ε
154 2401 167 2420 s
177 2400 191 2419 r
202 2400 220 2421 ο
229 2401 251 2420 N
262 2400 274 2419 s
283 2401 304 2420 A
313 2400 364 2420 TV
373 2401 385 2421 s
394 2414 403 2427 ,
429 2403 443 2421 a
453 2413 462 2426 ,
487 2402 542 2420 um.
579 2392 672 2419 Partic.
714 2392 727 2425 [
739 2393 929 2424 mmnrtvflaebrot
942 2394 953 2425 ]
994 2391 1050 2419 Cic.
1066 2393 1103 2426 Q
1168 2401 1228 2419 arae
1237 2412 1245 2424 ,
1263 2392 1328 2428 quod
1339 2393 1445 2427 pulchre
1455 2394 1566 2421 Lacerda
1582 2397 1776 2430 interpretatur,
1794 2396 1861 2432 quasi
1879 2399 1983 2436 alligat,
1997 2407 2025 2426 vt
2043 2400 2135 2434 hostiae
2153 2405 2211 2430 alli-

64 2428 184 2462 Fratr.'2,
198 2437 220 2455 11
243 2428 375 2456 Dederam
387 2429 420 2456 ad
435 2435 461 2456 te
473 2429 561 2456 literas
576 2433 667 2460 antea,
693 2426 791 2462 quibus
806 2432 861 2453 erat
875 2427 1015 2461 scriptum,
1033 2427 1103 2454 Tul·
1167 2428 1299 2463 gabantur.
1337 2427 1384 2455 Sed
1395 2428 1507 2463 latiffime
1520 2436 1610 2465 patet,
1623 2437 1648 2456 et
1667 2440 1733 2456 omne
1752 2431 1877 2466 confilium
1893 2443 1923 2460 ac
1959 2435 2089 2469 repositum
2107 2440 2209 2472 comple-

64 2464 128 2494 liam
141 2464 256 2491 nostram
270 2465 409 2499 Crassipedi
428 2465 515 2499 pridie
536 2472 617 2490 nonas
631 2462 730 2497 Aprilis
748 2463 797 2489 esse
817 2462 1004 2496 desponsatam.
1039 2464 1103 2489 Alia
1168 2461 1257 2489 Hitur.
1293 2462 1358 2489 Plin.
1373 2464 1452 2498 Epist.
1466 2473 1489 2497 3,
1501 2473 1514 2497 3
1542 2465 1653 2499 ΒείὶιιιοΙ
1665 2466 1737 2492 enim
1752 2466 1788 2498 (fi
1802 2473 1889 2494 tamen
1903 2478 1920 2494 o
1951 2470 1986 2494 cii
1999 2470 2069 2496 ratio
2082 2474 2208 2505 permise-

64 2501 212 2534 exemplaria
228 2500 318 2526 habent
334 2500 501 2534 Desponsam.
576 2499 748 2533 Desponsata,
762 2504 812 2532 pro
831 2498 965 2533 Desponsa.
994 2498 1101 2524 Sueton.
1168 2499 1222 2529 rit)
1237 2507 1377 2526 excurrere
1391 2499 1450 2526 isto.
1486 2500 1563 2535 Apul.
1579 2502 1644 2528 Met.
1658 2509 1677 2534 4
1696 2511 1720 2535 p.
1734 2506 1770 2532 81,
1783 2511 1796 2533 3
1814 2503 1880 2528 Prie.
1901 2503 2066 2531 Defraudare
2085 2506 2205 2535 destinas.

64 2535 97 2562 in
109 2535 181 2561 Caes.
197 2544 219 2561 c.
234 2544 244 2562 1
271 2535 378 2562 Dimissa
397 2536 528 2567 Cossutia,
543 2543 610 2570 quae
630 2534 734 2561 familia
753 2533 882 2568 equestri,
896 2533 939 2560 sed
958 2532 1102 2560 admodum
1119 2542 1151 2575 63
1167 2534 1248 2575 Plaut.
1264 2534 1367 2574 Mostel.
1381 2543 1409 2567 4,
1422 2544 1445 2568 2,
1459 2540 1487 2568 58
1523 2536 1614 2569 Qud?
1634 2544 1676 2561 eas
1691 2536 1782 2577 quanti
1797 2536 1925 2564 destinat?
1946 2545 2000 2565 TR.
2020 2540 2143 2568 Talentis
2151 2553 2206 2571 ma-

66 2569 139 2597 diues
151 2576 312 2605 praetextato
324 2571 476 2606 desponsata
489 2571 590 2602 fuerat,
603 2576 648 2596 etc.
1167 2578 1224 2604 gnis
1238 2569 1351 2595 tondem
1365 2575 1431 2603 quot
1445 2579 1494 2603 ego
1509 2577 1534 2596 et
1548 2576 1576 2596 tu
1591 2571 1689 2596 sumus.
1729 2571 1780 2595 Hrc
1792 2578 1814 2596 et
1828 2571 1896 2598 Pers.
1911 2582 1941 2606 4,
1953 2584 1982 2608 4,
1997 2583 2034 2608 115
2068 2577 2206 2606 Destinare

101 2612 120 2632 D
129 2613 167 2633 Es
176 2613 191 2633 Ρ
200 2613 219 2633 0
229 2613 249 2631 N
260 2613 272 2633 s
282 2613 304 2632 A
312 2614 333 2633 Τ
343 2615 352 2633 1
360 2614 379 2634 ο
388 2627 396 2639 ,
416 2607 482 2633 onis.
514 2607 533 2632 f.
571 2604 698 2640 Promiffio
709 2603 859 2639 futurarum
875 2607 1031 2639 nuptiarum.
1059 2605 1102 2631 Ita
1168 2603 1201 2638 est
1214 2607 1316 2630 emtione
1326 2604 1407 2639 satia
1419 2605 1579 2630 arrhabonem
1591 2604 1664 2635 dare,
1679 2611 1800 2632 caeterum
1806 2610 1918 2641 pretium
1929 2612 1957 2634 in
1970 2609 2033 2636 diem
2046 2611 2160 2647 differre⁷
2175 2621 2206 2642 vt

65 2644 142 2675 accip.
156 2641 173 2669 l.
187 2651 206 2674 4
226 2642 352 2668 Decretal.
370 2643 413 2668 tit.
424 2642 456 2668 de
469 2640 590 2667 clandest.
601 2641 747 2674 desponsat.
770 2647 794 2666 et
812 2639 830 2666 l.
845 2642 863 2666 6
881 2640 923 2666 tit.
945 2639 977 2670 de
992 2639 1101 2673 despon-
1167 2640 1279 2675 obstruat
1292 2640 1398 2665 Gronou.
1420 2640 1492 2678 ‘Huc
1509 2641 1582 2665 etiam
1601 2639 1683 2679 refert
1699 2640 1805 2667 Gronou.
1826 2641 1859 2667 ad
1873 2643 1926 2670 Att.
1942 2652 1978 2674 12,
1993 2653 2017 2677 31
2045 2647 2091 2674 Te
2103 2658 2206 2684 putare,

66 2675 166 2702 satione
179 2676 357 2709 impuberum.
390 2676 511 2703 Tertull.
532 2676 564 2701 de
579 2676 684 2710 Virgin.
697 2674 800 2701 veland.
818 2683 841 2700 e.
855 2683 877 2700 ιι
908 2673 948 2700 Ad
966 2673 1100 2708 desponsa·
1166 2674 1184 2700 fi
1199 2673 1378 2700 addiderimus
1390 2673 1480 2706 ahud,
1499 2682 1514 2700 a
1528 2683 1582 2708 quo
1593 2675 1724 2709 refugiat,
1736 2684 1797 2702 cum
1815 2676 1849 2704 ab
1869 2677 1926 2712 ipso
1946 2679 1974 2706 id
1993 2681 2075 2709 fuerit
2094 2685 2206 2713 destina-

64 2711 165 2737 tionem
182 2711 276 2737 velari,
1117 2720 1152 2747 70
1166 2715 1240 2740 tuin,
1253 2707 1434 2735 venditurum.
1471 2710 1502 2734 Et
1517 2718 1550 2742 ι3,
1562 2717 1588 2741 33
1618 2709 1658 2736 De
1671 2711 1780 2749 nomine
1794 2717 1823 2738 tu
1841 2713 1945 2741 videbis
1963 2724 2023 2742 cum
2036 2718 2139 2753 Cispio:
2160 2721 2205 2749 sed

100 2752 189 2772 DESP
199 2752 217 2771 0
227 2751 328 2772 NSAT
338 2750 401 2775 oR,
419 2743 483 2770 oris.
503 2753 539 2770 m.
575 2741 707 2776 Promiffor
723 2745 874 2777 nuptiarum.
894 2743 948 2769 ICt.
963 2741 992 2768 in
1004 2742 1081 2769 Cod.·
1165 2743 1183 2770 fi
1202 2743 1307 2770 Plancus
1325 2743 1452 2776 destinat,
1469 2748 1526 2770 tum
1545 2743 1624 2771 habet
1642 2753 1681 2771 res
1701 2744 1891 2775 difficultatem.
1961 2752 2033 2779 Caes.
2054 2754 2081 2780 B.
2095 2756 2125 2782 C.
2143 2765 2163 2789 1,
2176 2765 2205 2790 33

100 2787 118 2806 D
127 2788 143 2807 E
152 2788 164 2807 g
174 2788 188 2807 P
198 2787 217 2806 R
228 2787 243 2806 E
252 2787 273 2807 T
282 2788 340 2812 vs,
359 2788 390 2811 a,
411 2788 464 2805 um.
501 2780 570 2806 Part.
605 2779 618 2813 [
634 2777 812 2813 καταφρόνητος
824 2779 837 2812 ]
872 2777 955 2804 Valde
988 2779 1099 2812 spretus,
1165 2778 1274 2804 Infefiiis
1295 2778 1339 2810 iis,
1356 2787 1425 2813 quae
1438 2787 1516 2812 agere
1529 2779 1713 2807 destinauerat.
1771 2783 1823 2809 Cui
1836 2784 1936 2811 nubere
1949 2787 2067 2815 Caesaris
2079 2799 2147 2818 vxor
2162 2793 2208 2819 de-

63 2815 160 2844 Festus.
185 2815 243 2841 Vid.
265 2823 283 2842 D
292 2822 308 2842 Ε
317 2823 330 2842 s
339 2823 354 2842 P
363 2821 405 2842 ER
414 2822 435 2841 N
445 2821 474 2841 O.
507 2817 511 2820 ’
1165 2814 1242 2840 stinat
1261 2814 1379 2840 quenal.
1394 2822 1432 2846 10,
1446 2823 1499 2846 330.
1553 2815 1655 2842 Primus
1667 2816 1816 2844 Leonnatus
1834 2820 2018 2849 Macedoniam
2032 2834 2205 2862 praeoccupa.

98 2858 143 2878 DE
153 2852 296 2882 εΡῐῖΜο,
320 2855 373 2877 are.
409 2846 567 2884 [ἓποιφρίζω]
602 2847 704 2882 spumas
715 2846 816 2882 auferre
833 2846 898 2872 Plin.
912 2848 953 2879 36,
966 2854 993 2879 25·
1019 2847 1098 2873 Fasti·
1165 2858 1194 2875 re
1216 2848 1391 2875 destinauerat
1410 2850 1479 2884 Nep.
1493 2855 1527 2882 18,
1541 2859 1567 2883 2,
1581 2861 1608 2885 4.
1680 2852 1740 2878 Liu.
1755 2861 1791 2885 21,
1830 2874 1836 2881 .
1876 2875 1882 2882 .
1917 2857 1943 2883 Si
1964 2858 2014 2884 hoc
2035 2861 2100 2887 bene
2119 2862 2203 2891 fixum

64 2887 137 2921 gium
150 2895 216 2913 vero
236 2886 335 2912 seruari
350 2886 379 2911 in
392 2886 469 2919 pedes
481 2884 561 2910 denos
577 2883 741 2914 sescuncem,
764 2891 793 2908 ac
813 2881 955 2916 diligenter
973 2887 1032 2908 cote
1053 2881 1097 2908 de·
1117 2885 1150 2914 75
1165 2883 1306 2917 omnibus,
1325 2884 1534 2920 destinatumque
1548 2886 1576 2912 i„
1589 2886 1680 2913 animo
1695 2888 1746 2920 est,
1762 2889 1861 2916 iterum
1877 2891 1973 2926 dicam,
1985 2895 2092 2922 vicistis.
2128 2899 2201 2925 Idem

21 2928 23 2931 ,
63 2923 199 2957 spumare,
213 2921 373 2956 quernisque
391 2920 486 2947 axibus
504 2918 683 2946 contabulare.
718 2916 792 2944 Idem
810 2926 848 2948 22,
862 2925 906 2950 24.
941 2917 1009 2944 Add.
1031 2918 1097 2945 Scri·
1164 2927 1190 2954 7,
1204 2928 1231 2952 33
1252 2919 1326 2946 Adeo
1345 2927 1432 2947 morte
1451 2921 1504 2947 sola
1522 2921 1595 2947 vinci
1611 2921 1805 2951 destinauerant
1822 2927 1926 2954 animis.
1964 2930 2031 2956 Δάαι
2051 2932 2087 2958 Id.
2101 2938 2141 2965 28,
2157 2943 2201 2968 24·

64 2958 126 2985 bon.
139 2965 182 2992 70.
195 2959 237 2990 96.
253 2964 305 2990 143.
342 2956 415 2991 Virg.
430 2957 527 2990 Georg.
543 2963 562 2985 Ι,
577 2955 628 2987 296
654 2955 685 2980 Et
704 2953 777 2979 foliis
790 2952 885 2979 vndatn
905 2953 990 2987 tepidi
1006 2953 1098 2988 despu-
1165 2956 1204 2982 De
1218 2964 1266 2987 eo,
1279 2955 1352 2990 quod
1366 2956 1554 2989 destinaueris,
1565 2966 1621 2984 non
1638 2959 1697 2985 sunt
1717 2960 1887 2994 consulendi,
1901 2963 1998 2997 quibus
2018 2968 2141 2994 consultis
2154 2970 2202 2996 ob-

63 2999 117 3021 mat
129 2993 215 3020 aheni.
253 2994 300 3018 Per
313 2994 508 3019 translationem.
544 2990 611 3017 Pers.
625 2998 648 3021 3,
659 2998 671 3022 3
700 2989 838 3015 Stertinius
851 2988 1012 3015 indomitum
1026 2989 1098 3024 quod
1164 2991 1239 3026 sequi
1253 2990 1348 3018 debeas
1362 2992 1428 3018 Plin.
1441 2992 1520 3026 Epist.
1534 3001 1560 3026 9,
1573 3001 1606 3026 13.
1676 2994 1782 3021 Sueton.
1796 2996 1823 3022 in
1837 2998 1909 3024 Caes.
1923 3008 1945 3025 c.
1958 3010 1997 3034 44
2022 3001 2061 3028 De
2074 3004 2201 3038 amplian-

65 3029 215 3064 despumare
234 3028 373 3055 Falernum
408 3025 532 3054 Sufficiat.
603 3025 660 3051 Seu.
681 3024 759 3058 Epist.
781 3033 827 3051 100
846 3026 903 3057 (99)
941 3025 1031 3057 Quini
1051 3025 1098 3051 ali·
1164 3026 1199 3053 do
1214 3026 1329 3060 imperio
1348 3026 1422 3060 plura
1436 3032 1481 3053 aut
1498 3027 1601 3055 maiora
1613 3028 1642 3054 in
1654 3028 1709 3056 dies
1727 3030 1880 3059 destinabat.
1898 3036 1916 3059 i.
1936 3035 2059 3069 Panthu,
2073 3039 2202 3069 constitue-

23 3062 26 3065 .
64 3064 129 3099 quid
149 3063 315 3091 lacrimarum
332 3062 438 3089 affe&us
458 3060 597 3092 effiiderit,
622 3065 648 3086 et
666 3065 696 3086 vt
714 3060 752 3086 ita
770 3059 871 3092 dicam,
896 3059 1098 3095 despumauerit.
1111 3065 1144 3092 80
1162 3062 1220 3094 bat,
1231 3062 1388 3089 deliberabat.
1426 3063 1505 3089 Caius
1518 3063 1536 3090 l.
1549 3063 1597 3090 vlt.
1616 3064 1645 3090 in
1661 3066 1743 3099 princ.
1765 3067 1796 3092 D.
1812 3067 1845 3093 de
1857 3068 2002 3096 verborum
2022 3069 2130 3108 obligat.
2171 3075 2199 3102 Si

65 3098 194 3133 Intratzfit.
214 3099 270 3125 Sen.
285 3098 317 3125 de
329 3100 371 3125 Ira
384 3107 407 3131 2,
443 3117 450 3124 .
487 3117 494 3124 .
529 3095 618 3123 Labor
631 3095 692 3122 illos
705 3096 771 3122 citra
783 3094 954 3122 laditudinem
969 3102 1099 3131 exerceat,
1164 3098 1253 3124 seruus
1266 3103 1312 3124 aut
1325 3097 1396 3124 filius
1409 3098 1493 3125 famil.
1506 3098 1543 3125 ita
1558 3099 1694 3134 stipulatus
1707 3100 1749 3127 sit:
1775 3102 1840 3129 Rem
1856 3103 1929 3130 illam
1942 3111 1988 3131 aut
2006 3105 2079 3134 illam
2088 3129 2096 3140 ,
2108 3119 2199 3138 virum

63 3141 94 3162 vt
105 3135 239 3161 minuatur
251 3143 305 3161 non
325 3135 491 3161 consumatur
510 3132 595 3162 calor,
615 3131 768 3166 nimiusque
787 3130 833 3157 ille
847 3131 941 3158 feruor
954 3131 1096 3166 despumet.
1163 3142 1213 3167 ego
1226 3133 1322 3160 velim:
1347 3142 1402 3160 non
1414 3140 1488 3169 pater
1507 3134 1679 3167 domimum,
1691 3136 1734 3163 sed
1748 3136 1817 3163 filius
1832 3139 1955 3168 seruusue
1974 3141 2102 3170 destinare
2116 3144 2148 3171 de
2162 3146 2198 3172 al-

67 3173 86 3197 i.
104 3170 168 3206 quast
183 3168 266 3196 Eieita
275 3170 362 3206 spuma
376 3168 487 3202 resideat.
523 3167 597 3203 Conf.
618 3173 763 3194 DISPVM
775 3172 806 3193 0.
1162 3174 1264 3196 terutra
1277 3168 1364 3195 debet.
1433 3169 1498 3196 Plin.
1509 3170 1587 3204 Epist.
1602 3180 1641 3203 10,
1655 3176 1682 3204 83
1711 3172 1765 3205 Ego
1784 3181 1798 3199 a
1811 3173 1944 3201 destinatis
1958 3176 2116 3205 Censoribus
2131 3181 2198 3214 quid

64 3218 66 3227 ι
102 3211 346 3238 DESPVMANS,
365 3205 440 3231 antis.
476 3205 543 3230 Part.
579 3202 655 3238 Vulg.
674 3202 730 3229 Iud.
749 3202 828 3237 Epist.
843 3211 876 3234 13.
1164 3205 1296 3231 censerem
1321 3204 1511 3239 interrogatus,
1530 3214 1591 3238 eos,
1604 3213 1651 3233 etc.
1720 3208 1806 3234 Muris
1836 3209 1966 3236 ambitum
1993 3213 2065 3239 Curt.
2085 3224 2113 3247 4,
2131 3220 2154 3248 8,
2174 3225 2197 3243 2,

104 3246 316 3267 DESPVMAT
326 3248 346 3266 v
356 3247 386 3273 s,
405 3249 434 3273 a,
452 3248 507 3266 um.
542 3239 610 3264 Part.
647 3239 833 3272 Despumatum
847 3237 899 3264 mel
913 3238 982 3264 Cels.
995 3246 1018 3269 3,
1030 3239 1056 3264 6.
1074 3244 1098 3264 et
1117 3241 1146 3272 85
1163 3240 1295 3267 Destinari
1307 3240 1369 3266 foro
1382 3241 1513 3274 Quinffll.
1527 3249 1549 3273 2,
1563 3246 1586 3274 8,
1599 3246 1621 3272 8.
1691 3243 1758 3269 Cels.
1772 3252 1795 3275 3,
1806 3252 1825 3276 4
1853 3245 2014 3280 Asclepiades
2028 3248 2075 3274 vbi
2089 3258 2199 3284 aegrum

71 3273 176 3302 Thena.
188 3276 308 3303 Priscian.
323 3285 343 3308 ι,
360 3284 398 3310 17.
433 3274 632 3301 Libramentum
645 3274 755 3300 Vitruu.
771 3281 798 3308 7,
811 3282 837 3306 4.
875 3273 945 3300 Faba
952 3273 1025 3307 Apic.
1039 3281 1062 3306 5,
1075 3282 1097 3306 3.
1162 3276 1253 3302 triduo
1274 3284 1320 3310 per
1339 3276 1429 3302 omnia
1447 3277 1585 3311 fatigarat,
1610 3282 1704 3311 quarto
1726 3277 1770 3304 die
1795 3279 1855 3306 cibo
1880 3281 2031 3309 destinabat.
2108 3286 2198 3315 Alieni

107 3315 217 3338 DESPV
227 3317 358 3338 MATlo
369 3331 377 3343 ,
395 3311 463 3337 onis.
484 3310 503 3336 f.
525 3309 645 3336 Tertull.
660 3308 692 3335 de
705 3310 789 3336 Carne
804 3308 904 3335 Christi
916 3318 938 3335 c.
954 3317 990 3341 19.
1164 3311 1235 3338 diem
1250 3311 1319 3338 necis
1332 3311 1389 3338 Cic.
1402 3311 1454 3338 Off.
1467 3320 1490 3344 3,
1504 3319 1536 3344 45
1548 3321 1569 3338 c.
1585 3320 1622 3338 10.
1677 3314 1708 3339 Et
1721 3313 1787 3340 Plin.
1802 3315 1880 3349 Epist.
1896 3325 1921 3348 9,
1934 3319 1968 3342 26
1979 3325 2043 3344 extr.
2069 3320 2197 3349 Dummo-

106 3350 260 3379 DESon‚
284 3347 329 3379 ni,
354 3349 445 3378 situm,
472 3347 525 3372 ere.
562 3346 574 3379 [
588 3344 747 3378 καταπτύω]
784 3344 851 3371 Idem
868 3344 932 3380 quod
950 3345 1051 3379 Spuere‚
1068 3347 1097 3371 in
1164 3346 1198 3373 do
1211 3347 1264 3373 iam
1283 3356 1352 3373 nunc
1370 3347 1481 3373 destines
1499 3347 1586 3380 diem,
1599 3356 1654 3381 quo
1672 3354 1698 3374 et
1712 3349 1743 3375 de
1757 3349 1825 3381 illis,
1840 3357 1866 3377 et
1879 3351 1911 3377 de
1930 3351 1969 3377 his
1988 3362 2076 3381 coram
2090 3356 2197 3385 exivere

63 3382 165 3416 primis*
176 3378 285 3416 deorsum.
320 3382 454 3417 Symbolum
472 3387 526 3412 erat
543 3380 725 3415 deprecantium
743 3386 767 3406 et
786 3380 978 3406 abominandum
991 3379 1097 3416 aliquid.
1162 3382 1293 3417 pommus.
1368 3382 1506 3409 adduntur
1521 3392 1535 3409 e
1548 3383 1662 3409 seruitiis
1675 3384 1834 3418 gladiaturae
1850 3386 1970 3413 destinati
1989 3388 2079 3416 Tacit.
2094 3378 2160 3418 Anii.
2174 3404 2196 3426 3,

70 3414 178 3448 Despuit
192 3413 220 3439 in
232 3416 320 3442 molles
332 3422 358 3443 et
369 3417 419 3444 fibi
432 3417 542 3451 quisque
551 3416 619 3442 sinus
632 3415 740 3442 Tibull.
756 3424 775 3448 1,
790 3423 802 3448 5
816 3422 880 3442 extr.
916 3414 990 3441 Idem
1003 3424 1023 3448 1,
1032 3424 1058 3448 2,
1065 3423 1098 3449 34
1120 3428 1155 3453 90
1163 3427 1205 3453 43.
1276 3417 1375 3445 Nescio
1394 3426 1427 3444 an
1439 3418 1591 3450 Anticyram
1608 3419 1678 3445 ratio
1698 3420 1752 3446 illis
1772 3419 1880 3447 destinet
1898 3430 2004 3449 omnem
2025 3425 2092 3452 Hor.
2108 3428 2158 3454 Sat.
2172 3438 2197 3462 2,

69 3451 130 3478 Ter
141 3457 219 3481 cane,
235 3454 274 3476 ter
291 3450 365 3479 dietis
382 3453 477 3487 despue
495 3450 665 3478 carminibus.
707 3450 764 3477 Vid.
785 3450 869 3478 Schol.
892 3452 983 3478 quen.
1003 3451 1053 3477 Sat.
1069 3459 1096 3486 7,
1162 3462 1186 3486 3,
1199 3458 1235 3486 83.
1306 3453 1430 3488 Aliquem
1449 3454 1563 3488 imperio
1582 3454 1664 3480 Ouid.
1684 3456 1747 3481 Met.
1762 3464 1796 3488 ι5,
1808 3464 1829 3487 3.
1901 3457 2057 3492 Desponsam
2076 3468 2103 3488 et
2120 3463 2196 3491 desti-

70 3494 119 3513 112.
156 3485 221 3510 Plin.
237 3488 274 3516 28,
290 3495 304 3518 ιι.
335 3487 430 3514 Eadem
442 3487 546 3514 ratione
558 3492 632 3513 terna
644 3486 769 3521 despuere
783 3485 968 3521 deprecatione
980 3487 1008 3513 in
1021 3487 1097 3513 omni
1162 3495 1250 3516 natam
1267 3488 1371 3516 laudem
1384 3490 1464 3515 alicui
1482 3490 1631 3524 praeripere
1649 3490 1703 3517 Cic.
1718 3490 1750 3516 de
1764 3490 1855 3525 Arusp.
1874 3492 1950 3527 Resp.
1964 3495 1988 3520 6.
2060 3497 2198 3527 Destinare

67 3520 200 3549 medicina
218 3528 274 3545 mos
293 3520 336 3547 est.
403 3523 501 3557 Teque
513 3522 622 3549 obsecro
640 3521 736 3554 hercle,
750 3527 779 3548 vt
791 3530 858 3556 quae
873 3522 975 3548 locutus
988 3522 1097 3557 despuas
1162 3525 1242 3551 alicui
1260 3533 1385 3559 generum
1404 3525 1513 3558 Qun&
1527 3527 1543 3551 6
1557 3525 1597 3551 Pr.
1614 3533 1647 3557 13.
1715 3525 1844 3552 Destinari
1864 3526 1896 3553 ad
1908 3534 2020 3556 mortem
2041 3532 2102 3560 Liu.
2113 3543 2138 3567 ε,
2154 3543 2196 3569 54.

68 3557 149 3585 Plaut.
169 3554 237 3582 Asin.
259 3563 279 3587 1,
294 3563 314 3587 ι,
327 3558 366 3583 26.
433 3558 550 3592 Templa
568 3564 597 3584 vt
616 3557 690 3584 busta
709 3556 870 3592 despiciunt,
884 3558 953 3584 Deos
970 3557 1098 3592 despuunt
1162 3560 1295 3587 Destinata
1307 3560 1388 3587 alicui
1401 3561 1525 3595 pecunia,
1539 3559 1656 3593 Promiffiz
1668 3561 1728 3594 le.
1742 3561 1769 3586 in
1783 3560 1800 3586 l.
1814 3570 1829 3587 a
1842 3563 1864 3588 A
1876 3562 1941 3589 diuo
1956 3565 2003 3591 Pio
2024 3567 2056 3593 D.
2069 3568 2101 3594 de
2114 3579 2144 3596 re
2157 3571 2197 3597 iu.

68 3592 136 3620 Min.
149 3591 224 3618 Felix
239 3599 260 3616 c.
276 3594 297 3619 8.
364 3592 450 3619 Mores
467 3593 577 3620 alicuius
597 3593 736 3628 despuere,
755 3596 773 3619 i.
789 3599 939 3620 contemnere
957 3593 1049 3620 Claud.
1064 3593 1096 3620 de
1112 3601 1145 3629 95
1163 3595 1255 3622 dicata.
1327 3595 1388 3622 Liu.
1401 3601 1442 3627 28,
1456 3605 1491 3628 40
1522 3597 1611 3629 qum
1624 3595 1740 3622 Africam
1759 3605 1857 3624 nouam
1870 3598 2037 3633 prouinciam
2057 3611 2129 3632 extra
2144 3607 2197 3632 sor-

69 3628 115 3655 IV.
124 3627 200 3654 Cons.
215 3627 285 3652 Hon·
298 3633 355 3658 403·
423 3628 554 3663 Despuere
567 3629 596 3655 in
609 3638 709 3661 mores,
723 3628 879 3655 Abominari.
934 3630 1002 3656 Pers.
1020 3637 1048 3662 4,
1063 3638 1096 3662 34
1162 3636 1216 3657 tem
1228 3630 1346 3665 Scipioni
1366 3629 1488 3658 destinari
1501 3630 1618 3657 hominis
1629 3631 1697 3656 fama
1711 3630 1818 3658 ferrent.
1888 3634 1908 3660 F
1910 3635 2016 3671 ortique
2029 3640 2127 3666 marito
2144 3643 2196 3668 De-

69 3663 110 3691 Est
128 3671 209 3697 prope
228 3667 253 3688 te
273 3661 377 3694 ignotus
394 3662 481 3689 cubito
500 3664 546 3698 qui
563 3670 665 3699 tangat,
687 3669 713 3691 et
732 3673 790 3691 acre
829 3665 942 3698 Despuat
956 3664 985 3690 in
998 3673 1094 3690 mores.
1162 3666 1240 3692 stinet
1257 3674 1369 3692 vxorem
1387 3667 1454 3694 Hor.
1474 3667 1523 3693 Sat.
1537 3675 1561 3696 2,
1578 3674 1599 3697 3,
1612 3673 1664 3698 217-
1734 3666 1794 3693 Liu.
1816 3675 1858 3701 ει,
1895 3689 1902 3696 .
1940 3690 1947 3697 .
1984 3673 2124 3701 Asdrubali
2143 3677 2197 3703 fra-

69 3698 134 3725 Plin.
147 3703 187 3730 28,
200 3705 219 3730 4
248 3696 402 3730 Despuimus
421 3699 562 3726 comitiales
581 3700 689 3726 morbos
698 3719 705 3731 ‚
720 3699 770 3726 hoc
784 3699 836 3731 est,
850 3700 979 3734 Contagia
997 3699 1096 3733 regeri·
1162 3701 1198 3728 tri
1214 3701 1275 3728 viro
1289 3701 1405 3736 impigro
1419 3711 1477 3729 eam
1492 3701 1655 3735 prouinciam
1669 3697 1786 3729 destinat.
1858 3704 1971 3732 Puellam
1980 3727 1988 3739 ‚
1998 3715 2046 3743 pro
2059 3712 2196 3746 Despondf.

68 3742 134 3760 mus.
176 3732 232 3759 Vid.
247 3732 328 3758 Plaut.
344 3732 417 3765 Capt.
430 3739 452 3762 3,
465 3740 492 3765 4,
505 3739 529 3763 18
553 3735 610 3761 Illic
627 3731 687 3768 isti,
701 3735 749 3770 qui
762 3736 880 3770 sputatur
892 3735 1000 3761 morbus
1015 3736 1096 3761 inter·
1160 3746 1202 3764 rt:
1223 3737 1290 3763 Plin.
1306 3737 1385 3772 Epist.
1399 3745 1422 3770 ς,
1435 3739 1464 3763 ι6
1488 3738 1542 3763 Iam
1563 3735 1687 3762 destinata
1708 3743 1763 3763 erat
1781 3739 1889 3773 egregio
1902 3741 2010 3774 iuueni,
2023 3744 2076 3770 iam
2095 3746 2193 3773 electus

68 3769 132 3795 dum
144 3768 225 3794 venit.
262 3769 293 3793 Et
300 3774 327 3801 p.
340 3774 366 3802 p.
383 3766 482 3792 Multos
490 3767 647 3797 istemorbus
660 3771 781 3797 homines
795 3776 922 3802 macerat,
936 3770 1041 3803 Quibus
1056 3770 1095 3797 in·
1105 3778 1153 3797 100
1160 3772 1314 3807 nuptiarum
1333 3772 1398 3799 dies.
1433 3771 1500 3799 Add.
1519 3770 1558 3797 1d.
1574 3772 1600 3802 6,
1613 3773 1647 3797 26
1653 3778 1699 3806 pr.
1734 3773 1781 3799 Sed
1795 3775 1828 3801 ad
1844 3780 1969 3803 ontionem
1988 3782 2059 3804 etiam
2075 3786 2192 3814 pertinet.

68 3804 167 3838 sputari
183 3802 260 3830 saluti
277 3803 338 3829 fuit.
391 3801 465 3835 Apul.
478 3803 553 3835 Apoi.
568 3813 592 3838 p.
605 3814 652 3837 302
664 3806 725 3832 med.
763 3807 865 3832 Possunt
884 3806 971 3833 dicere
992 3815 1095 3841 omnes,
1160 3808 1241 3835 Plaut.
1255 3808 1322 3834 Rud.
1336 3809 1405 3835 Prol.
1420 3815 1451 3840 45
1480 3805 1520 3832 Ad
1539 3805 1663 3833 lenonem
1683 3807 1805 3840 deuenit,
1830 3811 1911 3837 Minis
1931 3813 2038 3847 triginta
2057 3815 2104 3841 fibi
2120 3817 2193 3850 puel.

69 3839 132 3872 quid
150 3839 179 3865 in
196 3837 298 3865 Thallo
316 3837 447 3871 despuant.
490 3838 569 3863 Etiam
590 3839 631 3866 hic
650 3841 679 3868 de
701 3843 822 3868 comitiali
845 3842 926 3868 morbo
946 3842 1028 3878 sermo
1051 3840 1094 3876 est.
1161 3844 1212 3870 lam
1221 3843 1346 3876 destinat,
1365 3844 1466 3876 Datque
1474 3840 1660 3874 arrhabonem,
1676 3849 1701 3868 ct
1714 3844 1772 3870 iure
1787 3846 1899 3872 iurando
1907 3848 2006 3882 alligat,
2019 3852 2124 3876 lenonem
2131 3852 2192 3885 Jcil.

67 3874 157 3901 Preces
175 3873 284 3900 alicuius
303 3873 427 3907 despuere
446 3872 531 3898 Catul.
546 3879 586 3906 50,
602 3883 637 3907 19.
706 3876 770 3910 Paffi
790 3877 857 3904 Plin.
875 3884 917 3909 ιο,
933 3886 961 3910 23
1001 3877 1095 3904 Simul·
1161 3880 1245 3905 Reum
1266 3878 1410 3909 destinare,
1430 3876 1515 3902 adhue
1535 3882 1622 3903 tamen
1645 3878 1697 3905 fine
1718 3880 1825 3906 nomine
1852 3881 1917 3907 rlin.
1939 3892 1963 3915 9,
1985 3892 2020 3915 13,
2034 3892 2058 3918 7.
2130 3886 2191 3912 Liu.

68 3917 120 3944 que
131 3909 290 3936 comitialem
303 3916 411 3943 propter
424 3907 563 3939 morbum,
574 3907 665 3944 despui
675 3911 786 3940 suetum.
823 3914 854 3939 Et
866 3915 1018 3950 impersonal.
1032 3913 1094 3941 Liu.
1160 3922 1197 3947 35,
1236 3933 1242 3940 .
1280 3933 1287 3939 .
1322 3914 1421 3939 Romae
1434 3911 1595 3938 destinabant
1608 3913 1716 3947 quidem
1730 3915 1893 3942 sermonibus
1910 3917 2008 3944 hostem
2022 3920 2193 3953 Antiochum,

67 3951 92 3979 5,
104 3952 140 3978 40
159 3943 211 3972 Vbi
223 3952 291 3972 nunc
304 3944 394 3980 despui
408 3943 504 3979 religio
515 3942 561 3970 est.
711 3980 717 3982 .
1105 3953 1151 3981 105
1159 3949 1203 3977 sed
1218 3947 1353 4012 ηἱὴίῑάιὲω
1366 3947 1397 3974 ad
1411 3947 1439 3974 id
1452 3947 1550 3975 bellum
1562 3954 1666 3984 praeter
1676 3950 1778 3978 animos
1790 3952 1922 3986 parabant.
1994 3953 2064 3981 Sorti
2082 3955 2192 4017 desti-na-

1366 3991 1383 4010 2
2094 3997 2124 4017 te
2149 3999 2192 4019 01¹·-
