2479 4225
274 230 338 267 339
654 207 909 251 ELI

277 305 373 331 mensas
386 301 505 328 iucundis
516 306 542 326 et
554 299 698 326 numerosis
712 298 819 332 dapibus
831 299 946 333 exornat.
984 291 1039 333 Cic.
1052 289 1127 332 Verr.
1139 298 1167 329 4,
1180 292 1210 320 98
1224 295 1244 312 c·
1258 294 1299 318 44-

276 339 352 368 Vide,
360 347 390 363 ne
405 338 448 362 ille
464 344 518 362 non
539 336 623 361 solum
641 333 821 368 temperantia,
842 330 883 356 sed
901 335 979 355 etiam
995 328 1169 366 intelligentia
1182 329 1206 361 te
1219 327 1298 363 atque

280 374 350 404 istos,
364 372 409 406 qui
424 373 446 397 se
462 371 589 405 elegantes
610 370 663 396 dici
682 369 788 397 volunt,
802 365 904 391 vicerit.
975 363 1106 397 Elegantes
1119 361 1159 401 hic
1171 360 1243 393 sunt,
1256 366 1297 396 Qut

277 409 392 435 iudicium
405 415 485 433 rerum
494 407 652 442 pulchrarum
664 403 764 434 habent,
783 400 842 436 quid
851 398 980 434 pulchrum
992 398 1042 432 fit,
1056 396 1204 430 intellzgunt.
1240 392 1297 417 Cic-

281 445 350 470 Brut.
367 447 418 475 148.
455 443 542 467 Locum
559 440 663 466 dydimus
676 437 756 471 paullo
775 442 838 462 ante.
872 433 939 461 Atld.
953 433 991 460 Id.
1006 434 1079 459 Orat.
1093 437 1118 463 83
1132 439 1153 455 c.
1166 435 1195 460 ις

281 486 366 505 autem
380 477 579 503 concinnitatem
597 488 640 493 —
656 472 762 498 adhibet
776 470 882 504 quidem
895 469 937 495 hic
950 468 1068 507 subtilis,
1087 465 1129 492 scd
1142 462 1229 498 paullo
1244 470 1300 496 par-

283 514 345 539 ciuS.
382 513 452 538 Nam
466 512 525 537 sicut
540 511 566 535 in
576 507 706 541 epularum
719 510 841 540 apparatu
859 513 873 531 a
885 504 1077 538 magnificentia
1092 500 1226 538 recedens,
1246 505 1300 523 non

283 550 307 575 se
321 557 425 582 parcum
434 547 525 577 solum,
534 543 573 570 sed
581 543 657 568 etiam
665 541 807 575 elegantem
815 539 903 566 videri
915 540 1003 570 volet3
1023 539 1116 571 eliget,
1131 534 1227 573 quibus
1245 538 1301 558 vta-

283 590 339 609 nis:
359 583 400 608 vbi
416 583 449 608 ad
465 587 554 615 courum
573 577 667 603 alludit.
738 575 851 602 Mundus
874 582 899 601 et
919 575 1021 609 elegans
1038 574 1093 599 Cic.
1109 570 1140 596 de
1155 570 1212 595 Fin.
1228 576 1249 599 ε,
1263 576 1299 599 23.

284 619 405 651 Elegans,
419 626 470 643 non
484 612 631 651 Magnificus
646 612 713 650 Nep·
726 618 764 643 252
778 619 815 651 ,139-
826 618 848 643 5·
898 646 903 650 ,
950 645 954 649 ,

284 657 323 680 ria
333 664 340 677 :
395 652 467 678 Pueri
480 658 509 675 ex
522 646 708 681 elegantissimis
720 645 830 671 familiis
842 646 906 672 leeh
925 647 980 672 Cic.
994 652 1041 678 pro
1055 643 1128 669 Rosc.
1143 643 1232 666 Amer.
1248 647 1302 665 120.

287 690 420 718 Facetum,
434 686 547 717 elegam,
562 682 706 708 oratorium
721 681 793 706 Idem
805 680 837 707 de
851 682 922 707 Orat.
940 689 965 712 2,
980 688 1034 712 241.
1107 678 1180 716 Artes
1202 675 1303 715 elegan-

285 730 323 750 tes
336 730 360 749 et
373 723 493 754 ingenuae
511 718 549 744 Id.
564 717 595 743 de
608 717 664 742 Fin.
678 724 701 747 3,
714 724 758 749 49·
828 717 883 742 Cic.
900 717 972 742 Brut.
987 724 1007 740 c.
1020 716 1051 740 62
1081 713 1193 739 Minime
1211 710 1302 751 dignos

285 758 404 792 elegantis
421 759 560 780 conuentus
580 751 699 777 auribus:
718 751 840 784 elegantis
859 749 923 777 refie
943 750 1054 776 iudicare
1072 748 1100 773 de
1115 746 1302 782 pulchritudine

285 793 394 828 conflati.
464 788 615 822 Eloquentia
629 787 773 820 elegantior
787 786 915 819 Qiinelil.
929 795 946 816 1,
959 794 977 811 1.
1250 817 1254 821 ’

285 836 357 862 gans,
371 824 511 855 vrbanum,
526 822 704 856 ingeniosum,
717 821 829 848 facetum
848 822 905 847 Cic.
924 820 976 847 Off.
996 828 1016 850 1,
1038 827 1094 851 104.
1166 819 1303 851 Ingenium

284 861 421 888 iucundum
434 865 458 885 et
471 859 571 892 elegans
588 856 717 890 QrinGtil.
732 865 754 889 ς,
768 865 799 889 ¹3·
867 855 956 882 Ironia
970 856 1024 882 Cic.
1037 855 1069 880 de
1083 854 1234 893 Cim-..Orga
1250 860 1302 883 29¹·

282 897 380 929 Lingua
393 894 476 920 Catul.
491 902 531 927 41,
544 902 570 926 4.
640 892 734 918 Oratio
748 892 828 926 polita
844 891 944 918 vrbana
957 897 982 917 et
994 890 1096 925 elegans
1116 889 1172 915 Cic.
1187 888 1218 914 de
1234 887 1303 913 Clar.

282 932 353 957 Orat.
368 934 416 962 248
436 939 455 955 t·
468 934 507 958 82·
577 928 643 954 Ter·
656 928 720 954 Eun·
734 936 756 960 32
770 936 789 959 1,
803 932 825 957 ¹8
863 926 920 953 Hui
938 935 1025 961 regem
1045 926 1189 959 elegantem
1209 931 1305 949 narras.

281 967 336 992 Cic.
354 965 385 991 de
403 964 472 991 Clar.
494 964 568 990 Orat.
583 966 612 995 63
633 973 654 989 c.
680 965 708 989 16
726 963 754 988 dt
769 962 942 998 Syraciffaviir,
976 961 1053 987 Acuti
1074 960 1146 991 sunt,
1167 959 1306 993 elegantes,
1323 971 1359 990 20

284 1001 378 1032 faceti,
397 1000 499 1026 breues.
568 999 636 1024 Ter.
651 999 713 1024 Eun.
728 1006 750 1030 3,
764 1006 786 1030 ς,
801 1003 825 1027 18
865 999 953 1031 Quini
973 997 1057 1031 ipsum
1075 1003 1118 1021 me
1129 995 1211 1026 noris,
1225 1002 1305 1028 quam

281 1037 383 1070 elegans
400 1035 547 1061 formarum
566 1033 694 1067 spectator
712 1033 788 1059 siem?
830 1033 877 1059 Vbi
896 1034 1027 1065 Donatus,
1050 1031 1158 1065 Elegans
1178 1030 1308 1065 spectator

282 1071 317 1098 est
328 1090 334 1101 ,
354 1071 401 1106 qui
415 1070 444 1096 fit
458 1069 601 1095 ciin&antis
614 1075 638 1094 et
652 1068 775 1094 fastidiosi
796 1067 905 1099 iudicii,
924 1069 966 1094 cui
978 1076 1031 1094 non
1045 1067 1110 1102 quid
1124 1066 1205 1100 placet
1220 1064 1305 1091 facile.

281 1110 322 1133 cui
335 1107 534 1140 interpretationi
539 1104 614 1138 fouet
628 1104 691 1129 Eun.
707 1112 727 1135 ς,
741 1112 762 1136 ς,
775 1112 802 1136 19
815 1111 860 1130 etc.
895 1104 955 1135 Eia„
968 1110 996 1130 vt
1015 1103 1116 1138 elegans
1128 1101 1178 1132 est,
1198 1103 1216 1127 i.
1236 1109 1308 1136 quam

284 1140 426 1175 fastidiosus
447 1143 472 1165 in
496 1138 619 1175 eligendo,
640 1145 669 1164 vt
685 1139 750 1164 nulla
763 1139 802 1165 illi
820 1139 901 1174 puella
915 1141 1020 1174 placent.
1090 1139 1120 1164 In
1135 1136 1246 1163 dicendo
1259 1136 1309 1162 cle·
1326 1147 1357 1174 ²5

284 1185 344 1212 gans
357 1177 411 1203 Cic.
427 1175 458 1201 de
470 1175 537 1200 Clar.
551 1174 623 1200 Orat.
639 1182 684 1205 239
697 1183 718 1200 c.
730 1176 769 1203 68.
836 1174 908 1200 Idem
923 1175 993 1200 Fam.
1008 1182 1035 1208 7,
1050 1182 1079 1205 23
1098 1174 1174 1199 Plane
1186 1173 1257 1198 enim
1271 1171 1309 1197 in-

284 1212 385 1246 telligo,
402 1216 427 1236 te
441 1218 492 1235 non
506 1209 586 1235 modo
599 1208 699 1241 studio,
720 1208 762 1235 sed
775 1208 852 1235 etiam
865 1218 955 1236 amore
969 1210 1043 1235 vsum
1052 1228 1059 1240 ‚
1083 1217 1148 1242 quae
1161 1214 1186 1234 te
1200 1206 1311 1233 delceta-

285 1248 354 1278 rim,
373 1246 505 1272 hominem
526 1247 571 1275 (vt
584 1252 632 1278 ego
646 1244 745 1278 semper
758 1244 890 1276 indicaui)
906 1246 934 1271 in
953 1245 1027 1271 omni
1044 1244 1147 1270 iudicio
1160 1241 1310 1277 elegantiffi-

287 1291 374 1309 mum:
393 1289 458 1315 quae
471 1288 512 1305 uie
524 1279 601 1312 digna
613 1279 711 1313 putaris
726 1280 853 1306 coemisse.
924 1281 1034 1316 Compar.
1054 1279 1138 1306 eatul.
1155 1287 1188 1310 13,
1201 1287 1228 1304 ιο
1260 1278 1308 1303 Seu

286 1316 349 1352 quid
370 1316 486 1346 suauius,
499 1314 675 1348 elegantiusue
688 1314 732 1341 est.
801 1315 949 1349 Elegantior
961 1316 1034 1342 vocis
1050 1316 1125 1341 sonus
1144 1314 1209 1340 Gell.
1225 1322 1257 1345 13,
1272 1321 1309 1338 20.
1323 1328 1355 1352 30

284 1353 377 1386 Super-l.
404 1351 470 1383 Nep.
484 1357 523 1382 25,
538 1358 575 1381 η,
589 1358 608 1382 4
629 1349 830 1384 Elegantiffimus
843 1352 930 1378 Poeta.
966 1359 989 1377 et
1005 1352 1060 1378 Cic.
1074 1359 1121 1385 pro
1135 1350 1208 1377 Rosc.
1222 1350 1311 1375 Amcr.

285 1395 328 1413 120
342 1395 362 1412 c.
375 1394 404 1420 4¹
430 1384 630 1418 Elegantissimae
642 1385 768 1412 familiae.

326 1427 362 1447 Et.
372 1428 387 1447 f.
397 1427 416 1446 G
427 1428 447 1446 Α
457 1428 476 1446 N
487 1427 508 1446 T
518 1427 527 1445 1
536 1427 572 1452 Λ,
590 1429 628 1446 ae.
655 1420 675 1446 f.
711 1420 853 1454 [ἒυηρι’ναοι,
873 1422 1028 1455 φιλοκαλία]
1064 1421 1149 1447 Cultus
1160 1426 1184 1447 et
1197 1425 1310 1451 ornatur,

286 1463 309 1483 et
329 1455 434 1482 delcc'tm
455 1455 512 1481 adeo
536 1454 634 1490 quidum
653 1464 733 1481 earum
755 1464 850 1486 rerum,
879 1466 938 1491 quae
949 1463 1051 1491 praeter
1074 1463 1182 1482 caeteras
1199 1456 1309 1490 placent.

285 1492 347 1518 Plin.
362 1493 404 1522 26,
418 1500 446 1523 ¹4
474 1490 612 1517 Cicatrices
633 1498 691 1515 cum
715 1490 842 1523 elegantia
867 1491 898 1516 ad
917 1492 1034 1517 colorem
1056 1491 1159 1517 reducit
1180 1491 1310 1516 ladanum.
1327 1501 1355 1527 33

286 1527 406 1553 Materies
425 1526 556 1560 crispioris
574 1525 714 1559 elegantiae
733 1524 805 1551 Idem
821 1533 853 1556 13,
869 1534 894 1557 9.
922 1526 950 1551 de
964 1528 1034 1551 venis
1047 1527 1112 1561 ligni
1124 1528 1151 1550 in
1164 1525 1263 1551 tabellas
1271 1525 1311 1560 se-

285 1561 363 1587 cittis.
434 1561 488 1588 Cic.
501 1562 528 1586 in
542 1561 614 1586 Orat.
628 1562 663 1595 76
690 1560 779 1586 Fucati
800 1569 864 1586 vero
883 1561 1071 1587 medicamenta
1091 1560 1209 1586 candoris
1229 1566 1254 1585 ct
1267 1568 1312 1585 ru-

286 1596 359 1622 boris
378 1596 466 1621 omnia
484 1595 657 1629 repellentur,
680 1595 808 1629 elegantia
833 1595 914 1622 modo
947 1602 972 1622 et
997 1595 1128 1622 munditia
1154 1594 1311 1621 remanebit.

288 1631 432 1657 Differeudi
444 1630 570 1664 el'gantia
591 1630 661 1656 Idem
675 1630 706 1656 de
720 1631 776 1656 Fin.
791 1638 817 1662 2,
831 1638 872 1664 27.
926 1633 956 1657 Et
969 1633 1019 1657 Att.
1037 1641 1053 1662 1,
1067 1638 1079 1663 ς
1103 1632 1179 1664 Qiae
1192 1630 1242 1656 tibi
1255 1630 1311 1656 eius

289 1667 356 1697 loci,
378 1672 401 1691 et
421 1666 501 1691 nostri
518 1664 597 1691 studii
616 1672 640 1690 et
658 1671 716 1690 tuae
735 1666 877 1699 elegantiae
897 1667 943 1692 ess'e
963 1666 1132 1692 videbuntur.
1203 1666 1312 1691 Morum
1320 1675 1357 1699 40

288 1702 378 1728 Tacit.
395 1701 459 1726 l-list.
474 1709 496 1732 3,
510 1708 547 1732 39.
618 1700 732 1733 Linguae
752 1700 880 1726 subtilitas
894 1706 919 1727 et
938 1701 1063 1735 elegantia
1087 1701 1142 1727 Cic.
1155 1700 1187 1726 de
1199 1702 1273 1727 Orat.
1287 1708 1313 1732 2,

289 1742 328 1765 28.
386 1735 521 1769 Loquendi
544 1734 617 1761 Idem
637 1734 667 1761 de
687 1735 754 1761 Clar.
767 1736 840 1761 Orat.
856 1743 906 1770 157.
959 1737 1092 1763 Sermonis
1117 1736 1154 1762 Id.
1175 1736 1228 1761 Att.
1249 1743 1275 1768 7,
1290 1743 1312 1766 3.

289 1771 364 1796 Vitae
375 1771 443 1796 laudi
456 1771 575 1796 tribuitur
587 1772 674 1796 Attico
693 1771 771 1796 Corn.
785 1771 852 1804 Nep.
868 1779 906 1802 23,
921 1779 957 1804 19,
971 1781 994 1798 2.
1031 1771 1077 1799 Sed
1088 1771 1178 1797 Tacit.
1193 1771 1259 1796 Ann.
1273 1778 1314 1802 14,

290 1814 327 1837 ij,
342 1813 354 1829 2
386 1805 513 1830 Seruilius
533 1804 577 1830 diu
596 1806 674 1837 foro,
694 1814 755 1832 mox
776 1805 905 1832 tradendis
924 1807 1000 1832 rebus
1014 1806 1139 1833 Romanis
1160 1805 1268 1831 celebris
1288 1810 1314 1831 et

287 1840 413 1873 elegantia
430 1839 500 1864 vitae
518 1847 594 1872 quam
610 1840 748 1866 clariorem
763 1841 900 1873 effecit‚vt
915 1851 960 1875 par
973 1842 1088 1876 ingenio,
1102 1841 1140 1867 ita
1154 1848 1260 1866 morum
1276 1839 1315 1865 di·
1323 1852 1357 1879 45

287 1875 382 1901 versus.
397 1875 468 1908 sorte
487 1875 552 1900 Vitii
571 1883 618 1899 non
637 1875 718 1900 laudis
736 1885 835 1901 nomen:
856 1883 885 1902 vt
897 1877 963 1903 Gell.
973 1878 1052 1912 fiaepra
1073 1881 1099 1903 in
1124 1882 1280 1902 ELEGAN
1292 1881 1315 1907 s,

287 1911 359 1945 Cous.
373 1910 461 1936 Tacit.
476 1910 539 1935 Ann.
557 1911 591 1939 16,
607 1913 640 1939 18,
656 1917 667 1941 3
698 1910 808 1935 Erudito
827 1910 889 1936 luxu
910 1917 936 1937 et
955 1913 1076 1938 assumtus
1090 1911 1196 1938 Neroni
1212 1911 1315 1944 elegan-

287 1946 340 1971 tiae
356 1945 461 1971 arbiter.
530 1944 661 1978 Elegantia
674 1944 784 1977 tinetus,
806 1945 857 1971 vid.
871 1945 1003 1976 Tinctus,
1022 1950 1049 1972 in
1070 1952 1186 1972 T1NGO-
1256 1945 1313 1971 Cic.

288 1981 317 2006 in
331 1981 402 2005 Brut.
418 1987 459 2013 157
489 1979 580 2005 Latine
600 1979 722 2013 loquendi
742 1987 873 2013 accurata,
889 1986 915 2008 et
932 1981 984 2007 fine
1001 1980 1120 2007 molestia
1140 1979 1251 2013 diligens
1265 1979 1316 2005 ele-

289 2016 383 2050 gantia.
420 2015 481 2040 Sine
495 2014 611 2040 molestia
625 2015 701 2040 dicit:
719 2025 774 2041 nam
787 2015 876 2048 1ηοίψὶ
888 2015 930 2049 effi
941 2016 1022 2052 sblcnt
1039 2019 1114 2042 nimis
1127 2015 1271 2051 dlligentcs‚
1284 2020 1314 2040 vt
1323 2027 1355 2054 50

288 2053 331 2086 qui
344 2060 439 2076 manum
452 2050 479 2075 de
492 2049 574 2076 tabula
586 2049 670 2084 (quod
680 2051 771 2084 aiunt)
782 2051 862 2077 tollere
875 2052 992 2086 nesciant.
1063 2051 1168 2077 Exculta
1186 2050 1315 2084 elegantia

291 2085 418 2118 Qiiueiil.
432 2087 457 2117 6,
470 2093 490 2116 3.
560 2085 614 2111 Cic.
637 2084 668 2111 de
682 2085 738 2111 Fin.
758 2094 779 2117 3,
793 2095 810 2117 4
847 2086 1029 2119 Agricultura,
1050 2094 1116 2121 quae
1136 2085 1261 2112 abhorret
1281 2084 1314 2111 ab

291 2120 365 2146 omni
383 2120 508 2154 politiore
523 2119 657 2153 elegantia.
726 2121 792 2146 Cum
808 2122 906 2147 summa
924 2122 1051 2155 elegantia
1068 2127 1146 2155 atque
1165 2121 1317 2154 integritate

291 2156 384 2182 viuere
398 2155 468 2181 Idem
483 2164 529 2188 pro
542 2155 613 2181 Sulla
624 2162 665 2189 79.
735 2156 867 2189 Elegantia
886 2156 952 2191 apud
963 2157 1080 2183 Rhetores
1094 2154 1142 2188 est,
1161 2164 1226 2189 quae
1241 2155 1315 2187 facit,

293 2197 321 2217 vt
338 2191 523 2224 vnumquodue
543 2199 606 2224 pure
626 2197 651 2216 et
668 2196 755 2224 aperte
774 2192 827 2217 dici
844 2191 973 2218 videatur.
1016 2193 1086 2218 Haec
1106 2190 1273 2217 distribuitur
1290 2190 1319 2216 in
1332 2202 1361 2229 53·

294 2226 461 2252 Latinitatem
474 2231 498 2251 et
512 2226 726 2259 explanationem.
761 2226 860 2252 Αυὲὶοι·
872 2226 902 2252 ad
919 2228 1014 2253 Heren.
1028 2236 1055 2260 4,
1066 2234 1094 2261 17
1108 2236 1129 2252 c.
1144 2234 1180 2252 12.

329 2268 345 2287 ε
355 2267 454 2287 LEGA
464 2267 515 2292 NJr
526 2266 542 2286 Ε
554 2267 582 2286 R.
602 2260 668 2286 Adn.
702 2260 837 2293 [ιδκρινῶῃ
855 2262 1010 2296 φιλοκάλως]
1045 2262 1069 2288 h.
1085 2271 1104 2288 e.
1125 2263 1204 2288 Polite
1223 2267 1247 2287 et
1264 2269 1318 2287 cum

295 2295 386 2322 dett-flu
405 2295 503 2331 quodam
516 2302 540 2320 et
552 2295 651 2321 iudicio.
691 2297 740 2330 Vt,
754 2297 810 2322 Cic.
822 2296 853 2321 de
865 2297 921 2323 Fin.
936 2306 961 2329 2,
975 2306 1021 2324 100
1040 2298 1097 2323 Hoc
1118 2297 1202 2331 ipsum
1217 2296 1319 2330 elegan-

295 2331 346 2357 tius
360 2332 439 2365 poni,
459 2331 604 2364 meliusque
618 2331 712 2365 potuit.
766 2333 796 2356 Et
808 2332 838 2357 ad
851 2332 923 2358 Brut.
940 2340 964 2364 ις
989 2332 1060 2358 Tibi
1074 2333 1096 2358 is
1104 2338 1225 2367 exponet,
1234 2332 1279 2366 qui
1293 2337 1319 2358 et

295 2367 394 2399 optime
407 2367 496 2392 omnia
507 2367 592 2397 nouit,
613 2372 639 2392 et
650 2365 830 2399 elegantillime
843 2366 980 2400 expedire,
992 2373 1016 2392 et
1029 2367 1132 2393 deferre
1145 2367 1177 2393 ad
1190 2374 1214 2393 te
1229 2367 1318 2401 potest.
1327 2377 1362 2401 60

295 2402 354 2427 Liu.
367 2410 403 2432 33,
418 2409 440 2432 31
461 2402 531 2426 Zeno
544 2409 574 2426 ex
587 2400 749 2435 principibus
763 2410 842 2433 vnus,
855 2410 962 2436 magnae
973 2411 1032 2427 cum
1044 2402 1079 2427 ob
1093 2402 1222 2434 eleganter
1237 2403 1320 2427 aciani

293 2437 375 2462 vitam
395 2435 571 2466 auctoritatis,
586 2442 640 2461 tum
654 2435 735 2470 quod,
749 2443 795 2462 etc.
865 2437 919 2463 Cic.
931 2438 983 2463 Att.
998 2445 1029 2468 13,
1045 2445 1075 2469 50
1105 2437 1220 2463 Libertis
1233 2437 1321 2468 lautis,

294 2471 426 2505 seruisque
439 2470 506 2496 nihil
521 2470 619 2496 defuit:
635 2479 694 2496 nam
709 2471 832 2497 lautiores
845 2472 976 2506 eleganter
989 2473 1104 2506 accepti,
1127 2476 1145 2498 i.
1166 2473 1230 2497 laute
1248 2478 1270 2497 et
1284 2471 1322 2497 dc-

295 2508 375 2532 dicate.
446 2506 518 2531 Idem
530 2506 600 2531 Fam.
616 2513 636 2537 ς,
652 2514 675 2537 13
709 2505 749 2530 Ad
770 2507 956 2533 consolandum
977 2514 1064 2533 autem
1084 2516 1142 2533 cum
1162 2507 1207 2533 illa
1225 2507 1323 2539 valent,

299 2550 363 2574 quae
382 2541 510 2574 eleganter
530 2541 685 2575 copioseque
707 2540 843 2574 collegisti.
881 2543 1008 2567 Accurate
1028 2543 1211 2577 eleganterque
1235 2542 1322 2567 dicere
1335 2546 1366 2577 63

299 2576 335 2603 ld.
351 2575 381 2602 de
394 2576 463 2601 Clar.
477 2576 548 2601 Orat.
561 2578 599 2604 86.
676 2575 730 2601 Cic.
751 2575 782 2601 de
802 2576 871 2602 Clar.
885 2577 958 2603 Orat.
972 2584 1016 2608 252
1035 2586 1056 2602 c.
1070 2584 1105 2610 72
1139 2576 1226 2602 Audio
1245 2576 1322 2602 illum

299 2611 418 2637 omnium
438 2611 491 2635 fere
505 2612 646 2636 Oratorum
661 2611 750 2636 Latine
766 2611 839 2645 loqui
860 2611 1050 2646 elegantissime.
1121 2612 1215 2645 Neque
1234 2611 1323 2636 distin-

300 2646 354 2675 ἃς,
368 2654 451 2678 neque
472 2644 624 2674 distribute,
642 2653 725 2678 neque
742 2645 884 2678 eleganter,
903 2656 988 2682 neque
1005 2652 1097 2673 ornate
1121 2647 1234 2673 scribere
1267 2645 1322 2673 Cic.

300 2681 379 2706 Tusc.
395 2689 419 2711 2,
433 2687 449 2713 7
461 2689 481 2705 c.
496 2688 518 2711 3.
588 2680 682 2704 Saliare
702 2679 843 2713 elegantius
862 2690 938 2715 quam
952 2683 1045 2708 necess'e
1063 2682 1098 2707 est
1111 2682 1208 2716 probae
1222 2681 1320 2708 Sallust.

301 2715 379 2741 Catil.
394 2724 414 2740 c.
429 2723 469 2748 ²4·
539 2713 610 2746 Qiid
629 2722 643 2739 a
657 2723 698 2739 me
714 2713 770 2740 fleri
786 2716 870 2747 potuit
883 2723 926 2742 aut
939 2717 1080 2749 elegantius
1093 2724 1136 2742 aut
1150 2717 1241 2743 iustius
1265 2717 1365 2755 Cic-70

303 2751 373 2776 Fam.
389 2758 408 2780 3,
425 2754 446 2778 8.
467 2752 485 2774 i.
504 2748 634 2774 decentius.
704 2748 807 2774 Laelius
821 2749 962 2783 elegantius
977 2751 1089 2777 facturos
1109 2751 1192 2784 dixit,
1218 2752 1236 2778 ii
1255 2752 1323 2777 iudi-

304 2786 345 2810 cio
358 2791 459 2818 patrum
472 2792 548 2817 quam
564 2784 625 2809 sorti
639 2792 694 2809 eam
708 2793 763 2809 rem
777 2784 942 2818 permiiiffent
958 2786 1016 2810 Liu.
1029 2793 1069 2819 37,
1083 2794 1102 2811 1.

341 2826 382 2845 111
395 2825 426 2845 11³
437 2826 449 2844 1ῑ
459 2825 475 2844 R
486 2825 520 2849 0,
540 2822 591 2844 arc.
610 2820 719 2851 lutei-pr.
736 2819 802 2845 Ircn.
817 2819 832 2844 1.
846 2829 872 2852 4.
908 2820 1039 2852 uberare,
1051 2829 1103 2846 cum
1119 2823 1225 2848 termino
1245 2830 1256 2847 e
1268 2829 1323 2857 quo.

341 2861 356 2880 13
367 2860 383 2879 1.
396 2861 402 2879 1
415 2860 452 2879 131:
461 2860 478 2878 n
489 2860 508 2878 A
518 2860 538 2879 T
550 2861 555 2878 1
568 2859 587 2878 o
598 2873 606 2884 ‚
625 2853 692 2878 onis.
713 2853 731 2879 s.
769 2854 901 2887 Augustin.
929 2875 935 2881 .
965 2874 971 2881 .

342 2896 382 2915 11
395 2894 552 2919 16111110,
573 2891 620 2913 ire.
656 2889 767 2914 Varroni
787 2889 921 2916 tribuitur.

342 2929 610 2955 iiiitivnvrio,
630 2923 694 2948 onis.
715 2923 733 2949 f.
761 2924 837 2950 Closs.

342 2966 356 2985 k·
368 2966 381 2984 1.
393 2967 398 2984 1
411 2966 432 2984 Μ
444 2965 479 2984 115
489 2978 495 2989 ,
516 2958 596 2983 mitis.
615 2967 649 2983 m.
676 2956 783 2990 ἄποικος,
800 2959 904 2995 ungarista:
924 2960 1001 2986 Gloss‘.
1014 2960 1070 2987 Lat.
1088 2959 1134 2986 Gr.
1156 2962 1199 2996 qui
1213 2966 1284 2986 extra
1298 2959 1330 2986 Ii.

306 2997 384 3020 milcm
399 2992 519 3024 nostrum,
530 2992 597 3027 fines
608 2991 716 3025 nostros,
729 2993 831 3021 habitat.

343 3027 527 3057 1Ῑ1,1,111’Ν(),
547 3033 600 3053 {ai-e.
635 3027 761 3061 [ἓξορίζω]
798 3030 903 3060 Efficere,
916 3035 939 3055 rt
952 3031 1028 3055 Extra
1046 3031 1118 3056 limen
1137 3029 1242 3056 trudere.
1280 3030 1328 3055 En-

306 3065 364 3090 nius
380 3064 469 3089 Medea
483 3063 576 3094 Exule,
597 3063 709 3097 Antiqua
730 3063 836 3096 herilis,
851 3064 900 3090 fida
919 3064 1002 3089 custos
1023 3065 1154 3099 corporis,
1168 3064 1233 3099 qnid
1251 3064 1283 3090 fic
1302 3071 1329 3091 te
1349 3071 1381 3096 80
1393 3072 1425 3099 27
1452 3067 1537 3098 Quam
1557 3067 1622 3092 iacet
1638 3067 1757 3094 infirmae
1770 3078 1865 3095 venere
1880 3068 1927 3095 vbi
1942 3069 1994 3094 fata
2009 3068 2139 3101 senefiae,
2157 3070 2210 3102 Qui
2224 3071 2299 3104 prior
2310 3071 2373 3098 Eleo
2385 3071 2421 3099 est

305 3106 378 3125 extra
391 3099 463 3124 aedes
477 3098 620 3124 exanimata
631 3098 748 3124 climinas
761 3100 768 3124 3
803 3099 893 3125 Accius
905 3099 1056 3132 Phoeniffis,
1070 3100 1206 3134 Egi-edere,
1219 3101 1278 3132 exi,
1293 3101 1329 3127 cf-

308 3135 347 3160 sci·
366 3140 405 3166 tc,
417 3134 524 3160 elimina
542 3133 614 3159 vrbe.
652 3135 738 3160 Varro
752 3134 878 3165 Serrano,
893 3135 1052 3168 Occipitium
1074 3136 1157 3161 Ariuo
1178 3135 1227 3161 deo
1246 3135 1329 3161 osten-

308 3169 352 3201 do,
366 3177 396 3194 cx
409 3168 516 3195 oraculo
527 3168 636 3194 elimino
649 3178 698 3195 me.
734 3170 825 3195 Pacuu.
845 3170 977 3202 Quoniam
990 3170 1088 3196 clamor
1101 3170 1235 3196 eliminat?
1256 3172 1329 3196 Pom-

308 3205 417 3237 ponius,
437 3203 584 3229 tiliminabo
606 3210 677 3229 extra
695 3204 769 3230 aedes
788 3205 935 3238 coniugem.
972 3204 1075 3230 Nonius
1095 3213 1178 3239 1,179.
1200 3212 1223 3231 et
1236 3214 1263 3237 4,
1279 3208 1329 3237 136.

310 3241 373 3265 tior.
383 3239 457 3273 [Epist.
473 3248 491 3270 1,
504 3247 527 3271 5,
541 3246 570 3270 ας
592 3239 632 3264 Ne
647 3238 710 3264 lidos
726 3239 794 3266 inter
808 3240 903 3265 amicos
921 3240 968 3271 Sit,
981 3239 1027 3273 qui
1040 3239 1109 3265 dicta
1121 3240 1190 3266 foras
1203 3241 1329 3266 eliminet.
1346 3245 1374 3274 85
1393 3241 1452 3268 deni
1466 3243 1562 3276 palmas
1576 3249 1709 3269 merentur
1722 3244 1747 3268 in
1761 3245 1831 3270 Iouis
1844 3245 1978 3279 Olympici
1990 3245 2074 3271 curuli
2088 3248 2238 3274 certamine.
2264 3248 2378 3275 Seruius.

309 3274 429 3300 Eliminat
443 3273 552 3307 gradus,
571 3283 602 3298 un
618 3273 682 3299 rrfflt·
696 3273 789 3300 <offlam
809 3275 838 3300 ab
850 3277 939 3306 Accio,
954 3275 1091 3310 dzsputatur
1110 3275 1175 3310 opud
1187 3275 1293 3308 Quin&
1309 3281 1332 3308 8,

310 3318 330 3341 3,
347 3318 367 3339 31
388 3313 452 3335 ''necr
466 3311 576 3335 Senecam
589 3316 611 3334 ct
627 3310 822 3344 Pwnpouimmm.

348 3350 622 3375 Ε1,1ΜΙΝΛῚ“ν8,
648 3352 678 3374 3,
701 3352 753 3370 um.
791 3345 882 3371 l’artic.
919 3344 997 3371 Glols.
1023 3345 1067 3371 Gr.
1090 3345 1146 3372 Lat.
1165 3344 1331 3380 ἐξοςρακκθεὶς.

309 3379 397 3405 Sidon.
415 3379 491 3412 Epist.
504 3389 530 3411 4,
545 3387 582 3405 10.

344 3419 611 3445 ELlMINATtO,
632 3414 696 3440 anis.
717 3415 736 3440 s.
773 3415 826 3441 ICt.
842 3415 869 3440 in
883 3414 949 3441 cod.
985 3435 991 3440 .
1030 3435 1036 3441 .
1075 3434 1080 3440 .

347 3456 362 3474 Γ.
373 3450 407 3474 Li
421 3455 442 3473 Μ
452 3456 484 3478 (1,
505 3453 556 3474 Tire.
591 3449 719 3484 [ιίπορῤἶνω
737 3450 792 3476 Vct.
809 3450 886 3475 Closs.
906 3449 1018 3483 ἐποξιὶω]
1054 3451 1091 3475 Dc
1102 3451 1185 3484 aliqua
1200 3459 1226 3475 rc
1238 3451 1332 3476 limare.

314 3483 377 3508 Plin.
392 3491 431 3515 34,
447 3488 470 3512 ¹8
491 3484 544 3509 Alii
558 3483 688 3510 elimatam
701 3485 803 3511 scobem
818 3485 845 3511 in
858 3485 933 3510 fictili
949 3485 1029 3511 crudo
1043 3491 1159 3518 coquunt
1174 3486 1201 3510 in
1214 3486 1332 3518 caminis,

313 3517 395 3543 donec
415 3524 585 3551 percoquatur
603 3519 748 3552 tigulinum.
800 3520 881 3546 Ouid.
900 3521 963 3546 Met.
982 3529 1009 3552 4,
1029 3524 1071 3554 178
1097 3520 1125 3545 tle
1144 3521 1266 3551 Vulcano,
1285 3521 1332 3547 Ex-

313 3552 410 3586 templo
429 3553 534 3584 gracilcs
552 3561 582 3578 cx
601 3562 659 3580 acre
676 3561 788 3584 catenas.
809 3556 952 3589 Refiaque,
967 3561 992 3580 et
1006 3554 1127 3589 laqueos,
1146 3564 1212 3589 quac
1233 3556 1331 3582 lumina

313 3587 403 3613 fallere
421 3587 525 3620 pollint‚
540 3587 640 3613 lilimat.
676 3590 739 3616 Non
756 3590 820 3616 illud
833 3599 898 3624 opus
911 3598 956 3616 etc.
992 3590 1031 3616 Sic
1043 3593 1115 3615 etiam
1132 3593 1235 3616 retinuit
1249 3593 1332 3617 Rurm.
1345 3600 1376 3626 95

312 3626 355 3658 qul
367 3622 399 3647 mi
413 3623 501 3661 A¹¹¹2¹¹
515 3631 552 3654 14,
566 3629 582 3656 7
599 3623 737 3657 suspicatur
747 3626 836 3661 fuerat
849 3624 1110 3661 lcgcndum,Eliquat.
1160 3626 1206 3651 Per
1225 3628 1333 3652 transla-

311 3661 408 3683 tionem.
442 3658 500 3683 cic.
515 3658 565 3682 Att.
585 3661 621 3688 16,
633 3665 649 3690 7
672 3659 757 3686 Velim
775 3660 861 3697 ιχόλιον
880 3661 970 3686 elimes
989 3658 1020 3686 ad
1033 3669 1088 3687 me.
1106 3661 1246 3693 oportuiss'e
1261 3668 1285 3688 tc
1305 3662 1332 3688 id

313 3693 406 3718 facere.
462 3691 532 3717 ldwn
546 3692 622 3717 Acad.
636 3701 663 3724 4,
677 3696 709 3719 66
725 3704 746 3721 c.
760 3704 793 3721 20
819 3695 943 3722 Rationes
961 3695 1056 3721 latiore
1075 3695 1158 3728 specie
1177 3704 1230 3721 non
1250 3697 1281 3722 ad
1295 3703 1332 3723 te-

311 3737 364 3789 glille
382 3726 514 3791 ,131181113ῐὶιί-
551 3726 617 3752 Geli.
640 3734 674 3761 ¹7,
695 3736 729 3754 10.
798 3730 971 3757 Commodius
995 3729 1095 3764 aliquid
1115 3730 1223 3756 elimare
1249 3732 1332 3763 Quin-

303 3797 379 3834 jem
393 3782 420 3822 is
435 3796 533 3823 Limus.
570 3797 609 3822 ss.-
621 3759 737 3824 ”Ec-rum.
750 3798 782 3824 de
794 3799 893 3826 Poenit.
907 3810 927 3826 c.
941 3809 963 3827 11
991 3800 1127 3826 Puluercm
1148 3800 1268 3826 dentibus
1288 3802 1334 3827 eli-

308 3833 418 3859 mandis.
435 3831 556 3867 fiquidrm
570 3831 646 3857 limus
660 3840 760 3860 vocatur
773 3834 815 3860 illa
825 3834 970 3870 scabritias,
982 3836 1027 3871 seu
1038 3835 1140 3870 ,[ονόεῐ,
1154 3845 1213 3871 quae
1224 3836 1335 3863 dentibue

306 3868 429 3894 adhaeret.
471 3867 526 3893 isid.
558 3873 731 3895 FLIMATOR.

343 3911 381 3929 131,
392 3911 400 3928 1
411 3909 434 3928 M
445 3909 463 3929 Λ
473 3908 494 3929 Τ
504 3907 523 3927 V
532 3908 560 3934 ς,
581 3910 594 3928 a
603 3922 610 3934 ,
628 3911 681 3928 um.
703 3903 793 3930 Pai-tic.
831 3904 879 3930 Pro
892 3911 1018 3931 extenuato
1032 3913 1055 3931 e!
1066 3907 1191 3931 imminuto
1205 3906 1273 3932 Cael.
1282 3906 1332 3932 Au-

306 3939 350 3964 rcl.
365 3939 462 3965 Chron.
479 3946 493 3964 2
509 3944 571 3964 extr.
583 3937 601 3962 s.
616 3945 660 3972 217
674 3946 698 3971 p.
713 3944 762 3971 428
788 3939 856 3965 Cum
874 3948 966 3974 corpus
985 3940 1096 3967 elimatis
1117 3941 1219 3968 viribus
1236 3941 1377 3978 debili-105

1362 292 1401 327 tet
1432 287 1521 315 balnei
1552 284 1713 320 frequentia.

1363 328 1453 351 thl‘eS.

1041 783 1148 810 locandi
1161 788 1240 816 genus
1251 781 1302 806 ele·
1321 790 1347 816 15
1367 790 1461 817 cunque
1474 781 1545 816 causa
1562 789 1588 805 ea
1600 789 1648 805 non
1661 778 1809 812 vtitm·,etfi
1821 779 1915 806 haheat.
1945 779 2003 805 Vid.
2020 787 2075 804 mox
2087 784 2310 817 lssL-INGVATVS.

1368 826 1418 852 pro
1432 817 1516 843 Flacc.
1532 824 1564 842 22
1576 825 1598 841 c.
1613 823 1641 841 10
1676 815 1818 847 Conuicit,
1830 821 1855 841 et
1874 813 2007 848 elinguem
2027 812 2152 840 reddidit.

1339 2901 1371 2930 75
1391 2890 1426 2916 est
1440 2889 1489 2915 huc
1502 2889 1583 2915 Elidis
1598 2899 1713 2923 amnem,
1731 2891 1851 2918 Occultas
1870 2893 1945 2927 egifl'e
1965 2894 2022 2920 vias
2035 2892 2124 2920 subter
2137 2901 2219 2919 mare.
2254 2895 2304 2920 Hic
2317 2898 2422 2934 proug'n-

1347 3421 1382 3445 90
1396 3425 1483 3443 manes
1497 3418 1598 3445 mariti:
1616 3425 1642 3445 et
1655 3419 1819 3446 exaedificata
1832 3430 1893 3454 pyra
1906 3422 1930 3447 se
1946 3422 1972 3447 in
1986 3423 2069 3455 ignem
2079 3425 2276 3459 praecipitauit:
2294 3425 2330 3451 ob
2362 3435 2421 3453 uam

669 3771 684 3788 z
725 3765 832 3790 Vtuntur
849 3774 940 3805 quoque
959 3766 1005 3792 hac
1023 3774 1078 3791 voce
1092 3766 1178 3790 Patres·
1195 3765 1260 3800 quast
1273 3774 1386 3800 pro-100
1429 3776 1550 3796 131.1xA
1562 3791 1570 3802 ,
1588 3780 1600 3796 a
1622 3771 1737 3805 Liquere
1756 3772 1833 3798 dicia.
1868 3773 1963 3801 Festus.

1763 195 1798 236 E
1880 186 1928 239 L'
2008 194 2024 237 Ι
2326 208 2444 248 340¹

1817 284 1928 320 Compar.
1965 285 2103 322 Augustin.
2134 284 2213 320 Epist.
2239 289 2271 320 37
2307 280 2412 310 Elima-⁵

1400 357 1591 383 ΕΜΜᾸΤΕ.
1614 354 1682 381 Adu.
1716 354 1793 390 Apud
1813 355 1881 381 Geli.
1917 375 1923 382 .
1959 376 1966 384 .
2003 376 2010 384 .

1401 398 1625 422 ELIMATIO,
1648 390 1716 416 onis.
1745 391 1764 416 f.
1803 390 1928 417 Elimatio
1955 391 2021 426 ligni
2049 391 2166 419 Marcell.
2199 388 2298 424 Empir.
2318 397 2345 422 4,
2364 396 2404 414 xo.

1222 427 1299 453 Illam
1322 434 1336 460 ς
1365 426 1493 454 Elimatio
1511 427 1595 452 carnis
1608 426 1680 452 Cael.
1701 426 1791 453 Aurel.
1808 426 1894 453 Tard.
1910 426 1927 451 s.
1946 426 2043 454 Chron.
2059 438 2077 461 4
2093 434 2157 454 extr.
2178 426 2196 453 s.
2210 430 2249 457 138
2260 434 2286 460 p.
2302 432 2351 457 599
2365 433 2405 450 ex-

1365 470 1483 489 renuntio.
2446 471 2455 491 J

1401 504 1418 524 E
1427 504 1442 523 L
1453 505 1461 524 1
1472 504 1495 522 M
1504 503 1525 523 Α
1535 503 1555 522 Τ
1565 502 1584 522 o
1594 501 1613 521 R
1624 513 1632 528 ,
1651 496 1715 523 oris.
1743 505 1778 522 m.
1815 496 1933 524 Tertull.
1946 495 2006 523 adu.
2019 498 2101 525 Marc.
2119 506 2148 531 4,
2162 504 2188 529 33
2219 495 2339 523 Christus
2357 493 2407 521 eli·
2451 493 2460 498 “
2473 499 2477 501 “

1366 539 1453 559 mator
1469 532 1642 558 humanarum
1655 532 1825 558 macularum.
2072 531 2074 533 “

1724 567 1886 602 Elimpidare
1904 567 2016 594 vulnera
2041 567 2132 602 Veget.
2153 567 2267 594 Mulom.
2283 574 2304 598 1,
2318 567 2362 597 26,
2379 572 2407 591 2·
2453 567 2458 571 “

920 610 1025 643 Elegans
1042 615 1065 634 et
1084 609 1189 636 Parcus,
1203 610 1302 630 contra·
1320 610 1354 638 10.
1366 612 1392 637 2,
1406 612 1446 639 27,
1459 613 1485 636 4.
1511 611 1540 635 4,
1553 607 1598 631 ²82·
1617 609 1733 638 purgare.

1401 647 1418 667 E
1430 647 1446 665 L
1456 645 1495 665 1N
1506 645 1525 664 G
1537 644 1556 663 ο
1568 657 1575 669 ,
1597 640 1649 664 ere.
1685 638 1712 664 Si
1726 638 1903 670 Molybdaena
1922 637 1996 666 herba
2010 637 2223 664 commanducata
2236 636 2328 663 oculus
2347 633 2407 661 sub-
2445 647 2473 668 ⁴,s

1366 675 1428 701 inde
1440 672 1732 708 elingatur‚plumbum
1743 682 1775 700 ex
1788 674 1867 700 oculo
1881 674 1986 701 tollitur
2001 673 2068 699 Plin.
2084 680 2122 705 25,
2136 681 2160 704 13
2174 672 2191 700 s.
2198 681 2242 707 97.
2262 670 2335 707 Conf.
2343 669 2407 696 Vul-

1367 716 1418 745 gat.
1432 709 1541 737 Baruch.
1557 711 1581 738 6,
1597 716 1634 741 ¹9-

1403 573 1615 599 ELIMP1DO,
1634 571 1686 593 are.

1404 753 1463 772 Em
1474 751 1496 771 N
1507 750 1528 771 G
1539 751 1598 771 vis
1608 762 1616 776 ‚
1631 751 1654 771 e.
1689 743 1751 772 Adi.
1785 741 1950 778 [ἄγλωττος]
1987 744 2038 779 Qi
2047 742 2102 776 fine
2120 731 2210 778 lingua⁴
2225 741 2273 776 cst,
2293 742 2335 768 vel
2349 748 2408 780 qua-

2348 776 2408 802 Cic.

2204 813 2276 839 Idem
2290 812 2322 838 de
2336 811 2409 838 Clar-

1369 853 1443 879 Orat.
1457 860 1504 878 100
1538 850 1694 877 Praesertim
1714 859 1796 884 quum
1816 849 1930 876 Fannius
1949 858 2094 884 numquam
2113 848 2143 874 fit
2163 847 2267 875 habitus
2284 847 2409 882 elinguis·

1369 888 1436 949 Pllin.
1451 886 1530 921 Epist.
1549 888 1596 921 167
1615 885 1700 912 Iidem
1716 885 1898 920 prospeximus
1918 886 2035 918 curiam,
2055 883 2099 911 sed
2116 883 2217 910 curiam
2236 882 2367 918 trepidam
2380 887 2410 912 et

1369 932 1384 949 e
1397 931 1513 957 mguem.

1406 963 1654 985 ELiNGVARE.
1690 955 1894 991 [ἐκγλωττίζαν]
1929 957 2052 992 linguam
2071 961 2207 991 amputare.
2243 954 2326 981 Plaut.
2347 953 2410 981 Aul.
2448 967 2451 982 :

1371 1002 1394 1026 2,
1410 1002 1433 1026 2,
1446 1001 1480 1028 72
1516 993 1543 1019 Si
1563 992 1651 1019 hercle
1668 1000 1718 1026 ego
1738 998 1763 1018 te
1782 1000 1836 1018 non
1854 991 2039 1026 elinguendam
2059 991 2158 1018 dedero
2180 990 2263 1025 vsque
2282 998 2296 1016 a
2315 988 2412 1016 radici·

1370 1029 1419 1056 bus
1449 1036 1494 1055 etc.

1408 1048 1430 1091 ἐ
1434 1072 1450 1091 L
1460 1072 1470 1091 1
1479 1070 1500 1090 N
1511 1070 1532 1091 G
1542 1071 1563 1090 v
1571 1070 1592 1090 A
1601 1070 1622 1090 T
1632 1069 1654 1088 v
1665 1070 1677 1090 s
1686 1082 1694 1095 ‚
1713 1072 1727 1089 a
1736 1083 1744 1095 ,
1762 1071 1817 1089 um.
1837 1063 1904 1090 Part.
1940 1063 2059 1098 Elinguis
2070 1062 2149 1090 habet
2163 1062 2291 1096 linguam,
2306 1058 2351 1087 sed
2363 1059 2412 1087 vsu

1371 1100 1428 1127 eius
1441 1106 1523 1127 caret:
1548 1099 1697 1133 elinguatus
1715 1099 1801 1125 amisit
1816 1099 1897 1125 Corn.
1911 1098 2012 1125 Fronto
2026 1108 2049 1133 p.
2066 1107 2120 1131 ¹333
2134 1097 2236 1132 Pictfih.
2372 1106 2376 1109 “

1408 1143 1463 1162 ELI
1474 1141 1524 1162 NG
1534 1142 1612 1161 VAT
1622 1141 1631 1160 1
1641 1142 1660 1161 0
1670 1155 1678 1167 ,
1695 1135 1764 1160 onis.
1785 1134 1805 1160 f.
1825 1136 2003 1168 γλωσσστομία.
2023 1134 2100 1161 Gloff.
2120 1134 2166 1160 Gr.
2181 1134 2237 1160 Lat.

1408 1178 1426 1198 Ε
1438 1177 1454 1197 L
1466 1179 1474 1197 1
1484 1178 1505 1198 N
1516 1176 1535 1196 O
1546 1190 1555 1202 ,
1575 1172 1628 1197 ere.
1665 1170 1750 1196 Lucil.
1763 1169 1829 1205 apud
1841 1169 1912 1196 Non.
1928 1178 1952 1201 2,
1966 1178 2022 1204 273.
2043 1171 2077 1196 al.
2095 1175 2182 1196 ELEO.
2199 1178 2225 1195 υ.
2239 1177 2266 1194 v.

1409 1213 1450 1233 131.
1460 1205 1472 1232 1⁰
1483 1213 1530 1244 qv
1540 1213 1576 1238 0,
1600 1209 1652 1232 are.
1688 1204 1816 1239 [ἐκτήκω]
1851 1206 1983 1241 Liquidum
1994 1205 2099 1239 facere:
2117 1204 2181 1240 quod
2197 1203 2260 1230 idem
2275 1201 2413 1237 Colliqum

1375 1242 1482 1273 clu-itur,
1497 1248 1526 1267 ut
1539 1250 1609 1276 quum
1625 1250 1726 1272 aurum,
1738 1247 1781 1266 aut
1795 1248 1923 1276 argentum
1942 1239 2091 1273 diſjoluitur.
2128 1240 2227 1275 Operta
2240 1238 2346 1265 metalla
2358 1237 2414 1263 Eli·

1375 1283 1438 1312 quat
1451 1283 1557 1304 ornatus
1574 1275 1694 1302 soluendi
1711 1276 1773 1302 leno
1787 1276 1896 1310 pudoris
1910 1276 1985 1302 Prud.
2000 1277 2120 1302 Hamart.
2137 1283 2193 1309 259.
2229 1273 2347 1310 Desilit,
2362 1277 2413 1307 pro

1375 1313 1489 1339 deducere
1506 1312 1625 1338 Tertull.
1639 1310 1670 1337 de
1683 1311 1745 1337 Pall.
1765 1321 1787 1338 c.
1797 1320 1809 1343 3
1829 1321 1858 1337 ex
1878 1310 2043 1338 emendatione
2060 1312 2149 1338 Burni.
2164 1310 2198 1337 ad
2217 1309 2299 1337 Ouid.
2318 1308 2378 1335 Am.
2392 1316 2415 1348 f,

1376 1357 1414 1382 14,
1429 1356 1456 1383 7.
1473 1351 1516 1384 qui
1530 1351 1602 1373 ctiam
1616 1348 1723 1373 Metam.
1735 1355 1763 1380 4,
1778 1352 1821 1381 178
1839 1347 1867 1373 dc
1887 1348 1993 1373 Vulcani
2012 1347 2105 1373 retibus
2121 1348 2195 1373 malit
2206 1347 2227 1372 le
2245 1354 2299 1377 ere,
2321 1344 2414 1370 Graci-

1375 1384 1411 1410 les
1429 1392 1460 1410 ex
1479 1392 1538 1410 aere
1557 1388 1658 1408 catenas
1672 1382 1801 1417 Retiaque
1821 1388 1846 1408 et
1865 1382 1987 1416 laqueos,
2004 1391 2071 1417 quae
2088 1383 2190 1408 lumina
2208 1381 2235 1408 fa
2247 1381 2302 1407 lere
2321 1377 2414 1414 poffint

1375 1419 1496 1454 Eliquat‚
1507 1425 1554 1453 pro
1575 1419 1643 1454 vulg.
1656 1418 1760 1444 Elimat.
1796 1419 1862 1444 Nam
1874 1418 1996 1453 syllabam
2007 1417 2110 1444 mediam
2124 1420 2151 1443 in
2170 1417 2215 1444 hoc
2232 1417 2305 1443 verbo
2319 1417 2414 1449 σπι-ἰρί-
2448 1447 2453 1451 1

1374 1462 1434 1485 tem,
1454 1456 1520 1480 alias
1532 1453 1724 1488 obseruatun1‚v.
1739 1462 1763 1489 g.
1776 1453 1809 1479 ad
1820 1454 1884 1479 Met.
1898 1461 1921 1485 3,
1934 1455 1995 1485 486.
2031 1453 2137 1487 Eliquat
2149 1459 2176 1479 et
2189 1458 2281 1478 tenero
2295 1449 2415 1485 supplan-

1373 1496 1411 1516 tat
1426 1489 1507 1520 verba
1519 1489 1606 1523 palato
1618 1489 1684 1513 Pers.
1699 1496 1760 1520 i,.35
1780 1488 1808 1514 de
1821 1497 1886 1514 voce.
1906 1489 1979 1523 Conf.
1994 1488 2093 1524 Cafizub.
2114 1490 2227 1514 Huncin
2239 1486 2337 1524 sensum
2347 1495 2361 1512 α
2380 1484 2415 1512 ud

1376 1524 1486 1559 Quin&
1500 1533 1520 1555 1,
1532 1533 1561 1556 4,
1573 1532 1588 1555 9
1606 1523 1740 1557 eliquatur
1748 1530 1798 1558 pro
1811 1523 1965 1558 obliquatur
1977 1525 2055 1559 legere
2069 1525 2140 1550 malit
2155 1523 2252 1558 Gesner.
2396 1528 2413 1548 2

1374 1561 1418 1588 Ad
1429 1559 1548 1594 liquidum
1564 1565 1683 1594 purgare,
1696 1559 1784 1584 colare.
1823 1559 1880 1584 Sen.
1899 1559 1961 1584 Nat.
1974 1558 2078 1592 Qiaest.
2094 1568 2116 1591 3,
2131 1562 2163 1585 26
2187 1558 2226 1584 fist
2243 1559 2271 1583 in
2284 1556 2414 1583 Cherson.
2436 1587 2438 1590 ‚

1375 1597 1438 1621 ncso
1453 1593 1620 1620 Rhodiorum
1645 1593 1722 1625 fons,
1747 1593 1795 1627 qui
1816 1594 1874 1628 post
1897 1594 2062 1628 aliquantum
2087 1593 2258 1620 interuallum
2285 1592 2416 1628 tempori-2

1375 1629 1454 1656 foeda
1472 1628 1599 1664 quaedam
1612 1627 1735 1654 turbidus
1749 1636 1781 1654 ex
1798 1628 1895 1655 intimo
1908 1629 2016 1662 fundat,
2035 1629 2118 1656 donec
2133 1630 2260 1656 liberatus
2268 1628 2411 1662 'eliquatur-

1377 1674 1428 1700 que
1442 1665 1486 1691 est.
1542 1663 1764 1695 Columel.12,12
1802 1664 1906 1691 Deinde
1931 1674 2013 1699 quum
2035 1665 2137 1700 saepius
2157 1674 2214 1691 eam
2236 1663 2265 1689 in
2285 1662 2336 1690 alia
2351 1663 2410 1690 vasa

1377 1700 1577 1731 transfoderint,
1590 1705 1615 1726 et
1630 1699 1819 1734 eliquauerint.
1889 1700 1990 1727 Vinum
2006 1709 2021 1727 a
2041 1700 2144 1727 fecibus
2159 1700 2304 1734 eliquatum
2317 1697 2419 1730 diffini-⁷,

1378 1736 1439 1761 dere
1453 1735 1526 1760 Idem
1538 1743 1592 1766 i‚2,
1606 1742 1645 1769 27.
1680 1735 1749 1761 Add.
1764 1736 1802 1762 ib.
1817 1745 1837 1762 c.
1853 1743 1881 1768 19
1895 1743 1917 1762 et
1927 1745 1966 1762 21.
1979 1743 2002 1762 et
2016 1745 2055 1769 4¹·
2092 1736 2182 1762 Sidon.
2193 1734 2271 1769 Epist.
2287 1742 2313 1766 2,
2325 1742 2341 1760 2
2358 1738 2415 1759 anu

1378 1769 1440 1796 med.
1459 1770 1490 1795 In
1504 1769 1569 1795 hanc
1583 1778 1646 1803 ergo
1663 1771 1790 1803 piscinam
1805 1771 1934 1796 fluentum
1946 1771 1978 1796 de
1993 1771 2134 1805 supercilio
2146 1771 2245 1797 montis
2257 1770 2416 1804 eliquatum,
2432 1792 2436 1795 ,

1379 1808 1398 1831 i.
1409 1804 1524 1831 eniuibur
1532 1803 1678 1841 lique-fastis
1690 1812 1780 1836 ortum,
1789 1807 1828 1830 vel
1835 1812 1883 1839 per
1896 1814 2025 1831 arenarum
2037 1813 2060 1831 rt
2071 1807 2179 1840 lapidum
2186 1809 2264 1831 rimas
2270 1804 2418 1840 desecatum.
2432 1807 2433 1810 ’

1380 1841 1426 1867 Sed
1438 1841 1530 1867 Snum‘o
1544 1839 1612 1865 deda
1624 1839 1737 1865 fluuium
1771 1854 1819 1859 —
1853 1839 1982 1866 elicitum.
2008 1840 2066 1865 Vid.
2087 1846 2189 1866 ELicio
2203 1848 2230 1865 n.
2245 1847 2266 1864 2.
2337 1837 2416 1872 Apul.

1379 1877 1443 1902 Met.
1458 1882 1518 1909 ipr.
1533 1876 1551 1900 s.
1566 1883 1589 1908 p.
1606 1883 1658 1907 103,
1673 1882 1695 1900 11
1717 1875 1818 1908 Equum
1834 1875 1861 1900 in
1869 1875 1978 1908 gradum
1991 1875 2076 1900 lenem
2085 1875 2177 1901 sentim
2189 1871 2418 1909 proueho,quoad

1378 1910 1528 1937 lassitudinis
1543 1909 1740 1935 incommodum
1753 1910 1808 1935 alui
1821 1910 1927 1935 solitum
1935 1918 1963 1935 ac
1976 1911 2095 1936 naturale
2108 1910 2264 1944 praesidium
2276 1907 2418 1949 eliquaret.
2432 1931 2437 1934 .
2454 1919 2456 1921 ·

1380 1948 1472 1979 Nempe
1480 1951 1589 1978 putant,
1602 1947 1678 1969 vrina
1697 1944 1819 1969 reddenda
1832 1948 1905 1969 etiam
1918 1945 1986 1979 solui
1998 1952 2021 1970 et
2032 1947 2099 1970 uelut
2110 1944 2231 1980 liquefieri
2244 1943 2418 1978 Iaffitudinem·

1379 1981 1471 2013 Nempe
1484 1979 1602 2012 eliquare
1624 1979 1665 2004 bic
1686 1981 1760 2004 etiam
1775 1976 1810 2011 cst
1822 1980 1889 2004 velut
1903 1986 1952 2014 per
1969 1981 2045 2005 colum
2064 1986 2108 2005 aut
2121 1980 2221 2015 soccum
2237 1981 2426 2014 transmittere,

1376 2012 1497 2048 «immam,
1514 2011 1633 2044 διηθῆσαι.
2413 2034 2416 2039 .

1414 2056 1530 2087 131.in
1541 2055 1620 2076 ATO
1630 2055 1711 2081 RES,
1738 2049 1779 2074 vel
1799 2054 2018 2080 errem-ones,
2037 2045 2187 2083 ὖδροσκόπω,
2205 2048 2248 2076 Gl.
2262 2049 2308 2076 Gr.
2322 2050 2386 2078 Lan
2410 2057 2421 2063 ²

1413 2092 1429 2112 E
1440 2091 1456 2111 L
1467 2092 1476 2111 1
1516 2091 1534 2109 v
1545 2092 1561 2111 E
1570 2092 1582 2111 s
1593 2090 1610 2111 c
1621 2091 1640 2111 O
1649 2104 1657 2117 ,
1679 2086 1731 2110 ere.
1769 2083 1780 2116 [
1792 2083 1898 2117 τήκομαι
1911 2084 1923 2118 ]
1959 2084 2092 2119 Liquidum
2108 2084 2184 2120 fieri,
2203 2084 2256 2118 Jiue
2275 2085 2421 2122 liquefieri-*¹

1378 2120 1455 2146 Varr.
1470 2120 1501 2145 dc
1540 2140 1544 2145 .
1559 2120 1589 2146 R.
1604 2128 1622 2151 1,
1637 2127 1673 2152 ςς,
1685 2128 1703 2152 4
1737 2118 1795 2145 Alia
1809 2118 1841 2145 ad
1859 2119 1947 2146 cibum
1961 2119 2085 2154 eligitur:
2105 2120 2158 2147 alia
2173 2125 2201 2146 vt
2215 2120 2372 2156 eliquescat,
2385 2121 2414 2148 ae

1379 2164 1435 2181 non
1460 2155 1544 2181 solum
1569 2164 1663 2189 corpus
1686 2156 1756 2181 intus
1778 2162 1874 2189 vngat‚
1894 2154 1937 2181 sed
1960 2155 2040 2182 etiam
2053 2156 2222 2183 extrinsecus.
2257 2158 2296 2184 De
2313 2158 2365 2184 olea
2381 2157 2417 2184 10·

1396 2198 1474 2216 ulssss'·

1379 2200 1393 2226 q
1417 2233 1433 2253 E
1442 2232 1458 2251 1.
1469 2232 1534 2262 iqv
1544 2226 1566 2252 Ᾰ
1576 2232 1625 2252 ΜΕ
1634 2233 1672 2258 N,
1692 2225 1753 2252 inis.
1772 2234 1798 2252 n.
1819 2225 1934 2260 [τῆγμα]
1963 2226 2037 2263 Quod
2047 2228 2178 2262 eliquatum
2192 2225 2226 2259 <st
2243 2235 2272 2252 ex
2284 2235 2312 2253 re
2321 2227 2416 2260 aliqua,

1381 2268 1411 2287 vt
1434 2270 1507 2287 carne
1528 2268 1570 2287 aut
1588 2261 1714 2296 piscibus:
1735 2261 1763 2287 id
1783 2269 1861 2287 autem
1887 2265 1977 2298 vulgus
1992 2269 2064 2288 vocat
2077 2264 2222 2289 Salmuriam
2235 2262 2276 2287 vel
2293 2261 2414 2287 Murt'am.

1382 2296 1514 2323 Columel.
1528 2305 1553 2329 9,
1567 2304 1606 2329 14,
1621 2306 1632 2329 3
1654 2297 1839 2331 Abstineatque
1853 2298 1908 2323 fere
1926 2298 1958 2324 ab
1972 2297 2097 2324 omnibus
2110 2295 2291 2323 redolentibus
2303 2294 2416 2322 esculen-

1381 2333 1431 2362 tis,
1451 2338 1479 2359 vt
1492 2332 1550 2358 sunt
1565 2333 1731 2364 salsamenta,
1746 2339 1770 2359 et
1784 2342 1876 2359 eorum
1889 2333 1978 2359 omnia
1992 2332 2162 2367 eliquamina,
2176 2338 2222 2358 etr.
2421 2362 2425 2366 .
2462 2330 2463 2334 ’

1417 2373 1434 2393 Ε
1444 2375 1461 2394 1.
1471 2374 1479 2393 1
1490 2374 1539 2406 qv
1550 2375 1559 2393 1
1570 2374 1637 2398 VM,
1657 2367 1686 2393 ii.
1711 2377 1738 2394 n.
1780 2370 1828 2400 Vt,
1847 2368 1950 2403 Eliquia
1968 2368 2139 2402 irrumpentis
2152 2367 2244 2393 oceani
2259 2364 2341 2392 Solin.
2355 2374 2377 2392 c.
2391 2369 2418 2396 ¹8

1383 2404 1435 2433 (al.
1449 2406 1496 2434 28)
1522 2402 1579 2428 Vid.
1594 2403 1694 2438 Salmas
1703 2410 1731 2438 p.
1745 2413 1782 2437 ¹51
1800 2407 1843 2439 qui
1861 2407 1897 2430 ita
1910 2407 2105 2439 interpretatur,
2123 2404 2211 2429 Maria
2226 2411 2254 2427 ex
2270 2401 2366 2428 Oceano
2373 2409 2414 2428 ar·

1384 2437 1433 2463 His
1440 2438 1560 2472 faucibus
1573 2445 1655 2464 terras
1672 2442 1796 2465 intrantia
1809 2439 1875 2474 quasi
1886 2441 1972 2466 colari.
1989 2439 2035 2465 Gr.
2054 2438 2162 2474 taquam.
2408 2438 2410 2442 '

1421 2479 1518 2504 mis,
1540 2474 1569 2499 is.
1589 2473 1609 2499 f.
1647 2472 1754 2507 [Ἦλις]
1796 2475 1860 2500 Vrbs
1880 2477 1907 2500 in
1921 2474 2088 2509 Peloponneso.
2124 2473 2180 2500 Cic.
2200 2472 2233 2498 de
2246 2471 2337 2498 Diuin.
2354 2479 2375 2503 1,
2387 2477 2415 2503 91

1385 2516 1408 2533 c.
1422 2515 1453 2539 41
1491 2507 1544 2533 Elis
1566 2508 1594 2533 in
1617 2508 1796 2541 Peloponneso
1819 2509 1934 2534 familias
1955 2510 2017 2535 duas
2037 2515 2118 2535 certas
2137 2508 2231 2540 habet,
2249 2506 2419 2541 Ianuidartfm

1384 2551 1480 2573 vnam,
1492 2542 1600 2568 alteram
1619 2542 1801 2574 Cluditarurn,
1819 2544 1981 2577 aruspicinae
1998 2543 2137 2569 nobilitate
2157 2543 2319 2576 praestantes.
2357 2542 2432 2568 celeo>

1384 2577 1437 2603 bris
1454 2581 1586 2603 certamine
1605 2577 1669 2612 qnod
1691 2578 1727 2603 ibi
1748 2579 1901 2603 exercebatur
1920 2581 1948 2603 in
1965 2579 2077 2605 honorem
2097 2579 2165 2604 Iouis
2186 2579 2318 2612 Olympici.
2360 2574 2422 2604 Vid.

1385 2612 1452 2638 Plin.
1465 2621 1493 2644 4,
1508 2620 1529 2644 ς.
1600 2614 1730 2638 Noearunt
1747 2614 1910 2639 Grammatici
1927 2611 2084 2648 alitcrflec‘ii
2098 2622 2182 2639 nomen
2204 2613 2293 2643 Vrbis,
2311 2611 2376 2647 quod
2381 2611 2422 2648 se·

1385 2645 1489 2672 cundum
1502 2646 1582 2681 casiam
1592 2650 1675 2680 primo
1689 2647 1795 2680 stmilem
1810 2648 1896 2679 habet,
1912 2649 1987 2673 aliter
1998 2650 2116 2683 Regionis
2128 2648 2210 2674 vrbem
2221 2650 2422 2674 circumiacentis

1403 2680 1450 2707 uod
1470 2681 1601 2716 ficundum
1626 2681 1706 2715 cafimr
1730 2688 1816 2717 auget,
1832 2682 1857 2708 b.
1872 2689 1900 2716 p.
1919 2682 1988 2712 Elis,
2003 2682 2063 2710 idis.
2105 2683 2163 2710 Vid.
2185 2682 2289 2709 Victor.
2309 2681 2341 2709 ad
2362 2682 2419 2709 Cic.

1409 2725 1458 2742 am.
1472 2725 1504 2748 13,
1519 2719 1547 2742 26
1561 2716 1604 2742 vbi
1622 2715 1688 2743 recle
1706 2718 1727 2742 le
1745 2720 1812 2748 itur,
1832 2717 1886 2749 Qii
1901 2716 1938 2742 Eli
1952 2719 2100 2752 negotiatus
2114 2718 2158 2745 est.
2213 2719 2245 2744 Et
2258 2717 2290 2744 de
2302 2718 2338 2745 N.
2352 2719 2382 2744 D.
2394 2725 2420 2750 3,

1388 2760 1418 2784 59
1432 2761 1452 2777 c.
1466 2760 1493 2784 23
1515 2752 1601 2777 Venus
1623 2752 1707 2785 prima
1720 2752 1802 2778 eaelo
1817 2758 1841 2778 et
1854 2753 1904 2778 Die
1918 2759 1977 2778 nata
1989 2754 2063 2779 cuius
2077 2753 2116 2779 Eli
2137 2753 2277 2780 delubrum
2295 2753 2421 2784 vidimus,

1386 2787 1429 2812 vbi
1447 2786 1527 2812 editur
1541 2786 1613 2811 Elide
1626 2787 1691 2812 Plin.
1706 2790 1744 2818 16,
1759 2793 1771 2816 8
1783 2795 1846 2812 extr.
1873 2788 1909 2813 Vt
1921 2788 1990 2813 circa
2001 2788 2059 2814 Elin
2073 2795 2099 2815 et
2111 2788 2342 2815 Lacedaemonem.
2379 2787 2422 2815 sic
2442 2813 2445 2816 ,

1388 2821 1463 2851 Elin,
1476 2821 1650 2854 Messeniaque
1674 2830 1736 2848 arua
1752 2821 1856 2848 colebas
1879 2822 1961 2849 Ouid.
1975 2824 2039 2850 Met.
2055 2833 2078 2854 2,
2092 2827 2152 2857 679.
2223 2823 2352 2856 Resupina
2366 2823 2421 2849 Elis
2443 2847 2446 2851 .

1389 2855 1449 2881 Stat.
1463 2854 1556 2880 Theb.
1574 2865 1601 2888 4,
1612 2864 1669 2889 237.
1824 2855 1844 2894 fl
1866 2866 1878 2882 2
1915 2858 1988 2892 Virg.
2003 2859 2066 2884 Ae'n.
2080 2868 2100 2890 3,
2114 2860 2167 2890 694
2201 2857 2332 2892 Alpheum
2350 2858 2422 2886 fama

1390 2933 1442 2951 Cla?
1456 2934 1539 2950 ”omen
1556 2933 1595 2952 81'.

1425 2967 1442 2986 Ε
1454 2930 1614 3000 Lfivs,]a,
1634 2969 1687 2987 um.
1723 2962 1783 2989 Adi.
1824 2963 1955 2997 [Ἠλεῖος]
1995 2962 2040 2989 Ad
2058 2962 2127 2988 ludos
2147 2963 2288 2999 olympicos
2304 2964 2365 3001 fere
2383 2950 2438 2993 re:

1384 2994 1484 3030 fertur.
1503 3005 1527 3021 υ.
1542 3005 1566 3031 g.
1583 2997 1654 3030 Virg.
1675 2997 1771 3032 Georg.
1792 3007 1810 3029 3,
1830 3007 1880 3024 202
1908 2999 1959 3024 Hic
1973 2998 2016 3024 vel
2037 2997 2068 3024 ad
2084 2998 2140 3023 Elei
2158 3005 2254 3032 metas,
2267 3006 2292 3027 et
2306 3000 2422 3028 maxima
2438 3027 2441 3035 s

1392 3031 1477 3064 campi
1514 3030 1622 3056 Sudabit
1642 3033 1736 3065 spatia,
1756 3040 1782 3059 et
1795 3034 1895 3068 spumas
1907 3039 1965 3067 aget
1977 3042 2024 3059 ore
2040 3040 2167 3060 cruentas.
2238 3035 2344 3063 Tibull.
2360 3046 2380 3069 1,
2392 3046 2422 3069 4,
2455 3035 2458 3038 ’

1391 3110 1494 3126 carcerc·
1515 3102 1601 3127 miss‘us
1619 3111 1709 3136 equus.

1781 3104 1859 3130 Ouid.
1874 3104 1949 3138 Epist.
1965 3109 1999 3135 18,
2014 3106 2059 3129 166
2097 3105 2133 3130 Vt
2151 3105 2218 3132 celer
2236 3107 2300 3134 Eleo
2319 3115 2423 3135 carcer-⁵

1392 3136 1478 3162 missiis
1491 3145 1582 3171 equus.

1654 3137 1767 3164 Labores
1781 3139 1834 3165 Elei
1851 3140 1910 3165 Stat.
1925 3139 1990 3165 Silu.
2003 3150 2032 3172 4,
2045 3148 2071 3171 4,
2085 3148 2118 3171 31·

1428 3178 1470 3198 131„
1482 3179 1490 3198 1
1503 3178 1598 3198 anns
1619 3181 1715 3206 equae,
1735 3172 1872 3205 [Ἠλαᾶἑις
1891 3175 1975 3208 ἵπποι]
2011 3174 2086 3208 virg.
2103 3176 2198 3210 Georg.
2211 3184 2232 3209 1,
2243 3185 2274 3210 59
2299 3177 2429 3205 Eliadum.

1392 3206 1489 3240 palmas
1505 3208 1595 3241 Epiros
1608 3217 1744 3241 equarum.
1789 3210 1881 3243 Epirus
1895 3216 1963 3236 creat
1971 3218 2053 3249 *equas
2068 3211 2192 3244 optimas,
2210 3221 2277 3246 quae
2288 3213 2355 3253 apud
2370 3214 2423 3241 Eli-

1429 3285 1470 3304 EL
1481 3279 1490 3304 1
1501 3285 1542 3304 SA
1553 3298 1560 3309 ‚
1581 3287 1619 3303 ac.
1640 3278 1659 3303 f.
1696 3277 1820 3313 [Ἐλίσοε]
1857 3280 1963 3306 Nomen
1980 3281 2031 3306 fuit
2044 3280 2162 3308 Didonis.
2198 3283 2269 3309 Nam
2282 3283 2353 3311 Dido
2371 3283 2422 3311 lin-

1393 3320 1441 3345 gua
1456 3313 1614 3339 Phoenicum
1624 3313 1722 3345 Virago
1735 3315 1929 3348 interpretatur.
1965 3317 2055 3349 Qium
2070 3318 2140 3344 enim
2154 3317 2250 3350 Iarbas,
2257 3318 2356 3352 Libyae
2367 3327 2423 3349 rex,

1395 3356 1451 3372 cam
1467 3349 1547 3375 vellet
1560 3357 1668 3374 vxoreni
1683 3349 1792 3382 ducere,
1813 3350 1858 3376 illa
1871 3359 1935 3376 vero
1953 3358 2072 3385 negaret,
2091 3352 2245 3388 Carthagini
2265 3354 2364 3381 bellum
2382 3355 2423 3382 in-

1395 3383 1463 3408 tulit.
1483 3384 1556 3409 cuius
1572 3385 1668 3409 timore
1687 3393 1769 3418 quum
1783 3392 1944 3419 cogeretur-a
1960 3386 2077 3420 ciuibus,
2096 3389 2220 3422 petiit,vt
2239 3396 2299 3416 ante
2311 3390 2424 3424 placaret
2447 3391 2453 3402 '¹

1397 3453 1555 3493 rem-Dido,
1575 3457 1593 3479 ι’.
1613 3455 1712 3488 Virago
1725 3455 1794 3481 dicta
1810 3456 1861 3487 est,
1875 3465 1941 3490 quae
1955 3457 2032 3484 virile
2052 3459 2153 3494 aliquid
2170 3460 2242 3487 fecit.
2293 3462 2335 3487 Ha
2363 3471 2437 3492 cnut,

1395 3488 1500 3513 Seruius
1518 3492 1544 3514 in
1562 3489 1625 3515 illud
1644 3490 1706 3515 Aen.
1726 3500 1753 3522 4,
1766 3493 1795 3522 36
1830 3491 1895 3517 Non
1913 3492 2025 3525 Libyae,
2040 3503 2093 3520 non
2113 3501 2173 3521 ante
2191 3496 2269 3528 Tyro
2287 3493 2435 3531 despectus

1393 3523 1497 3584 ’ἓξ-111331..
1523 3524 1618 3584 “Idem
1631 3525 1695 3550 Aen.
1708 3535 1736 3558 4,
1749 3534 1789 3558 335
1829 3526 1885 3554 Nec
1905 3537 1947 3554 nic
1966 3531 2108 3556 iueminilsc
2129 3530 2230 3565 pigebit
2243 3530 2325 3557 Elisae
2351 3533 2435 3561 Dum}

1412 3568 1420 3584 1
1446 3568 1454 3584 1
1499 3577 1505 3588 ,
1548 3568 1569 3585 c.
2419 3573 2424 3577 ⁴

1432 3600 1448 3620 Γ,
1459 3599 1514 3620 Lis
1526 3595 1607 3627 ἓνς,
1627 3604 1655 3626 3,
1675 3604 1728 3621 um.
1756 3595 1816 3622 Adi.
1853 3596 1898 3622 Sil.
1912 3600 1937 3630 6,
1951 3601 1997 3631 346
2028 3600 2061 3626 At
2079 3609 2149 3627 noua
2163 3600 2241 3626 Flisei
2261 3601 2348 3629 iurato
2362 3603 2422 3629 foe·
2444 3619 2455 3631 r

1393 3628 1457 3691 gei-Ia
1483 3635 1567 3663 patres
1603 3631 1755 3657 Consultant
1780 3632 1902 3658 mandare
1928 3632 1995 3660 duci.
2019 3638 2037 3661 i.
2058 3636 2288 3671 Carthaginienses,
2307 3638 2338 3664 ab
2355 3638 2422 3665 Elisa
2450 3647 2451 3650 ¹

1420 3675 1427 3690 1
1448 3673 1499 3690 one.
2429 3678 2436 3685 ¹

1431 3705 1687 3732 Erisrnacos,
1722 3701 1789 3735 apud
1801 3701 1866 3729 Plin.
1886 3712 1926 3736 22,
1944 3713 1982 3736 2³·-
2011 3705 2069 3732 Vid.
2090 3711 2334 3735 aeuerACOS.

1430 3741 1526 3762 max.
1566 3736 1624 3762 Vici.
1661 3742 1806 3764 ntimo.

1431 3811 1448 3831 Ε
1460 3811 1476 3830 1.
1489 3811 1497 3829 1
1508 3813 1552 3831 xo
1563 3825 1570 3837 ,
1590 3810 1641 3831 rire.
1677 3807 1778 3841 [ἕφέω]
1812 3811 1883 3843 Aqua
1907 3820 1980 3845 coquo
1998 3814 2079 3837 cinere
2097 3809 2155 3836 ollae
2169 3810 2307 3846 supposito,
2323 3816 2367 3848 qui
2385 3813 2422 3840 lix

1395 3847 1512 3869 vocatur.
1526 3841 1588 3866 uncle
1602 3849 1625 3866 et
1639 3841 1718 3867 Lixae
1731 3842 1856 3875 dicuntur,
1867 3844 1905 3878 fic
1922 3846 2071 3881 Humelberg.
2090 3846 2123 3871 ad
2135 3846 2207 3878 Apic.
2224 3854 2249 3880 7,
2265 3850 2282 3873 6
2296 3855 2339 3882 pr.
2374 3846 2421 3875 Sed

1396 3878 1476 3910 magis
1490 3874 1523 3900 ad
1542 3885 1590 3901 rem
1602 3880 1724 3910 pertinet,
1738 3878 1800 3912 quod
1818 3879 1888 3906 Non.
1906 3889 1924 3912 1,
1940 3889 1987 3913 309
2000 3883 2051 3910 ait,
2079 3880 2172 3906 Lixam
2196 3891 2310 3916 namque
2327 3890 2420 3918 aquam

1397 3917 1497 3936 veteres
1511 3910 1647 3937 vocabant.
1683 3914 1764 3939 Auem
1780 3913 1876 3941 elixare
1891 3917 1964 3950 Apic.
1978 3918 2004 3946 6,
2017 3917 2042 3940 6.
2061 3916 2133 3950 Fons.
2147 3917 2217 3942 eund.
2237 3925 2259 3949 ς,
2273 3927 2299 3950 3:
2314 3927 2336 3950 3,
2350 3921 2365 3944 6
2377 3919 2420 3944 etc'.

1433 3951 1473 3972 ΕΙ.
1484 3952 1492 3971 1
1503 3953 1519 3973 x
1529 3953 1579 3973 ΛΤ
1589 3953 1607 3973 v
1618 3954 1645 3979 s,
1663 3956 1693 3980 a,
1711 3957 1762 3975 um.
1799 3951 1890 3977 Partic.
1932 3951 1982 3983 Vt,
1996 3950 2096 3977 Elixata
2110 3951 2185 3977 radix
2199 3953 2295 3980 Macer.
2310 3962 2331 3985 1,
2347 3961 2383 3984 10,
2395 3950 2420 3986 '‘l-

2320 3989 2341 4015 C
2343 3987 2421 4014 olicu-
