2479 4225
49 187 114 231 853
469 158 529 214 H'
617 177 657 217 A
1551 178 1594 221 H
1671 182 1707 223 A
1788 186 1817 226 B
2119 200 2192 246 854

49 272 120 296 creto
135 265 321 292 Decurionum.
393 265 429 291 H.
447 265 471 292 S.
487 265 522 292 H.
544 265 580 292 H.
600 266 637 293 N.
656 266 682 293 S.
719 265 779 293 Hoc
796 264 947 301 Sepulcrum
967 265 1084 293 Heredes
1145 267 1203 294 Cas.
1220 276 1241 301 3,
1253 277 1276 302 3,
1290 277 1332 305 27.
1368 269 1437 298 Ter.
1452 271 1515 298 Hec.
1531 280 1553 305 2,
1567 280 1589 306 3,
1603 279 1616 306 5
1636 272 1781 308 Nunquam
1793 275 1863 302 secus
1877 277 1957 305 habui
1973 279 2061 314 illam,
2080 291 2109 309 ac
2121 281 2139 308 fi
2153 291 2185 310 ex

0 325 6 335 Ι
48 303 114 332 Non
130 300 260 336 Sequitur.
331 299 365 326 H.
389 301 413 326 S.
437 301 466 328 L.
503 302 562 328 Hoc
587 302 644 329 Sibi
666 303 784 336 Legauit.
854 302 888 327 H.
909 301 932 326 S.
949 302 975 327 P.
996 302 1083 342 D:.V·
1146 313 1187 329 me
1202 306 1261 331 ess'ct
1274 312 1342 332 nata.
1413 306 1451 332 Id.
1465 307 1575 342 Adelph.
1590 317 1609 341 1,
1624 317 1645 341 1,
1660 317 1693 335 20
1711 310 1777 335 Ruri
1790 319 1866 343 agere
1880 313 1976 339 vitam:
1997 318 2096 351 semper
2109 327 2185 352 parce

50 339 107 366 Hoc
119 337 167 365 Sua
183 336 290 363 Pecunia
304 335 382 362 Dedit
395 337 503 363 Viucns.
575 337 609 364 H.
629 338 651 364 S.
672 338 696 363 S.
733 338 785 364 Hie
800 336 898 370 Sepulti
912 337 990 368 Sunt,
1018 338 1083 368 διεὶς
1146 348 1175 365 ac
1188 339 1290 367 duriter
1303 342 1328 367 se
1346 340 1451 367 habere.
1521 344 1601 370 Plaut.
1615 345 1685 371 Men.
1700 353 1721 376 ι,
1735 354 1760 378 2,
1774 354 1802 371 10
1820 345 1942 372 Nimium
1959 356 1982 374 te
1997 351 2075 378 habui
2089 353 2185 380 delica-

51 374 110 402 Hoc
128 370 183 398 Sibi
200 370 361 405 Sepulcrum.
441 372 475 398 H.
500 372 524 398 S.
545 372 584 399 T.
612 373 647 400 N.
677 373 705 400 E.
742 372 810 399 Huic
828 372 952 406 Sepulcro
971 372 1083 400 Titulus
1148 380 1209 401 tam.
1255 376 1295 403 Sic
1308 376 1406 402 Durius
1420 377 1534 411 aliquem
1551 379 1652 413 leian.
1666 380 1692 406 in
1706 380 1721 406 l.
1734 389 1750 406 2.
1770 381 1802 407 D.
1817 380 1849 407 de
1864 381 1915 413 iis,
1934 385 1979 416 qui
1993 385 2032 411 sui
2051 388 2091 413 vel
2104 389 2182 415 alien.

6 410 13 416 ’
52 409 115 437 Non
126 406 174 433 Est.
239 407 274 432 H.
294 406 318 432 S.
341 408 371 433 V.
394 408 421 433 F.
438 408 476 434 M.
513 407 565 434 Hic
580 408 635 435 Sibi
649 409 748 435 Viuens
762 407 832 434 Fieri
844 407 998 439 Mandauit,
1019 409 1082 447 *Hoc
1109 411 1124 438 5
1149 409 1214 436 iuris
1227 412 1293 438 sunt.
1364 412 1423 438 Liu.
1437 419 1463 446 7,
1478 421 1489 444 ς
1508 415 1544 439 lta
1558 415 1641 448 Aegre
1654 415 1748 441 habuit
1763 416 1847 442 filium
1863 416 1889 443 id
1904 426 1952 451 pro
1968 427 2070 452 parente
2083 425 2183 456 ausum,

51 443 108 472 Sibi
122 441 218 469 vinens
238 442 311 468 Fecit
331 443 542 469 Monumentum.
614 444 649 470 H.
669 444 692 469 S.
715 445 747 469 V.
763 443 799 468 M.
820 442 856 468 N.
893 444 950 468 Hoc
969 442 1025 469 Sibi
1040 445 1083 470 Vi-
1146 454 1231 479 eoque
1245 446 1287 477 id,
1307 454 1351 473 etc.
1425 448 1506 474 Plaut.
1525 449 1593 475 Asin.
1609 459 1626 479 1,
1643 459 1660 480 1,
1674 453 1704 483 ⁶3
1731 452 1897 486 Qiamquam
1916 452 1992 478 illum
2008 463 2089 482 muter
2103 460 2181 486 Arete

20 492 22 500 ›
51 485 112 506 vens
123 477 324 503 Monumentum
340 478 518 513 Nuucupauit.
611 479 646 505 Η.
665 479 688 505 S.
703 480 736 506 V.
757 478 780 504 S.
797 478 823 503 Ρ.
860 478 918 504 Hoc
932 478 1083 512 Sepulcrum
1145 488 1318 516 contenteque
1334 482 1427 514 habet,
1448 489 1532 516 patres
1550 491 1577 510 vt
1597 487 1798 513 cousueuerunt.
1902 488 2003 514 Sallust.
2020 491 2045 515 in
2061 493 2177 525 lugurth⁴

32 541 36 547 ,
52 514 148 541 Viuens
161 512 218 538 Sibi
233 513 329 539 Posuit.
396 515 431 540 H.
450 514 488 540 T.
513 514 542 540 F.
580 513 696 540 Heredes
708 513 835 540 Titulum
848 513 983 539 Fecerunt.
1049 517 1082 542 H.
1145 521 1170 546 81
1191 518 1241 548 (al.
1254 519 1306 551 79)
1333 518 1429 552 Neque
1447 520 1561 552 numen,
1580 528 1664 553 neque
1684 530 1759 547 mons
1779 528 1851 556 erat,
1872 524 1919 557 qui
1938 523 2001 550 fines
2021 534 2113 551 eorum
2132 527 2182 555 dir-

20 549 21 552 ’
51 549 89 576 Τ.
110 548 143 574 Η.
166 548 202 574 Ν.
226 548 251 573 S.
288 549 340 574 Hic
353 549 465 575 Titulus
480 549 594 576 Heredes
609 550 672 576 Non
685 548 815 582 Sequitur.
893 549 928 574 H.
949 550 986 576 T.
1005 551 1036 576 V.
1057 552 1082 577 P.
1145 559 1279 585 cerneret,
1321 561 1368 579 uae
1381 561 1437 585 rcs,
1459 554 1546 581 cosin
1560 563 1654 588 magno
1671 556 1850 592 diuturnoque
1871 558 1941 586 bello
1956 560 2025 587 inter
2037 561 2062 586 se
2076 561 2182 594 habuit,

50 584 125 615 Hunc
140 582 267 609 Titulum
282 584 366 610 Vinus
383 585 479 612 Posuit.
573 586 607 611 Η.
627 585 660 611 V.
697 584 769 610 Haec
787 584 866 616 Vita,
887 583 971 617 Vrbs,
989 586 1083 617 onr-3
1104 598 1133 617 10
1143 590 1160 613 i.
1180 590 1274 618 tenuit,
1313 591 1411 615 etinuit.
1465 589 1506 615 stc
1519 590 1579 624 stre
1599 590 1688 616 Celsus
1708 600 1735 624 3,
1756 598 1781 622 1ss
1809 594 1837 620 Ae
1849 594 2019 629 phrenesim,
2038 597 2102 622 fere
2117 606 2181 623 vcro

49 619 100 646 Hie
114 618 193 649 Vale,
220 618 326 652 Vester,
352 620 448 650 Viuit;
485 619 611 654 Hispania
625 619 759 651 Vlterior,
783 620 920 653 Vtraque3
957 621 1006 646 His
1019 622 1084 648 Vcr-
1144 623 1247 657 antiqui
1265 623 1328 649 tales
1347 632 1438 657 aegros
1457 624 1484 649 in
1504 625 1619 651 tenebris
1641 625 1785 661 habebant,
1806 638 1856 661 eo,
1873 629 1944 664 quod
1962 631 2001 656 eis
2019 633 2182 658 contrarium

49 654 107 687 bis,
143 654 200 679 Hoc
214 654 326 687 Viuens,
364 654 492 682 Honestus
510 657 572 687 Vir,
606 655 716 681 Honore
729 655 811 690 VfilS,
848 655 929 680 Horis
949 656 1083 691 Qiinque,
1146 659 1205 684 ess'et
1220 657 1370 685 exterreri:
1397 665 1422 685 et
1441 658 1473 685 ad
1506 661 1604 686 uictem
1619 662 1699 687 animi
1718 665 1837 690 tent-bras
1854 665 1918 698 ipsas
1931 666 2051 693 conferre
2068 668 2183 702 aliquid,

48 690 86 717 Η.
105 690 137 715 V.
157 689 189 715 D.
226 690 285 715 Hoc
299 691 399 717 Viuens
413 691 507 721 Dedit,
531 690 626 717 Volens
638 689 786 716 Dedicauit.
858 690 892 716 H.
911 691 942 716 V.
962 693 994 717 D.
1012 693 1037 720 P.
1058 692 1082 718 S.
1144 693 1303 721 indicabant.
1476 669 1529 731 51³3
1568 696 1695 723 Habitare.
1733 699 1813 725 Plaut.
1827 700 1917 726 Bacch.
1933 710 1953 732 1,
1969 710 1993 735 2,
2007 705 2023 727 6
2043 704 2108 736 Quis
2123 703 2182 729 istic

48 725 107 752 Hoc
121 725 204 751 Vouit
218 725 275 751 Diis
290 726 381 752 Patriis
395 726 519 753 Sacellum
529 745 537 757 ,
573 726 630 752 Hoc
644 726 743 751 Viuens
761 725 841 752 Dedit
856 725 967 759 Proprio
985 727 1084 753 Sumtu.
1145 728 1240 756 habet?
1314 727 1414 755 Sallust.
1430 729 1457 755 in
1473 731 1590 765 Iugurth.
1612 740 1643 757 20
1675 733 1721 758 Sed
1738 735 1785 768 qui
1798 736 1920 761 mortales
1934 737 1959 761 in
1975 737 2055 764 initio
2064 739 2183 766 Atticam

38 760 84 790 Ἠ.
102 760 135 786 V.
153 761 181 787 F.
219 761 277 786 Hoc
289 761 390 788 Viuens
404 761 490 794 Fecit,
525 761 583 786 Hoc
597 761 690 787 Voluit
704 761 785 788 Fieri.
855 761 889 787 Η.
907 762 939 788 V.
959 762 996 790 M.
1032 763 1084 788 Hic
1105 773 1129 799 ις
1146 763 1294 792 habuerint.
1343 763 1416 790 Adde·
1436 764 1502 791 lbid.
1516 775 1544 792 21
1572 767 1689 793 Africam
1706 769 1785 795 initio
1801 769 1915 797 habuere
1928 772 2033 804 Libyes.
2101 774 2181 801 l'laut.

49 795 141 822 Voluit
154 796 374 829 Monumentum,
410 795 550 830 Hispaniae
564 796 708 830 Vtriusque
722 797 935 823 Monumentum.
996 798 1032 824 H.
1051 800 1083 824 V.
1145 800 1213 834 prol.
1227 801 1297 826 Meu.
1312 800 1346 831 69
1371 800 1449 826 Nunc
1468 801 1513 827 ille
1531 803 1664 836 geminus,
1686 804 1731 838 qui
1746 805 1873 836 Syr-aculis
1892 806 1979 833 habet.
2050 808 2180 837 Id.Truc.

48 830 74 858 S.
93 831 120 856 P.
155 831 230 857 Hanc
243 832 314 858 Voto
328 833 420 859 Soluto
436 831 540 863 Posuit,
575 831 634 858 Hoc
648 833 747 859 Viuens
760 832 817 859 Sibi
829 832 926 859 Posuit.
997 833 1032 859 H.
1050 834 1082 860 V.
1145 843 1168 867 2,
1180 844 1206 868 4.
1221 843 1250 868 52
1271 834 1441 862 Tonstricem
1462 837 1551 863 Suram
1572 838 1670 864 11001111
1690 839 1819 873 nostram,
1840 850 1905 874 quae
1923 842 2005 869 modo
2026 852 2084 878 erga
2107 847 2182 872 aedes

0 871 6 879 *
47 865 73 894 S.
94 866 126 892 R.
160 866 271 895 Honore
284 868 349 895 Vsus
363 869 482 895 Sumtum
499 866 616 894 Remifit.
1143 870 1232 897 habet.
1302 870 1358 897 Cic.
1373 879 1421 904 pro
1443 872 1669 905 Rosc.Ame1-.133
1695 875 1749 907 Qui
1771 876 1797 901 in
1816 877 1953 903 Salentinis
1973 886 2017 904 aut
2038 881 2064 905 in
2084 881 2181 907 Brutiis

1144 905 1251 932 habeut.
1322 905 1376 931 Vbi
1395 907 1543 933 aedinunus
1558 908 1653 935 habere
1670 910 1735 935 solet
1750 912 1833 938 Varro
1847 912 1875 938 L.
1891 913 1919 938 L.
1934 921 1960 945 4,
1981 919 2001 943 8.
2073 917 2111 948 Is,
2132 916 2181 951 qui

472 940 506 972 H
636 942 663 972 Λ
1097 949 1132 968 20
1143 941 1190 967 sub
1204 940 1281 968 terris
1295 940 1372 967 habet
1387 942 1442 968 Cic.
1456 943 1487 969 de
1502 943 1596 970 Natur.
1610 945 1691 970 Deor.
1705 954 1716 976 3
1736 955 1756 971 c.
1771 955 1810 972 22.
1846 948 1912 973 Adit.
1929 949 2000 974 Idem
2016 950 2092 977 Attic.
2108 959 2127 981 1,
2143 954 2180 978 16.

1143 974 1164 1014 ff
1186 986 1205 1010 4
1242 976 1350 1008 Habeo,
1371 977 1435 1011 quid
1448 986 1538 1012 agam,
1563 983 1581 1005 i.
1597 980 1660 1014 scio.
1698 980 1765 1005 Ter.
1779 981 1858 1008 Andr.
1875 992 1896 1015 3,
1911 993 1935 1015 2,
1950 989 1975 1013 18
1995 985 2100 1016 Teneo,
2115 986 2180 1021 quid

83 1015 152 1037 HA.
188 1003 242 1044 [οἷ]
281 1007 425 1037 InterieHio
444 1013 620 1045 corripuimus,
634 1008 688 1043 fiue
706 1008 877 1041 admonentis,
896 1018 926 1035 ne
944 1009 1004 1045 quid
1014 1009 1081 1046 fiat,
1143 1017 1230 1043 erret,
1249 1011 1313 1046 quid
1326 1020 1374 1045 ego
1387 1021 1475 1046 agam,
1497 1013 1590 1040 habeo.
1674 1014 1730 1041 Nec
1746 1016 1808 1049 quid
1829 1018 1939 1050 speraret
1959 1019 2071 1047 habebat
2086 1022 2180 1055 Virgil.

46 1053 105 1070 neue
119 1047 174 1080 quis
188 1048 254 1071 inre
271 1053 355 1081 coepm
362 1045 551 1081 progrediatur.
586 1046 667 1072 Plaut.
682 1045 764 1071 Trin.
776 1054 804 1078 4,
817 1053 840 1076 3,
854 1053 881 1078 52
905 1045 976 1071 Heus
990 1052 1017 1072 tu
1030 1046 1081 1072 asta
1143 1047 1195 1073 Ecl.
1216 1055 1237 1078 2,
1259 1056 1280 1072 2.
1351 1048 1406 1074 Cic.
1421 1049 1473 1075 Att.
1488 1057 1514 1083 7,
1530 1058 1557 1081 19
1585 1049 1662 1075 Nihil
1682 1049 1783 1081 habeo,
1802 1053 1872 1085 quod
1888 1052 1920 1078 ad
1934 1059 1958 1078 te
1978 1055 2097 1082 scribam.
2150 1059 2181 1083 lit

0 1103 3 1111 ‚
47 1079 140 1112 illico,
158 1080 236 1106 audi:
254 1079 318 1106 heus
333 1086 370 1106 tu.
407 1087 429 1107 S.
449 1089 503 1108 non
516 1080 563 1109 sto.
600 1086 630 1107 c.
649 1086 675 1107 at
687 1089 737 1114 ego
748 1086 774 1106 te
788 1080 854 1106 stare
868 1080 940 1108 volo.
977 1089 998 1107 s.
1016 1081 1081 1116 quid
1141 1082 1240 1114 ibidem,
1260 1082 1292 1108 de
1305 1084 1393 1116 pueris
1412 1084 1475 1118 quid
1490 1093 1575 1118 agam,
1594 1094 1648 1111 uon
1664 1084 1758 1111 habeo.
1819 1088 1856 1112 Id.
1870 1086 1901 1112 de
1915 1089 1998 1114 Amic.
2013 1099 2035 1116 c.
2049 1100 2083 1126 27
2100 1091 2179 1118 Nihil

46 1113 66 1140 fi
80 1121 184 1149 egomet
200 1115 308 1141 tevelle
324 1115 404 1142 nolo?
440 1123 465 1143 C.
487 1116 534 1147 ha,
551 1115 666 1142 nimium
680 1115 783 1142 Stasime
803 1116 923 1142 saeuiter.
977 1119 1011 1143 It.
1032 1127 1081 1143 vox
1094 1123 1126 1149 κς
1141 1117 1242 1150 habeo,
1254 1117 1327 1152 quod
1340 1128 1399 1144 cum
1413 1118 1531 1146 amicitia
1546 1120 1674 1154 Scipionis
1687 1120 1776 1155 possim
1790 1130 1965 1156 comparaere.
2124 1125 2144 1163 ff
2166 1136 2180 1159 ς

46 1149 236 1185 exsultantium,
255 1157 284 1176 vt
298 1151 379 1177 Plaut.
394 1152 468 1186 Capt.
486 1160 507 1184 1,
522 1160 543 1183 2,
555 1158 597 1184 45.
639 1150 697 1176 Vici.
712 1152 734 1177 I.
748 1151 872 1178 Gebhardi
885 1151 1001 1187 Crepund.
1016 1163 1044 1183 2,
1056 1163 1079 1179 2.
1140 1152 1247 1181 Habere
1260 1156 1381 1188 ponitur,
1396 1161 1444 1189 pro
1463 1154 1616 1195 eristimarffi
1634 1159 1672 1196 ita
1693 1163 1789 1186 tamen,
1809 1164 1838 1184 vt
1855 1167 1870 1184 a
1886 1161 1970 1193 prima
1988 1158 2031 1185 illa
2043 1160 2181 1195 poffldeizdi

0 1199 1 1204 ,
45 1184 88 1210 Ha
104 1184 137 1211 ha
156 1185 203 1217 he,
227 1186 378 1213 interiefflo
392 1187 468 1219 risus,
488 1189 570 1226 inquit
583 1186 701 1226 Donatus
714 1186 782 1212 Ter.
792 1186 856 1226 liun.
869 1196 890 1219 3,
904 1195 924 1219 1,
932 1190 970 1219 36.
1006 1187 1079 1214 Idem
1140 1191 1237 1229 notione·
1251 1191 1418 1229 nonbmultum
1435 1190 1583 1231 <Itym-ditur.
1636 1192 1691 1231 Cxc.
1708 1192 1740 1217 de
1753 1198 1806 1226 opt.
1821 1201 1877 1227 gen.
1892 1195 1967 1221 Orat.
1979 1203 1995 1226 9
2015 1204 2035 1221 c.
2055 1205 2073 1229 4
2099 1196 2179 1230 Quod

44 1217 151 1246 Phorm.
166 1229 188 1251 2,
204 1229 229 1254 2,
244 1223 274 1254 63
301 1221 409 1248 Abduce
427 1222 493 1248 hanc
511 1230 595 1248 minas
614 1229 731 1256 quinque
745 1230 841 1256 accipe.
876 1229 900 1249 P.
926 1223 959 1250 ha
979 1223 1013 1250 ha
1031 1223 1080 1257 he,
1141 1232 1189 1259 qui
1207 1230 1243 1250 lta
1262 1224 1357 1257 faciet,
1376 1232 1421 1257 vt,
1441 1229 1457 1251 11
1477 1232 1565 1260 cupiat
1583 1225 1696 1253 vberior
1713 1228 1777 1259 effe,
1796 1237 1850 1254 non
1867 1229 1955 1264 poffit,
1976 1230 2102 1258 habeatur
2121 1233 2180 1258 sane

0 1272 2 1282 .
44 1252 126 1282 homo
138 1256 234 1283 suauis.
287 1258 319 1284 ln
331 1257 458 1284 irridendo
469 1257 603 1293 vJurpatur
616 1256 699 1284 Plaut.
712 1256 801 1284 Pseud.
812 1265 842 1292 4,
856 1266 876 1291 1,
888 1260 928 1290 36.
1140 1266 1242 1292 orator,
1261 1259 1303 1286 sed
1316 1259 1348 1286 de
1363 1260 1527 1288 minoribus:
1551 1265 1702 1293 retineatur,
1718 1263 1883 1298 possideatur,
1902 1265 2053 1292 adhibeatur.
2106 1269 2180 1295 Caes.

1096 1303 1128 1328 30
1140 1295 1204 1321 Bell.
1219 1296 1251 1321 G.
1265 1304 1291 1328 1,
1310 1304 1338 1322 21
1365 1296 1391 1321 P.
1405 1295 1558 1329 Considius,
1577 1298 1624 1331 qui
1644 1298 1684 1324 rei
1703 1299 1825 1325 militaris
1845 1300 2009 1334 peritiffimus
2024 1301 2180 1336 habebatur,

419 1330 452 1362 H
548 1331 577 1362 A
672 1331 695 1361 B
1140 1346 1186 1351 -—
1220 1330 1413 1365 praemittitur,
1442 1335 1460 1358 i.
1479 1341 1545 1367 quem
1559 1333 1646 1368 Caryar
1660 1334 1777 1366 habebat,
1797 1338 1840 1369 qui
1859 1342 1909 1361 tum
1927 1338 2022 1362 aderat.
2078 1338 2178 1365 Sallust.

42 1375 65 1394 ,3
1140 1364 1218 1392 Catil.
1234 1375 1243 1392 1
1265 1366 1337 1393 Nam
1350 1366 1506 1394 diuitiarum
1520 1373 1545 1393 et
1560 1368 1662 1394 formae
1675 1368 1760 1402 gloria
1772 1369 1873 1404 fragilis
1888 1381 1893 1397 ε
1919 1372 2002 1398 virtus
2014 1372 2082 1399 clara
2096 1380 2180 1401 aeter-

0 1418 17 1430 ›.
66 1389 73 1406 ἱ
109 1397 242 1424 ΑΒΕΝΑ
253 1417 262 1431 ,
281 1403 320 1425 ae.
355 1398 376 1425 f.
412 1398 509 1434 [ἡνίαν]
545 1400 717 1427 Retinaculum
729 1400 881 1437 eufronum,
899 1409 945 1438 quo
956 1411 1031 1437 equus·
1043 1411 1081 1429 co·
1141 1410 1227 1441 naque
1242 1401 1370 1435 habetur,
1385 1402 1520 1437 poffidetur
1532 1413 1585 1429 cum
1598 1405 1712 1430 claritate
1730 1412 1753 1430 et
1772 1409 1926 1434 aeternitate.
1981 1409 2012 1434 Et
2024 1409 2102 1435 Catil.
2117 1417 2155 1442 53,
2169 1418 2181 1436 ι

40 1439 41 1442 ’
108 1442 155 1462 ur‚·
184 1435 203 1459 i.
223 1434 301 1459 lorum
315 1434 428 1470 fundae,
454 1435 484 1461 ab
502 1434 624 1461 habendo
645 1443 775 1471 utrumque
792 1436 895 1463 dietum.
945 1440 982 1464 De
993 1438 1081 1474 funda
1140 1437 1196 1463 Al11
1212 1437 1278 1463 alios
1292 1439 1455 1472 increpantes
1474 1438 1583 1464 timidos
1595 1446 1705 1466 vocant:
1728 1440 1794 1466 Cato
1813 1450 1920 1475 magnus
1939 1449 2018 1477 atque
2032 1444 2115 1470 clarus
2135 1445 2181 1471 ha-

12 1478 14 1482 ·
47 1465 140 1502 virgil.
153 1468 216 1495 Aen.
233 1477 259 1501 9,
273 1474 316 1502 588
343 1471 398 1504 Ipse
417 1477 458 1497 ter
473 1470 584 1496 adduela
603 1471 701 1497 circum
722 1478 798 1506 caput
811 1472 864 1506 egit
877 1472 985 1499 habena.
1039 1475 1081 1500 Sic
1099 1482 1127 1509 35
1139 1473 1231 1503 betur,
1251 1472 1393 1505 traiicitur,
1411 1479 1441 1500 ve
1458 1483 1561 1510 magnus
1578 1481 1600 1501 et
1619 1475 1702 1501 clarus
1717 1485 1724 1500 .·
1759 1476 1844 1502 Senati
1869 1477 2000 1504 decretum
2020 1478 2065 1511 tit,
2086 1486 2114 1506 vt
2133 1480 2180 1506 ille

3 1498 14 1525 ’ν
47 1496 176 1535 &auidae
194 1503 311 1531 habenae
328 1505 438 1531 balearis
457 1505 554 1531 fundae
574 1506 635 1532 Stat.
650 1505 742 1532 Theb.
763 1516 807 1538 10,
826 1513 875 1539 831.
938 1511 975 1534 De
986 1508 1081 1545 freno,
1140 1509 1281 1535 censuerat.
1336 1509 1377 1536 Sic
1389 1508 1463 1535 Idem
1475 1508 1594 1543 Iugurth.
1607 1518 1641 1542 92
1667 1511 1776 1543 Magnus
1797 1518 1822 1538 et
1836 1512 1919 1539 clarus
1938 1521 2028 1546 antea,
2047 1515 2133 1542 maior
2153 1521 2180 1542 et

43 1536 124 1564 Liber
142 1538 251 1566 habenis
272 1549 354 1574 equus
375 1540 471 1574 Virgil.
486 1541 584 1574 Georg.
597 1549 625 1572 3,
639 1549 695 1575 194.
766 1543 863 1569 Press'ae
877 1543 994 1570 habenae
1007 1544 1080 1570 Idem
1140 1544 1238 1570 clarior
1255 1542 1347 1570 haberi
1360 1545 1455 1579 coepit.
1513 1546 1546 1571 Et
1560 1544 1590 1571 de
1605 1546 1668 1580 Rep.
1682 1545 1739 1572 ord.
1755 1556 1778 1580 2,
1794 1552 1806 1576 8
1834 1548 1886 1573 Vbi
1902 1549 2013 1575 diuitiae
2033 1550 2116 1576 clarae
2135 1550 2180 1576 113-

43 1573 107 1599 Aen.
122 1582 153 1605 11,
166 1577 218 1601 600
239 1573 383 1607 adsta-mae.
424 1575 518 1601 Contra
531 1575 600 1601 Dare
619 1575 688 1602 laxas
706 1575 819 1604 habenas
838 1578 912 1612 Virg.
926 1580 991 1605 Aen.
1008 1588 1025 1610 1,
1040 1582 1079 1611 63.
1140 1578 1252 1611 bennit,
1273 1578 1312 1605 ibi
1327 1580 1416 1605 omnia
1436 1580 1505 1606 bona
1525 1580 1591 1606 vilia
1604 1581 1670 1607 sunt.
1767 1583 1853 1608 Senec.
1874 1584 1966 1609 Natur.
1980 1585 2085 1618 Qiacst.
2101 1595 2127 1616 7,
2146 1594 2180 1612 22.

0 1605 15 1639 d
42 1608 172 1635 Vndantes
190 1619 206 1636 a
219 1609 353 1636 inflatione
367 1616 390 1636 tt
402 1609 550 1644 concuffione
570 1610 642 1638 Idem
657 1620 693 1642 12,
704 1620 763 1646 471.
833 1613 951 1639 Fleeicre
967 1614 1079 1641 habenas
1140 1616 1318 1649 Qtaeennque
1332 1617 1377 1641 ae'r
1392 1621 1475 1645 creat,
1494 1615 1586 1642 breuia
1598 1615 1685 1642 habet.
1742 1617 1783 1643 Sic
1797 1619 1853 1643 MS.
1875 1619 1941 1652 apud
1953 1620 2060 1645 Gronou.
2079 1624 2123 1653 qui
2141 1623 2178 1645 in-

0 1650 15 1678 11,
40 1643 130 1679 aliqua
147 1644 228 1671 Ouid.
242 1645 305 1671 Met.
320 1654 344 1676 2,
359 1647 412 1678 169.
487 1647 600 1681 Metaph.
638 1647 762 1673 Immittit
775 1647 888 1674 habenas
902 1649 966 1675 classi
987 1653 1081 1676 incitat
1089 1663 1125 1688 40
1139 1656 1309 1685 terpretatur,
1329 1659 1358 1675 ex
1372 1651 1486 1676 Sallustii
1499 1652 1555 1677 Cat.
1566 1658 1609 1685 pr.
1641 1658 1664 1676 et
1676 1650 1727 1686 ipso
1742 1652 1828 1677 Senec.
1845 1653 1906 1678 Nat.
1920 1653 2024 1691 Quacst.
2039 1661 2064 1686 7,
2078 1662 2104 1685 23
2124 1654 2180 1680 Illis

40 1677 144 1714 remiges
161 1679 255 1713 Virgil.
270 1681 334 1706 Aen.
348 1683 374 1712 6,
393 1689 412 1706 1.
482 1681 576 1707 Moliri
590 1681 718 1714 habenas,
743 1682 797 1708 vid.
818 1690 958 1711 MOL10R.
1016 1686 1079 1720 Sup.
1139 1685 1199 1710 dieo
1215 1684 1314 1711 diuinis
1335 1686 1480 1721 (ignibus)
1497 1694 1562 1720 quos
1579 1685 1689 1711 mundus
1703 1685 1782 1712 habet
1794 1692 1930 1718 aeternos,
1950 1696 2011 1721 quia
2026 1695 2110 1722 partes
2123 1690 2179 1715 eius

0 1683 19 1744 ii
41 1715 156 1747 prime-rc
170 1714 282 1741 habenas
295 1716 376 1742 Ouid.
392 1717 456 1742 Met.
471 1718 496 1747 6,
508 1723 569 1751 709.
663 1719 756 1744 Horat.
770 1719 847 1753 Epist.
861 1728 884 1750 2,
898 1728 922 1751 2,
940 1727 965 1752 ις
984 1721 1014 1745 In
1029 1722 1078 1747 sca-
1139 1721 1197 1745 sunt
1215 1725 1240 1745 et
1256 1728 1344 1752 opera.
1386 1719 1444 1745 Viti.
1459 1729 1513 1745 mox
1527 1720 1632 1745 Habere
1647 1720 1733 1745 Diem.
1805 1721 1935 1753 Quinc‘til.
1949 1729 1976 1756 7,
1992 1731 2020 1754 3,
2032 1731 2049 1755 9
2077 1725 2116 1749 An
2135 1724 2179 1751 ha-

4 1771 5 1775 ,
42 1749 74 1775 lis
93 1749 171 1775 latuit
188 1756 306 1776 metuens
326 1751 461 1784 pendentis
475 1751 600 1779 habenae.
641 1754 733 1788 Nempe
748 1753 867 1783 habenae,
886 1756 925 1780 vel
935 1756 1078 1788 frenorum,
1139 1753 1256 1779 bendum
1270 1754 1300 1779 fit
1311 1753 1470 1779 adulterium
1491 1754 1519 1779 in
1531 1754 1650 1786 lupanari
1668 1753 1858 1789 (commistum)
1878 1760 1895 1782 ι’.
1916 1767 1947 1782 ,ιη
1962 1766 1999 1783 ιω
2012 1758 2179 1785 trachndum.

40 1783 230 1843 vellfundarum
247 1785 435 1820 adpulfizndum
449 1793 529 1820 aptae.
601 1787 710 1813 Habena
722 1789 764 1813 vel
778 1789 862 1814 ferula
882 1789 954 1813 caedi
973 1789 1078 1822 leian.
1139 1788 1212 1813 Idem
1233 1795 1351 1820 prooem.
1372 1796 1382 1813 1
1420 1788 1553 1821 Sapientes
1573 1794 1650 1822 atque
1672 1789 1823 1823 eloquentes
1845 1791 2020 1822 haberentur„
2084 1795 2177 1821 Horat.

40 1817 69 1843 in
95 1837 102 1843 .
116 1819 184 1844 Cum
196 1818 273 1845 aliter
290 1819 313 1855 §.
327 1821 450 1854 Impubes
463 1821 495 1846 D.
509 1820 541 1845 de
555 1821 578 1845 S.
590 1822 621 1846 C.
636 1822 733 1846 Silano.
901 1820 922 1856 ff
938 1831 953 1847 2
982 1824 1077 1848 Trans.
1092 1822 1221 1861 45‘Scrm.
1239 1830 1259 1852 1,
1272 1823 1298 1853 6,
1313 1830 1343 1853 30
1369 1822 1509 1848 Formosus
1529 1821 1620 1850 haberi
1639 1822 1703 1850 dum
1720 1825 1798 1860 cupit.
1836 1829 1918 1862 Aeque
1937 1831 1975 1854 ita
1994 1829 2178 1865 intelligendum

33 1852 123 1889 fertur
134 1852 168 1878 ad
178 1862 218 1878 res
230 1862 333 1879 morum.
369 1854 511 1880 Amicitiae
524 1853 640 1880 habenae
654 1854 793 1881 laxissimae
806 1855 862 1882 Cic.
876 1855 907 1881 de
915 1856 997 1882 Amic.
1013 1866 1034 1884 c.
1044 1866 1077 1890 13·
1139 1855 1170 1887 cll
1185 1856 1214 1882 de
1227 1856 1273 1882 hac
1280 1856 1411 1892 formula,
1429 1858 1469 1884 Sic
1487 1857 1553 1884 habe
1571 1859 1603 1885 de
1617 1868 1673 1885 me:
1692 1861 1747 1886 Cic.
1763 1861 1793 1887 de
1807 1861 1914 1888 Amicit.
1927 1871 1955 1888 10
1982 1864 2020 1889 De
2035 1874 2075 1890 me
2089 1873 2178 1891 amem

39 1888 137 1922 Rerum
151 1886 268 1914 habenae
282 1888 419 1914 traduntur
433 1888 592 1915 Hasdrubali
606 1889 651 1916 Sil.
666 1898 684 1920 1,
699 1898 756 1924 144.
850 1891 945 1925 Virgil.
961 1893 1024 1919 Aen.
1041 1902 1078 1926 12,
1138 1891 1171 1918 fic
1186 1891 1317 1918 habetote.
1367 1893 1437 1927 Ego,
1459 1893 1476 1919 si
1491 1893 1622 1928 Scipionis
1637 1894 1765 1921 desiderio
1779 1904 1821 1921 me
1836 1898 1952 1928 moueri,
1972 1907 2077 1932 negem,
2098 1910 2177 1935 quam

39 1928 89 1958 498
109 1922 256 1949 Terribilis
270 1924 372 1950 saeuam
385 1923 461 1950 nullo
476 1924 629 1950 discrimine
643 1925 748 1952 caedem
783 1926 901 1957 Suscitat,
922 1927 1077 1963 irarumque
1137 1926 1166 1953 id
1178 1927 1249 1954 10810
1264 1927 1368 1959 faciam,
1389 1928 1506 1954 viderint
1520 1930 1661 1962 sapientes,
1681 1930 1723 1956 sed
1739 1937 1807 1957 certe
1821 1932 1941 1959 mentiar.
1984 1934 2041 1960 Vid.
2053 1936 2126 1970 plura
2139 1940 2178 1961 in-

40 1967 129 1986 omnes
142 1957 253 1985 effundit
266 1959 386 1986 habenas.
428 1959 476 1986 Vbi
487 1960 607 1991 Seruius;
629 1961 766 1992 Habenas,
785 1962 947 1992 Potestatenx,
969 1963 1077 1990 faculta-
1131 1962 1183 1997 fra
1203 1965 1230 1988 in
1253 1969 1404 1989 HABtTvs.
1482 1963 1537 1990 Cic.
1555 1964 1586 1990 de
1598 1965 1705 1991 Amicit.
1718 1974 1749 1999 93
1782 1967 1822 1992 Sic
1839 1967 1988 1994 habendum
2006 1970 2057 2002 cst,
2077 1971 2177 1998 nullam

41 1999 91 2022 tem
107 2004 112 2020 :
139 1994 220 2024 (Aen.
236 2003 262 2026 1,
274 1998 304 2027 63
325 1995 354 2021 dc
365 1996 459 2026 Aeolo)
491 1996 523 2021 Et
538 2004 671 2030 premere,
691 2001 717 2022 et
735 1995 806 2023 laxas
824 1997 901 2023 sciret
918 1998 980 2024 dare
998 1999 1076 2025 iussus
1087 2008 1118 2033 30
1137 1997 1166 2024 in
1178 1998 1303 2024 amicitiis
1318 1997 1414 2032 pestem
1429 1999 1476 2024 effe
1489 2000 1632 2031 maiorem,
1646 2009 1724 2035 quam
1738 2001 1925 2029 adulationem.
1979 2004 2084 2032 Habere
2100 2006 2178 2039 bene,

41 2029 160 2058 habenaS.
230 2030 286 2056 Cic.
307 2029 338 2056 de
351 2031 425 2057 Orat.
437 2039 464 2063 1,
483 2033 534 2057 226
553 2040 574 2057 e.
590 2040 617 2064 32
643 2032 765 2058 Senatum
779 2032 879 2059 seruire
899 2034 1015 2068 populo,
1033 2035 1076 2062 cui
1136 2039 1182 2059 etc.
1219 2033 1324 2060 Habere
1342 2034 1384 2063 se3
1410 2033 1439 2059 dt·
1454 2035 1563 2061 §unitate
1579 2035 1681 2063 die‘lum.
1718 2037 1810 2070 Nepos
1825 2046 1862 2070 10,
1876 2047 1898 2070 2,
1912 2047 1930 2071 4
1949 2040 2086 2072 Qiaefiuit
2097 2050 2110 2067 a
2124 2051 2177 2068 tue-

12 2074 32 2087 m
59 2064 149 2101 opulus
162 2064 217 2099 ipse
229 2065 386 2092 moderandi
405 2071 430 2092 et
446 2065 553 2101 regendi
572 2067 611 2093 sui
623 2068 790 2101 potestatem,
811 2068 880 2102 quasi
895 2069 1019 2102 quasdam
1033 2070 1076 2096 ha-
1138 2068 1219 2100 dicis,
1235 2069 1458 2103 quemadmodum
1472 2070 1496 2095 se
1512 2069 1628 2097 baberet.
1700 2071 1768 2097 Ter.
1783 2072 1864 2099 Andr.
1879 2083 1901 2106 ς,
1914 2084 1942 2108 4,
1961 2083 1998 2106 30.
2032 2083 2055 2102 et
2071 2078 2134 2103 Hec.
2147 2086 2177 2110 4,

6 2099 15 2114 ”
75 2109 133 2133 nas,
151 2100 295 2128 tradidisset
308 2102 316 2128 3
370 2101 438 2128 Ibid.
450 2110 464 2134 3
485 2111 506 2128 c.
519 2111 548 2136 41
568 2103 666 2136 Legum
680 2102 804 2130 habenae.
835 2105 872 2130 Ex
887 2105 971 2130 Poeta.
1026 2106 1076 2131 Ad·
1137 2112 1159 2134 2,
1172 2112 1213 2135 30.
1267 2104 1362 2130 Deinde
1376 2103 1410 2129 ad
1422 2113 1462 2130 res
1480 2111 1503 2130 et
1517 2114 1599 2131 rerum
1611 2105 1762 2132 conditionex
1776 2108 1895 2143 refertur.
1951 2110 2030 2137 Plaut.
2044 2112 2132 2138 Pseud.
2148 2124 2176 2146 4,

3 2155 15 2168 ⁴..
68 2134 70 2137 ’
91 2144 132 2163 ere
145 2135 188 2162 vel
205 2137 341 2164 remittere
357 2136 469 2163 habenas
485 2138 541 2164 Cic.
557 2137 589 2164 de
603 2138 709 2164 Amicit.
727 2147 748 2164 c.
764 2147 797 2170 13.
868 2140 975 2165 Amauit
991 2140 1076 2166 effusis
1138 2147 1159 2170 1,
1172 2145 1202 2170 25
1223 2139 1355 2165 Praeclare
1370 2141 1394 2164 se
1413 2148 1454 2165 res
1469 2139 1555 2167 habet.
1616 2141 1672 2167 Cic.
1682 2142 1752 2168 Fam.
1765 2152 1793 2176 4,
1805 2152 1831 2170 12
1855 2145 1974 2180 Quoquo
1992 2146 2074 2173 modo
2094 2149 2118 2173 se
2137 2157 2178 2173 res

2 2177 8 2199 ἱ,
52 2174 55 2177 ’
97 2171 152 2201 tatis
165 2171 274 2198 habenis
286 2172 453 2207 Hypsicratea
465 2173 555 2207 regina
567 2173 751 2199 Mithridatem
769 2173 911 2208 coniugem
928 2175 1002 2201 snum
1017 2175 1076 2201 Val.
1095 2185 1124 2212 55
1137 2172 1239 2199 habeat.
1305 2174 1374 2200 Ter.
1383 2173 1488 2201 Phorm.
1500 2184 1526 2209 2,
1540 2184 1566 2208 2,
1580 2181 1609 2206 82
1629 2178 1698 2203 Bene
1710 2177 1806 2204 habent
1820 2179 1871 2206 tibi
1885 2181 2022 2214 principia.
2078 2184 2178 2216 Qiem-

3 2226 8 2232 ,
49 2206 147 2235 Majim.
160 2216 188 2240 4,
202 2210 227 2234 6.
299 2209 374 2235 Furit
389 2208 503 2235 immiffis
521 2208 630 2234 habenis
644 2209 774 2234 Vulcanus
787 2208 881 2242 Virgil.
899 2210 963 2235 Aen.
977 2218 1000 2241 ς,
1018 2213 1075 2236 662.
1136 2208 1278 2235 admodum
1297 2209 1322 2235 se
1336 2210 1473 2236 Prouincia
1490 2210 1584 2238 habeat
1598 2213 1652 2238 Cic.
1668 2213 1738 2239 Fam.
1752 2223 1779 2247 4,
1793 2222 1814 2246 ς.
1867 2217 1898 2241 Et
1915 2216 1978 2248 Paſji
2005 2215 2103 2243 Sallust.
2119 2219 2176 2245 Cat.

0 2238 2 2244 ’
48 2242 119 2274 Quid,
132 2243 198 2269 Fast.
213 2252 238 2275 1,
257 2251 288 2276 23
312 2245 390 2272 Vates
409 2244 480 2278 Rege
501 2244 568 2270 vatis
588 2243 709 2270 habenas.
766 2243 935 2280 confunditur
955 2247 983 2271 in
1001 2246 1077 2274 MSS.
1138 2246 1189 2305 6¹33
1216 2244 1298 2286 Sicuti
1313 2245 1438 2307 qurfflggbe
1457 2246 1609 2273 mortalium
1627 2247 1774 2281 habentur,
1791 2250 1894 2276 inuidia
1912 2259 1942 2276 ‘X
1962 2252 2097 2286 opulentia
2119 2260 2178 2280 orta

205 2289 210 2294 ·
333 2282 336 2285 ’
1231 2299 1237 2305 .
1269 2289 1275 2305 t
1440 2291 1461 2306 '1
1477 2301 1483 2308 .
2015 2298 2022 2313 ι
2085 2289 2090 2294 “
2117 2293 2130 2303 '¹
2173 2292 2178 2296 ·

11 2336 13 2339 ,
43 2286 94 2340 effi-¹1
100 2277 263 2340 ἓιξὲἃῖκῐιῦᾳῖ
266 2278 365 2346 (111,υὲίὶ
402 2313 422 2340 f.
459 2313 560 2340 Dimin.
597 2315 731 2341 Paruulum
743 2315 830 2341 lorum.
867 2315 935 2342 Cels.
944 2323 969 2350 7,
982 2324 1015 2342 20
1036 2316 1077 2343 Ab
1136 2281 1322 2348 ›ezari'aiiodeiiii
1333 2283 1381 2342 {asel
1387 2288 1485 2351 Λ11011ιῖ0171
1499 2325 1662 2353 quamcunque
1676 2281 2177 2359 oanan-{dabgsictsi'rfooffllfgztvjizqncqss

42 2346 86 2376 ora
102 2358 209 2383 quoque
227 2350 283 2376 eius
303 2349 421 2376 vulneris
433 2368 442 2380 ,
461 2350 532 2384 quod
553 2350 581 2375 in
600 2350 709 2385 inguine
727 2350 777 2382 est,
803 2350 929 2377 demenda
946 2351 1078 2379 habenula
1099 2350 1225 2380 60Habes
1239 2351 1350 2377 crimina
1369 2351 1544 2383 infidiar11m3
1567 2353 1636 2379 nihil
1658 2354 1729 2380 enim
1747 2355 1816 2382 dixit
1835 2357 1956 2391 amplius.
2012 2361 2053 2385 Ita
2070 2364 2097 2385 in
2116 2369 2176 2386 cou-

0 2381 7 2416 1
38 2383 124 2419 paullo
137 2385 217 2411 latior
232 2385 282 2416 est,
302 2394 356 2419 quo
369 2385 456 2411 maior
469 2385 544 2419 plaga
557 2384 593 2411 fit.
646 2380 737 2411 fldem
752 2393 803 2419 7,7
824 2385 929 2413 Tenuis
946 2386 1077 2414 habenula
1136 2385 1251 2412 elufione
1265 2386 1397 2413 librorum
1411 2387 1444 2413 de
1457 2387 1569 2420 officiis,
1587 2388 1672 2414 Habes
1690 2398 1703 2414 a
1717 2397 1789 2424 patre
1807 2400 1917 2425 munus,
1938 2393 2027 2420 Marce
2046 2394 2094 2421 fili.
2145 2397 2176 2421 Et

2 2428 8 2443 ¹
38 2419 70 2447 ab
83 2420 209 2447 vlteriore
223 2429 270 2447 ora
284 2419 436 2446 excidenda.
472 2422 509 2445 De
525 2419 652 2454 palpebrir
666 2421 861 2455 procidentibus,
1135 2430 1184 2456 pro
1199 2422 1308 2455 Ligario
1320 2431 1336 2448 2
1360 2422 1448 2451 Habes
1461 2423 1551 2457 igitur,
1571 2423 1695 2456 Tubero,
1714 2426 1881 2453 confitentem
1895 2437 1978 2454 reum.
2034 2430 2100 2456 Ter.
2111 2431 2173 2456 Hec.

3 2460 11 2476 ‹'
28 2465 30 2467 ’
64 2462 92 2482 Ἠ
102 2462 172 2482 ΑΒΕ
182 2457 281 2483 ΝΤΙΑ
291 2475 299 2487 ,
319 2463 357 2481 30.
394 2455 414 2480 f.
450 2454 559 2489 [ἓχιιοὶ]
596 2456 718 2490 Antiquis
730 2455 865 2486 dicebatur,
877 2456 945 2491 ficut
957 2467 973 2484 a
987 2458 1075 2493 Sapio,
1136 2465 1156 2488 1,
1171 2465 1196 2488 2,
1213 2459 1253 2483 116
1276 2457 1362 2483 Habes
1376 2467 1482 2484 onmem
1496 2467 1561 2485 rem.
1614 2458 1698 2494 affine
1708 2460 1740 2494 est
1753 2461 1816 2487 illud
1825 2463 1880 2488 Cic.
1894 2463 1925 2488 de
1939 2464 2019 2490 Amic.
2035 2473 2082 2498 ¹04
2103 2467 2174 2491 Hace

3 2489 21 2514 a*
37 2489 174 2525 Sapientia.
203 2490 335 2526 fignificat
352 2496 431 2515 autem
447 2491 525 2525 ipsum
543 2490 644 2522 habere,
664 2497 687 2517 et
700 2491 800 2517 diuitem
815 2491 866 2525 este.
904 2493 1041 2520 Claudian.
1057 2502 1075 2530 7
1135 2491 1233 2524 habui,
1259 2492 1291 2519 de
1309 2494 1442 2525 amicitia,
1463 2503 1529 2528 quae
1547 2494 1672 2521 dicerem.
1744 2496 1845 2523 Habuit
1864 2498 1963 2529 Cicero,
1991 2509 2056 2525 nunc
2076 2500 2174 2527 habent

11 2528 13 2530 '
30 2518 102 2562 ⁴apud
113 2527 186 2553 Non.
201 2535 227 2558 2,
240 2534 283 2557 393
303 2525 413 2551 Animos
426 2533 518 2551 cortun
531 2525 654 2552 habentia
668 2526 779 2553 inflarat.
814 2527 886 2554 Adde
899 2528 1074 2556 Plaut.Truc.
1090 2525 1245 2564 65'leflore1-
1441 2526 1461 2564 ’ᾗ
1481 2537 1498 2563 7
1534 2530 1647 2556 Meretur
1660 2531 1822 2564 peculiariter
1842 2532 1965 2567 obseruari
1985 2535 2042 2569 vflcs
2062 2536 2130 2562 verbi
2145 2539 2174 2561 in

18 2561 20 2567 '
35 2561 144 2596 prol-20
163 2562 239 2587 Aetas
253 2560 314 2586 huic
328 2560 460 2594 si‘superet
474 2561 619 2593 mulieri‚is
633 2571 691 2587 cum
705 2563 793 2588 anima
806 2562 837 2588 ad
852 2572 909 2589 eam
923 2564 1074 2592 habentiam
1133 2572 1160 2589 re
1179 2563 1279 2589 medica·
1333 2564 1384 2590 Vas
1399 2563 1479 2589 ficiile
1496 2564 1588 2603 dicitur
1604 2564 1758 2597 Scribonio,
1779 2567 1886 2593 Acetum
1900 2567 1997 2595 habere
2016 2575 2073 2600 208.
2097 2573 2173 2607 vulgo

37 2596 176 2624 euerrerit.
213 2597 240 2623 Si
252 2599 346 2622 vixerit
360 2596 418 2622 haec
429 2600 560 2627 meretrix,
580 2600 603 2622 is
615 2599 683 2623 miles
697 2604 720 2623 et
733 2601 811 2624 vitam
837 2608 901 2631 uam,
920 2606 943 2625 ct
955 2601 1076 2635 quidquid
1132 2601 1266 2624 continere.
1337 2598 1534 2633 Aspritudinem
1548 2608 1576 2624 in
1591 2599 1615 2624 se
1629 2600 1707 2626 habet
1728 2609 1762 2626 21.
1833 2603 1919 2629 Habet
1935 2604 1997 2630 haec
2018 2614 2052 2636 32,
2067 2615 2107 2640 34,
2121 2615 2173 2639 209

34 2633 123 2664 hahet,
144 2637 238 2658 euerrct
256 2630 322 2666 quast
340 2631 406 2657 domo
419 2631 482 2667 sua,
500 2637 523 2658 et
543 2633 650 2658 inillam
665 2640 787 2669 congeret.
838 2635 946 2660 Dixrrat
964 2636 1032 2661 modo
1045 2636 1074 2661 de
1134 2632 1162 2657 de
1175 2631 1302 2666 compofito
1315 2634 1495 2659 medicamento.
1569 2635 1643 2668 Aqua
1657 2634 1734 2661 habet
1747 2637 1992 2665 131111111111100οἿ3111
2015 2649 2051 2666 10.
2098 2643 2172 2676 Aqua

35 2668 95 2699 illa,
121 2668 183 2701 Qlo
201 2666 279 2693 citius
299 2675 356 2693 rem
373 2667 406 2693 ab
421 2675 453 2693 eo
465 2667 567 2693 auferat
585 2676 645 2694 cum
658 2668 821 2701 puluisculo,
841 2668 905 2703 quod
917 2672 1021 2704 proprie
1040 2668 1074 2702 est
1133 2666 1268 2700 hyffopum
1283 2667 1413 2694 1110οἂ310
1427 2669 1524 2694 habens
1543 2677 1597 2694 100.
1669 2671 1743 2705 Aqua
1759 2672 1865 2699 decocta
1878 2675 1963 2701 rosam
1979 2681 2004 2701 et
2018 2676 2113 2702 lentem
2129 2677 2173 2703 ha-

34 2705 193 2730 mnemium,
1083 2710 1119 2737 70
1134 2701 1197 2727 bens
1220 2711 1271 2734 1¹4·
1334 2704 1408 2737 Aqua
1424 2704 1544 2736 thymum
1558 2710 1602 2731 aut
1615 2705 1754 2740 origanum
1768 2707 1905 2735 decoetum
1920 2710 2016 2736 habens
2035 2717 2085 2741 182.
2134 2714 2171 2739 Ex

2 2729 21 2763 it!
73 2745 122 2764 ΗΛ
132 2744 147 2764 Β
157 2745 172 2764 Ε
182 2744 218 2770 0,
244 2737 290 2769 111,
315 2737 399 2770 itum,
426 2741 479 2764 ere.
516 2738 589 2771 [ἔχω
602 2740 613 2771 ]
656 2737 761 2764 Verbum
777 2737 836 2773 osus
852 2738 909 2764 adeo
924 2739 988 2771 lati,
1005 2746 1073 2774 quem
1133 2746 1200 2771 aqua
1214 2736 1348 2771 hyssopum
1362 2744 1406 2765 aut
1420 2747 1506 2766 rutam
1521 2740 1656 2766 (1000613111
1669 2741 1780 2768 habente
1804 2751 1850 2770 131.
1916 2746 2015 2772 Vinum
2029 2748 2117 2773 eadem
2133 2749 2172 2773 iu-

3 2773 21 2794 “l
36 2776 63 2800 in
82 2773 190 2799 ordinem
208 2779 232 2799 et
249 2776 367 2799 terminos
383 2773 492 2809 redigere
511 2773 615 2799 nondum
632 2774 738 2800 licuerit.
792 2775 912 2800 Tentauit
929 2774 992 2800 illud
1009 2775 1076 2810 apud
1134 2773 1208 2799 coGta
1221 2772 1317 2799 habens
1338 2782 1388 2806 114.
1513 2773 1533 2811 ff
1555 2780 1567 2804 8
1596 2777 1674 2802 Etiam
1688 2777 1750 2802 ill-nd
1759 2781 1882 2812 peculiare
1890 2781 1946 2806 Cic.
1956 2782 2006 2808 Ate.
2018 2785 2068 2814 6,2
2088 2783 2172 2809 Phlia-

2 2802 21 2833 ζ’
38 2810 143 2836 Graecos
158 2807 318 2840 Aristoteles,
340 2811 382 2844 qui
401 2809 483 2835 modos
500 2808 615 2835 habendi
635 2811 672 2834 ita
692 2815 812 2834 enumerat
830 2811 856 2834 in
870 2810 982 2846 Categor.
1001 2819 1022 2836 c.
1038 2821 1072 2845 15.
1132 2808 1182 2834 sios
1196 2814 1282 2834 autem
1296 2808 1349 2835 dici
1363 2808 1486 2843 sciebam,
1501 2817 1526 2837 et
1540 2810 1575 2836 ita
1588 2811 1644 2843 fac,
1663 2818 1690 2838 vt
1704 2812 1799 2839 habeas
1818 2815 2044 2852 (intuliscriptum
2057 2828 2083 2843 m
2096 2828 2172 2844 exem-

0 2851 8 2872 J
39 2839 66 2879 a)
83 2851 112 2870 vt
124 2844 233 2871 habitum
253 2850 274 2869 et
288 2843 475 2879 dispositionem,
487 2844 512 2879 s.
531 2844 699 2876 habilitatem,
719 2845 759 2870 vel
775 2845 917 2879 qualitatem
934 2847 1026 2878 aliam,
1045 2853 1075 2872 ot
1128 2845 1181 2878 plis
1195 2846 1247 2869 tuis
1263 2844 1324 2870 libri
1341 2846 1409 2879 mei)
1423 2856 1429 2871 ι
1454 2855 1501 2872 nos
1519 2846 1626 2880 quidem
1645 2846 1677 2873 fic
1689 2847 1814 2875 habemus
1833 2851 1881 2884 (m
1897 2857 1988 2884 nostris
2005 2852 2077 2879 libris
2096 2863 2172 2879 emen-

2 2874 12 2902 ,3
34 2880 178 2916 J'cientiam,
200 2880 240 2905 vel
258 2883 375 2906 virtutem
395 2880 480 2906 habere
499 2880 589 2914 aliquis
607 2879 707 2905 dicitur.
742 2880 772 2914 2)
791 2886 821 2905 vt
835 2887 966 2915 quomam,
985 2887 1023 2907 tot
1035 2883 1076 2908 Ut'l
1088 2885 1120 2913 75
1133 2879 1233 2913 datis).
1428 2878 1448 2918 Ἴ
1469 2890 1486 2914 9
1524 2883 1596 2917 5¹³⁸P⁹
1607 2892 1661 2908 [ΜΠ
1681 2886 1767 2911 l'eru'is
1783 2885 1891 2920 ''Elium“
1904 2886 2067 2920 construfflm
2080 2892 2171 2924 'ffers‘

39 2909 76 2942 tln
88 2916 169 2948 ulnas,
186 2924 272 2941 annos.
305 2916 336 2949 3)
357 2922 385 2941 vt
399 2914 494 2948 vestem.
530 2916 563 2949 4)
582 2921 611 2940 vt
624 2915 760 2945 membrum,
773 2924 869 2946 manus,
887 2925 909 2942 υ.
924 2926 949 2952 g.
966 2923 1009 2942 aut
1021 2926 1074 2943 ocu·
1132 2921 1183 2941 tur.
1238 2914 1311 2949 Qod
1330 2918 1439 2949 primum
1457 2926 1485 2942 ex
1503 2917 1574 2943 Valla
1589 2928 1620 2951 5,
1639 2928 1677 2944 101
1705 2927 1817 2954 repetunt
1838 2922 1893 2948 Cic.
1913 2922 1944 2948 de
1965 2924 2037 2950 Orat.
2075 2944 2081 2950 .
2117 2944 2124 2950 .
2163 2944 2169 2950 .

37 2944 84 2983 jot.
114 2951 144 2986 5)
163 2953 231 2976 utin
244 2951 364 2983 membro,
379 2957 409 2976 vt
426 2952 541 2976 annulum
561 2953 587 2975 in
602 2950 689 2985 digito.
724 2952 756 2985 ὅ)
775 2960 820 2976 vas
833 2951 919 2978 habere
937 2951 1031 2978 dicitur
1044 2954 1074 2978 ιἸ-
1134 2949 1236 2976 Audire
1254 2949 1353 2981 habeo,
1374 2950 1438 2985 quid
1458 2951 1501 2977 hic
1521 2953 1629 2984 sentiat,
1649 2963 1697 2980 non
1716 2956 1861 2990 reperiebam
1873 2968 1880 2982 ι
1902 2958 1950 2991 sed
1961 2966 2021 2994 puto
2036 2960 2170 2994 legendum,

43 2980 98 3018 sili,
113 2986 177 3022 quod
187 2988 214 3011 in
227 2995 252 3012 co
265 2984 335 3019 inest.
372 2986 403 3020 7)
422 2993 451 3012 vt
466 2984 641 3021 poffiffioncm‚
661 2985 770 3017 domum,
789 2996 881 3013 numos.
917 2988 948 3021 8)
966 2990 1009 3013 vir
1024 2998 1074 3014 mic·
1133 2985 1233 3011 Audire
1252 2985 1352 3017 bauco,
1367 2987 1405 3012 vel
1421 2995 1503 3014 aueo:
1535 2995 1571 3017 ot,
1586 2988 1618 3014 de
1631 2989 1723 3016 Diuiu.
1738 2999 1756 3023 1,
1772 2999 1793 3017 11
1819 3001 1839 3018 c.
1853 2995 1870 3018 6
1897 2994 1984 3020 Multo
2004 2996 2084 3028 magis
2102 3004 2170 3021 aueo

2 3039 5 3042 .
43 3017 121 3048 -Rergm
135 3021 220 3048 habere
234 3021 328 3047 dicitur
346 3027 370 3046 et
383 3029 480 3048 contra,
534 3022 603 3047 Haec
621 3020 758 3055 adscribere
776 3021 854 3056 visum
872 3020 919 3055 est,
936 3032 990 3049 cum
1004 3024 1075 3050 hodie
1132 3021 1233 3052 audire,
1253 3022 1284 3047 de
1298 3021 1465 3048 diuinatione
1480 3022 1545 3057 quid
1558 3025 1659 3055 sentias,
1678 3026 1720 3051 vbi
1732 3030 1803 3052 etiam
1815 3028 1876 3054 libri
1887 3029 1984 3063 quidam
1999 3029 2092 3055 habeo.
2129 3032 2170 3056 Sic

0 3063 7 3079 ς
46 3053 131 3097 ,ἱέμῑξξ
144 3060 171 3083 in
183 3056 271 3084 libellis
284 3055 538 3092 dialcffl'cisfhleatzt,
555 3063 594 3088 vt,
610 3059 652 3092 qui
664 3057 734 3088 velit,
739 3057 820 3118 7?th
833 3059 970 3092 periculum
977 3059 1075 3094 facere,
1088 3059 1121 3083 80
1134 3066 1189 3082 mox
1201 3057 1361 3083 Conuenit-e.
1400 3057 1465 3097 Plin.
1481 3064 1515 3090 18,
1530 3067 1554 3090 31
1576 3061 1647 3086 Vnus
1663 3060 1799 3088 frondator
1817 3070 1931 3096 quatuor
1944 3064 2090 3090 frondarias
2103 3064 2169 3091 fisci-

43 3086 172 3128 vtrumsub
184 3092 230 3119 has
242 3091 326 3126 claffis
343 3095 457 3119 reuocari
467 3091 558 3127 pqfflnt
573 3095 662 3118 omnia.
697 3093 739 3119 Mi
744 3095 767 3118 .i
779 3093 874 3128 quidem
887 3094 961 3120 aliter
975 3095 1073 3121 videba-
1133 3101 1178 3118 nas
1192 3092 1334 3126 Complere
1353 3093 1382 3118 in
1397 3092 1441 3119 die
1460 3093 1555 3120 iustum
1577 3094 1664 3122 habet.
1767 3097 1821 3123 Cic·
1845 3097 1876 3123 de
1899 3098 1997 3124 Sessefl·
2014 3105 2040 3131 83
2072 3100 2168 3134 Neque

3 3145 6 3148 .
41 3122 101 3156 'tm-J
128 3129 194 3154 Satis
206 3137 262 3164 crgo
273 3122 320 3163 pro
328 3129 454 3164 praesenti
462 3127 588 3163 facultate
601 3127 679 3162 visum
691 3125 737 3160 est,
754 3127 779 3162 fi
791 3126 878 3154 relifio
897 3133 975 3155 veteri
987 3137 1011 3156 et
1023 3131 1074 3157 ste.
1133 3137 1199 3154 vero
1214 3137 1257 3153 eos
1270 3127 1372 3159 solum,
1389 3129 1541 3156 Conuenire
1555 3129 1656 3163 habeo,
1672 3140 1738 3166 quos
1751 3133 1878 3166 cognoui,
1894 3133 1936 3158 sed
1951 3135 2029 3160 etiam
2043 3135 2117 3166 illos,
2136 3135 2168 3161 de

2 3159 12 3176 ‘¹
37 3161 178 3197 phaniano,
189 3162 241 3196 flue
254 3163 313 3190 ordo
322 3163 371 3196 siue
384 3163 493 3200 consufio
505 3161 553 3195 est,
570 3163 744 3198 obsti-nationes
757 3165 850 3199 aliquot
861 3166 986 3200 generales
998 3172 1073 3201 ponc-
1134 3163 1230 3198 quibus
1253 3163 1346 3190 audiui
1365 3170 1390 3189 et
1410 3164 1470 3198 legi.
1532 3165 1579 3193 Sed
1594 3166 1659 3193 rec7e
1679 3166 1776 3199 editur,
1799 3168 1948 3195 Conuenite
1964 3178 2039 3196 aueo.
2110 3171 2167 3197 Cic.

41 3205 102 3222 mus.
136 3198 237 3232 Reliqua
250 3199 334 3225 deinde
346 3202 426 3225 onmia
442 3199 528 3226 ordine
542 3200 680 3224 etemmtari
696 3207 777 3225 earum
793 3209 887 3232 vocum,
896 3199 949 3233 flue
964 3202 1074 3227 Nomina
1134 3208 1181 3233 pro
1196 3199 1270 3224 Rosc.
1284 3199 1343 3226 Am.
1359 3207 1405 3224 100
1422 3209 1443 3225 c.
1457 3207 1485 3233 35
1508 3201 1602 3228 Habeo
1617 3202 1696 3228 etiam
1712 3202 1821 3235 Dicere,
1841 3212 1920 3238 quem
1955 3220 2000 3225 —
2035 3205 2067 3231 de
2087 3211 2168 3239 ponte

0 3234 5 3259 i
41 3229 99 3263 fini,
110 3230 162 3263 flue
173 3231 305 3267 Aduerbia‚
317 3234 478 3271 disponemus,
496 3234 582 3268 quibus
595 3234 750 3270 adiungitur.
786 3236 870 3270 Igitur
888 3235 1072 3272 haberesigni-
1092 3237 1120 3266 85
1134 3236 1161 3275 in
1174 3234 1456 3275 Tiberim-deiecerit.
1527 3237 1558 3262 Et
1576 3236 1607 3262 de
1621 3237 1716 3264 Natur.
1732 3238 1811 3278 Deor.
1831 3247 1859 3271 3,
1875 3247 1905 3272 93
1926 3248 1947 3266 c.
1962 3249 1992 3272 39
2020 3241 2090 3267 Haec
2110 3241 2166 3268 scre

2 3277 3 3285 2
37 3263 103 3300 fleat
115 3265 234 3291 dominum
248 3267 288 3300 effii
299 3273 350 3300 rei,
368 3277 432 3297 certe
440 3269 574 3306 pnffidere,
593 3269 650 3296 adeo
663 3269 773 3305 quidem,
792 3278 821 3296 ot
833 3273 907 3296 etiam
922 3271 1074 3305 haberestm-
1134 3270 1221 3296 dicere
1236 3269 1318 3295 habui
1339 3269 1370 3296 de
1389 3277 1481 3297 natura
1500 3270 1620 3301 deorum,
1654 3274 1697 3299 Al.
1711 3272 1845 3300 Obncere.
1935 3275 2001 3302 Gell.
2022 3284 2064 3309 14,
2086 3285 2095 3302 1
2125 3277 2168 3303 An

1 3306 4 3324 1
38 3301 143 3335 pliciter
149 3299 186 3332 stt
198 3300 267 3333 idem,
283 3304 346 3337 quod
359 3306 461 3332 diuitem
474 3304 525 3339 4ὶὲ.
580 3305 637 3331 Nos
652 3305 723 3339 quod
737 3305 822 3338 liuius,
840 3306 910 3340 quod
923 3305 1072 3338 habeamus,
1133 3306 1203 3332 serio
1220 3305 1377 3332 existimarit
1396 3315 1450 3332 non
1469 3306 1555 3333 habeo
1575 3307 1677 3334 Dicere.
1732 3308 1805 3335 Idem
1824 3309 1856 3336 de
1871 3310 1964 3336 Natur.
1980 3311 2059 3337 Deor.
2081 3320 2110 3343 3,
2129 3320 2167 3343 93.

2 3335 7 3361 Ἰ
45 3334 118 3370 quod
132 3334 253 3361 homines
269 3338 447 3368 existimemur
458 3342 514 3368 Cic.
524 3341 592 3367 Fam.
607 3348 632 3375 7,
645 3349 675 3373 :9
697 3340 739 3366 vbi
753 3341 803 3367 vid,
819 3342 906 3368 Graeu.
941 3345 971 3367 it.
988 3343 1071 3369 Burm.
1132 3341 1204 3367 Adde
1218 3341 1286 3367 Gcll.
1301 3349 1333 3374 ις,
1347 3350 1388 3367 20.
1426 3342 1529 3367 Lucrct.
1544 3348 1567 3374 (2,
1582 3350 1633 3376 711.
1688 3343 1747 3369 Liu.
1764 3353 1815 3378 42,
1852 3364 1859 3371 .
1897 3365 1903 3371 .
1939 3346 2006 3372 Illud
2020 3346 2168 3379 infirmare,

2 3367 8 3393 ἱ
44 3370 78 3396 ad
90 3369 274 3396 Phaedrfflrol.
293 3372 309 3397 l.
324 3381 345 3404 3.
411 3377 528 3403 quenal.
543 3385 582 3409 14,
597 3384 645 3410 207
665 3376 738 3402 Vnde
752 3376 854 3407 habeas,
869 3377 972 3412 quaerit
985 3386 1073 3410 nemo,
1133 3386 1181 3411 pro
1200 3382 1271 3403 certo
1292 3376 1385 3403 habeo.
1437 3378 1486 3404 Vbi
1506 3377 1605 3403 videtur
1623 3378 1737 3413 acceptffe
1756 3380 1823 3414 vjum
1842 3381 1875 3406 τὲ
1888 3380 1989 3414 postam.
2059 3382 2115 3408 Cic.
2134 3383 2168 3408 de

2 3414 5 3420 ¹
43 3405 88 3433 sed
109 3411 214 3440 oportet
233 3405 337 3432 habere·
385 3410 461 3439 Pn'e'ta
472 3412 538 3448 apud
550 3412 608 3438 Sen.
624 3413 668 3445 Ep.
683 3420 720 3444 ¹13
746 3412 810 3438 Non
828 3422 923 3447 quare,
943 3418 968 3438 et
987 3413 1055 3439 vnde
1065 3425 1072 3444 ς
1082 3420 1117 3444 90
1132 3413 1227 3439 Natur.
1243 3413 1321 3438 Deor.
1335 3420 1357 3444 3,
1372 3420 1400 3444 93
1421 3421 1443 3438 e.
1458 3421 1486 3443 39
1509 3413 1579 3438 Haec
1593 3413 1649 3440 sere
1662 3414 1787 3441 Obiicere
1799 3414 1889 3441 habui.
1925 3418 1968 3442 Al.
1983 3417 2076 3444 dicere.
2127 3418 2168 3445 Id.

2 3438 6 3450 ¹
44 3441 110 3477 quid
122 3440 216 3467 habeas
228 3447 328 3467 tantum
340 3451 437 3477 rogant.
506 3447 662 3474 Plaut.Rud.
677 3456 699 3480 ς,
709 3456 734 3479 2,
748 3456 781 3482 34
799 3448 926 3474 Miserum
940 3448 1004 3474 istuc
1016 3457 1071 3475 ver·
1133 3449 1204 3474 Fam.
1220 3454 1243 3480 ς,
1265 3457 1271 3473 1
1301 3448 1422 3474 Tantum
1441 3446 1526 3474 habeo
1546 3447 1598 3474 tibi
1613 3449 1743 3475 Polliceri.
1838 3450 1943 3477 Sueton.
1959 3452 2064 3486 August.
2097 3462 2117 3478 c.
2138 3459 2167 3485 38

2 3484 19 3510 ἐ,
44 3477 110 3504 bum
127 3485 155 3503 ac
176 3476 308 3511 pessimum
329 3477 365 3502 est
384 3478 512 3515 habuisse,
530 3489 556 3509 et
576 3482 644 3509 nihil
665 3482 771 3510 habere.
828 3485 885 3510 Huc
899 3486 1009 3518 pertinet
1028 3486 1073 3510 illa
1133 3483 1205 3516 Quid
1220 3483 1305 3509 habeo
1316 3482 1384 3517 apud
1399 3483 1460 3509 deos
1473 3483 1634 3510 immortales
1647 3485 1763 3516 Precari,
1783 3493 1861 3519 quam
1880 3492 1908 3512 vt
1928 3486 1996 3513 hunc
2015 3489 2168 3515 consensum

0 3517 8 3545 f·
43 3514 176 3545 Auci-iliae
189 3512 321 3548 descriptio
336 3512 416 3540 Ouid.
428 3515 491 3544 Met.
505 3527 524 3550 1,
540 3527 574 3549 131
594 3519 678 3545 Α11101-
698 3519 835 3545 sceleratus
854 3518 975 3545 habendi.
1027 3519 1075 3546 Sed
1132 3519 1263 3550 vestrum,
1283 3517 1314 3544 ad
1329 3519 1452 3544 Vltimum
1467 3518 1537 3544 vitae
1549 3519 1628 3545 finem
1643 3520 1709 3545 mihi
1723 3520 1839 3554 perferre
1851 3521 1926 3548 liceat
1941 3523 1950 3548 ἒ
2017 3523 2074 3550 Cic.
2088 3524 2167 3551 Attie.

0 3556 5 3579 ,ῖ
45 3548 156 3575 babemus
176 3551 264 3579 etiam,
284 3557 343 3583 quae
360 3556 408 3573 non
427 3551 497 3577 valde
511 3557 582 3579 iuuat
598 3554 699 3585 habere,
719 3561 748 3580 vt
766 3554 847 3580 Plaut.
861 3555 948 3581 Aulul.
963 3563 986 3585 2,
1004 3562 1027 3585 2,
1043 3563 1073 3587 14
1133 3562 1157 3584 2,
1171 3562 1204 3580 22
1226 3555 1264 3580 De
1277 3553 1420 3588 Republica
1435 3553 1502 3580 nihil
1517 3554 1602 3581 habeo
1622 3555 1654 3580 ad
1670 3561 1694 3581 te
1706 3555 1840 3588 Scribere,
1861 3557 1908 3582 nisi
1927 3557 2055 3584 summum
2074 3559 2169 3586 odium

0 3580 2 3586 ¹
43 3583 182 3618 Virginem
201 3582 286 3610 habeo
299 3583 438 3617 grandem,
454 3585 512 3612 dote
524 3590 612 3614 cassam
620 3608 629 3621 ,
647 3595 673 3615 et
687 3589 860 3617 illocabilem.
924 3589 961 3617 Id.
978 3589 1072 3624 Amph.
1088 3592 1120 3617 95
1133 3589 1254 3615 omnium
1270 3588 1410 3615 hominum
1425 3589 1452 3615 in
1465 3597 1508 3615 eos
1517 3609 1526 3622 ,
1541 3591 1587 3624 qui
1601 3596 1688 3616 tenent
1700 3591 1790 3616 omnia
1799 3610 1806 3620 ,
1825 3595 1842 3617 i.
1856 3593 1922 3618 nihil
1933 3593 2014 3626 habeo,
2031 3594 2096 3628 quod
2101 3595 2169 3630 scri-

45 3626 67 3651 1,
80 3627 99 3652 1,
111 3628 145 3646 20
163 3618 321 3645 Habendum
334 3624 359 3644 et
374 3618 509 3647 ferendum
523 3621 571 3649 hoc
585 3633 652 3650 onus
663 3624 698 3651 est
716 3634 774 3651 cum
788 3625 887 3652 labore.
943 3626 982 3652 Sic
999 3625 1073 3661 infra
1132 3624 1195 3650 bam.
1266 3625 1334 3651 Hor.
1349 3624 1429 3659 Epod.
1443 3627 1480 3656 16,
1495 3633 1521 3657 23
1544 3626 1584 3651 Sic
1597 3625 1696 3659 placet?
1717 3634 1749 3651 an
1761 3626 1854 3652 melius
1868 3627 1927 3662 quis
1940 3628 2019 3656 habet
2033 3630 2144 3656 Suadere
2158 3631 2169 3656 3

0 3639 18 3712 11
44 3654 194 3682 Molestiam
206 3654 310 3681 habere.
368 3655 397 3680 ln
410 3654 584 3688 gladiatoribus
598 3666 620 3685 et
636 3659 831 3695 depugnantibus
844 3660 940 3695 Virgil.
957 3663 1020 3686 Aen.
1036 3669 1073 3693 12,
1132 3659 1173 3685 Sic
1181 3662 1286 3694 ponitur
1300 3659 1392 3686 Habeo
1407 3669 1460 3686 cum
1474 3661 1610 3691 Gerundio,
1630 3660 1789 3687 Certandum
1801 3661 1897 3689 habent
1909 3663 1963 3690 ficis
1981 3670 2007 3691 et
2021 3664 2117 3692 boletis
2129 3673 2167 3690 ca-

15 3718 18 3738 l

0 3588 5 3652 1

0 3702 8 3726 1

0 3743 6 3782 l

0 3799 6 3819 l

43 3698 92 3724 295
111 3691 175 3717 HOC·
183 3690 269 3722 habet,
286 3689 347 3716 haec
360 3688 457 3715 melior
468 3691 566 3722 magnis
579 3692 636 3720 data
648 3695 758 3722 vielima
769 3696 848 3723 diuis.
916 3695 1072 3722 TerAndr.
1133 3701 1224 3726 ryotae
1243 3694 1309 3721 Plin.
1322 3696 1366 3729 Ep.
1384 3704 1410 3727 1,
1429 3705 1441 3726 7
1464 3702 1528 3721 extr.
1599 3695 1662 3721 Plin.
1677 3704 1720 3728 10,
1740 3705 1766 3728 55
1795 3698 1862 3724 Iulia
1876 3699 2005 3733 Augusta,
2021 3701 2105 3734 prima
2122 3701 2166 3724 sua

15 3746 17 3758 :
45 3733 72 3758 1,
94 3734 120 3757 1,
142 3732 169 3758 53
202 3726 300 3760 Captus
320 3724 369 3756 est,
390 3723 485 3750 habet!
513 3724 640 3760 Donatus,
660 3731 762 3762 Habet,
789 3732 807 3758 i.
820 3740 844 3758 e.
866 3732 1015 3758 vulneratus
1028 3730 1072 3757 est.
1135 3730 1242 3755 iuuenta
1263 3729 1382 3757 Tiberio
1401 3731 1510 3757 Caesare
1530 3739 1561 3756 ex
1580 3730 1689 3756 Nerone
1706 3732 1828 3765 grauida,
1851 3743 1933 3769 quum
1952 3744 2042 3770 parere
2060 3734 2166 3760 virilem

3 3766 17 3785 -³
45 3760 131 3793 Habet
144 3761 232 3793 enim,
252 3762 298 3796 qui
313 3761 440 3795 ΡθῐὟῑῑῐῘΓῑῑς
459 3759 494 3785 0st
507 3770 513 3786 ἓ
543 3765 569 3785 θῒ
586 3765 690 3796 proprie
706 3766 737 3792 de
757 3766 946 3801 gladiatoribus
966 3767 1073 3799 dicitur,
1083 3765 1224 3793 toosexum
1239 3764 1379 3792 admodum
1392 3772 1511 3800 cuperet.
1527 3765 1577 3790 hoc
1590 3766 1632 3791 vsa
1646 3765 1681 3791 est
1695 3767 1806 3800 puellari
1821 3770 1931 3803 augurio
1946 3781 1952 3796 :
1975 3779 2055 3796 ouum
2070 3769 2096 3794 in
2109 3768 2165 3794 finu

45 3797 108 3831 quia
121 3797 194 3831 prius
207 3797 254 3824 alii
266 3797 373 3826 vident,
393 3804 471 3830 quam
490 3794 535 3829 ipsi
555 3795 677 3830 sentiant,
697 3801 721 3826 se
739 3803 874 3836 percussos
931 3804 972 3830 Sic
985 3803 1072 3828 Senec.
1134 3800 1267 3832 fouendo,
1285 3807 1363 3835 atque
1383 3810 1463 3835 quum
1479 3800 1669 3833 Deponendum
1688 3802 1811 3836 haberet,
1834 3805 1933 3832 nutrici
1951 3814 1996 3839 per
2015 3804 2096 3829 finum
2115 3809 2166 3829 tra-

0 3837 16 3854 3‘
44 3833 195 3866 Agamemn-
208 3837 250 3862 80¹
276 3830 380 3858 Habet!
401 3830 532 3865 pera&um
548 3830 592 3856 est·
634 3833 691 3859 Vid.
702 3836 808 3864 Turneb.
819 3848 857 3873 17,
867 3848 901 3865 ιο,
938 3839 1073 3865 Burmann.
1135 3834 1230 3861 dendo.
1300 3836 1458 3863 Enitendum
1478 3835 1548 3861 Idem
1565 3836 1607 3870 Ep.
1623 3845 1640 3866 1,
1655 3842 1676 3866 8.
1747 3839 1877 3866 Columel.
1893 3848 1913 3873 ς,
1926 3848 1938 3872 ,-
1966 3841 2074 3864 Eatenus
2089 3838 2167 3863 habe-

14 3884 15 3887 ¹
43 3862 78 3894 ‘ad
89 3867 196 3901 Qun&-
211 3868 276 3894 decl·
290 3874 318 3901 8,
338 3869 375 3894 16·
411 3865 480 3893 Add·
493 3865 614 3892 Pfl'dent·
627 3866 757 3898 Psychom.
774 3881 799 3899 v.
812 3880 849 3905 53.
891 3873 948 3900 Vid.
959 3873 1076 3903 Febrim,
1136 3880 1192 3897 mus
1202 3870 1425 3904 Praecipiendutn,
1445 3876 1473 3897 vt
1488 3870 1635 3905 intelligant
1649 3872 1789 3906 agricolae,
1809 3875 1868 3905 flue,
1887 3883 1930 3901 etc.
1976 3873 2083 3898 Tac.de
2091 3874 2165 3898 Orat.

0 3906 5 3922 f
22 3901 205 3933 „Molestiaxm
223 3902 329 3931 habere.
525 3898 545 3938 ff
568 3909 580 3926 2
618 3902 721 3928 Habere
741 3903 922 3944 &quocunque
936 3909 1005 3935 modo
1023 3916 1075 3934 tra·
1136 3908 1166 3938 36
1191 3907 1281 3938 Quum
1297 3906 1324 3931 in
1338 3907 1453 3941 aliquam
1468 3905 1615 3941 1nuidiam,
1632 3915 1677 3934 aut
1696 3909 1794 3935 crimen
1814 3910 1900 3937 vocati
1918 3909 1960 3934 sua
1974 3916 2040 3933 voce
2055 3908 2167 3939 Respon-

38 3935 112 3975 ,ΗΠΒ
128 3945 152 3965 ⁶²
166 3936 262 3973 “fficere
275 3950 283 3964 ·'
316 3938 422 3966 Habere
445 3936 640 3970 miserrimum,
668 3939 686 3963 ί·
705 3939 837 3974 miserrime
855 3943 968 3972 traHare
993 3941 1251 3979 Plaut.105dendum
1263 3939 1398 3969 haberent.
1443 3941 1618 4009 51ἓ1113211ᾰ11111
1636 3944 1741 3972 Petron.
1762 3953 1783 3971 c.
1796 3953 1840 3978 90.
1909 3943 2076 3983 statuendum
2097 3942 2165 4002 Zilis.
