<?xml version="1.0" encoding="UTF-8"?>
<!DOCTYPE html PUBLIC "-//W3C//DTD XHTML 1.0 Transitional//EN"
    "http://www.w3.org/TR/xhtml1/DTD/xhtml1-transitional.dtd">
<html xmlns="http://www.w3.org/1999/xhtml" xml:lang="en" lang="en">
 <head>
  <title>
</title>
<meta http-equiv="Content-Type" content="text/html;charset=utf-8" />
  <meta name='ocr-system' content='tesseract 3.04.00' />
  <meta name='ocr-capabilities' content='ocr_page ocr_carea ocr_par ocr_line ocrx_word'/>
</head>
<body>
  <div class='ocr_page' id='page_1' title='image "./novuslinguaeeter02gesn_0013.png"; bbox 0 0 2479 4225; ppageno 0'>
   <div class='ocr_carea' id='block_1_1' title="bbox 36 2079 975 2118">
    <p class='ocr_par' dir='ltr' id='par_1_1' title="bbox 36 2079 975 2118">
     <span class='ocr_line' id='line_1_1' title="bbox 36 2079 975 2118; baseline -0.006 -7"><span class='ocrx_word' id='word_1_1' title='bbox 36 2105 39 2107; x_wconf 86' lang='lat'><em>-</em></span> <span class='ocrx_word' id='word_1_2' title='bbox 57 2109 64 2118; x_wconf 67' lang='lat'>=.</span> <span class='ocrx_word' id='word_1_3' title='bbox 109 2087 227 2115; x_wconf 80' lang='lat' dir='ltr'><em>maxime,</em></span> <span class='ocrx_word' id='word_1_4' title='bbox 260 2081 341 2109; x_wconf 83' lang='lat' dir='ltr'>Ouid.</span> <span class='ocrx_word' id='word_1_5' title='bbox 356 2082 419 2108; x_wconf 85' lang='lat' dir='ltr'>Met.</span> <span class='ocrx_word' id='word_1_6' title='bbox 441 2089 474 2113; x_wconf 94' lang='lat'>11,</span> <span class='ocrx_word' id='word_1_7' title='bbox 496 2089 543 2112; x_wconf 85' lang='grc'>133.</span> <span class='ocrx_word' id='word_1_8' title='bbox 569 2080 611 2106; x_wconf 78' lang='lat' dir='ltr'>vbi</span> <span class='ocrx_word' id='word_1_9' title='bbox 631 2080 718 2106; x_wconf 69' lang='lat' dir='ltr'>Midae</span> <span class='ocrx_word' id='word_1_10' title='bbox 730 2079 845 2114; x_wconf 72' lang='lat' dir='ltr'>fabulam</span> <span class='ocrx_word' id='word_1_11' title='bbox 866 2088 975 2107; x_wconf 73' lang='lat' dir='ltr'>enarrat.</span> 
     </span>
    </p>
   </div>
   <div class='ocr_carea' id='block_1_2' title="bbox 108 243 1147 351">
    <p class='ocr_par' dir='ltr' id='par_1_2' title="bbox 108 243 1147 351">
     <span class='ocr_line' id='line_1_2' title="bbox 144 243 1145 284; baseline -0.006 -7"><span class='ocrx_word' id='word_1_12' title='bbox 144 244 195 276; x_wconf 62' lang='grc' dir='ltr'>ΒΑ</span> <span class='ocrx_word' id='word_1_13' title='bbox 205 255 231 276; x_wconf 87' lang='grc' dir='ltr'><strong>Μ</strong></span> <span class='ocrx_word' id='word_1_14' title='bbox 241 255 263 276; x_wconf 85' lang='grc' dir='ltr'>Α</span> <span class='ocrx_word' id='word_1_15' title='bbox 271 256 284 276; x_wconf 88' lang='lat' dir='ltr'>s</span> <span class='ocrx_word' id='word_1_16' title='bbox 294 256 301 275; x_wconf 90' lang='lat'>1</span> <span class='ocrx_word' id='word_1_17' title='bbox 312 254 329 276; x_wconf 91' lang='lat' dir='ltr'>c</span> <span class='ocrx_word' id='word_1_18' title='bbox 340 255 360 275; x_wconf 78' lang='grc' dir='ltr'><strong>Η</strong></span> <span class='ocrx_word' id='word_1_19' title='bbox 371 255 393 275; x_wconf 86' lang='grc' dir='ltr'><strong>Τ</strong></span> <span class='ocrx_word' id='word_1_20' title='bbox 404 255 424 275; x_wconf 82' lang='lat' dir='ltr'><strong>H</strong></span> <span class='ocrx_word' id='word_1_21' title='bbox 433 254 452 275; x_wconf 91' lang='grc' dir='ltr'>ο</span> <span class='ocrx_word' id='word_1_22' title='bbox 461 255 482 275; x_wconf 80' lang='lat' dir='ltr'>N</span> <span class='ocrx_word' id='word_1_23' title='bbox 490 267 498 280; x_wconf 95' lang='lat'>,</span> <span class='ocrx_word' id='word_1_24' title='bbox 519 247 588 273; x_wconf 64' lang='lat' dir='ltr'>onis.</span> <span class='ocrx_word' id='word_1_25' title='bbox 604 257 639 274; x_wconf 89' lang='grc' dir='ltr'>ιιι.</span> <span class='ocrx_word' id='word_1_26' title='bbox 675 245 766 274; x_wconf 79' lang='lat' dir='ltr'>Niobes</span> <span class='ocrx_word' id='word_1_27' title='bbox 778 243 853 284; x_wconf 70' lang='lat' dir='ltr'>filius</span> <span class='ocrx_word' id='word_1_28' title='bbox 861 264 869 277; x_wconf 94' lang='lat'>,</span> <span class='ocrx_word' id='word_1_29' title='bbox 886 254 946 284; x_wconf 32' lang='lat' dir='ltr'>*cum</span> <span class='ocrx_word' id='word_1_30' title='bbox 959 245 1006 281; x_wconf 76' lang='lat' dir='ltr'>fix</span> <span class='ocrx_word' id='word_1_31' title='bbox 1013 246 1145 282; x_wconf 78' lang='lat' dir='ltr'>fratribus</span> 
     </span>
     <span class='ocr_line' id='line_1_3' title="bbox 108 279 1123 327; baseline -0.005 -16"><span class='ocrx_word' id='word_1_32' title='bbox 108 284 138 312; x_wconf 80' lang='lat' dir='ltr'>ab</span> <span class='ocrx_word' id='word_1_33' title='bbox 150 284 265 327; x_wconf 56' lang='lat' dir='ltr'>Affllinf</span> <span class='ocrx_word' id='word_1_34' title='bbox 279 285 371 320; x_wconf 72' lang='lat' dir='ltr'>caesiis.</span> <span class='ocrx_word' id='word_1_35' title='bbox 413 283 471 324; x_wconf 58' lang='lat' dir='ltr'>Vici.</span> <span class='ocrx_word' id='word_1_36' title='bbox 486 283 567 325; x_wconf 81' lang='lat' dir='ltr'>Ouid.</span> <span class='ocrx_word' id='word_1_37' title='bbox 583 284 648 325; x_wconf 75' lang='lat' dir='ltr'>Met.</span> <span class='ocrx_word' id='word_1_38' title='bbox 662 285 687 314; x_wconf 91' lang='lat'>6,</span> <span class='ocrx_word' id='word_1_39' title='bbox 701 287 759 313; x_wconf 79' lang='lat'>254-</span> <span class='ocrx_word' id='word_1_40' title='bbox 774 286 797 305; x_wconf 75' lang='lat' dir='ltr'>et</span> <span class='ocrx_word' id='word_1_41' title='bbox 809 289 838 324; x_wconf 73' lang='lat' dir='ltr'>in</span> <span class='ocrx_word' id='word_1_42' title='bbox 852 279 911 306; x_wconf 88' lang='lat' dir='ltr'>Ibm</span> <span class='ocrx_word' id='word_1_43' title='bbox 925 285 974 321; x_wconf 62' lang='lat'>581.</span> <span class='ocrx_word' id='word_1_44' title='bbox 1072 320 1074 323; x_wconf 35' lang='grc' dir='ltr'>Ι</span> <span class='ocrx_word' id='word_1_45' title='bbox 1119 321 1123 324; x_wconf 44' lang='grc'>-</span> 
     </span>
     <span class='ocr_line' id='line_1_4' title="bbox 144 315 1147 351; baseline -0.004 -4"><span class='ocrx_word' id='word_1_46' title='bbox 144 326 163 346; x_wconf 86' lang='lat' dir='ltr'>n</span> <span class='ocrx_word' id='word_1_47' title='bbox 172 327 193 346; x_wconf 81' lang='lat' dir='ltr'>A</span> <span class='ocrx_word' id='word_1_48' title='bbox 202 327 226 346; x_wconf 88' lang='lat' dir='ltr'>M</span> <span class='ocrx_word' id='word_1_49' title='bbox 236 327 257 346; x_wconf 81' lang='lat' dir='ltr'>A</span> <span class='ocrx_word' id='word_1_50' title='bbox 267 326 279 346; x_wconf 88' lang='lat' dir='ltr'>s</span> <span class='ocrx_word' id='word_1_51' title='bbox 290 328 298 346; x_wconf 97' lang='lat'>1</span> <span class='ocrx_word' id='word_1_52' title='bbox 308 327 322 346; x_wconf 75' lang='grc' dir='ltr'><em>Ρ</em></span> <span class='ocrx_word' id='word_1_53' title='bbox 331 327 345 347; x_wconf 79' lang='lat' dir='ltr'>P</span> <span class='ocrx_word' id='word_1_54' title='bbox 355 326 375 346; x_wconf 90' lang='lat' dir='ltr'>v</span> <span class='ocrx_word' id='word_1_55' title='bbox 384 327 408 351; x_wconf 88' lang='lat' dir='ltr'>s,</span> <span class='ocrx_word' id='word_1_56' title='bbox 428 328 446 345; x_wconf 85' lang='lat'>1.</span> <span class='ocrx_word' id='word_1_57' title='bbox 459 328 495 345; x_wconf 89' lang='grc'>111.</span> <span class='ocrx_word' id='word_1_58' title='bbox 531 320 681 345; x_wconf 75' lang='lat' dir='ltr'>Licinmrum</span> <span class='ocrx_word' id='word_1_59' title='bbox 693 324 823 351; x_wconf 68' lang='lat' dir='ltr'>cognomen</span> <span class='ocrx_word' id='word_1_60' title='bbox 843 316 1008 350; x_wconf 78' lang='lat' dir='ltr'>Damauppus</span> <span class='ocrx_word' id='word_1_61' title='bbox 1016 336 1024 348; x_wconf 95' lang='lat'>‚</span> <span class='ocrx_word' id='word_1_62' title='bbox 1039 315 1147 350; x_wconf 72' lang='lat' dir='ltr'>Histrio,</span> 
     </span>
    </p>
   </div>
   <div class='ocr_carea' id='block_1_3' title="bbox 108 350 1147 388">
    <p class='ocr_par' dir='ltr' id='par_1_3' title="bbox 108 350 1147 388">
     <span class='ocr_line' id='line_1_5' title="bbox 108 350 1147 388; baseline -0.001 -7"><span class='ocrx_word' id='word_1_63' title='bbox 108 358 179 382; x_wconf 79' lang='lat' dir='ltr'>euius</span> <span class='ocrx_word' id='word_1_64' title='bbox 193 357 303 381; x_wconf 76' lang='lat' dir='ltr'><em>meminit</em></span> <span class='ocrx_word' id='word_1_65' title='bbox 323 355 440 381; x_wconf 82' lang='lat' dir='ltr'>quenal.</span> <span class='ocrx_word' id='word_1_66' title='bbox 454 355 504 381; x_wconf 85' lang='lat' dir='ltr'>Sat.</span> <span class='ocrx_word' id='word_1_67' title='bbox 520 360 542 386; x_wconf 81' lang='lat'>8,</span> <span class='ocrx_word' id='word_1_68' title='bbox 555 359 603 387; x_wconf 73' lang='lat'>183.</span> <span class='ocrx_word' id='word_1_69' title='bbox 671 350 850 384; x_wconf 65' lang='lat' dir='ltr'>Damasippus,</span> <span class='ocrx_word' id='word_1_70' title='bbox 855 350 983 387; x_wconf 76' lang='lat' dir='ltr'>signorum</span> <span class='ocrx_word' id='word_1_71' title='bbox 997 358 1020 377; x_wconf 82' lang='lat' dir='ltr'>ct</span> <span class='ocrx_word' id='word_1_72' title='bbox 1034 353 1147 388; x_wconf 71' lang='lat' dir='ltr'>vafiirum</span> 
     </span>
    </p>
   </div>
   <div class='ocr_carea' id='block_1_4' title="bbox 108 387 1188 426">
    <p class='ocr_par' dir='ltr' id='par_1_4' title="bbox 108 387 1188 426">
     <span class='ocr_line' id='line_1_6' title="bbox 108 387 1188 426; baseline 0 -11"><span class='ocrx_word' id='word_1_73' title='bbox 108 393 264 426; x_wconf 80' lang='lat' dir='ltr'>antiquorum</span> <span class='ocrx_word' id='word_1_74' title='bbox 278 391 419 421; x_wconf 76' lang='lat' dir='ltr'><em>Mercator,</em></span> <span class='ocrx_word' id='word_1_75' title='bbox 437 389 503 426; x_wconf 82' lang='lat' dir='ltr'>apud</span> <span class='ocrx_word' id='word_1_76' title='bbox 531 391 596 416; x_wconf 83' lang='lat' dir='ltr'>Hor.</span> <span class='ocrx_word' id='word_1_77' title='bbox 609 388 660 414; x_wconf 79' lang='lat' dir='ltr'>Sat.</span> <span class='ocrx_word' id='word_1_78' title='bbox 675 393 700 418; x_wconf 84' lang='lat'>2,</span> <span class='ocrx_word' id='word_1_79' title='bbox 714 394 738 417; x_wconf 81' lang='lat'>3,</span> <span class='ocrx_word' id='word_1_80' title='bbox 753 388 780 411; x_wconf 85' lang='lat'>16</span> <span class='ocrx_word' id='word_1_81' title='bbox 793 392 816 411; x_wconf 80' lang='lat' dir='ltr'>et</span> <span class='ocrx_word' id='word_1_82' title='bbox 830 388 874 419; x_wconf 87' lang='lat'>64.</span> <span class='ocrx_word' id='word_1_83' title='bbox 896 387 939 413; x_wconf 87' lang='lat' dir='ltr'>vbi</span> <span class='ocrx_word' id='word_1_84' title='bbox 945 387 1080 414; x_wconf 79' lang='lat' dir='ltr'>Lambinus</span> <span class='ocrx_word' id='word_1_85' title='bbox 1092 398 1148 415; x_wconf 79' lang='lat' dir='ltr'>eun-</span> <span class='ocrx_word' id='word_1_86' title='bbox 1174 393 1188 420; x_wconf 81' lang='grc'><em>5</em></span> 
     </span>
    </p>
   </div>
   <div class='ocr_carea' id='block_1_5' title="bbox 110 422 1148 568">
    <p class='ocr_par' dir='ltr' id='par_1_5' title="bbox 110 422 1082 463">
     <span class='ocr_line' id='line_1_7' title="bbox 110 422 1082 463; baseline -0.007 -11"><span class='ocrx_word' id='word_1_87' title='bbox 110 425 162 452; x_wconf 85' lang='lat' dir='ltr'>dem</span> <span class='ocrx_word' id='word_1_88' title='bbox 174 424 382 462; x_wconf 44' lang='lat' dir='ltr'>effiqiaspicatur,</span> <span class='ocrx_word' id='word_1_89' title='bbox 400 426 429 451; x_wconf 76' lang='lat' dir='ltr'>de</span> <span class='ocrx_word' id='word_1_90' title='bbox 442 435 486 461; x_wconf 79' lang='lat' dir='ltr'>quo</span> <span class='ocrx_word' id='word_1_91' title='bbox 498 429 552 461; x_wconf 80' lang='lat' dir='ltr'>agit</span> <span class='ocrx_word' id='word_1_92' title='bbox 568 423 622 450; x_wconf 87' lang='lat' dir='ltr'>Cic.</span> <span class='ocrx_word' id='word_1_93' title='bbox 636 422 707 463; x_wconf 82' lang='lat' dir='ltr'>Fam.</span> <span class='ocrx_word' id='word_1_94' title='bbox 727 428 751 455; x_wconf 90' lang='grc'>7,</span> <span class='ocrx_word' id='word_1_95' title='bbox 764 429 800 452; x_wconf 82' lang='lat'>²3-</span> <span class='ocrx_word' id='word_1_96' title='bbox 1047 459 1052 463; x_wconf 44' lang='grc'><em>.</em></span> <span class='ocrx_word' id='word_1_97' title='bbox 1076 458 1082 463; x_wconf 41' lang='grc'><em>·</em></span> 
     </span>
    </p>

    <p class='ocr_par' dir='ltr' id='par_1_6' title="bbox 110 454 1148 568">
     <span class='ocr_line' id='line_1_8' title="bbox 147 454 1148 492; baseline -0.002 -6"><span class='ocrx_word' id='word_1_98' title='bbox 147 468 166 487; x_wconf 88' lang='lat' dir='ltr'><em>D</em></span> <span class='ocrx_word' id='word_1_99' title='bbox 175 468 196 487; x_wconf 78' lang='grc' dir='ltr'>Α</span> <span class='ocrx_word' id='word_1_100' title='bbox 205 468 229 487; x_wconf 88' lang='grc' dir='ltr'><strong><em>Μ</em></strong></span> <span class='ocrx_word' id='word_1_101' title='bbox 237 469 258 488; x_wconf 78' lang='lat' dir='ltr'>A</span> <span class='ocrx_word' id='word_1_102' title='bbox 267 469 280 488; x_wconf 89' lang='lat' dir='ltr'>s</span> <span class='ocrx_word' id='word_1_103' title='bbox 290 469 302 488; x_wconf 92' lang='lat' dir='ltr'>s</span> <span class='ocrx_word' id='word_1_104' title='bbox 312 468 331 487; x_wconf 84' lang='grc' dir='ltr'><strong>ο</strong></span> <span class='ocrx_word' id='word_1_105' title='bbox 344 467 364 487; x_wconf 89' lang='grc' dir='ltr'><strong>Ν</strong></span> <span class='ocrx_word' id='word_1_106' title='bbox 378 468 387 487; x_wconf 88' lang='lat'>1</span> <span class='ocrx_word' id='word_1_107' title='bbox 397 467 416 486; x_wconf 91' lang='lat' dir='ltr'>V</span> <span class='ocrx_word' id='word_1_108' title='bbox 426 468 460 491; x_wconf 87' lang='lat' dir='ltr'>M,</span> <span class='ocrx_word' id='word_1_109' title='bbox 474 461 491 487; x_wconf 91' lang='lat' dir='ltr'>i.</span> <span class='ocrx_word' id='word_1_110' title='bbox 508 470 533 487; x_wconf 91' lang='lat' dir='ltr'>n.</span> <span class='ocrx_word' id='word_1_111' title='bbox 558 455 751 491; x_wconf 70' lang='grc' dir='ltr'><strong><em>[δαμασσωνιον]</em></strong></span> <span class='ocrx_word' id='word_1_112' title='bbox 789 456 873 482; x_wconf 80' lang='lat' dir='ltr'>Herba</span> <span class='ocrx_word' id='word_1_113' title='bbox 885 454 918 489; x_wconf 80' lang='lat' dir='ltr'>est</span> <span class='ocrx_word' id='word_1_114' title='bbox 926 457 1096 492; x_wconf 80' lang='lat' dir='ltr'>‚plantagm1s</span> <span class='ocrx_word' id='word_1_115' title='bbox 1107 459 1148 484; x_wconf 86' lang='lat' dir='ltr'>fo-</span> 
     </span>
     <span class='ocr_line' id='line_1_9' title="bbox 110 491 1148 530; baseline -0.002 -8"><span class='ocrx_word' id='word_1_116' title='bbox 110 496 146 522; x_wconf 86' lang='lat' dir='ltr'>lia</span> <span class='ocrx_word' id='word_1_117' title='bbox 158 495 264 528; x_wconf 85' lang='lat' dir='ltr'>habens,</span> <span class='ocrx_word' id='word_1_118' title='bbox 277 495 428 530; x_wconf 83' lang='lat' dir='ltr'>angustiora</span> <span class='ocrx_word' id='word_1_119' title='bbox 440 502 534 527; x_wconf 86' lang='lat' dir='ltr'>tamen,</span> <span class='ocrx_word' id='word_1_120' title='bbox 540 499 565 519; x_wconf 88' lang='lat' dir='ltr'>et</span> <span class='ocrx_word' id='word_1_121' title='bbox 577 492 606 518; x_wconf 86' lang='lat' dir='ltr'>in</span> <span class='ocrx_word' id='word_1_122' title='bbox 618 497 716 518; x_wconf 86' lang='lat' dir='ltr'>terram</span> <span class='ocrx_word' id='word_1_123' title='bbox 728 491 832 518; x_wconf 83' lang='lat' dir='ltr'>reflexa.</span> <span class='ocrx_word' id='word_1_124' title='bbox 869 492 969 519; x_wconf 84' lang='lat' dir='ltr'>Alisma</span> <span class='ocrx_word' id='word_1_125' title='bbox 981 497 1054 519; x_wconf 82' lang='lat' dir='ltr'>ctiam</span> <span class='ocrx_word' id='word_1_126' title='bbox 1066 496 1148 529; x_wconf 73' lang='lat' dir='ltr'>appel-</span> 
     </span>
     <span class='ocr_line' id='line_1_10' title="bbox 110 526 1111 568; baseline 0.001 -14"><span class='ocrx_word' id='word_1_127' title='bbox 110 533 186 558; x_wconf 70' lang='lat' dir='ltr'>latur,</span> <span class='ocrx_word' id='word_1_128' title='bbox 206 532 271 558; x_wconf 77' lang='lat' dir='ltr'>Plin,</span> <span class='ocrx_word' id='word_1_129' title='bbox 284 540 375 564; x_wconf 53' lang='lat'>23³·10,</span> <span class='ocrx_word' id='word_1_130' title='bbox 397 535 426 558; x_wconf 59' lang='lat' dir='ltr'>it,</span> <span class='ocrx_word' id='word_1_131' title='bbox 442 534 483 562; x_wconf 84' lang='lat'>26,</span> <span class='ocrx_word' id='word_1_132' title='bbox 495 538 516 563; x_wconf 79' lang='grc' dir='ltr'>ς,</span> <span class='ocrx_word' id='word_1_133' title='bbox 537 526 613 568; x_wconf 65' lang='grc' dir='ltr'>ᾼΡΠΙ.</span> <span class='ocrx_word' id='word_1_134' title='bbox 628 526 660 553; x_wconf 74' lang='lat' dir='ltr'>de</span> <span class='ocrx_word' id='word_1_135' title='bbox 673 526 757 553; x_wconf 74' lang='lat' dir='ltr'>Heri).</span> <span class='ocrx_word' id='word_1_136' title='bbox 772 536 792 552; x_wconf 81' lang='lat' dir='ltr'>c.</span> <span class='ocrx_word' id='word_1_137' title='bbox 806 535 848 558; x_wconf 88' lang='lat'>29.</span> <span class='ocrx_word' id='word_1_138' title='bbox 866 534 890 553; x_wconf 78' lang='lat' dir='ltr'>t’t</span> <span class='ocrx_word' id='word_1_139' title='bbox 903 529 1013 555; x_wconf 67' lang='lat' dir='ltr'>Galen-6</span> <span class='ocrx_word' id='word_1_140' title='bbox 1025 529 1111 563; x_wconf 77' lang='lat' dir='ltr'>Simpl-</span> 
     </span>
    </p>
   </div>
   <div class='ocr_carea' id='block_1_6' title="bbox 146 562 1196 599">
    <p class='ocr_par' dir='ltr' id='par_1_7' title="bbox 146 562 1196 599">
     <span class='ocr_line' id='line_1_11' title="bbox 146 562 1196 599; baseline 0.001 -8"><span class='ocrx_word' id='word_1_141' title='bbox 146 574 165 593; x_wconf 86' lang='lat' dir='ltr'>D</span> <span class='ocrx_word' id='word_1_142' title='bbox 176 575 196 593; x_wconf 77' lang='grc' dir='ltr'>Α</span> <span class='ocrx_word' id='word_1_143' title='bbox 206 574 230 593; x_wconf 88' lang='grc' dir='ltr'><strong><em>Μ</em></strong></span> <span class='ocrx_word' id='word_1_144' title='bbox 239 574 254 593; x_wconf 74' lang='lat'>13</span> <span class='ocrx_word' id='word_1_145' title='bbox 264 574 295 599; x_wconf 81' lang='grc' dir='ltr'>Α,</span> <span class='ocrx_word' id='word_1_146' title='bbox 312 576 350 593; x_wconf 88' lang='lat' dir='ltr'>ae.</span> <span class='ocrx_word' id='word_1_147' title='bbox 372 566 390 593; x_wconf 79' lang='lat' dir='ltr'>f.</span> <span class='ocrx_word' id='word_1_148' title='bbox 428 566 527 593; x_wconf 77' lang='lat' dir='ltr'>Ciuitas</span> <span class='ocrx_word' id='word_1_149' title='bbox 540 568 610 592; x_wconf 81' lang='lat' dir='ltr'>mter</span> <span class='ocrx_word' id='word_1_150' title='bbox 628 562 751 589; x_wconf 75' lang='lat' dir='ltr'>Ciliciam</span> <span class='ocrx_word' id='word_1_151' title='bbox 764 568 790 588; x_wconf 87' lang='lat' dir='ltr'>et</span> <span class='ocrx_word' id='word_1_152' title='bbox 804 563 1012 597; x_wconf 72' lang='lat' dir='ltr'>Cappadociam,</span> <span class='ocrx_word' id='word_1_153' title='bbox 1032 565 1147 598; x_wconf 84' lang='lat' dir='ltr'>Apamea</span> <span class='ocrx_word' id='word_1_154' title='bbox 1167 578 1196 596; x_wconf 88' lang='lat'>10</span> 
     </span>
    </p>
   </div>
   <div class='ocr_carea' id='block_1_7' title="bbox 108 597 1148 916">
    <p class='ocr_par' dir='ltr' id='par_1_8' title="bbox 108 597 1148 916">
     <span class='ocr_line' id='line_1_12' title="bbox 110 597 1148 637; baseline -0.001 -9"><span class='ocrx_word' id='word_1_155' title='bbox 110 602 198 636; x_wconf 84' lang='lat' dir='ltr'>postea</span> <span class='ocrx_word' id='word_1_156' title='bbox 210 601 297 634; x_wconf 55' lang='lat' dir='ltr'>dieta,</span> <span class='ocrx_word' id='word_1_157' title='bbox 319 611 397 637; x_wconf 83' lang='lat' dir='ltr'>quam</span> <span class='ocrx_word' id='word_1_158' title='bbox 411 602 443 628; x_wconf 81' lang='lat' dir='ltr'>fic</span> <span class='ocrx_word' id='word_1_159' title='bbox 461 604 578 627; x_wconf 83' lang='lat' dir='ltr'>vocatam</span> <span class='ocrx_word' id='word_1_160' title='bbox 593 597 673 623; x_wconf 84' lang='lat' dir='ltr'>inin&#39;o</span> <span class='ocrx_word' id='word_1_161' title='bbox 691 597 796 630; x_wconf 86' lang='lat' dir='ltr'>ferunt,</span> <span class='ocrx_word' id='word_1_162' title='bbox 817 598 890 632; x_wconf 88' lang='lat' dir='ltr'>quod</span> <span class='ocrx_word' id='word_1_163' title='bbox 904 598 1071 626; x_wconf 85' lang='lat' dir='ltr'>serocissimas</span> <span class='ocrx_word' id='word_1_164' title='bbox 1088 609 1148 634; x_wconf 86' lang='lat' dir='ltr'>gen-</span> 
     </span>
     <span class='ocr_line' id='line_1_13' title="bbox 109 635 888 674; baseline -0.006 -11"><span class='ocrx_word' id='word_1_165' title='bbox 109 643 148 664; x_wconf 84' lang='lat' dir='ltr'>tes</span> <span class='ocrx_word' id='word_1_166' title='bbox 167 637 312 664; x_wconf 79' lang='lat' dir='ltr'>domuiffet.</span> <span class='ocrx_word' id='word_1_167' title='bbox 349 636 445 664; x_wconf 70' lang='lat' dir='ltr'>Aufior</span> <span class='ocrx_word' id='word_1_168' title='bbox 463 635 530 661; x_wconf 87' lang='lat' dir='ltr'>Plin.</span> <span class='ocrx_word' id='word_1_169' title='bbox 545 641 567 667; x_wconf 84' lang='lat'>5,</span> <span class='ocrx_word' id='word_1_170' title='bbox 581 641 620 665; x_wconf 88' lang='grc'>30.</span> <span class='ocrx_word' id='word_1_171' title='bbox 816 670 820 674; x_wconf 43' lang='grc' dir='ltr'>Ι</span> <span class='ocrx_word' id='word_1_172' title='bbox 883 669 888 673; x_wconf 90' lang='lat'>.</span> 
     </span>
     <span class='ocr_line' id='line_1_14' title="bbox 145 668 1014 703; baseline -0.005 -4"><span class='ocrx_word' id='word_1_173' title='bbox 145 679 164 699; x_wconf 84' lang='grc' dir='ltr'>Ι)</span> <span class='ocrx_word' id='word_1_174' title='bbox 174 679 195 699; x_wconf 75' lang='lat' dir='ltr'>A</span> <span class='ocrx_word' id='word_1_175' title='bbox 205 680 254 700; x_wconf 81' lang='grc' dir='ltr'>ΜΕ</span> <span class='ocrx_word' id='word_1_176' title='bbox 264 680 285 699; x_wconf 83' lang='grc' dir='ltr'>Α</span> <span class='ocrx_word' id='word_1_177' title='bbox 295 679 317 699; x_wconf 82' lang='lat' dir='ltr'>S.</span> <span class='ocrx_word' id='word_1_178' title='bbox 354 672 451 699; x_wconf 85' lang='lat' dir='ltr'>Nobilis</span> <span class='ocrx_word' id='word_1_179' title='bbox 455 668 611 703; x_wconf 82' lang='lat' dir='ltr'>statuarius,</span> <span class='ocrx_word' id='word_1_180' title='bbox 632 671 702 695; x_wconf 85' lang='lat' dir='ltr'>cuius</span> <span class='ocrx_word' id='word_1_181' title='bbox 721 671 833 695; x_wconf 73' lang='lat' dir='ltr'>meminit</span> <span class='ocrx_word' id='word_1_182' title='bbox 851 668 917 695; x_wconf 88' lang='lat' dir='ltr'>le.</span> <span class='ocrx_word' id='word_1_183' title='bbox 932 677 975 702; x_wconf 81' lang='lat'>34,</span> <span class='ocrx_word' id='word_1_184' title='bbox 992 674 1014 699; x_wconf 82' lang='lat'>8.</span> 
     </span>
     <span class='ocr_line' id='line_1_15' title="bbox 146 704 808 738; baseline -0.008 -4"><span class='ocrx_word' id='word_1_185' title='bbox 146 715 293 738; x_wconf 80' lang='grc' dir='ltr'>ΒΑΜΙΛ,</span> <span class='ocrx_word' id='word_1_186' title='bbox 319 709 388 734; x_wconf 84' lang='lat' dir='ltr'>Bona</span> <span class='ocrx_word' id='word_1_187' title='bbox 405 708 465 733; x_wconf 83' lang='lat' dir='ltr'>Dea.</span> <span class='ocrx_word' id='word_1_188' title='bbox 485 704 538 731; x_wconf 74' lang='lat' dir='ltr'>vid.</span> <span class='ocrx_word' id='word_1_189' title='bbox 557 714 612 729; x_wconf 83' lang='lat' dir='ltr'>mox</span> <span class='ocrx_word' id='word_1_190' title='bbox 631 710 808 730; x_wconf 75' lang='lat' dir='ltr'>DAMIVM.</span> 
     </span>
     <span class='ocr_line' id='line_1_16' title="bbox 147 738 1032 770; baseline -0.002 -2"><span class='ocrx_word' id='word_1_191' title='bbox 147 749 230 770; x_wconf 83' lang='lat' dir='ltr'>DAM</span> <span class='ocrx_word' id='word_1_192' title='bbox 241 751 249 769; x_wconf 90' lang='lat'>1</span> <span class='ocrx_word' id='word_1_193' title='bbox 260 751 279 770; x_wconf 74' lang='lat' dir='ltr'>A</span> <span class='ocrx_word' id='word_1_194' title='bbox 289 751 309 770; x_wconf 86' lang='lat' dir='ltr'><strong>T</strong></span> <span class='ocrx_word' id='word_1_195' title='bbox 321 750 339 770; x_wconf 81' lang='lat' dir='ltr'>R</span> <span class='ocrx_word' id='word_1_196' title='bbox 350 751 358 769; x_wconf 87' lang='lat'>1</span> <span class='ocrx_word' id='word_1_197' title='bbox 368 750 395 769; x_wconf 72' lang='lat' dir='ltr'>x.</span> <span class='ocrx_word' id='word_1_198' title='bbox 430 739 551 767; x_wconf 76' lang='lat' dir='ltr'>Sacerdos</span> <span class='ocrx_word' id='word_1_199' title='bbox 565 740 651 765; x_wconf 83' lang='lat' dir='ltr'>Bonae</span> <span class='ocrx_word' id='word_1_200' title='bbox 664 740 745 766; x_wconf 83' lang='lat' dir='ltr'>Deae.</span> <span class='ocrx_word' id='word_1_201' title='bbox 776 738 834 765; x_wconf 80' lang='lat' dir='ltr'>Vid.</span> <span class='ocrx_word' id='word_1_202' title='bbox 856 745 936 765; x_wconf 70' lang='grc' dir='ltr'>ΒΑΜ</span> <span class='ocrx_word' id='word_1_203' title='bbox 947 747 955 766; x_wconf 86' lang='grc'>1</span> <span class='ocrx_word' id='word_1_204' title='bbox 968 746 986 764; x_wconf 74' lang='lat' dir='ltr'>v</span> <span class='ocrx_word' id='word_1_205' title='bbox 998 747 1032 766; x_wconf 84' lang='lat' dir='ltr'>M.</span> 
     </span>
     <span class='ocr_line' id='line_1_17' title="bbox 146 774 1147 811; baseline -0.004 -5"><span class='ocrx_word' id='word_1_206' title='bbox 146 785 292 811; x_wconf 72' lang='lat' dir='ltr'>DAMIVM,</span> <span class='ocrx_word' id='word_1_207' title='bbox 306 779 323 804; x_wconf 87' lang='lat' dir='ltr'>i.</span> <span class='ocrx_word' id='word_1_208' title='bbox 338 787 362 804; x_wconf 89' lang='lat' dir='ltr'>n.</span> <span class='ocrx_word' id='word_1_209' title='bbox 382 775 542 803; x_wconf 84' lang='lat' dir='ltr'>Sacrificium</span> <span class='ocrx_word' id='word_1_210' title='bbox 555 774 628 809; x_wconf 85' lang='lat' dir='ltr'>quod</span> <span class='ocrx_word' id='word_1_211' title='bbox 637 774 716 801; x_wconf 84' lang='lat' dir='ltr'>fiebat</span> <span class='ocrx_word' id='word_1_212' title='bbox 730 775 757 801; x_wconf 91' lang='lat' dir='ltr'>in</span> <span class='ocrx_word' id='word_1_213' title='bbox 772 780 866 809; x_wconf 85' lang='lat' dir='ltr'>operto</span> <span class='ocrx_word' id='word_1_214' title='bbox 880 775 907 800; x_wconf 93' lang='lat' dir='ltr'>in</span> <span class='ocrx_word' id='word_1_215' title='bbox 922 775 1049 802; x_wconf 80' lang='lat' dir='ltr'>honorem</span> <span class='ocrx_word' id='word_1_216' title='bbox 1059 776 1147 802; x_wconf 87' lang='lat' dir='ltr'>Bonae</span> 
     </span>
     <span class='ocr_line' id='line_1_18' title="bbox 111 808 1147 847; baseline -0.004 -6"><span class='ocrx_word' id='word_1_217' title='bbox 111 813 197 847; x_wconf 77' lang='lat' dir='ltr'>Deae,</span> <span class='ocrx_word' id='word_1_218' title='bbox 216 815 316 841; x_wconf 57' lang='lat' dir='ltr'>dietum</span> <span class='ocrx_word' id='word_1_219' title='bbox 334 821 348 839; x_wconf 87' lang='lat' dir='ltr'>a</span> <span class='ocrx_word' id='word_1_220' title='bbox 360 811 557 841; x_wconf 80' lang='lat' dir='ltr'>contrarietate,</span> <span class='ocrx_word' id='word_1_221' title='bbox 579 810 649 845; x_wconf 86' lang='lat' dir='ltr'>quod</span> <span class='ocrx_word' id='word_1_222' title='bbox 663 811 775 836; x_wconf 88' lang='lat' dir='ltr'>minime</span> <span class='ocrx_word' id='word_1_223' title='bbox 789 811 848 836; x_wconf 79' lang='lat' dir='ltr'>ess&#39;et</span> <span class='ocrx_word' id='word_1_224' title='bbox 869 808 993 843; x_wconf 70' lang='grc' dir='ltr'>δημόσιον,</span> <span class='ocrx_word' id='word_1_225' title='bbox 1011 812 1036 837; x_wconf 87' lang='lat' dir='ltr'>id</span> <span class='ocrx_word' id='word_1_226' title='bbox 1051 811 1085 837; x_wconf 83' lang='lat' dir='ltr'>ess</span> <span class='ocrx_word' id='word_1_227' title='bbox 1100 821 1147 845; x_wconf 92' lang='lat' dir='ltr'>pu-</span> 
     </span>
     <span class='ocr_line' id='line_1_19' title="bbox 110 846 1147 882; baseline -0.003 -7"><span class='ocrx_word' id='word_1_228' title='bbox 110 848 220 876; x_wconf 91' lang='lat' dir='ltr'>blicum.</span> <span class='ocrx_word' id='word_1_229' title='bbox 257 851 309 876; x_wconf 91' lang='lat' dir='ltr'>Dea</span> <span class='ocrx_word' id='word_1_230' title='bbox 321 855 427 882; x_wconf 88' lang='lat' dir='ltr'>quoque</span> <span class='ocrx_word' id='word_1_231' title='bbox 439 846 492 880; x_wconf 90' lang='lat' dir='ltr'>ipsa</span> <span class='ocrx_word' id='word_1_232' title='bbox 507 846 601 873; x_wconf 90' lang='lat' dir='ltr'>Damia</span> <span class='ocrx_word' id='word_1_233' title='bbox 614 852 641 872; x_wconf 87' lang='lat' dir='ltr'>et</span> <span class='ocrx_word' id='word_1_234' title='bbox 660 846 776 872; x_wconf 74' lang='lat' dir='ltr'>sacerdos</span> <span class='ocrx_word' id='word_1_235' title='bbox 789 846 845 872; x_wconf 88' lang='lat' dir='ltr'>eius</span> <span class='ocrx_word' id='word_1_236' title='bbox 858 846 963 872; x_wconf 78' lang='lat' dir='ltr'>Damias</span> <span class='ocrx_word' id='word_1_237' title='bbox 978 847 1064 880; x_wconf 75' lang='lat' dir='ltr'>(Scal.</span> <span class='ocrx_word' id='word_1_238' title='bbox 1077 846 1147 880; x_wconf 72' lang='lat' dir='ltr'>msti-</span> 
     </span>
     <span class='ocr_line' id='line_1_20' title="bbox 108 881 1147 916; baseline -0.001 -6"><span class='ocrx_word' id='word_1_239' title='bbox 108 888 159 911; x_wconf 85' lang='lat' dir='ltr'>tuit</span> <span class='ocrx_word' id='word_1_240' title='bbox 179 885 340 915; x_wconf 82' lang='lat' dir='ltr'>Damiatrix)</span> <span class='ocrx_word' id='word_1_241' title='bbox 358 881 547 916; x_wconf 78' lang='lat' dir='ltr'>appellabatur.</span> <span class='ocrx_word' id='word_1_242' title='bbox 605 882 673 907; x_wconf 74' lang='lat' dir='ltr'>Hace</span> <span class='ocrx_word' id='word_1_243' title='bbox 690 881 792 908; x_wconf 81' lang='lat' dir='ltr'>Paullus</span> <span class='ocrx_word' id='word_1_244' title='bbox 809 881 875 916; x_wconf 77' lang='lat' dir='ltr'>apud</span> <span class='ocrx_word' id='word_1_245' title='bbox 896 882 1005 908; x_wconf 80' lang='lat' dir='ltr'>Festum.</span> <span class='ocrx_word' id='word_1_246' title='bbox 1029 882 1076 909; x_wconf 66' lang='lat' dir='ltr'>Sed</span> <span class='ocrx_word' id='word_1_247' title='bbox 1088 892 1147 909; x_wconf 73' lang='lat' dir='ltr'>ocra</span> 
     </span>
    </p>
   </div>
   <div class='ocr_carea' id='block_1_8' title="bbox 108 913 1192 957">
    <p class='ocr_par' dir='ltr' id='par_1_9' title="bbox 108 913 1192 957">
     <span class='ocr_line' id='line_1_21' title="bbox 108 913 1192 957; baseline -0.002 -11"><span class='ocrx_word' id='word_1_248' title='bbox 108 924 218 946; x_wconf 78' lang='lat' dir='ltr'>nominis</span> <span class='ocrx_word' id='word_1_249' title='bbox 232 922 296 947; x_wconf 85' lang='lat' dir='ltr'>ratio</span> <span class='ocrx_word' id='word_1_250' title='bbox 308 916 350 950; x_wconf 73' lang='lat' dir='ltr'>est,</span> <span class='ocrx_word' id='word_1_251' title='bbox 370 920 427 952; x_wconf 76' lang='lat' dir='ltr'>quia</span> <span class='ocrx_word' id='word_1_252' title='bbox 434 916 514 952; x_wconf 74' lang='lat' dir='ltr'>fiebat</span> <span class='ocrx_word' id='word_1_253' title='bbox 521 924 570 951; x_wconf 85' lang='lat' dir='ltr'>pro</span> <span class='ocrx_word' id='word_1_254' title='bbox 588 913 668 951; x_wconf 69' lang='grc' dir='ltr'>δήμῳ,</span> <span class='ocrx_word' id='word_1_255' title='bbox 689 915 758 957; x_wconf 50' lang='lat' dir='ltr'>&amp;qiua</span> <span class='ocrx_word' id='word_1_256' title='bbox 771 916 825 950; x_wconf 82' lang='lat' dir='ltr'>flue</span> <span class='ocrx_word' id='word_1_257' title='bbox 834 918 934 952; x_wconf 82' lang='lat' dir='ltr'>populo.</span> <span class='ocrx_word' id='word_1_258' title='bbox 977 917 1045 943; x_wconf 69' lang='lat' dir='ltr'>Vnde</span> <span class='ocrx_word' id='word_1_259' title='bbox 1059 918 1087 943; x_wconf 70' lang='lat' dir='ltr'>de</span> <span class='ocrx_word' id='word_1_260' title='bbox 1101 919 1145 944; x_wconf 83' lang='lat' dir='ltr'>hoc</span> <span class='ocrx_word' id='word_1_261' title='bbox 1157 927 1192 946; x_wconf 86' lang='lat'>20</span> 
     </span>
    </p>
   </div>
   <div class='ocr_carea' id='block_1_9' title="bbox 103 953 1148 1094">
    <p class='ocr_par' dir='ltr' id='par_1_10' title="bbox 103 953 1148 1094">
     <span class='ocr_line' id='line_1_22' title="bbox 103 953 1146 1017; baseline -0.004 -34"><span class='ocrx_word' id='word_1_262' title='bbox 103 955 230 1017; x_wconf 39' lang='lat' dir='ltr'>{teri-&#39;ficio</span> <span class='ocrx_word' id='word_1_263' title='bbox 249 956 338 981; x_wconf 79' lang='lat' dir='ltr'>quen.</span> <span class='ocrx_word' id='word_1_264' title='bbox 355 953 405 978; x_wconf 85' lang='lat' dir='ltr'>Sat.</span> <span class='ocrx_word' id='word_1_265' title='bbox 420 961 446 985; x_wconf 87' lang='lat'>9,</span> <span class='ocrx_word' id='word_1_266' title='bbox 462 960 503 986; x_wconf 87' lang='lat'>117</span> <span class='ocrx_word' id='word_1_267' title='bbox 520 953 570 978; x_wconf 89' lang='lat' dir='ltr'>Pro</span> <span class='ocrx_word' id='word_1_268' title='bbox 584 953 684 987; x_wconf 87' lang='lat' dir='ltr'>populo</span> <span class='ocrx_word' id='word_1_269' title='bbox 699 955 814 984; x_wconf 81' lang='lat' dir='ltr'>taciens,</span> <span class='ocrx_word' id='word_1_270' title='bbox 835 958 960 986; x_wconf 88' lang='lat' dir='ltr'>quantum</span> <span class='ocrx_word' id='word_1_271' title='bbox 975 953 1093 979; x_wconf 82' lang='lat' dir='ltr'>Laufella</span> <span class='ocrx_word' id='word_1_272' title='bbox 1107 953 1146 979; x_wconf 87' lang='lat' dir='ltr'>bi-</span> 
     </span>
     <span class='ocr_line' id='line_1_23' title="bbox 128 987 1147 1024; baseline -0.003 -6"><span class='ocrx_word' id='word_1_273' title='bbox 128 991 195 1018; x_wconf 82' lang='lat' dir='ltr'>ebat.</span> <span class='ocrx_word' id='word_1_274' title='bbox 255 988 311 1016; x_wconf 84' lang='lat' dir='ltr'>Vid.</span> <span class='ocrx_word' id='word_1_275' title='bbox 327 989 406 1024; x_wconf 76' lang='lat' dir='ltr'>Supra</span> <span class='ocrx_word' id='word_1_276' title='bbox 420 988 492 1015; x_wconf 88' lang='lat' dir='ltr'>Bona</span> <span class='ocrx_word' id='word_1_277' title='bbox 505 988 560 1014; x_wconf 85' lang='lat' dir='ltr'>Dea</span> <span class='ocrx_word' id='word_1_278' title='bbox 573 990 601 1014; x_wconf 85' lang='lat' dir='ltr'>in</span> <span class='ocrx_word' id='word_1_279' title='bbox 624 994 668 1014; x_wconf 88' lang='grc' dir='ltr'>ΒΟ</span> <span class='ocrx_word' id='word_1_280' title='bbox 678 995 699 1014; x_wconf 81' lang='lat' dir='ltr'>N</span> <span class='ocrx_word' id='word_1_281' title='bbox 709 994 730 1013; x_wconf 88' lang='lat' dir='ltr'>V</span> <span class='ocrx_word' id='word_1_282' title='bbox 739 995 761 1015; x_wconf 86' lang='lat' dir='ltr'>s.</span> <span class='ocrx_word' id='word_1_283' title='bbox 793 994 817 1014; x_wconf 80' lang='lat' dir='ltr'>ec</span> <span class='ocrx_word' id='word_1_284' title='bbox 835 987 893 1014; x_wconf 79' lang='lat' dir='ltr'>add.</span> <span class='ocrx_word' id='word_1_285' title='bbox 907 988 987 1014; x_wconf 72' lang='lat' dir='ltr'>Pauli.</span> <span class='ocrx_word' id='word_1_286' title='bbox 1007 990 1105 1015; x_wconf 64' lang='lat' dir='ltr'>Merula</span> <span class='ocrx_word' id='word_1_287' title='bbox 1118 988 1147 1015; x_wconf 79' lang='lat' dir='ltr'>de</span> 
     </span>
     <span class='ocr_line' id='line_1_24' title="bbox 109 1025 1148 1094; baseline -0.001 -8"><span class='ocrx_word' id='word_1_288' title='bbox 109 1025 323 1090; x_wconf 44' lang='grc' dir='ltr'>ςαὲἕῖἕιιῖηῗῦῖ,</span> <span class='ocrx_word' id='word_1_289' title='bbox 335 1067 421 1084; x_wconf 88' lang='lat' dir='ltr'>orum.</span> <span class='ocrx_word' id='word_1_290' title='bbox 435 1067 470 1084; x_wconf 89' lang='lat' dir='ltr'>m.</span> <span class='ocrx_word' id='word_1_291' title='bbox 491 1055 643 1093; x_wconf 70' lang='grc' dir='ltr'>[δημιέργαι]</span> <span class='ocrx_word' id='word_1_292' title='bbox 664 1057 740 1093; x_wconf 81' lang='lat' dir='ltr'>Apud</span> <span class='ocrx_word' id='word_1_293' title='bbox 753 1058 887 1093; x_wconf 79' lang='lat' dir='ltr'><em>Dorienses</em></span> <span class='ocrx_word' id='word_1_294' title='bbox 899 1065 1031 1090; x_wconf 77' lang='lat' dir='ltr'>vocantur,</span> <span class='ocrx_word' id='word_1_295' title='bbox 1045 1062 1088 1094; x_wconf 86' lang='lat' dir='ltr'>qui</span> <span class='ocrx_word' id='word_1_296' title='bbox 1100 1066 1148 1094; x_wconf 80' lang='lat' dir='ltr'>pu-</span> 
     </span>
    </p>
   </div>
   <div class='ocr_carea' id='block_1_10' title="bbox 108 1092 1364 1134">
    <p class='ocr_par' dir='ltr' id='par_1_11' title="bbox 108 1092 1364 1134">
     <span class='ocr_line' id='line_1_25' title="bbox 108 1092 1364 1134; baseline -0.001 -11"><span class='ocrx_word' id='word_1_297' title='bbox 108 1097 276 1134; x_wconf 61' lang='lat' dir='ltr'>blica31egotia</span> <span class='ocrx_word' id='word_1_298' title='bbox 283 1103 368 1129; x_wconf 80' lang='lat' dir='ltr'>resque</span> <span class='ocrx_word' id='word_1_299' title='bbox 380 1092 689 1126; x_wconf 77' lang='lat' dir='ltr'>ciuitatisadministrant,</span> <span class='ocrx_word' id='word_1_300' title='bbox 698 1096 742 1129; x_wconf 80' lang='lat' dir='ltr'>qui</span> <span class='ocrx_word' id='word_1_301' title='bbox 749 1092 845 1127; x_wconf 76' lang='lat' dir='ltr'>similes</span> <span class='ocrx_word' id='word_1_302' title='bbox 854 1093 916 1133; x_wconf 70' lang='lat' dir='ltr'>ficut</span> <span class='ocrx_word' id='word_1_303' title='bbox 929 1097 971 1126; x_wconf 78' lang='lat' dir='ltr'>iis,</span> <span class='ocrx_word' id='word_1_304' title='bbox 980 1098 1021 1129; x_wconf 83' lang='lat' dir='ltr'>qui</span> <span class='ocrx_word' id='word_1_305' title='bbox 1034 1096 1063 1120; x_wconf 85' lang='lat' dir='ltr'>ab</span> <span class='ocrx_word' id='word_1_306' title='bbox 1070 1096 1148 1121; x_wconf 80' lang='lat' dir='ltr'>Athe·</span> <span class='ocrx_word' id='word_1_307' title='bbox 1167 1101 1198 1128; x_wconf 82' lang='lat'>25</span> <span class='ocrx_word' id='word_1_308' title='bbox 1217 1096 1276 1122; x_wconf 62' lang='lat' dir='ltr'>Aet.</span> <span class='ocrx_word' id='word_1_309' title='bbox 1290 1105 1310 1128; x_wconf 82' lang='lat'>1,</span> <span class='ocrx_word' id='word_1_310' title='bbox 1325 1105 1364 1129; x_wconf 89' lang='grc'>39.</span> 
     </span>
    </p>
   </div>
   <div class='ocr_carea' id='block_1_11' title="bbox 83 1127 1149 1623">
    <p class='ocr_par' dir='ltr' id='par_1_12' title="bbox 107 1127 1149 1306">
     <span class='ocr_line' id='line_1_26' title="bbox 108 1127 1147 1164; baseline -0.001 -7"><span class='ocrx_word' id='word_1_311' title='bbox 108 1131 226 1164; x_wconf 70' lang='lat' dir='ltr'>mensibus</span> <span class='ocrx_word' id='word_1_312' title='bbox 245 1128 386 1156; x_wconf 82' lang='lat' dir='ltr'>Demarchi</span> <span class='ocrx_word' id='word_1_313' title='bbox 399 1136 536 1161; x_wconf 83' lang='lat' dir='ltr'>vocantur,</span> <span class='ocrx_word' id='word_1_314' title='bbox 561 1129 590 1155; x_wconf 88' lang='lat' dir='ltr'>id</span> <span class='ocrx_word' id='word_1_315' title='bbox 609 1127 642 1162; x_wconf 67' lang='lat' dir='ltr'>2st</span> <span class='ocrx_word' id='word_1_316' title='bbox 660 1130 765 1155; x_wconf 82' lang='lat' dir='ltr'>tribuni.</span> <span class='ocrx_word' id='word_1_317' title='bbox 836 1129 929 1155; x_wconf 78' lang='lat' dir='ltr'>Limus</span> <span class='ocrx_word' id='word_1_318' title='bbox 945 1135 980 1161; x_wconf 76' lang='lat'>38,</span> <span class='ocrx_word' id='word_1_319' title='bbox 994 1138 1026 1161; x_wconf 87' lang='grc'>30</span> <span class='ocrx_word' id='word_1_320' title='bbox 1059 1130 1088 1156; x_wconf 84' lang='lat' dir='ltr'>Et</span> <span class='ocrx_word' id='word_1_321' title='bbox 1101 1130 1147 1156; x_wconf 90' lang='lat' dir='ltr'>sub</span> 
     </span>
     <span class='ocr_line' id='line_1_27' title="bbox 108 1164 1148 1200; baseline -0.002 -8"><span class='ocrx_word' id='word_1_322' title='bbox 108 1166 249 1193; x_wconf 86' lang='lat' dir='ltr'>aduentum</span> <span class='ocrx_word' id='word_1_323' title='bbox 261 1165 373 1191; x_wconf 84' lang='lat' dir='ltr'>consulis</span> <span class='ocrx_word' id='word_1_324' title='bbox 385 1164 535 1199; x_wconf 82' lang='lat' dir='ltr'>Damiurgis</span> <span class='ocrx_word' id='word_1_325' title='bbox 550 1165 703 1195; x_wconf 83' lang='lat' dir='ltr'>ciuitatum,</span> <span class='ocrx_word' id='word_1_326' title='bbox 724 1165 772 1199; x_wconf 90' lang='lat' dir='ltr'>qui</span> <span class='ocrx_word' id='word_1_327' title='bbox 790 1165 906 1190; x_wconf 85' lang='lat' dir='ltr'>summus</span> <span class='ocrx_word' id='word_1_328' title='bbox 920 1165 955 1190; x_wconf 87' lang='lat' dir='ltr'>est</span> <span class='ocrx_word' id='word_1_329' title='bbox 973 1166 1148 1200; x_wconf 80' lang='lat' dir='ltr'>magistratus,</span> 
     </span>
     <span class='ocr_line' id='line_1_28' title="bbox 107 1198 1149 1236; baseline 0 -9"><span class='ocrx_word' id='word_1_330' title='bbox 107 1209 152 1228; x_wconf 83' lang='lat' dir='ltr'>etc.</span> <span class='ocrx_word' id='word_1_331' title='bbox 187 1202 225 1227; x_wconf 85' lang='lat' dir='ltr'>De</span> <span class='ocrx_word' id='word_1_332' title='bbox 244 1199 420 1235; x_wconf 67' lang='lat' dir='ltr'>Peloponnesiis</span> <span class='ocrx_word' id='word_1_333' title='bbox 439 1202 564 1235; x_wconf 79' lang='lat' dir='ltr'>quuitur,</span> <span class='ocrx_word' id='word_1_334' title='bbox 593 1210 638 1236; x_wconf 81' lang='lat' dir='ltr'>quo</span> <span class='ocrx_word' id='word_1_335' title='bbox 653 1198 756 1236; x_wconf 57' lang='lat' dir='ltr'>fabium</span> <span class='ocrx_word' id='word_1_336' title='bbox 774 1198 817 1233; x_wconf 76' lang='lat' dir='ltr'>est,</span> <span class='ocrx_word' id='word_1_337' title='bbox 831 1206 861 1226; x_wconf 84' lang='lat' dir='ltr'>vt</span> <span class='ocrx_word' id='word_1_338' title='bbox 879 1200 1036 1234; x_wconf 84' lang='lat' dir='ltr'>Damiurgos</span> <span class='ocrx_word' id='word_1_339' title='bbox 1058 1203 1149 1227; x_wconf 82' lang='lat' dir='ltr'>Dorice</span> 
     </span>
     <span class='ocr_line' id='line_1_29' title="bbox 107 1233 1148 1272; baseline 0 -10"><span class='ocrx_word' id='word_1_340' title='bbox 107 1236 216 1268; x_wconf 77' lang='lat' dir='ltr'>dixerit,</span> <span class='ocrx_word' id='word_1_341' title='bbox 243 1243 292 1270; x_wconf 80' lang='lat' dir='ltr'>pro</span> <span class='ocrx_word' id='word_1_342' title='bbox 311 1245 356 1270; x_wconf 87' lang='lat' dir='ltr'>quo</span> <span class='ocrx_word' id='word_1_343' title='bbox 374 1237 420 1261; x_wconf 84' lang='lat' dir='ltr'>aiii</span> <span class='ocrx_word' id='word_1_344' title='bbox 439 1235 611 1270; x_wconf 77' lang='lat' dir='ltr'>Demiurgus:</span> <span class='ocrx_word' id='word_1_345' title='bbox 640 1233 811 1271; x_wconf 69' lang='grc' dir='ltr'>ἐπιδημιέργες</span> <span class='ocrx_word' id='word_1_346' title='bbox 830 1236 937 1272; x_wconf 77' lang='lat' dir='ltr'>appellat</span> <span class='ocrx_word' id='word_1_347' title='bbox 954 1236 1112 1271; x_wconf 74' lang='lat' dir='ltr'>Thucydides</span> <span class='ocrx_word' id='word_1_348' title='bbox 1126 1247 1148 1263; x_wconf 89' lang='lat'>1.</span> 
     </span>
     <span class='ocr_line' id='line_1_30' title="bbox 111 1271 465 1306; baseline -0.008 -7"><span class='ocrx_word' id='word_1_349' title='bbox 111 1271 239 1300; x_wconf 73' lang='lat' dir='ltr'><em>Turnebus</em></span> <span class='ocrx_word' id='word_1_350' title='bbox 251 1271 357 1306; x_wconf 61' lang='lat' dir='ltr'>Aduers.</span> <span class='ocrx_word' id='word_1_351' title='bbox 380 1280 419 1304; x_wconf 85' lang='lat'>14,</span> <span class='ocrx_word' id='word_1_352' title='bbox 434 1279 465 1297; x_wconf 91' lang='lat'>11.</span> 
     </span>
    </p>

    <p class='ocr_par' dir='ltr' id='par_1_13' title="bbox 107 1305 1149 1414">
     <span class='ocr_line' id='line_1_31' title="bbox 145 1305 1149 1342; baseline 0 -9"><span class='ocrx_word' id='word_1_353' title='bbox 145 1314 259 1334; x_wconf 81' lang='lat' dir='ltr'><strong>DAMM</strong></span> <span class='ocrx_word' id='word_1_354' title='bbox 269 1314 318 1333; x_wconf 82' lang='grc' dir='ltr'>ΑΝ</span> <span class='ocrx_word' id='word_1_355' title='bbox 332 1315 338 1333; x_wconf 90' lang='grc'>1</span> <span class='ocrx_word' id='word_1_356' title='bbox 351 1314 401 1333; x_wconf 83' lang='lat' dir='ltr'>TA</span> <span class='ocrx_word' id='word_1_357' title='bbox 411 1314 430 1333; x_wconf 85' lang='lat' dir='ltr'>N</span> <span class='ocrx_word' id='word_1_358' title='bbox 442 1314 467 1338; x_wconf 90' lang='lat'>1,</span> <span class='ocrx_word' id='word_1_359' title='bbox 492 1315 579 1333; x_wconf 90' lang='lat' dir='ltr'>orum.</span> <span class='ocrx_word' id='word_1_360' title='bbox 606 1315 641 1332; x_wconf 90' lang='grc'>111.</span> <span class='ocrx_word' id='word_1_361' title='bbox 679 1305 822 1339; x_wconf 80' lang='lat' dir='ltr'>Hispaniae</span> <span class='ocrx_word' id='word_1_362' title='bbox 841 1305 974 1333; x_wconf 84' lang='lat' dir='ltr'>citerioris</span> <span class='ocrx_word' id='word_1_363' title='bbox 995 1307 1101 1342; x_wconf 89' lang='lat' dir='ltr'>populi,</span> <span class='ocrx_word' id='word_1_364' title='bbox 1120 1307 1149 1334; x_wconf 88' lang='lat' dir='ltr'>in</span> 
     </span>
     <span class='ocr_line' id='line_1_32' title="bbox 107 1341 1148 1376; baseline -0.001 -7"><span class='ocrx_word' id='word_1_365' title='bbox 107 1349 238 1369; x_wconf 84' lang='lat' dir='ltr'>conuentu</span> <span class='ocrx_word' id='word_1_366' title='bbox 252 1342 506 1376; x_wconf 84' lang='lat' dir='ltr'>Caesaraugustano,</span> <span class='ocrx_word' id='word_1_367' title='bbox 527 1343 597 1368; x_wconf 83' lang='lat' dir='ltr'>inter</span> <span class='ocrx_word' id='word_1_368' title='bbox 611 1341 795 1376; x_wconf 84' lang='lat' dir='ltr'>stipendiarios</span> <span class='ocrx_word' id='word_1_369' title='bbox 815 1350 830 1367; x_wconf 86' lang='lat' dir='ltr'>a</span> <span class='ocrx_word' id='word_1_370' title='bbox 850 1341 937 1368; x_wconf 87' lang='lat' dir='ltr'>Plinio</span> <span class='ocrx_word' id='word_1_371' title='bbox 952 1346 1076 1369; x_wconf 83' lang='lat' dir='ltr'>numerati</span> <span class='ocrx_word' id='word_1_372' title='bbox 1090 1352 1115 1375; x_wconf 77' lang='lat'>3,</span> <span class='ocrx_word' id='word_1_373' title='bbox 1132 1353 1148 1376; x_wconf 79' lang='lat'><em>3</em></span> 
     </span>
     <span class='ocr_line' id='line_1_33' title="bbox 108 1376 901 1414; baseline -0.003 -10"><span class='ocrx_word' id='word_1_374' title='bbox 108 1378 236 1405; x_wconf 81' lang='lat' dir='ltr'>Harduin.</span> <span class='ocrx_word' id='word_1_375' title='bbox 251 1379 312 1414; x_wconf 74' lang='lat' dir='ltr'>legit</span> <span class='ocrx_word' id='word_1_376' title='bbox 323 1377 434 1413; x_wconf 72' lang='lat' dir='ltr'>simplici</span> <span class='ocrx_word' id='word_1_377' title='bbox 453 1385 478 1404; x_wconf 90' lang='lat' dir='ltr'>M</span> <span class='ocrx_word' id='word_1_378' title='bbox 495 1379 538 1404; x_wconf 89' lang='lat' dir='ltr'>Al.</span> <span class='ocrx_word' id='word_1_379' title='bbox 558 1378 610 1403; x_wconf 86' lang='lat' dir='ltr'>cod.</span> <span class='ocrx_word' id='word_1_380' title='bbox 625 1378 714 1403; x_wconf 72' lang='lat' dir='ltr'>habent</span> <span class='ocrx_word' id='word_1_381' title='bbox 728 1376 901 1403; x_wconf 89' lang='lat' dir='ltr'>Daminitani.</span> 
     </span>
    </p>

    <p class='ocr_par' dir='ltr' id='par_1_14' title="bbox 98 1411 1006 1446">
     <span class='ocr_line' id='line_1_34' title="bbox 98 1411 1006 1446; baseline -0.002 -6"><span class='ocrx_word' id='word_1_382' title='bbox 98 1419 99 1422; x_wconf 79' lang='grc'>’</span> <span class='ocrx_word' id='word_1_383' title='bbox 143 1420 162 1440; x_wconf 92' lang='lat' dir='ltr'>D</span> <span class='ocrx_word' id='word_1_384' title='bbox 172 1420 227 1440; x_wconf 83' lang='lat' dir='ltr'>AM</span> <span class='ocrx_word' id='word_1_385' title='bbox 238 1421 259 1440; x_wconf 86' lang='lat' dir='ltr'>N</span> <span class='ocrx_word' id='word_1_386' title='bbox 269 1421 290 1440; x_wconf 78' lang='grc' dir='ltr'>Α</span> <span class='ocrx_word' id='word_1_387' title='bbox 301 1421 320 1439; x_wconf 85' lang='grc' dir='ltr'>Ν</span> <span class='ocrx_word' id='word_1_388' title='bbox 332 1421 348 1440; x_wconf 83' lang='lat' dir='ltr'>E</span> <span class='ocrx_word' id='word_1_389' title='bbox 358 1421 378 1439; x_wconf 89' lang='lat' dir='ltr'>V</span> <span class='ocrx_word' id='word_1_390' title='bbox 387 1421 399 1440; x_wconf 85' lang='lat' dir='ltr'>S</span> <span class='ocrx_word' id='word_1_391' title='bbox 409 1433 417 1445; x_wconf 93' lang='lat'>,</span> <span class='ocrx_word' id='word_1_392' title='bbox 434 1413 452 1439; x_wconf 87' lang='lat' dir='ltr'>i.</span> <span class='ocrx_word' id='word_1_393' title='bbox 478 1422 512 1438; x_wconf 91' lang='lat'>111.</span> <span class='ocrx_word' id='word_1_394' title='bbox 555 1414 624 1439; x_wconf 82' lang='lat' dir='ltr'>Vnus</span> <span class='ocrx_word' id='word_1_395' title='bbox 643 1422 672 1438; x_wconf 79' lang='lat' dir='ltr'>cx</span> <span class='ocrx_word' id='word_1_396' title='bbox 685 1412 769 1439; x_wconf 72' lang='lat' dir='ltr'>Idaeis</span> <span class='ocrx_word' id='word_1_397' title='bbox 785 1411 918 1446; x_wconf 69' lang='lat' dir='ltr'>DaHylis,</span> <span class='ocrx_word' id='word_1_398' title='bbox 936 1422 961 1439; x_wconf 82' lang='lat' dir='ltr'>v.</span> <span class='ocrx_word' id='word_1_399' title='bbox 981 1422 1006 1439; x_wconf 81' lang='grc' dir='ltr'>υ.</span> 
     </span>
    </p>

    <p class='ocr_par' dir='ltr' id='par_1_15' title="bbox 83 1446 1149 1623">
     <span class='ocr_line' id='line_1_35' title="bbox 145 1446 1147 1483; baseline 0 -8"><span class='ocrx_word' id='word_1_400' title='bbox 145 1456 164 1476; x_wconf 92' lang='lat' dir='ltr'>D</span> <span class='ocrx_word' id='word_1_401' title='bbox 174 1456 195 1476; x_wconf 83' lang='lat' dir='ltr'><strong>A</strong></span> <span class='ocrx_word' id='word_1_402' title='bbox 204 1456 228 1474; x_wconf 85' lang='lat' dir='ltr'>M</span> <span class='ocrx_word' id='word_1_403' title='bbox 238 1457 258 1475; x_wconf 80' lang='grc' dir='ltr'><strong>Ν</strong></span> <span class='ocrx_word' id='word_1_404' title='bbox 268 1456 289 1475; x_wconf 91' lang='lat' dir='ltr'>V</span> <span class='ocrx_word' id='word_1_405' title='bbox 298 1456 323 1475; x_wconf 90' lang='lat' dir='ltr'><em>M</em></span> <span class='ocrx_word' id='word_1_406' title='bbox 332 1469 340 1482; x_wconf 89' lang='lat'>,</span> <span class='ocrx_word' id='word_1_407' title='bbox 367 1449 384 1475; x_wconf 87' lang='lat' dir='ltr'>i.</span> <span class='ocrx_word' id='word_1_408' title='bbox 400 1458 425 1475; x_wconf 91' lang='lat' dir='ltr'>n.</span> <span class='ocrx_word' id='word_1_409' title='bbox 462 1448 575 1483; x_wconf 55' lang='grc' dir='ltr'>[ξηαπ-κ,</span> <span class='ocrx_word' id='word_1_410' title='bbox 595 1446 701 1481; x_wconf 35' lang='lat' dir='ltr'>finden]</span> <span class='ocrx_word' id='word_1_411' title='bbox 738 1450 936 1479; x_wconf 77' lang='lat' dir='ltr'>Detrimentum,</span> <span class='ocrx_word' id='word_1_412' title='bbox 958 1447 1070 1475; x_wconf 70' lang='lat' dir='ltr'>IaHura.</span> <span class='ocrx_word' id='word_1_413' title='bbox 1106 1450 1147 1475; x_wconf 87' lang='lat' dir='ltr'>Iu-</span> 
     </span>
     <span class='ocr_line' id='line_1_36' title="bbox 83 1483 1149 1517; baseline -0.002 -6"><span class='ocrx_word' id='word_1_414' title='bbox 83 1492 87 1496; x_wconf 62' lang='lat'><em>*</em></span> <span class='ocrx_word' id='word_1_415' title='bbox 106 1484 214 1512; x_wconf 83' lang='lat' dir='ltr'>riscons.</span> <span class='ocrx_word' id='word_1_416' title='bbox 230 1485 258 1511; x_wconf 91' lang='lat' dir='ltr'>in</span> <span class='ocrx_word' id='word_1_417' title='bbox 272 1485 288 1511; x_wconf 95' lang='lat' dir='ltr'>l.</span> <span class='ocrx_word' id='word_1_418' title='bbox 303 1494 314 1517; x_wconf 82' lang='lat'>3</span> <span class='ocrx_word' id='word_1_419' title='bbox 337 1485 368 1511; x_wconf 90' lang='lat' dir='ltr'>D.</span> <span class='ocrx_word' id='word_1_420' title='bbox 381 1484 414 1511; x_wconf 87' lang='lat' dir='ltr'>de</span> <span class='ocrx_word' id='word_1_421' title='bbox 426 1484 513 1510; x_wconf 85' lang='lat' dir='ltr'>damn.</span> <span class='ocrx_word' id='word_1_422' title='bbox 529 1483 621 1510; x_wconf 65' lang='lat' dir='ltr'>infe&amp;-</span> <span class='ocrx_word' id='word_1_423' title='bbox 641 1484 773 1510; x_wconf 85' lang='lat' dir='ltr'>Damnum</span> <span class='ocrx_word' id='word_1_424' title='bbox 787 1488 812 1509; x_wconf 89' lang='lat' dir='ltr'>et</span> <span class='ocrx_word' id='word_1_425' title='bbox 824 1483 959 1510; x_wconf 83' lang='lat' dir='ltr'>damnatio</span> <span class='ocrx_word' id='word_1_426' title='bbox 979 1493 994 1510; x_wconf 90' lang='lat' dir='ltr'>a</span> <span class='ocrx_word' id='word_1_427' title='bbox 1014 1484 1149 1510; x_wconf 86' lang='lat' dir='ltr'>demtione</span> 
     </span>
     <span class='ocr_line' id='line_1_37' title="bbox 108 1518 1149 1555; baseline -0.001 -9"><span class='ocrx_word' id='word_1_428' title='bbox 108 1526 134 1546; x_wconf 88' lang='lat' dir='ltr'>et</span> <span class='ocrx_word' id='word_1_429' title='bbox 151 1520 220 1555; x_wconf 74' lang='lat' dir='ltr'>quasi</span> <span class='ocrx_word' id='word_1_430' title='bbox 234 1520 412 1547; x_wconf 81' lang='lat' dir='ltr'>diminutione</span> <span class='ocrx_word' id='word_1_431' title='bbox 425 1520 581 1554; x_wconf 78' lang='lat' dir='ltr'>patrimonii</span> <span class='ocrx_word' id='word_1_432' title='bbox 595 1518 665 1545; x_wconf 57' lang='lat' dir='ltr'>dieta</span> <span class='ocrx_word' id='word_1_433' title='bbox 681 1519 748 1545; x_wconf 89' lang='lat' dir='ltr'>sunt.</span> <span class='ocrx_word' id='word_1_434' title='bbox 785 1520 871 1546; x_wconf 84' lang='lat' dir='ltr'>Varro</span> <span class='ocrx_word' id='word_1_435' title='bbox 884 1520 914 1545; x_wconf 91' lang='lat' dir='ltr'>L.</span> <span class='ocrx_word' id='word_1_436' title='bbox 923 1520 986 1552; x_wconf 88' lang='lat' dir='ltr'>L.4,</span> <span class='ocrx_word' id='word_1_437' title='bbox 994 1522 1025 1551; x_wconf 88' lang='grc'>36</span> <span class='ocrx_word' id='word_1_438' title='bbox 1036 1529 1149 1554; x_wconf 85' lang='lat' dir='ltr'>p.41,24</span> 
     </span>
     <span class='ocr_line' id='line_1_38' title="bbox 108 1554 1149 1589; baseline -0.002 -7"><span class='ocrx_word' id='word_1_439' title='bbox 108 1554 240 1582; x_wconf 78' lang='lat' dir='ltr'>Damnum</span> <span class='ocrx_word' id='word_1_440' title='bbox 254 1565 268 1582; x_wconf 89' lang='lat' dir='ltr'>a</span> <span class='ocrx_word' id='word_1_441' title='bbox 289 1556 439 1588; x_wconf 87' lang='lat' dir='ltr'>demtione,</span> <span class='ocrx_word' id='word_1_442' title='bbox 461 1564 520 1581; x_wconf 87' lang='lat' dir='ltr'>cum</span> <span class='ocrx_word' id='word_1_443' title='bbox 541 1556 628 1581; x_wconf 88' lang='lat' dir='ltr'>minus</span> <span class='ocrx_word' id='word_1_444' title='bbox 648 1563 676 1580; x_wconf 87' lang='lat' dir='ltr'>re</span> <span class='ocrx_word' id='word_1_445' title='bbox 696 1554 812 1586; x_wconf 60' lang='lat' dir='ltr'>fao&#39;nun,</span> <span class='ocrx_word' id='word_1_446' title='bbox 837 1563 916 1588; x_wconf 88' lang='lat' dir='ltr'>quam</span> <span class='ocrx_word' id='word_1_447' title='bbox 932 1556 1024 1589; x_wconf 88' lang='lat' dir='ltr'>quanti</span> <span class='ocrx_word' id='word_1_448' title='bbox 1042 1555 1149 1581; x_wconf 87' lang='lat' dir='ltr'>constat.</span> 
     </span>
     <span class='ocr_line' id='line_1_39' title="bbox 107 1589 1149 1623; baseline -0.004 -5"><span class='ocrx_word' id='word_1_449' title='bbox 107 1592 240 1618; x_wconf 81' lang='lat' dir='ltr'>Damnum</span> <span class='ocrx_word' id='word_1_450' title='bbox 253 1591 288 1617; x_wconf 89' lang='lat' dir='ltr'>est</span> <span class='ocrx_word' id='word_1_451' title='bbox 301 1591 348 1617; x_wconf 79' lang='lat' dir='ltr'>niti</span> <span class='ocrx_word' id='word_1_452' title='bbox 361 1600 394 1617; x_wconf 88' lang='lat' dir='ltr'>eo</span> <span class='ocrx_word' id='word_1_453' title='bbox 407 1591 439 1617; x_wconf 90' lang='lat' dir='ltr'>ad</span> <span class='ocrx_word' id='word_1_454' title='bbox 451 1597 594 1617; x_wconf 79' lang='lat' dir='ltr'>mercatum</span> <span class='ocrx_word' id='word_1_455' title='bbox 607 1591 689 1616; x_wconf 91' lang='lat' dir='ltr'>venio</span> <span class='ocrx_word' id='word_1_456' title='bbox 710 1590 777 1616; x_wconf 86' lang='lat' dir='ltr'>Ter.</span> <span class='ocrx_word' id='word_1_457' title='bbox 788 1589 898 1623; x_wconf 86' lang='lat' dir='ltr'><strong>Adelph.</strong></span> <span class='ocrx_word' id='word_1_458' title='bbox 911 1598 936 1621; x_wconf 83' lang='lat'>2,</span> <span class='ocrx_word' id='word_1_459' title='bbox 950 1598 974 1618; x_wconf 87' lang='lat'>2,</span> <span class='ocrx_word' id='word_1_460' title='bbox 989 1598 1026 1621; x_wconf 75' lang='lat'>23.</span> <span class='ocrx_word' id='word_1_461' title='bbox 1074 1590 1149 1615; x_wconf 59' lang='lat' dir='ltr'>&lt;Cato</span> 
     </span>
    </p>
   </div>
   <div class='ocr_carea' id='block_1_12' title="bbox 1160 743 2081 785">
    <p class='ocr_par' dir='ltr' id='par_1_16' title="bbox 1160 743 2081 785">
     <span class='ocr_line' id='line_1_40' title="bbox 1160 743 2081 785; baseline 0.013 -19"><span class='ocrx_word' id='word_1_462' title='bbox 1160 752 1186 779; x_wconf 76' lang='lat'>¹5</span> <span class='ocrx_word' id='word_1_463' title='bbox 1215 743 1345 768; x_wconf 81' lang='lat' dir='ltr'>Damnare</span> <span class='ocrx_word' id='word_1_464' title='bbox 1357 751 1417 769; x_wconf 81' lang='lat' dir='ltr'>reos</span> <span class='ocrx_word' id='word_1_465' title='bbox 1431 750 1454 769; x_wconf 82' lang='lat' dir='ltr'>et</span> <span class='ocrx_word' id='word_1_466' title='bbox 1467 744 1623 779; x_wconf 84' lang='lat' dir='ltr'>Absoluerc,</span> <span class='ocrx_word' id='word_1_467' title='bbox 1642 755 1795 783; x_wconf 80' lang='lat' dir='ltr'>opponuntur</span> <span class='ocrx_word' id='word_1_468' title='bbox 1814 749 1895 777; x_wconf 91' lang='lat' dir='ltr'>Ouid.</span> <span class='ocrx_word' id='word_1_469' title='bbox 1909 751 1973 777; x_wconf 89' lang='lat' dir='ltr'>Met.</span> <span class='ocrx_word' id='word_1_470' title='bbox 1992 760 2026 783; x_wconf 78' lang='lat'>15,</span> <span class='ocrx_word' id='word_1_471' title='bbox 2041 760 2081 785; x_wconf 88' lang='lat'>41.</span> 
     </span>
    </p>
   </div>
   <div class='ocr_carea' id='block_1_13' title="bbox 1169 1273 1657 1310">
    <p class='ocr_par' dir='ltr' id='par_1_17' title="bbox 1169 1273 1657 1310">
     <span class='ocr_line' id='line_1_41' title="bbox 1169 1273 1657 1310; baseline 0.006 -11"><span class='ocrx_word' id='word_1_472' title='bbox 1169 1286 1201 1310; x_wconf 76' lang='lat'>30</span> <span class='ocrx_word' id='word_1_473' title='bbox 1218 1273 1343 1300; x_wconf 89' lang='lat' dir='ltr'>Sordium</span> <span class='ocrx_word' id='word_1_474' title='bbox 1365 1275 1432 1301; x_wconf 90' lang='lat' dir='ltr'>Plin.</span> <span class='ocrx_word' id='word_1_475' title='bbox 1445 1276 1523 1310; x_wconf 81' lang='lat' dir='ltr'>Epist.</span> <span class='ocrx_word' id='word_1_476' title='bbox 1538 1284 1564 1308; x_wconf 89' lang='lat'>2,</span> <span class='ocrx_word' id='word_1_477' title='bbox 1579 1285 1616 1308; x_wconf 88' lang='lat'>12,</span> <span class='ocrx_word' id='word_1_478' title='bbox 1628 1274 1657 1309; x_wconf 71' lang='lat'>4.</span> 
     </span>
    </p>
   </div>
   <div class='ocr_carea' id='block_1_14' title="bbox 1590 163 2247 210">
    <p class='ocr_par' dir='ltr' id='par_1_18' title="bbox 1590 163 2247 210">
     <span class='ocr_line' id='line_1_42' title="bbox 1590 163 2247 210; baseline 0.011 -7"><span class='ocrx_word' id='word_1_479' title='bbox 1590 163 1627 203; x_wconf 94' lang='lat' dir='ltr'>D</span> <span class='ocrx_word' id='word_1_480' title='bbox 1721 166 1760 206; x_wconf 88' lang='lat' dir='ltr'>A</span> <span class='ocrx_word' id='word_1_481' title='bbox 1850 168 1899 209; x_wconf 93' lang='lat' dir='ltr'>M</span> <span class='ocrx_word' id='word_1_482' title='bbox 2223 174 2247 210; x_wconf 93' lang='lat'><strong>6</strong></span> 
     </span>
    </p>
   </div>
   <div class='ocr_carea' id='block_1_15' title="bbox 1211 248 2245 323">
    <p class='ocr_par' dir='ltr' id='par_1_19' title="bbox 1211 248 2245 323">
     <span class='ocr_line' id='line_1_43' title="bbox 1247 248 2245 293; baseline 0.013 -19"><span class='ocrx_word' id='word_1_483' title='bbox 1247 253 1332 275; x_wconf 73' lang='grc' dir='ltr'>ΒΑΜ</span> <span class='ocrx_word' id='word_1_484' title='bbox 1343 248 1447 276; x_wconf 77' lang='lat' dir='ltr'>No&#39;sE.</span> <span class='ocrx_word' id='word_1_485' title='bbox 1484 251 1550 279; x_wconf 84' lang='lat' dir='ltr'>Adu.</span> <span class='ocrx_word' id='word_1_486' title='bbox 1585 250 1748 289; x_wconf 64' lang='grc' dir='ltr'>[βλαέιρῖῑς]</span> <span class='ocrx_word' id='word_1_487' title='bbox 1783 255 1913 282; x_wconf 83' lang='lat' dir='ltr'>Damnose</span> <span class='ocrx_word' id='word_1_488' title='bbox 1929 256 2021 285; x_wconf 83' lang='lat' dir='ltr'>bibere</span> <span class='ocrx_word' id='word_1_489' title='bbox 2041 259 2108 286; x_wconf 80' lang='lat' dir='ltr'>Hor.</span> <span class='ocrx_word' id='word_1_490' title='bbox 2124 259 2205 286; x_wconf 77' lang='lat' dir='ltr'>Serm.</span> <span class='ocrx_word' id='word_1_491' title='bbox 2221 270 2245 293; x_wconf 85' lang='lat'>2,</span> 
     </span>
     <span class='ocr_line' id='line_1_44' title="bbox 1211 285 1732 323; baseline 0.012 -15"><span class='ocrx_word' id='word_1_492' title='bbox 1211 288 1234 314; x_wconf 87' lang='lat'>8,</span> <span class='ocrx_word' id='word_1_493' title='bbox 1248 291 1289 316; x_wconf 87' lang='grc'>34.</span> <span class='ocrx_word' id='word_1_494' title='bbox 1314 286 1332 311; x_wconf 89' lang='lat' dir='ltr'>i.</span> <span class='ocrx_word' id='word_1_495' title='bbox 1346 293 1397 310; x_wconf 82' lang='lat' dir='ltr'>cum</span> <span class='ocrx_word' id='word_1_496' title='bbox 1409 285 1496 312; x_wconf 77' lang='lat' dir='ltr'>damno</span> <span class='ocrx_word' id='word_1_497' title='bbox 1510 289 1560 313; x_wconf 78' lang='lat' dir='ltr'>eius</span> <span class='ocrx_word' id='word_1_498' title='bbox 1573 291 1615 323; x_wconf 82' lang='lat' dir='ltr'>qui</span> <span class='ocrx_word' id='word_1_499' title='bbox 1627 290 1732 323; x_wconf 76' lang='lat' dir='ltr'>praebet.</span> 
     </span>
    </p>
   </div>
   <div class='ocr_carea' id='block_1_16' title="bbox 1213 319 2252 853">
    <p class='ocr_par' dir='ltr' id='par_1_20' title="bbox 1213 319 2252 853">
     <span class='ocr_line' id='line_1_45' title="bbox 1247 319 2247 367; baseline 0.013 -23"><span class='ocrx_word' id='word_1_500' title='bbox 1247 325 1265 344; x_wconf 88' lang='lat' dir='ltr'>D</span> <span class='ocrx_word' id='word_1_501' title='bbox 1276 326 1297 345; x_wconf 84' lang='grc' dir='ltr'>Α</span> <span class='ocrx_word' id='word_1_502' title='bbox 1307 325 1331 358; x_wconf 62' lang='lat' dir='ltr'>ht</span> <span class='ocrx_word' id='word_1_503' title='bbox 1341 325 1361 343; x_wconf 88' lang='lat' dir='ltr'>N</span> <span class='ocrx_word' id='word_1_504' title='bbox 1371 327 1379 345; x_wconf 95' lang='lat'>1</span> <span class='ocrx_word' id='word_1_505' title='bbox 1389 326 1405 346; x_wconf 81' lang='lat' dir='ltr'>F</span> <span class='ocrx_word' id='word_1_506' title='bbox 1415 319 1446 346; x_wconf 73' lang='lat' dir='ltr'>ic</span> <span class='ocrx_word' id='word_1_507' title='bbox 1456 328 1474 347; x_wconf 90' lang='lat' dir='ltr'>v</span> <span class='ocrx_word' id='word_1_508' title='bbox 1486 330 1508 353; x_wconf 82' lang='lat' dir='ltr'>s,</span> <span class='ocrx_word' id='word_1_509' title='bbox 1522 332 1543 352; x_wconf 83' lang='lat' dir='ltr'>a,</span> <span class='ocrx_word' id='word_1_510' title='bbox 1558 331 1612 349; x_wconf 88' lang='lat' dir='ltr'>um.</span> <span class='ocrx_word' id='word_1_511' title='bbox 1634 322 1694 350; x_wconf 81' lang='lat' dir='ltr'>Adi.</span> <span class='ocrx_word' id='word_1_512' title='bbox 1714 324 1829 360; x_wconf 70' lang='grc' dir='ltr'>[ζημιῶν]</span> <span class='ocrx_word' id='word_1_513' title='bbox 1849 327 1900 361; x_wconf 73' lang='lat' dir='ltr'>Qii</span> <span class='ocrx_word' id='word_1_514' title='bbox 1907 326 2142 362; x_wconf 72' lang='lat' dir='ltr'>facieu&#39;amuum‚i.</span> <span class='ocrx_word' id='word_1_515' title='bbox 2157 330 2247 367; x_wconf 78' lang='lat' dir='ltr'>insert.</span> 
     </span>
     <span class='ocr_line' id='line_1_46' title="bbox 1213 353 2106 397; baseline 0.015 -19"><span class='ocrx_word' id='word_1_516' title='bbox 1213 353 1293 380; x_wconf 86' lang='lat' dir='ltr'>Plaut.</span> <span class='ocrx_word' id='word_1_517' title='bbox 1302 354 1365 380; x_wconf 85' lang='lat' dir='ltr'>Cist.</span> <span class='ocrx_word' id='word_1_518' title='bbox 1379 364 1406 387; x_wconf 87' lang='lat'>4,</span> <span class='ocrx_word' id='word_1_519' title='bbox 1420 364 1445 387; x_wconf 85' lang='lat'>2,</span> <span class='ocrx_word' id='word_1_520' title='bbox 1457 359 1496 397; x_wconf 62' lang='grc' dir='ltr'>61,υ</span> <span class='ocrx_word' id='word_1_521' title='bbox 1511 358 1632 385; x_wconf 83' lang='lat' dir='ltr'>Imitatur</span> <span class='ocrx_word' id='word_1_522' title='bbox 1646 368 1759 394; x_wconf 83' lang='lat' dir='ltr'>nequam</span> <span class='ocrx_word' id='word_1_523' title='bbox 1773 361 1882 387; x_wconf 85' lang='lat' dir='ltr'>bestiam</span> <span class='ocrx_word' id='word_1_524' title='bbox 1895 368 1920 388; x_wconf 82' lang='lat' dir='ltr'>et</span> <span class='ocrx_word' id='word_1_525' title='bbox 1934 362 2106 391; x_wconf 84' lang='lat' dir='ltr'>damnificam.</span> 
     </span>
     <span class='ocr_line' id='line_1_47' title="bbox 1250 395 2245 435; baseline 0.012 -20"><span class='ocrx_word' id='word_1_526' title='bbox 1250 396 1268 415; x_wconf 90' lang='lat' dir='ltr'>D</span> <span class='ocrx_word' id='word_1_527' title='bbox 1277 396 1298 416; x_wconf 78' lang='grc' dir='ltr'>Α</span> <span class='ocrx_word' id='word_1_528' title='bbox 1308 395 1333 415; x_wconf 89' lang='grc' dir='ltr'><strong><em>Μ</em></strong></span> <span class='ocrx_word' id='word_1_529' title='bbox 1346 397 1368 415; x_wconf 85' lang='grc' dir='ltr'>Ν</span> <span class='ocrx_word' id='word_1_530' title='bbox 1378 397 1415 417; x_wconf 89' lang='lat' dir='ltr'>1G</span> <span class='ocrx_word' id='word_1_531' title='bbox 1425 398 1440 417; x_wconf 78' lang='lat' dir='ltr'>E</span> <span class='ocrx_word' id='word_1_532' title='bbox 1449 398 1468 418; x_wconf 81' lang='lat' dir='ltr'>R</span> <span class='ocrx_word' id='word_1_533' title='bbox 1478 399 1496 417; x_wconf 84' lang='lat' dir='ltr'>v</span> <span class='ocrx_word' id='word_1_534' title='bbox 1505 399 1521 418; x_wconf 84' lang='lat' dir='ltr'>L</span> <span class='ocrx_word' id='word_1_535' title='bbox 1531 399 1550 418; x_wconf 88' lang='lat' dir='ltr'>v</span> <span class='ocrx_word' id='word_1_536' title='bbox 1560 400 1581 425; x_wconf 87' lang='lat' dir='ltr'>s,</span> <span class='ocrx_word' id='word_1_537' title='bbox 1591 403 1614 425; x_wconf 78' lang='lat' dir='ltr'>a,</span> <span class='ocrx_word' id='word_1_538' title='bbox 1623 403 1676 422; x_wconf 86' lang='lat' dir='ltr'>um.</span> <span class='ocrx_word' id='word_1_539' title='bbox 1692 395 1752 421; x_wconf 82' lang='lat' dir='ltr'>Adi.</span> <span class='ocrx_word' id='word_1_540' title='bbox 1770 396 1949 432; x_wconf 67' lang='grc' dir='ltr'>[βλαέῗήφορος]</span> <span class='ocrx_word' id='word_1_541' title='bbox 1960 400 2011 433; x_wconf 71' lang='lat' dir='ltr'>Qu·</span> <span class='ocrx_word' id='word_1_542' title='bbox 2023 400 2109 435; x_wconf 75' lang='lat' dir='ltr'>adfert</span> <span class='ocrx_word' id='word_1_543' title='bbox 2122 399 2245 428; x_wconf 75' lang='lat' dir='ltr'>damnum.</span> 
     </span>
     <span class='ocr_line' id='line_1_48' title="bbox 1213 424 2228 470; baseline 0.013 -21"><span class='ocrx_word' id='word_1_544' title='bbox 1213 424 1294 450; x_wconf 87' lang='lat' dir='ltr'>Plaut.</span> <span class='ocrx_word' id='word_1_545' title='bbox 1303 424 1388 451; x_wconf 90' lang='lat' dir='ltr'>Truc.</span> <span class='ocrx_word' id='word_1_546' title='bbox 1402 435 1428 459; x_wconf 91' lang='lat'>2,</span> <span class='ocrx_word' id='word_1_547' title='bbox 1442 435 1467 461; x_wconf 85' lang='grc'>7,</span> <span class='ocrx_word' id='word_1_548' title='bbox 1481 436 1489 453; x_wconf 95' lang='grc'>1</span> <span class='ocrx_word' id='word_1_549' title='bbox 1511 427 1549 454; x_wconf 86' lang='lat' dir='ltr'>Ite</span> <span class='ocrx_word' id='word_1_550' title='bbox 1561 428 1606 454; x_wconf 82' lang='lat' dir='ltr'>hac</span> <span class='ocrx_word' id='word_1_551' title='bbox 1616 430 1689 456; x_wconf 74' lang='lat' dir='ltr'>timul</span> <span class='ocrx_word' id='word_1_552' title='bbox 1704 431 1819 464; x_wconf 86' lang='lat' dir='ltr'>mulieri,</span> <span class='ocrx_word' id='word_1_553' title='bbox 1827 432 2090 467; x_wconf 77' lang='lat' dir='ltr'>damnigcr111i‚f01·as</span> <span class='ocrx_word' id='word_1_554' title='bbox 2098 445 2228 470; x_wconf 83' lang='lat' dir='ltr'>gerrones.</span> 
     </span>
     <span class='ocr_line' id='line_1_49' title="bbox 1252 463 2247 506; baseline 0.012 -21"><span class='ocrx_word' id='word_1_555' title='bbox 1252 467 1270 486; x_wconf 89' lang='lat' dir='ltr'>D</span> <span class='ocrx_word' id='word_1_556' title='bbox 1279 467 1301 486; x_wconf 87' lang='lat' dir='ltr'>A</span> <span class='ocrx_word' id='word_1_557' title='bbox 1309 467 1334 486; x_wconf 92' lang='lat' dir='ltr'>M</span> <span class='ocrx_word' id='word_1_558' title='bbox 1344 467 1365 486; x_wconf 92' lang='lat' dir='ltr'>N</span> <span class='ocrx_word' id='word_1_559' title='bbox 1374 468 1393 487; x_wconf 94' lang='lat' dir='ltr'>O</span> <span class='ocrx_word' id='word_1_560' title='bbox 1402 481 1410 493; x_wconf 97' lang='lat'>,</span> <span class='ocrx_word' id='word_1_561' title='bbox 1429 466 1481 488; x_wconf 54' lang='lat' dir='ltr'>dre.</span> <span class='ocrx_word' id='word_1_562' title='bbox 1502 463 1679 496; x_wconf 63' lang='lat' dir='ltr'>[xaroeyirussana</span> <span class='ocrx_word' id='word_1_563' title='bbox 1687 484 1696 496; x_wconf 91' lang='lat'>‚</span> <span class='ocrx_word' id='word_1_564' title='bbox 1715 465 1869 502; x_wconf 66' lang='grc' dir='ltr'>καταδικάζω</span> <span class='ocrx_word' id='word_1_565' title='bbox 1878 488 1885 500; x_wconf 93' lang='grc'>,</span> <span class='ocrx_word' id='word_1_566' title='bbox 1904 466 2082 503; x_wconf 46' lang='lat' dir='ltr'>minationis-stiffi,</span> <span class='ocrx_word' id='word_1_567' title='bbox 2101 473 2247 506; x_wconf 63' lang='lat' dir='ltr'>xoeroenfi&#39;rw]</span> 
     </span>
     <span class='ocr_line' id='line_1_50' title="bbox 1216 495 2249 539; baseline 0.013 -19"><span class='ocrx_word' id='word_1_568' title='bbox 1216 495 1346 522; x_wconf 85' lang='lat' dir='ltr'>Damnare</span> <span class='ocrx_word' id='word_1_569' title='bbox 1360 496 1395 522; x_wconf 83' lang='lat' dir='ltr'>est</span> <span class='ocrx_word' id='word_1_570' title='bbox 1410 496 1505 524; x_wconf 87' lang='lat' dir='ltr'>damno</span> <span class='ocrx_word' id='word_1_571' title='bbox 1520 497 1621 525; x_wconf 82' lang='lat' dir='ltr'>afficere</span> <span class='ocrx_word' id='word_1_572' title='bbox 1643 501 1713 528; x_wconf 84' lang='lat' dir='ltr'>Non.</span> <span class='ocrx_word' id='word_1_573' title='bbox 1727 511 1755 535; x_wconf 86' lang='lat'>4,</span> <span class='ocrx_word' id='word_1_574' title='bbox 1771 511 1815 528; x_wconf 88' lang='lat'>111.</span> <span class='ocrx_word' id='word_1_575' title='bbox 1874 505 1965 539; x_wconf 80' lang='lat' dir='ltr'>Nempe</span> <span class='ocrx_word' id='word_1_576' title='bbox 1972 504 2068 539; x_wconf 75' lang='lat' dir='ltr'>semper</span> <span class='ocrx_word' id='word_1_577' title='bbox 2087 506 2141 538; x_wconf 76' lang='lat' dir='ltr'>illi,</span> <span class='ocrx_word' id='word_1_578' title='bbox 2161 514 2249 534; x_wconf 77' lang='lat' dir='ltr'>contra</span> 
     </span>
     <span class='ocr_line' id='line_1_51' title="bbox 1213 534 2249 574; baseline 0.012 -19"><span class='ocrx_word' id='word_1_579' title='bbox 1213 538 1282 565; x_wconf 80' lang='lat' dir='ltr'>quem</span> <span class='ocrx_word' id='word_1_580' title='bbox 1293 534 1490 566; x_wconf 75' lang='lat' dir='ltr'>pronunciatur,</span> <span class='ocrx_word' id='word_1_581' title='bbox 1509 534 1607 569; x_wconf 77' lang='lat' dir='ltr'>aliquid</span> <span class='ocrx_word' id='word_1_582' title='bbox 1618 535 1746 569; x_wconf 82' lang='lat' dir='ltr'>demitur,</span> <span class='ocrx_word' id='word_1_583' title='bbox 1763 546 1822 573; x_wconf 75' lang='lat' dir='ltr'>quae</span> <span class='ocrx_word' id='word_1_584' title='bbox 1836 537 1925 565; x_wconf 80' lang='lat' dir='ltr'>damni</span> <span class='ocrx_word' id='word_1_585' title='bbox 1936 543 2009 565; x_wconf 75' lang='lat' dir='ltr'>etiarn</span> <span class='ocrx_word' id='word_1_586' title='bbox 2021 543 2088 566; x_wconf 82' lang='lat' dir='ltr'>notio</span> <span class='ocrx_word' id='word_1_587' title='bbox 2103 539 2150 574; x_wconf 71' lang='lat' dir='ltr'>esi,</span> <span class='ocrx_word' id='word_1_588' title='bbox 2173 550 2199 567; x_wconf 81' lang='lat' dir='ltr'>ut</span> <span class='ocrx_word' id='word_1_589' title='bbox 2212 545 2249 568; x_wconf 78' lang='lat' dir='ltr'>vi-</span> 
     </span>
     <span class='ocr_line' id='line_1_52' title="bbox 1215 565 2249 609; baseline 0.012 -19"><span class='ocrx_word' id='word_1_590' title='bbox 1215 565 1305 606; x_wconf 62' lang='lat' dir='ltr'>dimus,</span> <span class='ocrx_word' id='word_1_591' title='bbox 1359 567 1484 594; x_wconf 65' lang='lat' dir='ltr'>Caeterum</span> <span class='ocrx_word' id='word_1_592' title='bbox 1505 572 1532 594; x_wconf 85' lang='lat' dir='ltr'>in</span> <span class='ocrx_word' id='word_1_593' title='bbox 1548 572 1672 605; x_wconf 70' lang='lat' dir='ltr'>plerisque</span> <span class='ocrx_word' id='word_1_594' title='bbox 1681 572 1780 606; x_wconf 81' lang='lat' dir='ltr'>formis</span> <span class='ocrx_word' id='word_1_595' title='bbox 1801 572 1883 606; x_wconf 70' lang='lat' dir='ltr'>omiffiz</span> <span class='ocrx_word' id='word_1_596' title='bbox 1896 574 1939 600; x_wconf 81' lang='lat' dir='ltr'>illa</span> <span class='ocrx_word' id='word_1_597' title='bbox 1959 574 2080 601; x_wconf 89' lang='lat' dir='ltr'>demendi</span> <span class='ocrx_word' id='word_1_598' title='bbox 2093 579 2206 609; x_wconf 68' lang='lat' dir='ltr'>notione,</span> <span class='ocrx_word' id='word_1_599' title='bbox 2226 584 2249 603; x_wconf 75' lang='lat' dir='ltr'>et</span> 
     </span>
     <span class='ocr_line' id='line_1_53' title="bbox 1215 601 2249 646; baseline 0.011 -20"><span class='ocrx_word' id='word_1_600' title='bbox 1215 601 1320 632; x_wconf 73' lang='lat' dir='ltr'>damni,</span> <span class='ocrx_word' id='word_1_601' title='bbox 1334 601 1473 640; x_wconf 75' lang='lat' dir='ltr'>judicium,</span> <span class='ocrx_word' id='word_1_602' title='bbox 1494 610 1517 629; x_wconf 75' lang='lat' dir='ltr'>c!</span> <span class='ocrx_word' id='word_1_603' title='bbox 1527 605 1693 640; x_wconf 58' lang='lat' dir='ltr'>Jenteutiam,</span> <span class='ocrx_word' id='word_1_604' title='bbox 1710 615 1796 635; x_wconf 76' lang='lat' dir='ltr'>contra</span> <span class='ocrx_word' id='word_1_605' title='bbox 1815 610 1851 634; x_wconf 87' lang='lat' dir='ltr'>ali</span> <span class='ocrx_word' id='word_1_606' title='bbox 1868 617 1918 635; x_wconf 85' lang='lat' dir='ltr'>uem</span> <span class='ocrx_word' id='word_1_607' title='bbox 1933 612 2249 646; x_wconf 75' lang='lat' dir='ltr'>pr071unt1&#39;atumst11epri-</span> 
     </span>
     <span class='ocr_line' id='line_1_54' title="bbox 1215 618 2249 679; baseline 0.012 -18"><span class='ocrx_word' id='word_1_608' title='bbox 1215 643 1309 676; x_wconf 75' lang='lat' dir='ltr'>vatam,</span> <span class='ocrx_word' id='word_1_609' title='bbox 1315 637 1368 676; x_wconf 60' lang='lat' dir='ltr'>Jiue</span> <span class='ocrx_word' id='word_1_610' title='bbox 1377 638 1511 672; x_wconf 72' lang='lat' dir='ltr'>publicam,</span> <span class='ocrx_word' id='word_1_611' title='bbox 1525 645 1604 671; x_wconf 82' lang='lat' dir='ltr'>notat,</span> <span class='ocrx_word' id='word_1_612' title='bbox 1619 648 1648 667; x_wconf 85' lang='lat' dir='ltr'>vt</span> <span class='ocrx_word' id='word_1_613' title='bbox 1660 641 1777 669; x_wconf 84' lang='lat' dir='ltr'>damnare</span> <span class='ocrx_word' id='word_1_614' title='bbox 1784 618 1906 679; x_wconf 44' lang='lat' dir='ltr'>significet</span> <span class='ocrx_word' id='word_1_615' title='bbox 1918 652 2004 671; x_wconf 84' lang='lat' dir='ltr'>contra</span> <span class='ocrx_word' id='word_1_616' title='bbox 2017 646 2052 671; x_wconf 87' lang='lat' dir='ltr'>ali</span> <span class='ocrx_word' id='word_1_617' title='bbox 2069 656 2119 672; x_wconf 71' lang='lat' dir='ltr'>uem</span> <span class='ocrx_word' id='word_1_618' title='bbox 2131 646 2249 673; x_wconf 76' lang='lat' dir='ltr'>iudicare.</span> 
     </span>
     <span class='ocr_line' id='line_1_55' title="bbox 1216 671 2249 714; baseline 0.012 -18"><span class='ocrx_word' id='word_1_619' title='bbox 1216 671 1375 712; x_wconf 46' lang='lat' dir='ltr'>Quntsshlq,</span> <span class='ocrx_word' id='word_1_620' title='bbox 1385 675 1400 698; x_wconf 87' lang='grc'>6</span> <span class='ocrx_word' id='word_1_621' title='bbox 1421 674 1451 699; x_wconf 89' lang='lat' dir='ltr'>Et</span> <span class='ocrx_word' id='word_1_622' title='bbox 1464 675 1500 700; x_wconf 86' lang='lat' dir='ltr'>M.</span> <span class='ocrx_word' id='word_1_623' title='bbox 1513 674 1623 701; x_wconf 87' lang='lat' dir='ltr'>Tullius</span> <span class='ocrx_word' id='word_1_624' title='bbox 1635 685 1688 703; x_wconf 86' lang='lat' dir='ltr'>non</span> <span class='ocrx_word' id='word_1_625' title='bbox 1703 677 1835 705; x_wconf 89' lang='lat' dir='ltr'>dubitauit</span> <span class='ocrx_word' id='word_1_626' title='bbox 1848 679 1953 714; x_wconf 88' lang='lat' dir='ltr'>aliquos</span> <span class='ocrx_word' id='word_1_627' title='bbox 1966 681 2024 706; x_wconf 85' lang='lat' dir='ltr'>suos</span> <span class='ocrx_word' id='word_1_628' title='bbox 2036 680 2055 707; x_wconf 91' lang='lat' dir='ltr'>li</span> <span class='ocrx_word' id='word_1_629' title='bbox 2076 690 2119 707; x_wconf 85' lang='lat' dir='ltr'>ros</span> <span class='ocrx_word' id='word_1_630' title='bbox 2132 681 2183 707; x_wconf 83' lang='lat' dir='ltr'>iam</span> <span class='ocrx_word' id='word_1_631' title='bbox 2197 682 2249 708; x_wconf 83' lang='lat' dir='ltr'>edi-</span> 
     </span>
     <span class='ocr_line' id='line_1_56' title="bbox 1215 707 2249 748; baseline 0.013 -17"><span class='ocrx_word' id='word_1_632' title='bbox 1215 713 1256 733; x_wconf 87' lang='lat' dir='ltr'>tos</span> <span class='ocrx_word' id='word_1_633' title='bbox 1270 707 1330 733; x_wconf 82' lang='lat' dir='ltr'>alus</span> <span class='ocrx_word' id='word_1_634' title='bbox 1344 707 1430 740; x_wconf 86' lang='lat' dir='ltr'>postca</span> <span class='ocrx_word' id='word_1_635' title='bbox 1444 709 1545 743; x_wconf 82' lang='lat' dir='ltr'>scriptis</span> <span class='ocrx_word' id='word_1_636' title='bbox 1559 710 1617 737; x_wconf 90' lang='lat' dir='ltr'>iure</span> <span class='ocrx_word' id='word_1_637' title='bbox 1630 711 1760 739; x_wconf 87' lang='lat' dir='ltr'>damnare.</span> <span class='ocrx_word' id='word_1_638' title='bbox 1798 714 1888 741; x_wconf 85' lang='lat' dir='ltr'>Acicm</span> <span class='ocrx_word' id='word_1_639' title='bbox 1902 715 2041 748; x_wconf 86' lang='lat' dir='ltr'>damnare,</span> <span class='ocrx_word' id='word_1_640' title='bbox 2060 717 2113 743; x_wconf 80' lang='lat' dir='ltr'>vid.</span> <span class='ocrx_word' id='word_1_641' title='bbox 2128 724 2148 744; x_wconf 81' lang='grc' dir='ltr'>Α</span> <span class='ocrx_word' id='word_1_642' title='bbox 2158 724 2174 743; x_wconf 84' lang='lat' dir='ltr'>C</span> <span class='ocrx_word' id='word_1_643' title='bbox 2186 724 2219 744; x_wconf 75' lang='lat'>113</span> <span class='ocrx_word' id='word_1_644' title='bbox 2228 724 2249 743; x_wconf 87' lang='lat' dir='ltr'>s.</span> 
     </span>
     <span class='ocr_line' id='line_1_57' title="bbox 2152 754 2251 779; baseline 0.01 -1"><span class='ocrx_word' id='word_1_645' title='bbox 2152 754 2181 778; x_wconf 89' lang='lat' dir='ltr'>In</span> <span class='ocrx_word' id='word_1_646' title='bbox 2197 761 2251 779; x_wconf 89' lang='lat' dir='ltr'>vno</span> 
     </span>
     <span class='ocr_line' id='line_1_58' title="bbox 1215 777 2252 820; baseline 0.013 -18"><span class='ocrx_word' id='word_1_647' title='bbox 1215 777 1287 804; x_wconf 66' lang='lat' dir='ltr'>fafto</span> <span class='ocrx_word' id='word_1_648' title='bbox 1304 777 1463 805; x_wconf 88' lang='lat' dir='ltr'>damnandus</span> <span class='ocrx_word' id='word_1_649' title='bbox 1495 780 1568 807; x_wconf 83' lang='lat' dir='ltr'>Idem</span> <span class='ocrx_word' id='word_1_650' title='bbox 1582 783 1644 808; x_wconf 87' lang='lat' dir='ltr'>Met.</span> <span class='ocrx_word' id='word_1_651' title='bbox 1661 791 1688 818; x_wconf 88' lang='lat'>7,</span> <span class='ocrx_word' id='word_1_652' title='bbox 1701 793 1763 817; x_wconf 89' lang='lat'><strong>402.</strong></span> <span class='ocrx_word' id='word_1_653' title='bbox 1834 786 1923 812; x_wconf 85' lang='lat' dir='ltr'>Moras</span> <span class='ocrx_word' id='word_1_654' title='bbox 1941 785 2064 813; x_wconf 87' lang='lat' dir='ltr'>damnare</span> <span class='ocrx_word' id='word_1_655' title='bbox 2088 787 2126 813; x_wconf 88' lang='lat' dir='ltr'>Id.</span> <span class='ocrx_word' id='word_1_656' title='bbox 2139 789 2202 814; x_wconf 88' lang='lat' dir='ltr'>Met.</span> <span class='ocrx_word' id='word_1_657' title='bbox 2217 797 2252 820; x_wconf 84' lang='lat'>13,</span> 
     </span>
     <span class='ocr_line' id='line_1_59' title="bbox 1330 813 1893 853; baseline 0.012 -14"><span class='ocrx_word' id='word_1_658' title='bbox 1330 813 1431 840; x_wconf 78' lang='lat' dir='ltr'>Patrios</span> <span class='ocrx_word' id='word_1_659' title='bbox 1449 814 1570 842; x_wconf 88' lang='lat' dir='ltr'>damnare</span> <span class='ocrx_word' id='word_1_660' title='bbox 1590 824 1692 851; x_wconf 88' lang='lat' dir='ltr'>penates</span> <span class='ocrx_word' id='word_1_661' title='bbox 1721 819 1766 844; x_wconf 88' lang='lat' dir='ltr'>Sil.</span> <span class='ocrx_word' id='word_1_662' title='bbox 1787 821 1812 851; x_wconf 88' lang='lat'>6,</span> <span class='ocrx_word' id='word_1_663' title='bbox 1832 826 1893 853; x_wconf 83' lang='lat'>448.</span> 
     </span>
    </p>
   </div>
   <div class='ocr_carea' id='block_1_17' title="bbox 1214 822 2252 883">
    <p class='ocr_par' dir='ltr' id='par_1_21' title="bbox 1214 822 2252 883">
     <span class='ocr_line' id='line_1_60' title="bbox 1967 822 2252 850; baseline 0.007 -3"><span class='ocrx_word' id='word_1_664' title='bbox 1967 822 2112 849; x_wconf 84' lang='lat' dir='ltr'>Damnatur</span> <span class='ocrx_word' id='word_1_665' title='bbox 2124 823 2151 848; x_wconf 91' lang='lat' dir='ltr'>in</span> <span class='ocrx_word' id='word_1_666' title='bbox 2166 829 2252 850; x_wconf 88' lang='lat' dir='ltr'>totum</span> 
     </span>
     <span class='ocr_line' id='line_1_61' title="bbox 1214 847 1630 883; baseline 0.012 -9"><span class='ocrx_word' id='word_1_667' title='bbox 1214 848 1276 875; x_wconf 86' lang='lat' dir='ltr'>haec</span> <span class='ocrx_word' id='word_1_668' title='bbox 1290 847 1373 875; x_wconf 87' lang='lat' dir='ltr'>herba</span> <span class='ocrx_word' id='word_1_669' title='bbox 1392 850 1457 876; x_wconf 89' lang='lat' dir='ltr'>Plin.</span> <span class='ocrx_word' id='word_1_670' title='bbox 1471 859 1507 883; x_wconf 84' lang='lat'>12,</span> <span class='ocrx_word' id='word_1_671' title='bbox 1520 860 1546 878; x_wconf 86' lang='lat'>12</span> <span class='ocrx_word' id='word_1_672' title='bbox 1560 852 1576 878; x_wconf 92' lang='lat' dir='ltr'>s.</span> <span class='ocrx_word' id='word_1_673' title='bbox 1591 856 1630 879; x_wconf 78' lang='lat'>26.</span> 
     </span>
    </p>
   </div>
   <div class='ocr_carea' id='block_1_18' title="bbox 1214 855 2253 926">
    <p class='ocr_par' dir='ltr' id='par_1_22' title="bbox 1214 855 2253 926">
     <span class='ocr_line' id='line_1_62' title="bbox 1299 855 2252 899; baseline 0.012 -25"><span class='ocrx_word' id='word_1_674' title='bbox 1299 886 1303 890; x_wconf 23' lang='grc' dir='ltr'><strong><em>ι</em></strong></span> <span class='ocrx_word' id='word_1_675' title='bbox 1683 855 1797 880; x_wconf 74' lang='lat' dir='ltr'>Genitiuo</span> <span class='ocrx_word' id='word_1_676' title='bbox 1817 856 1947 890; x_wconf 83' lang='lat' dir='ltr'>aliquando</span> <span class='ocrx_word' id='word_1_677' title='bbox 1965 860 2094 899; x_wconf 76' lang='lat' dir='ltr'>iungitur,</span> <span class='ocrx_word' id='word_1_678' title='bbox 2119 859 2252 893; x_wconf 73' lang='lat' dir='ltr'>aliquando</span> 
     </span>
     <span class='ocr_line' id='line_1_63' title="bbox 1214 883 2253 926; baseline 0.012 -17"><span class='ocrx_word' id='word_1_679' title='bbox 1214 883 1341 910; x_wconf 82' lang='lat' dir='ltr'>Ablatmo.</span> <span class='ocrx_word' id='word_1_680' title='bbox 1378 885 1482 920; x_wconf 69' lang='lat' dir='ltr'>Quando</span> <span class='ocrx_word' id='word_1_681' title='bbox 1491 888 1613 919; x_wconf 64' lang='lat' dir='ltr'>Genihuo,</span> <span class='ocrx_word' id='word_1_682' title='bbox 1634 889 1784 924; x_wconf 76' lang='lat' dir='ltr'>intelligitur</span> <span class='ocrx_word' id='word_1_683' title='bbox 1794 889 1992 925; x_wconf 74' lang='lat' dir='ltr'>fereAblatiuus</span> <span class='ocrx_word' id='word_1_684' title='bbox 2000 892 2130 926; x_wconf 63' lang='lat' dir='ltr'>(simine,</span> <span class='ocrx_word' id='word_1_685' title='bbox 2149 894 2253 926; x_wconf 82' lang='lat' dir='ltr'>scelere,</span> 
     </span>
    </p>
   </div>
   <div class='ocr_carea' id='block_1_19' title="bbox 1210 918 2258 1455">
    <p class='ocr_par' dir='ltr' id='par_1_23' title="bbox 1210 918 2258 1455">
     <span class='ocr_line' id='line_1_64' title="bbox 1214 918 2251 958; baseline 0.012 -14"><span class='ocrx_word' id='word_1_686' title='bbox 1214 926 1258 945; x_wconf 84' lang='lat' dir='ltr'>aut</span> <span class='ocrx_word' id='word_1_687' title='bbox 1264 918 1366 958; x_wconf 58' lang='lat' dir='ltr'>fimas-⁸¹·</span> <span class='ocrx_word' id='word_1_688' title='bbox 1422 920 1503 947; x_wconf 75' lang='lat' dir='ltr'>Addit</span> <span class='ocrx_word' id='word_1_689' title='bbox 1523 923 1602 948; x_wconf 91' lang='lat' dir='ltr'>Ouid.</span> <span class='ocrx_word' id='word_1_690' title='bbox 1617 920 1681 949; x_wconf 75' lang='lat' dir='ltr'>Fass.</span> <span class='ocrx_word' id='word_1_691' title='bbox 1698 932 1719 956; x_wconf 89' lang='lat'>5,</span> <span class='ocrx_word' id='word_1_692' title='bbox 1727 926 1780 957; x_wconf 89' lang='lat'>624</span> <span class='ocrx_word' id='word_1_693' title='bbox 1809 924 1918 951; x_wconf 83' lang='lat' dir='ltr'>Sceleris</span> <span class='ocrx_word' id='word_1_694' title='bbox 1938 927 2049 954; x_wconf 87' lang='lat' dir='ltr'>crimine</span> <span class='ocrx_word' id='word_1_695' title='bbox 2062 928 2166 956; x_wconf 86' lang='lat' dir='ltr'>damnat</span> <span class='ocrx_word' id='word_1_696' title='bbox 2178 938 2251 956; x_wconf 87' lang='lat' dir='ltr'>auos.</span> 
     </span>
     <span class='ocr_line' id='line_1_65' title="bbox 1214 954 2253 998; baseline 0.012 -19"><span class='ocrx_word' id='word_1_697' title='bbox 1214 955 1337 981; x_wconf 81' lang='lat' dir='ltr'>Ambitus</span> <span class='ocrx_word' id='word_1_698' title='bbox 1351 954 1469 982; x_wconf 86' lang='lat' dir='ltr'>damnari</span> <span class='ocrx_word' id='word_1_699' title='bbox 1486 957 1540 983; x_wconf 85' lang='lat' dir='ltr'>Cic.</span> <span class='ocrx_word' id='word_1_700' title='bbox 1555 957 1587 984; x_wconf 89' lang='lat' dir='ltr'>de</span> <span class='ocrx_word' id='word_1_701' title='bbox 1594 958 1662 984; x_wconf 81' lang='lat' dir='ltr'>Clar.</span> <span class='ocrx_word' id='word_1_702' title='bbox 1671 960 1744 985; x_wconf 83' lang='lat' dir='ltr'>Orat.</span> <span class='ocrx_word' id='word_1_703' title='bbox 1759 965 1802 988; x_wconf 78' lang='lat'>180</span> <span class='ocrx_word' id='word_1_704' title='bbox 1815 968 1837 986; x_wconf 87' lang='lat' dir='ltr'>c.</span> <span class='ocrx_word' id='word_1_705' title='bbox 1845 965 1888 993; x_wconf 88' lang='lat'>48.</span> <span class='ocrx_word' id='word_1_706' title='bbox 1956 962 2056 995; x_wconf 80' lang='lat' dir='ltr'>Capitis</span> <span class='ocrx_word' id='word_1_707' title='bbox 2078 964 2146 998; x_wconf 81' lang='lat' dir='ltr'>Nep.</span> <span class='ocrx_word' id='word_1_708' title='bbox 2161 970 2196 997; x_wconf 91' lang='lat'>18,</span> <span class='ocrx_word' id='word_1_709' title='bbox 2205 972 2253 998; x_wconf 88' lang='lat'>5,1.</span> 
     </span>
     <span class='ocr_line' id='line_1_66' title="bbox 1214 991 2253 1031; baseline 0.011 -16"><span class='ocrx_word' id='word_1_710' title='bbox 1214 991 1291 1016; x_wconf 85' lang='lat' dir='ltr'>Furti</span> <span class='ocrx_word' id='word_1_711' title='bbox 1306 996 1331 1016; x_wconf 85' lang='lat' dir='ltr'>et</span> <span class='ocrx_word' id='word_1_712' title='bbox 1344 999 1393 1024; x_wconf 86' lang='lat' dir='ltr'>pro</span> <span class='ocrx_word' id='word_1_713' title='bbox 1407 992 1477 1017; x_wconf 84' lang='lat' dir='ltr'>socio</span> <span class='ocrx_word' id='word_1_714' title='bbox 1492 993 1642 1019; x_wconf 88' lang='lat' dir='ltr'>damnatum</span> <span class='ocrx_word' id='word_1_715' title='bbox 1656 995 1705 1020; x_wconf 75' lang='lat' dir='ltr'>effe</span> <span class='ocrx_word' id='word_1_716' title='bbox 1731 995 1787 1021; x_wconf 91' lang='lat' dir='ltr'>Cic.</span> <span class='ocrx_word' id='word_1_717' title='bbox 1808 1004 1857 1029; x_wconf 89' lang='lat' dir='ltr'>pro</span> <span class='ocrx_word' id='word_1_718' title='bbox 1877 995 1960 1022; x_wconf 84' lang='lat' dir='ltr'>Flacc.</span> <span class='ocrx_word' id='word_1_719' title='bbox 1974 1005 2016 1031; x_wconf 87' lang='grc'>43.</span> <span class='ocrx_word' id='word_1_720' title='bbox 2087 1000 2253 1026; x_wconf 69' lang='lat' dir='ltr'>infelicitatis</span> 
     </span>
     <span class='ocr_line' id='line_1_67' title="bbox 1215 1025 2253 1069; baseline 0.011 -19"><span class='ocrx_word' id='word_1_721' title='bbox 1215 1031 1337 1059; x_wconf 85' lang='lat' dir='ltr'>tempora</span> <span class='ocrx_word' id='word_1_722' title='bbox 1350 1025 1472 1053; x_wconf 85' lang='lat' dir='ltr'>damnare</span> <span class='ocrx_word' id='word_1_723' title='bbox 1505 1028 1635 1061; x_wconf 72' lang='lat' dir='ltr'>Qinffll.</span> <span class='ocrx_word' id='word_1_724' title='bbox 1652 1038 1688 1060; x_wconf 87' lang='lat'>10,</span> <span class='ocrx_word' id='word_1_725' title='bbox 1703 1038 1725 1055; x_wconf 87' lang='lat'>2.</span> <span class='ocrx_word' id='word_1_726' title='bbox 1795 1030 1957 1057; x_wconf 86' lang='lat' dir='ltr'>Iniuriarum</span> <span class='ocrx_word' id='word_1_727' title='bbox 1988 1032 2044 1058; x_wconf 85' lang='lat' dir='ltr'>Cic.</span> <span class='ocrx_word' id='word_1_728' title='bbox 2060 1033 2136 1060; x_wconf 83' lang='lat' dir='ltr'>Verr.</span> <span class='ocrx_word' id='word_1_729' title='bbox 2156 1043 2178 1066; x_wconf 84' lang='lat'>3,</span> <span class='ocrx_word' id='word_1_730' title='bbox 2199 1044 2253 1069; x_wconf 86' lang='lat'>107.</span> 
     </span>
     <span class='ocr_line' id='line_1_68' title="bbox 1216 1061 2253 1098; baseline 0.01 -12"><span class='ocrx_word' id='word_1_731' title='bbox 1216 1061 1361 1093; x_wconf 80' lang='lat' dir='ltr'>Maiestatis</span> <span class='ocrx_word' id='word_1_732' title='bbox 1383 1062 1456 1088; x_wconf 85' lang='lat' dir='ltr'>Idem</span> <span class='ocrx_word' id='word_1_733' title='bbox 1470 1062 1582 1098; x_wconf 88' lang='lat' dir='ltr'>Philipp.</span> <span class='ocrx_word' id='word_1_734' title='bbox 1597 1073 1617 1098; x_wconf 85' lang='lat'>1,</span> <span class='ocrx_word' id='word_1_735' title='bbox 1636 1073 1670 1096; x_wconf 78' lang='lat'>23.</span> <span class='ocrx_word' id='word_1_736' title='bbox 1741 1065 1876 1092; x_wconf 72' lang='lat' dir='ltr'>peculatus</span> <span class='ocrx_word' id='word_1_737' title='bbox 1891 1066 2041 1093; x_wconf 88' lang='lat' dir='ltr'>damnatum</span> <span class='ocrx_word' id='word_1_738' title='bbox 2055 1069 2103 1094; x_wconf 80' lang='lat' dir='ltr'>effe</span> <span class='ocrx_word' id='word_1_739' title='bbox 2124 1069 2163 1095; x_wconf 91' lang='lat' dir='ltr'>Id.</span> <span class='ocrx_word' id='word_1_740' title='bbox 2178 1071 2253 1096; x_wconf 81' lang='lat' dir='ltr'>Verr.</span> 
     </span>
     <span class='ocr_line' id='line_1_69' title="bbox 1418 1099 2255 1139; baseline 0.01 -16"><span class='ocrx_word' id='word_1_741' title='bbox 1418 1099 1519 1125; x_wconf 83' lang='lat' dir='ltr'>Poenae</span> <span class='ocrx_word' id='word_1_742' title='bbox 1536 1099 1653 1133; x_wconf 83' lang='lat' dir='ltr'>capitalis</span> <span class='ocrx_word' id='word_1_743' title='bbox 1672 1099 1784 1132; x_wconf 84' lang='lat' dir='ltr'>Liu.42‚</span> <span class='ocrx_word' id='word_1_744' title='bbox 1792 1110 1834 1134; x_wconf 88' lang='grc'>43.</span> <span class='ocrx_word' id='word_1_745' title='bbox 1888 1102 2122 1130; x_wconf 79' lang='lat' dir='ltr'>Praeuaricationis</span> <span class='ocrx_word' id='word_1_746' title='bbox 2138 1105 2255 1139; x_wconf 81' lang='lat' dir='ltr'>aliquem</span> 
     </span>
     <span class='ocr_line' id='line_1_70' title="bbox 1216 1132 2256 1174; baseline 0.009 -17"><span class='ocrx_word' id='word_1_747' title='bbox 1216 1132 1340 1158; x_wconf 86' lang='lat' dir='ltr'>damnare</span> <span class='ocrx_word' id='word_1_748' title='bbox 1360 1132 1424 1158; x_wconf 90' lang='lat' dir='ltr'>Plin.</span> <span class='ocrx_word' id='word_1_749' title='bbox 1438 1133 1516 1167; x_wconf 85' lang='lat' dir='ltr'>Epist.</span> <span class='ocrx_word' id='word_1_750' title='bbox 1530 1143 1556 1167; x_wconf 87' lang='lat'>9,</span> <span class='ocrx_word' id='word_1_751' title='bbox 1570 1143 1591 1166; x_wconf 85' lang='grc'>3.</span> <span class='ocrx_word' id='word_1_752' title='bbox 1664 1135 1827 1162; x_wconf 83' lang='lat' dir='ltr'>Proditionis</span> <span class='ocrx_word' id='word_1_753' title='bbox 1851 1136 1920 1170; x_wconf 90' lang='lat' dir='ltr'>Nep.</span> <span class='ocrx_word' id='word_1_754' title='bbox 1934 1145 1956 1169; x_wconf 74' lang='lat'>3,</span> <span class='ocrx_word' id='word_1_755' title='bbox 1971 1143 1994 1170; x_wconf 86' lang='lat'>8,</span> <span class='ocrx_word' id='word_1_756' title='bbox 2008 1148 2027 1170; x_wconf 83' lang='lat'>3.</span> <span class='ocrx_word' id='word_1_757' title='bbox 2099 1140 2148 1166; x_wconf 84' lang='lat' dir='ltr'>Rei</span> <span class='ocrx_word' id='word_1_758' title='bbox 2162 1141 2256 1174; x_wconf 86' lang='lat' dir='ltr'>capita-</span> 
     </span>
     <span class='ocr_line' id='line_1_71' title="bbox 1217 1167 2254 1206; baseline 0.009 -13"><span class='ocrx_word' id='word_1_759' title='bbox 1217 1167 1250 1193; x_wconf 88' lang='lat' dir='ltr'>lis</span> <span class='ocrx_word' id='word_1_760' title='bbox 1265 1168 1383 1194; x_wconf 87' lang='lat' dir='ltr'>damnari</span> <span class='ocrx_word' id='word_1_761' title='bbox 1411 1169 1467 1195; x_wconf 88' lang='lat' dir='ltr'>Cic.</span> <span class='ocrx_word' id='word_1_762' title='bbox 1484 1169 1515 1195; x_wconf 91' lang='lat' dir='ltr'>de</span> <span class='ocrx_word' id='word_1_763' title='bbox 1530 1169 1628 1196; x_wconf 67' lang='lat' dir='ltr'>Sence&#39;t.</span> <span class='ocrx_word' id='word_1_764' title='bbox 1643 1179 1678 1203; x_wconf 85' lang='lat'>42</span> <span class='ocrx_word' id='word_1_765' title='bbox 1692 1179 1712 1196; x_wconf 90' lang='lat' dir='ltr'>c.</span> <span class='ocrx_word' id='word_1_766' title='bbox 1728 1179 1764 1196; x_wconf 87' lang='lat'>12.</span> <span class='ocrx_word' id='word_1_767' title='bbox 1834 1172 1913 1198; x_wconf 89' lang='lat' dir='ltr'>Ouid.</span> <span class='ocrx_word' id='word_1_768' title='bbox 1929 1173 2001 1199; x_wconf 85' lang='lat' dir='ltr'>Rem.</span> <span class='ocrx_word' id='word_1_769' title='bbox 2016 1175 2106 1200; x_wconf 84' lang='lat' dir='ltr'>Amor.</span> <span class='ocrx_word' id='word_1_770' title='bbox 2127 1183 2139 1206; x_wconf 89' lang='grc'>3</span> <span class='ocrx_word' id='word_1_771' title='bbox 2177 1176 2254 1202; x_wconf 82' lang='lat' dir='ltr'>Parce</span> 
     </span>
     <span class='ocr_line' id='line_1_72' title="bbox 1218 1204 2256 1240; baseline 0.009 -12"><span class='ocrx_word' id='word_1_772' title='bbox 1218 1208 1294 1229; x_wconf 86' lang='lat' dir='ltr'>tuum</span> <span class='ocrx_word' id='word_1_773' title='bbox 1305 1210 1392 1229; x_wconf 88' lang='lat' dir='ltr'>vatem</span> <span class='ocrx_word' id='word_1_774' title='bbox 1405 1204 1508 1230; x_wconf 78' lang='lat' dir='ltr'>sceleris</span> <span class='ocrx_word' id='word_1_775' title='bbox 1520 1204 1643 1232; x_wconf 87' lang='lat' dir='ltr'>damnare</span> <span class='ocrx_word' id='word_1_776' title='bbox 1656 1205 1771 1240; x_wconf 73' lang='lat' dir='ltr'>Cupido.</span> <span class='ocrx_word' id='word_1_777' title='bbox 1842 1207 1987 1234; x_wconf 86' lang='lat' dir='ltr'>Absoluere</span> <span class='ocrx_word' id='word_1_778' title='bbox 2006 1208 2142 1238; x_wconf 90' lang='lat' dir='ltr'>hominem</span> <span class='ocrx_word' id='word_1_779' title='bbox 2161 1212 2256 1237; x_wconf 87' lang='lat' dir='ltr'>mentis</span> 
     </span>
     <span class='ocr_line' id='line_1_73' title="bbox 1219 1239 2256 1280; baseline 0.009 -16"><span class='ocrx_word' id='word_1_780' title='bbox 1219 1239 1333 1264; x_wconf 87' lang='lat' dir='ltr'>crimine</span> <span class='ocrx_word' id='word_1_781' title='bbox 1352 1246 1516 1272; x_wconf 84' lang='lat' dir='ltr'>commotae,</span> <span class='ocrx_word' id='word_1_782' title='bbox 1536 1246 1562 1266; x_wconf 88' lang='lat' dir='ltr'>et</span> <span class='ocrx_word' id='word_1_783' title='bbox 1581 1241 1685 1267; x_wconf 87' lang='lat' dir='ltr'>sceleris</span> <span class='ocrx_word' id='word_1_784' title='bbox 1706 1240 1818 1268; x_wconf 87' lang='lat' dir='ltr'>eundem</span> <span class='ocrx_word' id='word_1_785' title='bbox 1837 1241 1960 1269; x_wconf 88' lang='lat' dir='ltr'>damnare</span> <span class='ocrx_word' id='word_1_786' title='bbox 1986 1244 2042 1270; x_wconf 86' lang='lat' dir='ltr'>Cic.</span> <span class='ocrx_word' id='word_1_787' title='bbox 2054 1245 2086 1271; x_wconf 92' lang='lat' dir='ltr'>ad</span> <span class='ocrx_word' id='word_1_788' title='bbox 2100 1247 2152 1272; x_wconf 88' lang='lat' dir='ltr'>Att.</span> <span class='ocrx_word' id='word_1_789' title='bbox 2175 1254 2202 1280; x_wconf 89' lang='lat'>7,</span> <span class='ocrx_word' id='word_1_790' title='bbox 2220 1255 2256 1273; x_wconf 87' lang='lat'>12.</span> 
     </span>
     <span class='ocr_line' id='line_1_74' title="bbox 1727 1277 2257 1314; baseline 0.011 -12"><span class='ocrx_word' id='word_1_791' title='bbox 1727 1277 1858 1304; x_wconf 88' lang='lat' dir='ltr'>Stultitiae</span> <span class='ocrx_word' id='word_1_792' title='bbox 1877 1279 2001 1306; x_wconf 86' lang='lat' dir='ltr'>damnare</span> <span class='ocrx_word' id='word_1_793' title='bbox 2012 1280 2128 1314; x_wconf 87' lang='lat' dir='ltr'>aliquem</span> <span class='ocrx_word' id='word_1_794' title='bbox 2160 1282 2216 1308; x_wconf 88' lang='lat' dir='ltr'>Cic.</span> <span class='ocrx_word' id='word_1_795' title='bbox 2229 1283 2257 1308; x_wconf 89' lang='lat' dir='ltr'>in</span> 
     </span>
     <span class='ocr_line' id='line_1_75' title="bbox 1217 1310 2257 1345; baseline 0.009 -10"><span class='ocrx_word' id='word_1_796' title='bbox 1217 1310 1307 1336; x_wconf 86' lang='lat' dir='ltr'>Partit.</span> <span class='ocrx_word' id='word_1_797' title='bbox 1327 1319 1378 1343; x_wconf 86' lang='lat'>134.</span> <span class='ocrx_word' id='word_1_798' title='bbox 1433 1310 1584 1337; x_wconf 87' lang='lat' dir='ltr'>Tarditatis</span> <span class='ocrx_word' id='word_1_799' title='bbox 1598 1312 1717 1338; x_wconf 86' lang='lat' dir='ltr'>damnari</span> <span class='ocrx_word' id='word_1_800' title='bbox 1751 1313 1865 1345; x_wconf 85' lang='lat' dir='ltr'>Q1i11til.</span> <span class='ocrx_word' id='word_1_801' title='bbox 1877 1322 1901 1344; x_wconf 90' lang='lat'>2,</span> <span class='ocrx_word' id='word_1_802' title='bbox 1915 1316 1940 1341; x_wconf 92' lang='lat'>6.</span> <span class='ocrx_word' id='word_1_803' title='bbox 2011 1316 2139 1342; x_wconf 83' lang='lat' dir='ltr'>Veneficii</span> <span class='ocrx_word' id='word_1_804' title='bbox 2153 1317 2257 1344; x_wconf 87' lang='lat' dir='ltr'>damna-</span> 
     </span>
     <span class='ocr_line' id='line_1_76' title="bbox 1215 1345 2256 1389; baseline 0.007 -17"><span class='ocrx_word' id='word_1_805' title='bbox 1215 1351 1256 1372; x_wconf 89' lang='lat' dir='ltr'>tus</span> <span class='ocrx_word' id='word_1_806' title='bbox 1271 1345 1362 1372; x_wconf 86' lang='lat' dir='ltr'>Tacit.</span> <span class='ocrx_word' id='word_1_807' title='bbox 1375 1347 1442 1372; x_wconf 90' lang='lat' dir='ltr'>Ann.</span> <span class='ocrx_word' id='word_1_808' title='bbox 1454 1355 1489 1379; x_wconf 83' lang='lat'>12,</span> <span class='ocrx_word' id='word_1_809' title='bbox 1506 1349 1550 1372; x_wconf 87' lang='lat'>66.</span> <span class='ocrx_word' id='word_1_810' title='bbox 1750 1345 1771 1384; x_wconf 59' lang='lat' dir='ltr'>fl</span> <span class='ocrx_word' id='word_1_811' title='bbox 1792 1357 1804 1373; x_wconf 88' lang='lat'>2</span> <span class='ocrx_word' id='word_1_812' title='bbox 1840 1350 1957 1385; x_wconf 75' lang='lat' dir='ltr'>Iungitur</span> <span class='ocrx_word' id='word_1_813' title='bbox 1973 1352 2256 1389; x_wconf 70' lang='lat' dir='ltr'>etiamGenitiaoJign12</span> 
     </span>
     <span class='ocr_line' id='line_1_77' title="bbox 1210 1380 2257 1419; baseline 0.01 -14"><span class='ocrx_word' id='word_1_814' title='bbox 1210 1380 1307 1416; x_wconf 80' lang='lat' dir='ltr'>ficantz‘</span> <span class='ocrx_word' id='word_1_815' title='bbox 1325 1382 1429 1407; x_wconf 77' lang='lat' dir='ltr'>Poenam</span> <span class='ocrx_word' id='word_1_816' title='bbox 1440 1393 1447 1406; x_wconf 84' lang='lat'><em>:</em></span> <span class='ocrx_word' id='word_1_817' title='bbox 1493 1382 1549 1408; x_wconf 90' lang='lat' dir='ltr'>Cic.</span> <span class='ocrx_word' id='word_1_818' title='bbox 1563 1383 1638 1408; x_wconf 86' lang='lat' dir='ltr'>Verr.</span> <span class='ocrx_word' id='word_1_819' title='bbox 1657 1390 1681 1414; x_wconf 84' lang='lat'>3,</span> <span class='ocrx_word' id='word_1_820' title='bbox 1701 1387 1728 1411; x_wconf 84' lang='lat'>28</span> <span class='ocrx_word' id='word_1_821' title='bbox 1760 1384 1875 1418; x_wconf 64' lang='lat' dir='ltr'>Expefio</span> <span class='ocrx_word' id='word_1_822' title='bbox 1896 1386 1951 1411; x_wconf 89' lang='lat' dir='ltr'>vim</span> <span class='ocrx_word' id='word_1_823' title='bbox 1969 1385 2066 1419; x_wconf 56' lang='lat' dir='ltr'>edidi,</span> <span class='ocrx_word' id='word_1_824' title='bbox 2092 1387 2257 1415; x_wconf 84' lang='lat' dir='ltr'>seueritatem</span> 
     </span>
     <span class='ocr_line' id='line_1_78' title="bbox 1217 1416 2258 1455; baseline 0.008 -13"><span class='ocrx_word' id='word_1_825' title='bbox 1217 1417 1362 1442; x_wconf 84' lang='lat' dir='ltr'>Praetoris:</span> <span class='ocrx_word' id='word_1_826' title='bbox 1381 1417 1461 1444; x_wconf 89' lang='lat' dir='ltr'>faueo</span> <span class='ocrx_word' id='word_1_827' title='bbox 1474 1417 1588 1450; x_wconf 87' lang='lat' dir='ltr'>aratori,</span> <span class='ocrx_word' id='word_1_828' title='bbox 1608 1418 1688 1451; x_wconf 86' lang='lat' dir='ltr'>cupio</span> <span class='ocrx_word' id='word_1_829' title='bbox 1701 1416 1804 1453; x_wconf 69' lang='lat' dir='ltr'>oCmpli</span> <span class='ocrx_word' id='word_1_830' title='bbox 1816 1420 1935 1446; x_wconf 89' lang='lat' dir='ltr'>damnari</span> <span class='ocrx_word' id='word_1_831' title='bbox 1949 1421 2106 1455; x_wconf 88' lang='lat' dir='ltr'>Apronium.</span> <span class='ocrx_word' id='word_1_832' title='bbox 2162 1425 2192 1449; x_wconf 84' lang='lat' dir='ltr'>Et</span> <span class='ocrx_word' id='word_1_833' title='bbox 2205 1433 2258 1450; x_wconf 81' lang='lat' dir='ltr'>cum</span> 
     </span>
    </p>
   </div>
   <div class='ocr_carea' id='block_1_20' title="bbox 1168 1451 2257 1491">
    <p class='ocr_par' dir='ltr' id='par_1_24' title="bbox 1168 1451 2257 1491">
     <span class='ocr_line' id='line_1_79' title="bbox 1168 1451 2257 1491; baseline 0.007 -14"><span class='ocrx_word' id='word_1_834' title='bbox 1168 1465 1197 1491; x_wconf 80' lang='lat'>33</span> <span class='ocrx_word' id='word_1_835' title='bbox 1218 1451 1397 1487; x_wconf 80' lang='lat' dir='ltr'>Praepofitione</span> <span class='ocrx_word' id='word_1_836' title='bbox 1415 1453 1471 1480; x_wconf 93' lang='lat' dir='ltr'>Cic.</span> <span class='ocrx_word' id='word_1_837' title='bbox 1491 1453 1523 1479; x_wconf 89' lang='lat' dir='ltr'>ad</span> <span class='ocrx_word' id='word_1_838' title='bbox 1538 1454 1610 1479; x_wconf 73' lang='lat' dir='ltr'>Brut.</span> <span class='ocrx_word' id='word_1_839' title='bbox 1627 1462 1654 1479; x_wconf 84' lang='lat'>12</span> <span class='ocrx_word' id='word_1_840' title='bbox 1679 1454 1766 1487; x_wconf 86' lang='lat' dir='ltr'>Atque</span> <span class='ocrx_word' id='word_1_841' title='bbox 1780 1454 1832 1480; x_wconf 89' lang='lat' dir='ltr'>ille.</span> <span class='ocrx_word' id='word_1_842' title='bbox 1842 1455 1861 1480; x_wconf 85' lang='lat' dir='ltr'>si</span> <span class='ocrx_word' id='word_1_843' title='bbox 1873 1456 1953 1481; x_wconf 87' lang='lat' dir='ltr'>armis</span> <span class='ocrx_word' id='word_1_844' title='bbox 1965 1456 2054 1490; x_wconf 85' lang='lat' dir='ltr'>pofitis</span> <span class='ocrx_word' id='word_1_845' title='bbox 2068 1457 2099 1483; x_wconf 89' lang='lat' dir='ltr'>de</span> <span class='ocrx_word' id='word_1_846' title='bbox 2112 1458 2140 1484; x_wconf 91' lang='lat' dir='ltr'>vi</span> <span class='ocrx_word' id='word_1_847' title='bbox 2153 1458 2257 1486; x_wconf 88' lang='lat' dir='ltr'>dauma-</span> 
     </span>
    </p>
   </div>
   <div class='ocr_carea' id='block_1_21' title="bbox 1217 1488 2258 1522">
    <p class='ocr_par' dir='ltr' id='par_1_25' title="bbox 1217 1488 2258 1522">
     <span class='ocr_line' id='line_1_80' title="bbox 1217 1488 2258 1522; baseline 0.007 -9"><span class='ocrx_word' id='word_1_848' title='bbox 1217 1493 1258 1513; x_wconf 87' lang='lat' dir='ltr'>tus</span> <span class='ocrx_word' id='word_1_849' title='bbox 1274 1488 1349 1519; x_wconf 83' lang='lat' dir='ltr'>esset,</span> <span class='ocrx_word' id='word_1_850' title='bbox 1367 1494 1412 1513; x_wconf 83' lang='lat' dir='ltr'>ctc.</span> <span class='ocrx_word' id='word_1_851' title='bbox 1483 1489 1522 1514; x_wconf 87' lang='lat' dir='ltr'>De</span> <span class='ocrx_word' id='word_1_852' title='bbox 1536 1489 1565 1514; x_wconf 93' lang='lat' dir='ltr'>vi</span> <span class='ocrx_word' id='word_1_853' title='bbox 1578 1488 1683 1522; x_wconf 87' lang='lat' dir='ltr'>publica</span> <span class='ocrx_word' id='word_1_854' title='bbox 1703 1489 1769 1514; x_wconf 90' lang='lat' dir='ltr'>Tac.</span> <span class='ocrx_word' id='word_1_855' title='bbox 1784 1490 1852 1515; x_wconf 83' lang='lat' dir='ltr'>Ann.</span> <span class='ocrx_word' id='word_1_856' title='bbox 1867 1498 1893 1522; x_wconf 88' lang='lat'>4,</span> <span class='ocrx_word' id='word_1_857' title='bbox 1908 1498 1940 1522; x_wconf 86' lang='lat'>13,</span> <span class='ocrx_word' id='word_1_858' title='bbox 1955 1499 1977 1522; x_wconf 82' lang='lat'>3.</span> <span class='ocrx_word' id='word_1_859' title='bbox 2033 1492 2162 1519; x_wconf 85' lang='lat' dir='ltr'>Damnare</span> <span class='ocrx_word' id='word_1_860' title='bbox 2175 1494 2207 1519; x_wconf 85' lang='lat' dir='ltr'>de</span> <span class='ocrx_word' id='word_1_861' title='bbox 2219 1496 2258 1520; x_wconf 86' lang='lat' dir='ltr'>su-</span> 
     </span>
    </p>
   </div>
   <div class='ocr_carea' id='block_1_22' title="bbox 1218 1522 2260 1594">
    <p class='ocr_par' dir='ltr' id='par_1_26' title="bbox 1218 1522 2260 1594">
     <span class='ocr_line' id='line_1_81' title="bbox 1218 1522 2260 1559; baseline 0.005 -10"><span class='ocrx_word' id='word_1_862' title='bbox 1218 1522 1395 1556; x_wconf 87' lang='lat' dir='ltr'>spicionibus,</span> <span class='ocrx_word' id='word_1_863' title='bbox 1421 1526 1440 1548; x_wconf 88' lang='lat' dir='ltr'>i.</span> <span class='ocrx_word' id='word_1_864' title='bbox 1453 1523 1689 1557; x_wconf 77' lang='lat' dir='ltr'>exsuspicionibzcs,</span> <span class='ocrx_word' id='word_1_865' title='bbox 1702 1529 1748 1557; x_wconf 82' lang='lat' dir='ltr'>per</span> <span class='ocrx_word' id='word_1_866' title='bbox 1756 1523 1911 1558; x_wconf 79' lang='lat' dir='ltr'>suspiciones</span> <span class='ocrx_word' id='word_1_867' title='bbox 1936 1525 2040 1559; x_wconf 88' lang='lat' dir='ltr'>leian.</span> <span class='ocrx_word' id='word_1_868' title='bbox 2056 1527 2084 1552; x_wconf 90' lang='lat' dir='ltr'>in</span> <span class='ocrx_word' id='word_1_869' title='bbox 2095 1528 2112 1552; x_wconf 95' lang='lat' dir='ltr'>l.</span> <span class='ocrx_word' id='word_1_870' title='bbox 2126 1528 2260 1554; x_wconf 84' lang='lat' dir='ltr'>absentem</span> 
     </span>
     <span class='ocr_line' id='line_1_82' title="bbox 1218 1557 2260 1594; baseline 0.008 -13"><span class='ocrx_word' id='word_1_871' title='bbox 1218 1559 1250 1584; x_wconf 92' lang='lat' dir='ltr'>D.</span> <span class='ocrx_word' id='word_1_872' title='bbox 1265 1557 1297 1582; x_wconf 88' lang='lat' dir='ltr'>de</span> <span class='ocrx_word' id='word_1_873' title='bbox 1313 1557 1413 1590; x_wconf 87' lang='lat' dir='ltr'>poenis.</span> <span class='ocrx_word' id='word_1_874' title='bbox 1484 1558 1524 1582; x_wconf 90' lang='lat' dir='ltr'>De</span> <span class='ocrx_word' id='word_1_875' title='bbox 1538 1557 1653 1590; x_wconf 87' lang='lat' dir='ltr'>pecuniis</span> <span class='ocrx_word' id='word_1_876' title='bbox 1665 1559 1816 1591; x_wconf 82' lang='lat' dir='ltr'>repetundis</span> <span class='ocrx_word' id='word_1_877' title='bbox 1830 1558 1949 1585; x_wconf 85' lang='lat' dir='ltr'>damnari</span> <span class='ocrx_word' id='word_1_878' title='bbox 1969 1560 2024 1586; x_wconf 85' lang='lat' dir='ltr'>Cic.</span> <span class='ocrx_word' id='word_1_879' title='bbox 2038 1570 2087 1594; x_wconf 87' lang='lat' dir='ltr'>pro</span> <span class='ocrx_word' id='word_1_880' title='bbox 2100 1562 2204 1589; x_wconf 86' lang='lat' dir='ltr'>Cluent.</span> <span class='ocrx_word' id='word_1_881' title='bbox 2220 1566 2260 1589; x_wconf 85' lang='lat'>116</span> 
     </span>
    </p>
   </div>
   <div class='ocr_carea' id='block_1_23' title="bbox 1220 1591 2258 1628">
    <p class='ocr_par' dir='ltr' id='par_1_27' title="bbox 1220 1591 2258 1628">
     <span class='ocr_line' id='line_1_83' title="bbox 1220 1591 2258 1628; baseline 0.008 -11"><span class='ocrx_word' id='word_1_882' title='bbox 1220 1601 1241 1617; x_wconf 90' lang='lat' dir='ltr'>c.</span> <span class='ocrx_word' id='word_1_883' title='bbox 1255 1600 1294 1624; x_wconf 87' lang='grc'>41.</span> <span class='ocrx_word' id='word_1_884' title='bbox 1350 1591 1388 1617; x_wconf 82' lang='grc' dir='ltr'>Ι)0</span> <span class='ocrx_word' id='word_1_885' title='bbox 1401 1591 1532 1617; x_wconf 85' lang='lat' dir='ltr'>maiestate</span> <span class='ocrx_word' id='word_1_886' title='bbox 1549 1593 1700 1618; x_wconf 87' lang='lat' dir='ltr'>damnatum</span> <span class='ocrx_word' id='word_1_887' title='bbox 1715 1593 1763 1618; x_wconf 81' lang='lat' dir='ltr'>ess&#39;e</span> <span class='ocrx_word' id='word_1_888' title='bbox 1787 1592 1862 1619; x_wconf 85' lang='lat' dir='ltr'>Idem</span> <span class='ocrx_word' id='word_1_889' title='bbox 1875 1595 1950 1620; x_wconf 85' lang='lat' dir='ltr'>Verr.</span> <span class='ocrx_word' id='word_1_890' title='bbox 1965 1594 2023 1621; x_wconf 63' lang='lat' dir='ltr'>A&amp;</span> <span class='ocrx_word' id='word_1_891' title='bbox 2038 1604 2058 1628; x_wconf 87' lang='lat'>1,</span> <span class='ocrx_word' id='word_1_892' title='bbox 2072 1605 2107 1628; x_wconf 82' lang='lat'>23.</span> <span class='ocrx_word' id='word_1_893' title='bbox 2176 1599 2258 1625; x_wconf 81' lang='lat' dir='ltr'>Plaut-</span> 
     </span>
    </p>
   </div>
   <div class='ocr_carea' id='block_1_24' title="bbox 109 1624 2258 1668">
    <p class='ocr_par' dir='ltr' id='par_1_28' title="bbox 109 1624 2258 1668">
     <span class='ocr_line' id='line_1_84' title="bbox 109 1624 2258 1668; baseline 0.003 -15"><span class='ocrx_word' id='word_1_894' title='bbox 109 1626 140 1653; x_wconf 82' lang='lat' dir='ltr'>de</span> <span class='ocrx_word' id='word_1_895' title='bbox 154 1628 185 1654; x_wconf 88' lang='lat' dir='ltr'>R.</span> <span class='ocrx_word' id='word_1_896' title='bbox 202 1628 233 1653; x_wconf 80' lang='lat' dir='ltr'>R.</span> <span class='ocrx_word' id='word_1_897' title='bbox 247 1636 270 1659; x_wconf 83' lang='lat'>3,</span> <span class='ocrx_word' id='word_1_898' title='bbox 284 1636 296 1659; x_wconf 85' lang='grc'>3</span> <span class='ocrx_word' id='word_1_899' title='bbox 315 1627 342 1654; x_wconf 87' lang='lat' dir='ltr'>Si</span> <span class='ocrx_word' id='word_1_900' title='bbox 356 1627 410 1653; x_wconf 90' lang='lat' dir='ltr'>cito</span> <span class='ocrx_word' id='word_1_901' title='bbox 424 1626 572 1657; x_wconf 82' lang='lat' dir='ltr'>sustuleris,</span> <span class='ocrx_word' id='word_1_902' title='bbox 593 1631 618 1650; x_wconf 88' lang='lat' dir='ltr'>et</span> <span class='ocrx_word' id='word_1_903' title='bbox 633 1626 692 1651; x_wconf 86' lang='lat' dir='ltr'>vasa</span> <span class='ocrx_word' id='word_1_904' title='bbox 705 1631 793 1658; x_wconf 87' lang='lat' dir='ltr'>parata</span> <span class='ocrx_word' id='word_1_905' title='bbox 805 1630 892 1656; x_wconf 85' lang='lat' dir='ltr'>erunt,</span> <span class='ocrx_word' id='word_1_906' title='bbox 907 1624 976 1650; x_wconf 90' lang='lat' dir='ltr'>nihil</span> <span class='ocrx_word' id='word_1_907' title='bbox 993 1624 1082 1650; x_wconf 88' lang='lat' dir='ltr'>daumi</span> <span class='ocrx_word' id='word_1_908' title='bbox 1098 1624 1149 1650; x_wconf 85' lang='lat' dir='ltr'>erit</span> <span class='ocrx_word' id='word_1_909' title='bbox 1160 1639 1197 1663; x_wconf 80' lang='lat'>40</span> <span class='ocrx_word' id='word_1_910' title='bbox 1220 1626 1287 1652; x_wconf 90' lang='lat' dir='ltr'>Rud.</span> <span class='ocrx_word' id='word_1_911' title='bbox 1309 1633 1331 1658; x_wconf 89' lang='lat'>5,</span> <span class='ocrx_word' id='word_1_912' title='bbox 1352 1634 1373 1658; x_wconf 95' lang='lat'>1,</span> <span class='ocrx_word' id='word_1_913' title='bbox 1393 1635 1406 1651; x_wconf 90' lang='lat'>2</span> <span class='ocrx_word' id='word_1_914' title='bbox 1435 1627 1523 1659; x_wconf 84' lang='lat' dir='ltr'>Q1em</span> <span class='ocrx_word' id='word_1_915' title='bbox 1543 1626 1624 1652; x_wconf 90' lang='lat' dir='ltr'>modo</span> <span class='ocrx_word' id='word_1_916' title='bbox 1645 1626 1782 1653; x_wconf 84' lang='lat' dir='ltr'>damnauit</span> <span class='ocrx_word' id='word_1_917' title='bbox 1801 1627 1833 1653; x_wconf 89' lang='lat' dir='ltr'>ad</span> <span class='ocrx_word' id='word_1_918' title='bbox 1852 1636 2049 1663; x_wconf 84' lang='lat' dir='ltr'>recuperatores</span> <span class='ocrx_word' id='word_1_919' title='bbox 2063 1631 2258 1668; x_wconf 69' lang='lat' dir='ltr'>Picusidippus?</span> 
     </span>
    </p>
   </div>
   <div class='ocr_carea' id='block_1_25' title="bbox 108 1659 1152 1796">
    <p class='ocr_par' dir='ltr' id='par_1_29' title="bbox 108 1659 1152 1796">
     <span class='ocr_line' id='line_1_85' title="bbox 108 1659 1150 1698; baseline -0.005 -10"><span class='ocrx_word' id='word_1_920' title='bbox 108 1671 139 1688; x_wconf 87' lang='lat' dir='ltr'>ex</span> <span class='ocrx_word' id='word_1_921' title='bbox 154 1662 314 1696; x_wconf 83' lang='lat' dir='ltr'>tempestate.</span> <span class='ocrx_word' id='word_1_922' title='bbox 367 1663 468 1688; x_wconf 80' lang='lat' dir='ltr'>Damna</span> <span class='ocrx_word' id='word_1_923' title='bbox 482 1669 507 1688; x_wconf 86' lang='lat' dir='ltr'>et</span> <span class='ocrx_word' id='word_1_924' title='bbox 520 1661 677 1687; x_wconf 82' lang='lat' dir='ltr'>detrimenta</span> <span class='ocrx_word' id='word_1_925' title='bbox 697 1660 752 1685; x_wconf 83' lang='lat' dir='ltr'>Cic.</span> <span class='ocrx_word' id='word_1_926' title='bbox 766 1659 797 1685; x_wconf 87' lang='lat' dir='ltr'>de</span> <span class='ocrx_word' id='word_1_927' title='bbox 811 1659 906 1698; x_wconf 63' lang='lat' dir='ltr'>Legib:</span> <span class='ocrx_word' id='word_1_928' title='bbox 920 1668 941 1698; x_wconf 80' lang='lat'>1,</span> <span class='ocrx_word' id='word_1_929' title='bbox 953 1662 1002 1697; x_wconf 66' lang='grc' dir='ltr'>ῥι-</span> <span class='ocrx_word' id='word_1_930' title='bbox 1047 1659 1150 1684; x_wconf 77' lang='lat' dir='ltr'>Iae&#39;h1ra</span> 
     </span>
     <span class='ocr_line' id='line_1_86' title="bbox 108 1693 1150 1731; baseline -0.007 -8"><span class='ocrx_word' id='word_1_931' title='bbox 108 1703 187 1730; x_wconf 82' lang='lat' dir='ltr'>atque</span> <span class='ocrx_word' id='word_1_932' title='bbox 211 1697 336 1723; x_wconf 84' lang='lat' dir='ltr'>damnum</span> <span class='ocrx_word' id='word_1_933' title='bbox 364 1697 438 1723; x_wconf 88' lang='lat' dir='ltr'>Idem</span> <span class='ocrx_word' id='word_1_934' title='bbox 456 1697 488 1722; x_wconf 86' lang='lat' dir='ltr'>de</span> <span class='ocrx_word' id='word_1_935' title='bbox 507 1697 576 1729; x_wconf 82' lang='lat' dir='ltr'>Lege</span> <span class='ocrx_word' id='word_1_936' title='bbox 594 1697 655 1727; x_wconf 83' lang='lat' dir='ltr'>Agr.</span> <span class='ocrx_word' id='word_1_937' title='bbox 671 1703 688 1723; x_wconf 88' lang='lat'>1,</span> <span class='ocrx_word' id='word_1_938' title='bbox 703 1702 741 1719; x_wconf 86' lang='lat'>21.</span> <span class='ocrx_word' id='word_1_939' title='bbox 787 1727 792 1731; x_wconf 39' lang='grc' dir='ltr'>ι</span> <span class='ocrx_word' id='word_1_940' title='bbox 812 1694 908 1718; x_wconf 79' lang='lat' dir='ltr'>Damni</span> <span class='ocrx_word' id='word_1_941' title='bbox 922 1700 1021 1717; x_wconf 78' lang='lat' dir='ltr'>iniuria</span> <span class='ocrx_word' id='word_1_942' title='bbox 1050 1693 1088 1717; x_wconf 88' lang='lat' dir='ltr'>Id.</span> <span class='ocrx_word' id='word_1_943' title='bbox 1101 1700 1150 1731; x_wconf 73' lang='lat' dir='ltr'>pro</span> 
     </span>
     <span class='ocr_line' id='line_1_87' title="bbox 110 1726 1151 1762; baseline -0.007 -4"><span class='ocrx_word' id='word_1_944' title='bbox 110 1732 185 1757; x_wconf 84' lang='lat' dir='ltr'>Rosc.</span> <span class='ocrx_word' id='word_1_945' title='bbox 206 1733 282 1757; x_wconf 88' lang='lat' dir='ltr'>Com.</span> <span class='ocrx_word' id='word_1_946' title='bbox 299 1741 334 1762; x_wconf 80' lang='lat'>32.</span> <span class='ocrx_word' id='word_1_947' title='bbox 407 1732 507 1757; x_wconf 83' lang='lat' dir='ltr'>Acerba</span> <span class='ocrx_word' id='word_1_948' title='bbox 518 1731 611 1755; x_wconf 84' lang='lat' dir='ltr'>damna</span> <span class='ocrx_word' id='word_1_949' title='bbox 648 1727 739 1753; x_wconf 80' lang='lat' dir='ltr'>Claud.</span> <span class='ocrx_word' id='word_1_950' title='bbox 759 1726 961 1759; x_wconf 83' lang='lat' dir='ltr'>Gigantomach.</span> <span class='ocrx_word' id='word_1_951' title='bbox 981 1735 1021 1752; x_wconf 92' lang='lat'>20.</span> <span class='ocrx_word' id='word_1_952' title='bbox 1077 1727 1151 1752; x_wconf 83' lang='lat' dir='ltr'>D1t1a</span> 
     </span>
     <span class='ocr_line' id='line_1_88' title="bbox 108 1761 1152 1796; baseline -0.005 -5"><span class='ocrx_word' id='word_1_953' title='bbox 108 1767 201 1791; x_wconf 85' lang='lat' dir='ltr'>damna</span> <span class='ocrx_word' id='word_1_954' title='bbox 225 1765 383 1790; x_wconf 84' lang='lat' dir='ltr'>Rutil.1tin.</span> <span class='ocrx_word' id='word_1_955' title='bbox 398 1774 419 1796; x_wconf 91' lang='lat'>1,</span> <span class='ocrx_word' id='word_1_956' title='bbox 435 1773 484 1795; x_wconf 86' lang='lat'>¹23·</span> <span class='ocrx_word' id='word_1_957' title='bbox 516 1763 545 1788; x_wconf 84' lang='lat' dir='ltr'>de</span> <span class='ocrx_word' id='word_1_958' title='bbox 557 1762 668 1787; x_wconf 77' lang='lat' dir='ltr'>cladibus</span> <span class='ocrx_word' id='word_1_959' title='bbox 683 1762 770 1795; x_wconf 77' lang='lat' dir='ltr'>Populi</span> <span class='ocrx_word' id='word_1_960' title='bbox 788 1762 857 1786; x_wconf 85' lang='lat' dir='ltr'>Rom.</span> <span class='ocrx_word' id='word_1_961' title='bbox 876 1763 902 1786; x_wconf 84' lang='lat' dir='ltr'>in</span> <span class='ocrx_word' id='word_1_962' title='bbox 917 1761 1037 1796; x_wconf 73' lang='lat' dir='ltr'>prospera</span> <span class='ocrx_word' id='word_1_963' title='bbox 1055 1769 1152 1788; x_wconf 77' lang='lat' dir='ltr'>verten-</span> 
     </span>
    </p>
   </div>
   <div class='ocr_carea' id='block_1_26' title="bbox 107 1796 807 1829">
    <p class='ocr_par' dir='ltr' id='par_1_30' title="bbox 107 1796 807 1829">
     <span class='ocr_line' id='line_1_89' title="bbox 107 1796 807 1829; baseline -0.009 -3"><span class='ocrx_word' id='word_1_964' title='bbox 107 1800 182 1826; x_wconf 79' lang='lat' dir='ltr'>tibus.</span> <span class='ocrx_word' id='word_1_965' title='bbox 241 1799 338 1825; x_wconf 88' lang='lat' dir='ltr'>Fatalia</span> <span class='ocrx_word' id='word_1_966' title='bbox 351 1799 444 1824; x_wconf 88' lang='lat' dir='ltr'>damna</span> <span class='ocrx_word' id='word_1_967' title='bbox 475 1797 555 1824; x_wconf 91' lang='lat' dir='ltr'>Ouid.</span> <span class='ocrx_word' id='word_1_968' title='bbox 567 1796 653 1822; x_wconf 85' lang='lat' dir='ltr'>Trist.</span> <span class='ocrx_word' id='word_1_969' title='bbox 675 1804 694 1827; x_wconf 91' lang='lat'>1,</span> <span class='ocrx_word' id='word_1_970' title='bbox 715 1803 742 1829; x_wconf 93' lang='lat'>7,</span> <span class='ocrx_word' id='word_1_971' title='bbox 762 1802 807 1829; x_wconf 85' lang='grc'>47.</span> 
     </span>
    </p>
   </div>
   <div class='ocr_carea' id='block_1_27' title="bbox 101 1867 1153 2142">
    <p class='ocr_par' dir='ltr' id='par_1_31' title="bbox 101 1867 1151 2105">
     <span class='ocr_line' id='line_1_90' title="bbox 108 1867 1151 1904; baseline -0.003 -7"><span class='ocrx_word' id='word_1_972' title='bbox 108 1871 194 1901; x_wconf 82' lang='lat' dir='ltr'>tibus,</span> <span class='ocrx_word' id='word_1_973' title='bbox 221 1878 342 1904; x_wconf 81' lang='lat' dir='ltr'>quaeque</span> <span class='ocrx_word' id='word_1_974' title='bbox 355 1869 429 1895; x_wconf 89' lang='lat' dir='ltr'>nullo</span> <span class='ocrx_word' id='word_1_975' title='bbox 446 1868 528 1897; x_wconf 85' lang='lat' dir='ltr'>modo</span> <span class='ocrx_word' id='word_1_976' title='bbox 542 1867 692 1902; x_wconf 80' lang='lat' dir='ltr'>praecaueri</span> <span class='ocrx_word' id='word_1_977' title='bbox 707 1867 816 1900; x_wconf 82' lang='lat' dir='ltr'>poffimt.</span> <span class='ocrx_word' id='word_1_978' title='bbox 873 1867 965 1902; x_wconf 88' lang='lat' dir='ltr'>Itaque</span> <span class='ocrx_word' id='word_1_979' title='bbox 984 1867 1016 1894; x_wconf 84' lang='lat' dir='ltr'>ad</span> <span class='ocrx_word' id='word_1_980' title='bbox 1034 1877 1063 1894; x_wconf 90' lang='lat' dir='ltr'>ea</span> <span class='ocrx_word' id='word_1_981' title='bbox 1079 1877 1151 1902; x_wconf 88' lang='lat' dir='ltr'>prae-</span> 
     </span>
     <span class='ocr_line' id='line_1_91' title="bbox 109 1901 1150 1939; baseline -0.003 -7"><span class='ocrx_word' id='word_1_982' title='bbox 109 1906 196 1933; x_wconf 86' lang='lat' dir='ltr'>standa</span> <span class='ocrx_word' id='word_1_983' title='bbox 210 1914 289 1931; x_wconf 88' lang='lat' dir='ltr'>nemo</span> <span class='ocrx_word' id='word_1_984' title='bbox 303 1904 445 1939; x_wconf 87' lang='lat' dir='ltr'>obligatur.</span> <span class='ocrx_word' id='word_1_985' title='bbox 472 1904 490 1930; x_wconf 93' lang='lat' dir='ltr'>l.</span> <span class='ocrx_word' id='word_1_986' title='bbox 504 1903 607 1930; x_wconf 86' lang='lat' dir='ltr'>duobus</span> <span class='ocrx_word' id='word_1_987' title='bbox 628 1901 766 1939; x_wconf 85' lang='lat' dir='ltr'>§.Damna</span> <span class='ocrx_word' id='word_1_988' title='bbox 784 1903 816 1928; x_wconf 92' lang='lat' dir='ltr'>D.</span> <span class='ocrx_word' id='word_1_989' title='bbox 831 1911 880 1936; x_wconf 89' lang='lat' dir='ltr'>pro</span> <span class='ocrx_word' id='word_1_990' title='bbox 894 1903 975 1928; x_wconf 87' lang='lat' dir='ltr'>socio.</span> <span class='ocrx_word' id='word_1_991' title='bbox 1049 1904 1150 1929; x_wconf 83' lang='lat' dir='ltr'>Flebile</span> 
     </span>
     <span class='ocr_line' id='line_1_92' title="bbox 101 1938 1030 1973; baseline -0.006 -4"><span class='ocrx_word' id='word_1_992' title='bbox 101 1941 202 1969; x_wconf 81' lang='lat' dir='ltr'>Claud.</span> <span class='ocrx_word' id='word_1_993' title='bbox 216 1941 244 1967; x_wconf 88' lang='lat' dir='ltr'>in</span> <span class='ocrx_word' id='word_1_994' title='bbox 258 1940 326 1967; x_wconf 82' lang='lat' dir='ltr'>Ruff.</span> <span class='ocrx_word' id='word_1_995' title='bbox 341 1948 365 1972; x_wconf 88' lang='lat'>2,</span> <span class='ocrx_word' id='word_1_996' title='bbox 382 1947 402 1973; x_wconf 83' lang='grc' dir='ltr'>ς,</span> <span class='ocrx_word' id='word_1_997' title='bbox 417 1941 462 1973; x_wconf 89' lang='lat'>46.</span> <span class='ocrx_word' id='word_1_998' title='bbox 518 1938 631 1965; x_wconf 89' lang='lat' dir='ltr'>Gemina</span> <span class='ocrx_word' id='word_1_999' title='bbox 652 1938 724 1964; x_wconf 82' lang='lat' dir='ltr'>Idem</span> <span class='ocrx_word' id='word_1_1000' title='bbox 736 1939 764 1964; x_wconf 87' lang='lat' dir='ltr'>in</span> <span class='ocrx_word' id='word_1_1001' title='bbox 777 1938 853 1964; x_wconf 91' lang='lat' dir='ltr'>Cons.</span> <span class='ocrx_word' id='word_1_1002' title='bbox 864 1938 963 1964; x_wconf 79' lang='lat' dir='ltr'>Stilich.</span> <span class='ocrx_word' id='word_1_1003' title='bbox 977 1943 1030 1971; x_wconf 78' lang='lat'>384.</span> 
     </span>
     <span class='ocr_line' id='line_1_93' title="bbox 107 1974 922 2010; baseline -0.004 -7"><span class='ocrx_word' id='word_1_1004' title='bbox 107 1978 169 2004; x_wconf 88' lang='lat' dir='ltr'>vius</span> <span class='ocrx_word' id='word_1_1005' title='bbox 197 1976 279 2003; x_wconf 85' lang='lat' dir='ltr'>Ouid.</span> <span class='ocrx_word' id='word_1_1006' title='bbox 296 1977 361 2002; x_wconf 86' lang='lat' dir='ltr'>Met.</span> <span class='ocrx_word' id='word_1_1007' title='bbox 376 1983 401 2010; x_wconf 90' lang='lat'>7,</span> <span class='ocrx_word' id='word_1_1008' title='bbox 415 1983 467 2009; x_wconf 87' lang='lat'>552.</span> <span class='ocrx_word' id='word_1_1009' title='bbox 536 1975 608 2001; x_wconf 86' lang='lat' dir='ltr'>Leue</span> <span class='ocrx_word' id='word_1_1010' title='bbox 642 1974 714 2000; x_wconf 90' lang='lat' dir='ltr'>Idem</span> <span class='ocrx_word' id='word_1_1011' title='bbox 729 1974 792 1999; x_wconf 88' lang='lat' dir='ltr'>Met.</span> <span class='ocrx_word' id='word_1_1012' title='bbox 814 1982 852 2006; x_wconf 87' lang='lat'>14,</span> <span class='ocrx_word' id='word_1_1013' title='bbox 867 1981 922 2008; x_wconf 83' lang='lat'>197.</span> 
     </span>
     <span class='ocr_line' id='line_1_94' title="bbox 108 2008 1151 2047; baseline -0.005 -8"><span class='ocrx_word' id='word_1_1014' title='bbox 108 2013 148 2040; x_wconf 84' lang='lat' dir='ltr'>Id.</span> <span class='ocrx_word' id='word_1_1015' title='bbox 164 2008 254 2038; x_wconf 84' lang='lat' dir='ltr'>Amor.</span> <span class='ocrx_word' id='word_1_1016' title='bbox 269 2021 288 2042; x_wconf 85' lang='lat'>1,</span> <span class='ocrx_word' id='word_1_1017' title='bbox 304 2019 343 2044; x_wconf 84' lang='lat'>14,</span> <span class='ocrx_word' id='word_1_1018' title='bbox 356 2018 393 2043; x_wconf 84' lang='lat'>55.</span> <span class='ocrx_word' id='word_1_1019' title='bbox 463 2011 614 2044; x_wconf 79' lang='lat' dir='ltr'>Speciosum</span> <span class='ocrx_word' id='word_1_1020' title='bbox 632 2009 773 2041; x_wconf 88' lang='lat' dir='ltr'>damnum,</span> <span class='ocrx_word' id='word_1_1021' title='bbox 788 2009 852 2044; x_wconf 81' lang='lat' dir='ltr'>quod</span> <span class='ocrx_word' id='word_1_1022' title='bbox 858 2010 963 2044; x_wconf 71' lang='lat' dir='ltr'>speciem</span> <span class='ocrx_word' id='word_1_1023' title='bbox 975 2010 1095 2043; x_wconf 61' lang='lat' dir='ltr'>quandam</span> <span class='ocrx_word' id='word_1_1024' title='bbox 1112 2020 1151 2047; x_wconf 63' lang='lat' dir='ltr'>caf-</span> 
     </span>
     <span class='ocr_line' id='line_1_95' title="bbox 107 2045 1151 2105; baseline -0.005 -30"><span class='ocrx_word' id='word_1_1025' title='bbox 107 2048 190 2076; x_wconf 79' lang='lat' dir='ltr'>bibeat</span> <span class='ocrx_word' id='word_1_1026' title='bbox 202 2047 271 2073; x_wconf 84' lang='lat' dir='ltr'>nobis</span> <span class='ocrx_word' id='word_1_1027' title='bbox 286 2056 332 2072; x_wconf 86' lang='lat' dir='ltr'>non</span> <span class='ocrx_word' id='word_1_1028' title='bbox 347 2045 534 2072; x_wconf 77' lang='lat' dir='ltr'>contemnendae</span> <span class='ocrx_word' id='word_1_1029' title='bbox 547 2047 687 2076; x_wconf 72' lang='lat' dir='ltr'>militatis,</span> <span class='ocrx_word' id='word_1_1030' title='bbox 708 2053 779 2079; x_wconf 83' lang='lat' dir='ltr'>quum</span> <span class='ocrx_word' id='word_1_1031' title='bbox 799 2052 879 2070; x_wconf 81' lang='lat' dir='ltr'>tamen</span> <span class='ocrx_word' id='word_1_1032' title='bbox 899 2055 925 2071; x_wconf 87' lang='lat' dir='ltr'>re</span> <span class='ocrx_word' id='word_1_1033' title='bbox 940 2046 994 2080; x_wconf 64' lang='lat' dir='ltr'>ipsa</span> <span class='ocrx_word' id='word_1_1034' title='bbox 1007 2047 1151 2105; x_wconf 49' lang='lat' dir='ltr'>izoag&#39;luinjit</span> 
     </span>
    </p>

    <p class='ocr_par' dir='ltr' id='par_1_32' title="bbox 965 2089 1153 2142">
     <span class='ocr_line' id='line_1_96' title="bbox 1084 2089 1151 2105; baseline 0 0"><span class='ocrx_word' id='word_1_1035' title='bbox 1084 2089 1151 2105; x_wconf 84' lang='lat' dir='ltr'>enne</span> 
     </span>
     <span class='ocr_line' id='line_1_97' title="bbox 965 2115 1153 2142; baseline 0.005 -2"><span class='ocrx_word' id='word_1_1036' title='bbox 965 2115 1095 2142; x_wconf 84' lang='lat' dir='ltr'>Accedere</span> <span class='ocrx_word' id='word_1_1037' title='bbox 1110 2115 1153 2141; x_wconf 88' lang='lat' dir='ltr'>da-</span> 
     </span>
    </p>
   </div>
   <div class='ocr_carea' id='block_1_28' title="bbox 1087 1940 1151 1965">
    <p class='ocr_par' dir='ltr' id='par_1_33' title="bbox 1087 1940 1151 1965">
     <span class='ocr_line' id='line_1_98' title="bbox 1087 1940 1151 1965; baseline 0 -1"><span class='ocrx_word' id='word_1_1038' title='bbox 1087 1940 1151 1965; x_wconf 85' lang='lat' dir='ltr'>Gra-</span> 
     </span>
    </p>
   </div>
   <div class='ocr_carea' id='block_1_29' title="bbox 110 2115 1154 2334">
    <p class='ocr_par' dir='ltr' id='par_1_34' title="bbox 110 2115 1154 2334">
     <span class='ocr_line' id='line_1_99' title="bbox 113 2115 895 2151; baseline -0.004 -6"><span class='ocrx_word' id='word_1_1039' title='bbox 113 2118 205 2145; x_wconf 87' lang='lat' dir='ltr'>Claud.</span> <span class='ocrx_word' id='word_1_1040' title='bbox 219 2118 250 2144; x_wconf 87' lang='lat' dir='ltr'>de</span> <span class='ocrx_word' id='word_1_1041' title='bbox 258 2118 387 2144; x_wconf 84' lang='lat' dir='ltr'>Bell.Get.</span> <span class='ocrx_word' id='word_1_1042' title='bbox 402 2124 423 2149; x_wconf 82' lang='lat'>5.</span> <span class='ocrx_word' id='word_1_1043' title='bbox 460 2116 568 2151; x_wconf 88' lang='lat' dir='ltr'>Turpia</span> <span class='ocrx_word' id='word_1_1044' title='bbox 588 2115 708 2149; x_wconf 17' lang='lat' dir='ltr'>IdemKde</span> <span class='ocrx_word' id='word_1_1045' title='bbox 722 2116 749 2142; x_wconf 86' lang='lat' dir='ltr'>B.</span> <span class='ocrx_word' id='word_1_1046' title='bbox 763 2115 895 2148; x_wconf 87' lang='lat' dir='ltr'>Gild.189.</span> 
     </span>
     <span class='ocr_line' id='line_1_100' title="bbox 111 2149 1154 2187; baseline -0.004 -7"><span class='ocrx_word' id='word_1_1047' title='bbox 111 2155 180 2180; x_wconf 86' lang='lat' dir='ltr'>mnis</span> <span class='ocrx_word' id='word_1_1048' title='bbox 200 2153 281 2181; x_wconf 88' lang='lat' dir='ltr'>Ouid.</span> <span class='ocrx_word' id='word_1_1049' title='bbox 295 2153 326 2179; x_wconf 85' lang='lat' dir='ltr'>de</span> <span class='ocrx_word' id='word_1_1050' title='bbox 341 2153 415 2179; x_wconf 87' lang='lat' dir='ltr'>Nuce</span> <span class='ocrx_word' id='word_1_1051' title='bbox 430 2160 474 2187; x_wconf 86' lang='lat'>47.</span> <span class='ocrx_word' id='word_1_1052' title='bbox 545 2153 604 2178; x_wconf 90' lang='lat' dir='ltr'>Hoc</span> <span class='ocrx_word' id='word_1_1053' title='bbox 619 2149 735 2186; x_wconf 85' lang='lat' dir='ltr'>paullum</span> <span class='ocrx_word' id='word_1_1054' title='bbox 748 2151 818 2177; x_wconf 85' lang='lat' dir='ltr'>lucri</span> <span class='ocrx_word' id='word_1_1055' title='bbox 831 2156 957 2185; x_wconf 86' lang='lat' dir='ltr'>quantum</span> <span class='ocrx_word' id='word_1_1056' title='bbox 972 2151 998 2177; x_wconf 87' lang='lat' dir='ltr'>ei</span> <span class='ocrx_word' id='word_1_1057' title='bbox 1010 2151 1097 2177; x_wconf 87' lang='lat' dir='ltr'>damni</span> <span class='ocrx_word' id='word_1_1058' title='bbox 1111 2160 1154 2185; x_wconf 88' lang='lat' dir='ltr'>ap-</span> 
     </span>
     <span class='ocr_line' id='line_1_101' title="bbox 110 2186 1151 2224; baseline -0.003 -8"><span class='ocrx_word' id='word_1_1059' title='bbox 110 2192 198 2224; x_wconf 77' lang='lat' dir='ltr'>portat</span> <span class='ocrx_word' id='word_1_1060' title='bbox 217 2189 284 2215; x_wconf 86' lang='lat' dir='ltr'>Ter.</span> <span class='ocrx_word' id='word_1_1061' title='bbox 299 2190 394 2215; x_wconf 79' lang='lat' dir='ltr'>Heaut.</span> <span class='ocrx_word' id='word_1_1062' title='bbox 409 2198 436 2222; x_wconf 86' lang='lat'>4,</span> <span class='ocrx_word' id='word_1_1063' title='bbox 449 2197 476 2221; x_wconf 87' lang='lat'>4,</span> <span class='ocrx_word' id='word_1_1064' title='bbox 491 2195 527 2220; x_wconf 83' lang='lat'>25.</span> <span class='ocrx_word' id='word_1_1065' title='bbox 600 2189 703 2221; x_wconf 79' lang='lat' dir='ltr'>Auget-e</span> <span class='ocrx_word' id='word_1_1066' title='bbox 718 2187 814 2213; x_wconf 86' lang='lat' dir='ltr'>damno</span> <span class='ocrx_word' id='word_1_1067' title='bbox 841 2186 915 2213; x_wconf 86' lang='lat' dir='ltr'>Idem</span> <span class='ocrx_word' id='word_1_1068' title='bbox 931 2188 1025 2213; x_wconf 81' lang='lat' dir='ltr'>Heaut.</span> <span class='ocrx_word' id='word_1_1069' title='bbox 1040 2196 1062 2219; x_wconf 89' lang='grc'>3,</span> <span class='ocrx_word' id='word_1_1070' title='bbox 1076 2196 1104 2220; x_wconf 88' lang='grc'>4,</span> <span class='ocrx_word' id='word_1_1071' title='bbox 1118 2194 1151 2219; x_wconf 87' lang='lat'>15.</span> 
     </span>
     <span class='ocr_line' id='line_1_102' title="bbox 111 2222 1154 2259; baseline -0.002 -8"><span class='ocrx_word' id='word_1_1072' title='bbox 111 2228 151 2259; x_wconf 87' lang='lat'>(4,</span> <span class='ocrx_word' id='word_1_1073' title='bbox 166 2234 186 2257; x_wconf 90' lang='lat'>1,</span> <span class='ocrx_word' id='word_1_1074' title='bbox 202 2227 247 2256; x_wconf 85' lang='lat'>15.)</span> <span class='ocrx_word' id='word_1_1075' title='bbox 300 2225 399 2258; x_wconf 88' lang='lat' dir='ltr'>Capere</span> <span class='ocrx_word' id='word_1_1076' title='bbox 413 2224 553 2254; x_wconf 88' lang='lat' dir='ltr'>damnum,</span> <span class='ocrx_word' id='word_1_1077' title='bbox 576 2223 685 2249; x_wconf 78' lang='lat' dir='ltr'>Cei-tare</span> <span class='ocrx_word' id='word_1_1078' title='bbox 698 2222 814 2254; x_wconf 85' lang='lat' dir='ltr'>damnis,</span> <span class='ocrx_word' id='word_1_1079' title='bbox 845 2222 903 2249; x_wconf 83' lang='lat' dir='ltr'>Vid.</span> <span class='ocrx_word' id='word_1_1080' title='bbox 916 2223 958 2250; x_wconf 84' lang='lat' dir='ltr'>hh.</span> <span class='ocrx_word' id='word_1_1081' title='bbox 972 2232 1014 2248; x_wconf 81' lang='lat' dir='ltr'>vv.</span> <span class='ocrx_word' id='word_1_1082' title='bbox 1071 2223 1154 2249; x_wconf 72' lang='lat' dir='ltr'>Co&#39;e‘r-</span> 
     </span>
     <span class='ocr_line' id='line_1_103' title="bbox 110 2258 1153 2294; baseline -0.003 -7"><span class='ocrx_word' id='word_1_1083' title='bbox 110 2270 169 2287; x_wconf 86' lang='lat' dir='ltr'>cere</span> <span class='ocrx_word' id='word_1_1084' title='bbox 183 2260 279 2286; x_wconf 88' lang='lat' dir='ltr'>damno</span> <span class='ocrx_word' id='word_1_1085' title='bbox 293 2259 409 2294; x_wconf 85' lang='lat' dir='ltr'>aliquem</span> <span class='ocrx_word' id='word_1_1086' title='bbox 441 2259 497 2285; x_wconf 90' lang='lat' dir='ltr'>Cic.</span> <span class='ocrx_word' id='word_1_1087' title='bbox 511 2258 564 2285; x_wconf 80' lang='lat' dir='ltr'>Off.</span> <span class='ocrx_word' id='word_1_1088' title='bbox 579 2267 601 2290; x_wconf 87' lang='grc'>3,</span> <span class='ocrx_word' id='word_1_1089' title='bbox 614 2267 643 2290; x_wconf 83' lang='lat'>23</span> <span class='ocrx_word' id='word_1_1090' title='bbox 658 2268 679 2284; x_wconf 93' lang='lat' dir='ltr'>c.</span> <span class='ocrx_word' id='word_1_1091' title='bbox 693 2267 714 2291; x_wconf 89' lang='lat'>5.</span> <span class='ocrx_word' id='word_1_1092' title='bbox 741 2258 770 2284; x_wconf 89' lang='lat' dir='ltr'>de</span> <span class='ocrx_word' id='word_1_1093' title='bbox 782 2259 868 2284; x_wconf 87' lang='lat' dir='ltr'>multa.</span> <span class='ocrx_word' id='word_1_1094' title='bbox 939 2259 1041 2292; x_wconf 84' lang='lat' dir='ltr'>Cogere</span> <span class='ocrx_word' id='word_1_1095' title='bbox 1056 2258 1153 2285; x_wconf 85' lang='lat' dir='ltr'>damno</span> 
     </span>
     <span class='ocr_line' id='line_1_104' title="bbox 111 2293 1153 2334; baseline -0.002 -12"><span class='ocrx_word' id='word_1_1096' title='bbox 111 2296 227 2331; x_wconf 79' lang='lat' dir='ltr'>aliquem</span> <span class='ocrx_word' id='word_1_1097' title='bbox 257 2295 330 2321; x_wconf 90' lang='lat' dir='ltr'>Idem</span> <span class='ocrx_word' id='word_1_1098' title='bbox 343 2295 454 2330; x_wconf 81' lang='lat' dir='ltr'>Philipp.</span> <span class='ocrx_word' id='word_1_1099' title='bbox 470 2304 490 2327; x_wconf 85' lang='lat'>1,</span> <span class='ocrx_word' id='word_1_1100' title='bbox 504 2303 531 2320; x_wconf 82' lang='lat'>12</span> <span class='ocrx_word' id='word_1_1101' title='bbox 544 2304 565 2321; x_wconf 88' lang='lat' dir='ltr'>c.</span> <span class='ocrx_word' id='word_1_1102' title='bbox 583 2303 603 2326; x_wconf 75' lang='grc' dir='ltr'>ς.</span> <span class='ocrx_word' id='word_1_1103' title='bbox 632 2294 660 2320; x_wconf 81' lang='lat' dir='ltr'>de</span> <span class='ocrx_word' id='word_1_1104' title='bbox 671 2298 775 2330; x_wconf 77' lang='lat' dir='ltr'>pignore</span> <span class='ocrx_word' id='word_1_1105' title='bbox 788 2300 868 2334; x_wconf 63' lang='lat' dir='ltr'>capto.</span> <span class='ocrx_word' id='word_1_1106' title='bbox 940 2295 971 2320; x_wconf 83' lang='lat' dir='ltr'>Et</span> <span class='ocrx_word' id='word_1_1107' title='bbox 983 2294 1016 2320; x_wconf 88' lang='lat' dir='ltr'>de</span> <span class='ocrx_word' id='word_1_1108' title='bbox 1029 2293 1117 2320; x_wconf 88' lang='lat' dir='ltr'>Finib.</span> <span class='ocrx_word' id='word_1_1109' title='bbox 1130 2302 1153 2326; x_wconf 84' lang='lat'>5,</span> 
     </span>
    </p>
   </div>
   <div class='ocr_carea' id='block_1_30' title="bbox 111 2329 1407 2366">
    <p class='ocr_par' dir='ltr' id='par_1_35' title="bbox 111 2329 1407 2366">
     <span class='ocr_line' id='line_1_105' title="bbox 111 2329 1407 2366; baseline -0.002 -8"><span class='ocrx_word' id='word_1_1110' title='bbox 111 2340 139 2365; x_wconf 87' lang='lat'>91</span> <span class='ocrx_word' id='word_1_1111' title='bbox 162 2332 218 2358; x_wconf 87' lang='lat' dir='ltr'>Nec</span> <span class='ocrx_word' id='word_1_1112' title='bbox 232 2338 379 2357; x_wconf 86' lang='lat' dir='ltr'>mercatura</span> <span class='ocrx_word' id='word_1_1113' title='bbox 391 2330 559 2366; x_wconf 85' lang='lat' dir='ltr'>quaestuosa,</span> <span class='ocrx_word' id='word_1_1114' title='bbox 575 2330 594 2356; x_wconf 84' lang='lat' dir='ltr'>fi</span> <span class='ocrx_word' id='word_1_1115' title='bbox 608 2330 635 2356; x_wconf 91' lang='lat' dir='ltr'>in</span> <span class='ocrx_word' id='word_1_1116' title='bbox 647 2330 770 2357; x_wconf 86' lang='lat' dir='ltr'>maximis</span> <span class='ocrx_word' id='word_1_1117' title='bbox 781 2329 861 2355; x_wconf 82' lang='lat' dir='ltr'>lucris</span> <span class='ocrx_word' id='word_1_1118' title='bbox 878 2338 970 2363; x_wconf 87' lang='lat' dir='ltr'>parum</span> <span class='ocrx_word' id='word_1_1119' title='bbox 987 2329 1089 2364; x_wconf 86' lang='lat' dir='ltr'>aliquid</span> <span class='ocrx_word' id='word_1_1120' title='bbox 1110 2329 1153 2355; x_wconf 88' lang='lat' dir='ltr'>da-</span> <span class='ocrx_word' id='word_1_1121' title='bbox 1175 2331 1211 2356; x_wconf 91' lang='lat'>60</span> <span class='ocrx_word' id='word_1_1122' title='bbox 1223 2339 1233 2358; x_wconf 93' lang='lat'>1</span> <span class='ocrx_word' id='word_1_1123' title='bbox 1242 2339 1264 2357; x_wconf 88' lang='lat' dir='ltr'>N</span> <span class='ocrx_word' id='word_1_1124' title='bbox 1273 2338 1323 2357; x_wconf 84' lang='lat' dir='ltr'>AV</span> <span class='ocrx_word' id='word_1_1125' title='bbox 1333 2337 1351 2356; x_wconf 89' lang='lat' dir='ltr'><strong>D</strong></span> <span class='ocrx_word' id='word_1_1126' title='bbox 1362 2338 1407 2357; x_wconf 91' lang='lat'>10.</span> 
     </span>
    </p>
   </div>
   <div class='ocr_carea' id='block_1_31' title="bbox 78 2365 1154 2474">
    <p class='ocr_par' dir='ltr' id='par_1_36' title="bbox 78 2365 1154 2474">
     <span class='ocr_line' id='line_1_106' title="bbox 111 2365 1153 2397; baseline -0.002 -4"><span class='ocrx_word' id='word_1_1127' title='bbox 111 2367 169 2394; x_wconf 86' lang='lat' dir='ltr'>mni</span> <span class='ocrx_word' id='word_1_1128' title='bbox 183 2367 358 2393; x_wconf 86' lang='lat' dir='ltr'>Contraxerit.</span> <span class='ocrx_word' id='word_1_1129' title='bbox 430 2367 498 2392; x_wconf 83' lang='lat' dir='ltr'>Dare</span> <span class='ocrx_word' id='word_1_1130' title='bbox 512 2366 636 2392; x_wconf 86' lang='lat' dir='ltr'>damnum</span> <span class='ocrx_word' id='word_1_1131' title='bbox 652 2372 696 2392; x_wconf 85' lang='lat' dir='ltr'>aut</span> <span class='ocrx_word' id='word_1_1132' title='bbox 716 2365 816 2392; x_wconf 86' lang='lat' dir='ltr'>malum</span> <span class='ocrx_word' id='word_1_1133' title='bbox 833 2365 900 2391; x_wconf 87' lang='lat' dir='ltr'>Ter.</span> <span class='ocrx_word' id='word_1_1134' title='bbox 916 2365 996 2391; x_wconf 89' lang='lat' dir='ltr'>Andr.</span> <span class='ocrx_word' id='word_1_1135' title='bbox 1019 2374 1040 2397; x_wconf 90' lang='lat'>1,</span> <span class='ocrx_word' id='word_1_1136' title='bbox 1061 2374 1081 2397; x_wconf 89' lang='lat'>1,</span> <span class='ocrx_word' id='word_1_1137' title='bbox 1103 2366 1153 2391; x_wconf 89' lang='lat'>116.</span> 
     </span>
     <span class='ocr_line' id='line_1_107' title="bbox 113 2400 1154 2437; baseline -0.004 -7"><span class='ocrx_word' id='word_1_1138' title='bbox 113 2403 240 2430; x_wconf 85' lang='lat' dir='ltr'>Decidere</span> <span class='ocrx_word' id='word_1_1139' title='bbox 254 2402 393 2433; x_wconf 88' lang='lat' dir='ltr'>damnum,</span> <span class='ocrx_word' id='word_1_1140' title='bbox 410 2409 457 2436; x_wconf 87' lang='lat' dir='ltr'>pro</span> <span class='ocrx_word' id='word_1_1141' title='bbox 471 2402 579 2431; x_wconf 73' lang='lat' dir='ltr'>Soluere,</span> <span class='ocrx_word' id='word_1_1142' title='bbox 597 2400 732 2436; x_wconf 72' lang='lat' dir='ltr'>praestare,</span> <span class='ocrx_word' id='word_1_1143' title='bbox 744 2402 842 2437; x_wconf 83' lang='lat' dir='ltr'>sarcire</span> <span class='ocrx_word' id='word_1_1144' title='bbox 856 2400 970 2427; x_wconf 83' lang='lat' dir='ltr'>damnum</span> <span class='ocrx_word' id='word_1_1145' title='bbox 989 2401 1008 2426; x_wconf 92' lang='lat' dir='ltr'>l.</span> <span class='ocrx_word' id='word_1_1146' title='bbox 1024 2401 1050 2427; x_wconf 90' lang='lat' dir='ltr'>Si</span> <span class='ocrx_word' id='word_1_1147' title='bbox 1063 2401 1154 2427; x_wconf 90' lang='lat' dir='ltr'>seruus</span> 
     </span>
     <span class='ocr_line' id='line_1_108' title="bbox 78 2435 1153 2474; baseline -0.004 -9"><span class='ocrx_word' id='word_1_1148' title='bbox 78 2470 80 2472; x_wconf 29' lang='grc' dir='ltr'>Ι</span> <span class='ocrx_word' id='word_1_1149' title='bbox 115 2437 270 2465; x_wconf 87' lang='lat' dir='ltr'>communis.</span> <span class='ocrx_word' id='word_1_1150' title='bbox 292 2436 314 2474; x_wconf 77' lang='lat'>§.</span> <span class='ocrx_word' id='word_1_1151' title='bbox 330 2437 401 2472; x_wconf 90' lang='lat' dir='ltr'>quod</span> <span class='ocrx_word' id='word_1_1152' title='bbox 414 2446 479 2463; x_wconf 86' lang='lat' dir='ltr'>vero</span> <span class='ocrx_word' id='word_1_1153' title='bbox 491 2437 523 2463; x_wconf 91' lang='lat' dir='ltr'>D.</span> <span class='ocrx_word' id='word_1_1154' title='bbox 538 2436 569 2462; x_wconf 85' lang='lat' dir='ltr'>de</span> <span class='ocrx_word' id='word_1_1155' title='bbox 583 2437 647 2463; x_wconf 87' lang='lat' dir='ltr'>furt.</span> <span class='ocrx_word' id='word_1_1156' title='bbox 718 2435 870 2463; x_wconf 73' lang='lat' dir='ltr'>Detre&amp;are</span> <span class='ocrx_word' id='word_1_1157' title='bbox 887 2436 947 2462; x_wconf 92' lang='lat' dir='ltr'>Liu.</span> <span class='ocrx_word' id='word_1_1158' title='bbox 962 2445 988 2469; x_wconf 88' lang='lat'>4,</span> <span class='ocrx_word' id='word_1_1159' title='bbox 1001 2444 1036 2468; x_wconf 91' lang='lat'>51.</span> <span class='ocrx_word' id='word_1_1160' title='bbox 1096 2436 1153 2461; x_wconf 90' lang='lat' dir='ltr'>Dis-</span> 
     </span>
    </p>
   </div>
   <div class='ocr_carea' id='block_1_32' title="bbox 114 2471 1153 2507">
    <p class='ocr_par' dir='ltr' id='par_1_37' title="bbox 114 2471 1153 2507">
     <span class='ocr_line' id='line_1_109' title="bbox 114 2471 1153 2507; baseline -0.003 -7"><span class='ocrx_word' id='word_1_1161' title='bbox 114 2475 206 2507; x_wconf 61' lang='lat' dir='ltr'>soluta,</span> <span class='ocrx_word' id='word_1_1162' title='bbox 218 2479 244 2500; x_wconf 87' lang='lat' dir='ltr'>et</span> <span class='ocrx_word' id='word_1_1163' title='bbox 265 2473 429 2507; x_wconf 86' lang='lat' dir='ltr'>compensata</span> <span class='ocrx_word' id='word_1_1164' title='bbox 449 2472 542 2498; x_wconf 83' lang='lat' dir='ltr'>damna</span> <span class='ocrx_word' id='word_1_1165' title='bbox 550 2491 557 2503; x_wconf 92' lang='lat'>,</span> <span class='ocrx_word' id='word_1_1166' title='bbox 586 2472 640 2498; x_wconf 87' lang='lat' dir='ltr'>vid.</span> <span class='ocrx_word' id='word_1_1167' title='bbox 666 2478 683 2498; x_wconf 88' lang='lat' dir='ltr'>C</span> <span class='ocrx_word' id='word_1_1168' title='bbox 691 2478 710 2498; x_wconf 93' lang='grc' dir='ltr'>Ο</span> <span class='ocrx_word' id='word_1_1169' title='bbox 721 2478 747 2497; x_wconf 91' lang='grc' dir='ltr'><strong>Μ</strong></span> <span class='ocrx_word' id='word_1_1170' title='bbox 756 2478 772 2498; x_wconf 84' lang='grc' dir='ltr'>Ρ</span> <span class='ocrx_word' id='word_1_1171' title='bbox 782 2479 798 2498; x_wconf 79' lang='lat' dir='ltr'>E</span> <span class='ocrx_word' id='word_1_1172' title='bbox 808 2479 830 2498; x_wconf 85' lang='lat' dir='ltr'>N</span> <span class='ocrx_word' id='word_1_1173' title='bbox 840 2479 853 2498; x_wconf 89' lang='lat' dir='ltr'>s</span> <span class='ocrx_word' id='word_1_1174' title='bbox 863 2477 894 2497; x_wconf 94' lang='lat'>0.</span> <span class='ocrx_word' id='word_1_1175' title='bbox 965 2472 1022 2498; x_wconf 90' lang='lat' dir='ltr'>Cic.</span> <span class='ocrx_word' id='word_1_1176' title='bbox 1035 2471 1068 2497; x_wconf 92' lang='lat' dir='ltr'>de</span> <span class='ocrx_word' id='word_1_1177' title='bbox 1083 2472 1153 2498; x_wconf 89' lang='lat' dir='ltr'>Clar.</span> 
     </span>
    </p>
   </div>
   <div class='ocr_carea' id='block_1_33' title="bbox 113 2506 1923 2549">
    <p class='ocr_par' dir='ltr' id='par_1_38' title="bbox 113 2506 1923 2549">
     <span class='ocr_line' id='line_1_110' title="bbox 113 2506 1923 2549; baseline 0.002 -14"><span class='ocrx_word' id='word_1_1178' title='bbox 113 2511 186 2536; x_wconf 86' lang='lat' dir='ltr'>Orat.</span> <span class='ocrx_word' id='word_1_1179' title='bbox 202 2516 240 2549; x_wconf 60' lang='lat'>135</span> <span class='ocrx_word' id='word_1_1180' title='bbox 254 2518 275 2534; x_wconf 87' lang='lat' dir='ltr'>c.</span> <span class='ocrx_word' id='word_1_1181' title='bbox 292 2517 317 2540; x_wconf 89' lang='grc'>33</span> <span class='ocrx_word' id='word_1_1182' title='bbox 339 2509 470 2534; x_wconf 86' lang='lat' dir='ltr'>Damnum</span> <span class='ocrx_word' id='word_1_1183' title='bbox 490 2508 578 2539; x_wconf 87' lang='lat' dir='ltr'>enim,</span> <span class='ocrx_word' id='word_1_1184' title='bbox 598 2508 673 2534; x_wconf 91' lang='lat' dir='ltr'>illius</span> <span class='ocrx_word' id='word_1_1185' title='bbox 692 2508 837 2534; x_wconf 83' lang='lat' dir='ltr'>immaturo</span> <span class='ocrx_word' id='word_1_1186' title='bbox 852 2506 981 2540; x_wconf 86' lang='lat' dir='ltr'>interitu,</span> <span class='ocrx_word' id='word_1_1187' title='bbox 1004 2516 1045 2534; x_wconf 82' lang='lat' dir='ltr'>res</span> <span class='ocrx_word' id='word_1_1188' title='bbox 1059 2507 1154 2533; x_wconf 83' lang='lat' dir='ltr'>Roma·</span> <span class='ocrx_word' id='word_1_1189' title='bbox 1167 2516 1199 2548; x_wconf 77' lang='lat'>63</span> <span class='ocrx_word' id='word_1_1190' title='bbox 1221 2509 1368 2542; x_wconf 80' lang='lat' dir='ltr'>obligatos,</span> <span class='ocrx_word' id='word_1_1191' title='bbox 1389 2515 1415 2535; x_wconf 86' lang='lat' dir='ltr'>et</span> <span class='ocrx_word' id='word_1_1192' title='bbox 1428 2510 1498 2544; x_wconf 73' lang='lat' dir='ltr'>quasi</span> <span class='ocrx_word' id='word_1_1193' title='bbox 1512 2510 1646 2537; x_wconf 88' lang='lat' dir='ltr'>damnatos</span> <span class='ocrx_word' id='word_1_1194' title='bbox 1666 2511 1786 2537; x_wconf 83' lang='lat' dir='ltr'>homines</span> <span class='ocrx_word' id='word_1_1195' title='bbox 1801 2511 1923 2539; x_wconf 80' lang='lat' dir='ltr'>retinent.</span> 
     </span>
    </p>
   </div>
   <div class='ocr_carea' id='block_1_34' title="bbox 112 2542 1159 3568">
    <p class='ocr_par' dir='ltr' id='par_1_39' title="bbox 112 2542 1159 3568">
     <span class='ocr_line' id='line_1_111' title="bbox 112 2542 1156 2578; baseline -0.003 -7"><span class='ocrx_word' id='word_1_1196' title='bbox 112 2554 161 2571; x_wconf 89' lang='lat' dir='ltr'>nae</span> <span class='ocrx_word' id='word_1_1197' title='bbox 175 2545 336 2578; x_wconf 86' lang='lat' dir='ltr'>Latinaeque</span> <span class='ocrx_word' id='word_1_1198' title='bbox 352 2544 442 2570; x_wconf 84' lang='lat' dir='ltr'>literae</span> <span class='ocrx_word' id='word_1_1199' title='bbox 456 2544 595 2570; x_wconf 85' lang='lat' dir='ltr'>Fecerunt.</span> <span class='ocrx_word' id='word_1_1200' title='bbox 654 2543 694 2569; x_wconf 85' lang='lat' dir='ltr'>Est</span> <span class='ocrx_word' id='word_1_1201' title='bbox 706 2543 754 2569; x_wconf 86' lang='lat' dir='ltr'>vbi</span> <span class='ocrx_word' id='word_1_1202' title='bbox 768 2542 889 2577; x_wconf 64' lang='lat' dir='ltr'>profecio</span> <span class='ocrx_word' id='word_1_1203' title='bbox 908 2542 1033 2569; x_wconf 89' lang='lat' dir='ltr'>damnum</span> <span class='ocrx_word' id='word_1_1204' title='bbox 1045 2542 1156 2577; x_wconf 85' lang='lat' dir='ltr'>praestet</span> 
     </span>
     <span class='ocr_line' id='line_1_112' title="bbox 115 2578 1155 2614; baseline -0.001 -9"><span class='ocrx_word' id='word_1_1205' title='bbox 115 2580 199 2606; x_wconf 85' lang='lat' dir='ltr'>facere</span> <span class='ocrx_word' id='word_1_1206' title='bbox 213 2588 292 2614; x_wconf 89' lang='lat' dir='ltr'>quam</span> <span class='ocrx_word' id='word_1_1207' title='bbox 305 2580 407 2605; x_wconf 76' lang='lat' dir='ltr'>lucrum</span> <span class='ocrx_word' id='word_1_1208' title='bbox 433 2579 513 2605; x_wconf 86' lang='lat' dir='ltr'>Plaut.</span> <span class='ocrx_word' id='word_1_1209' title='bbox 529 2579 603 2613; x_wconf 84' lang='lat' dir='ltr'>Capt.</span> <span class='ocrx_word' id='word_1_1210' title='bbox 622 2587 648 2610; x_wconf 82' lang='lat'>2,</span> <span class='ocrx_word' id='word_1_1211' title='bbox 661 2587 686 2610; x_wconf 85' lang='lat'>2,</span> <span class='ocrx_word' id='word_1_1212' title='bbox 699 2586 743 2614; x_wconf 92' lang='lat'>77.</span> <span class='ocrx_word' id='word_1_1213' title='bbox 798 2579 852 2605; x_wconf 90' lang='lat' dir='ltr'>Cic.</span> <span class='ocrx_word' id='word_1_1214' title='bbox 867 2578 897 2604; x_wconf 88' lang='lat' dir='ltr'>ad</span> <span class='ocrx_word' id='word_1_1215' title='bbox 912 2579 982 2604; x_wconf 86' lang='lat' dir='ltr'>Fam.</span> <span class='ocrx_word' id='word_1_1216' title='bbox 996 2587 1034 2610; x_wconf 90' lang='lat'>10,</span> <span class='ocrx_word' id='word_1_1217' title='bbox 1050 2584 1080 2608; x_wconf 84' lang='lat'>28</span> <span class='ocrx_word' id='word_1_1218' title='bbox 1099 2579 1155 2604; x_wconf 91' lang='lat' dir='ltr'>Ma-</span> 
     </span>
     <span class='ocr_line' id='line_1_113' title="bbox 115 2613 1154 2649; baseline -0.001 -9"><span class='ocrx_word' id='word_1_1219' title='bbox 115 2623 194 2649; x_wconf 85' lang='lat' dir='ltr'>gnum</span> <span class='ocrx_word' id='word_1_1220' title='bbox 213 2615 338 2640; x_wconf 88' lang='lat' dir='ltr'>damnum</span> <span class='ocrx_word' id='word_1_1221' title='bbox 352 2613 460 2640; x_wconf 72' lang='lat' dir='ltr'>FaCtum</span> <span class='ocrx_word' id='word_1_1222' title='bbox 479 2614 515 2640; x_wconf 83' lang='lat' dir='ltr'>est</span> <span class='ocrx_word' id='word_1_1223' title='bbox 531 2614 559 2639; x_wconf 88' lang='lat' dir='ltr'>in</span> <span class='ocrx_word' id='word_1_1224' title='bbox 577 2614 679 2640; x_wconf 85' lang='lat' dir='ltr'>Seruio.</span> <span class='ocrx_word' id='word_1_1225' title='bbox 748 2613 821 2640; x_wconf 73' lang='lat' dir='ltr'>Idem</span> <span class='ocrx_word' id='word_1_1226' title='bbox 835 2614 867 2640; x_wconf 85' lang='lat' dir='ltr'>ad</span> <span class='ocrx_word' id='word_1_1227' title='bbox 880 2614 950 2639; x_wconf 86' lang='lat' dir='ltr'>Fam.</span> <span class='ocrx_word' id='word_1_1228' title='bbox 974 2621 999 2647; x_wconf 87' lang='lat'>7,</span> <span class='ocrx_word' id='word_1_1229' title='bbox 1014 2622 1039 2645; x_wconf 84' lang='lat'>33</span> <span class='ocrx_word' id='word_1_1230' title='bbox 1073 2613 1154 2646; x_wconf 80' lang='lat' dir='ltr'>Qiod</span> 
     </span>
     <span class='ocr_line' id='line_1_114' title="bbox 116 2647 1155 2679; baseline -0.003 -3"><span class='ocrx_word' id='word_1_1231' title='bbox 116 2649 350 2676; x_wconf 82' lang='lat' dir='ltr'>declamationibus</span> <span class='ocrx_word' id='word_1_1232' title='bbox 365 2648 460 2674; x_wconf 86' lang='lat' dir='ltr'>nostris</span> <span class='ocrx_word' id='word_1_1233' title='bbox 474 2657 560 2679; x_wconf 85' lang='lat' dir='ltr'>cares,</span> <span class='ocrx_word' id='word_1_1234' title='bbox 581 2649 671 2674; x_wconf 87' lang='lat' dir='ltr'>damni</span> <span class='ocrx_word' id='word_1_1235' title='bbox 689 2647 756 2674; x_wconf 86' lang='lat' dir='ltr'>nihil</span> <span class='ocrx_word' id='word_1_1236' title='bbox 778 2649 859 2675; x_wconf 76' lang='lat' dir='ltr'>Facis.</span> <span class='ocrx_word' id='word_1_1237' title='bbox 931 2649 1009 2674; x_wconf 81' lang='lat' dir='ltr'>Ferre</span> <span class='ocrx_word' id='word_1_1238' title='bbox 1029 2648 1155 2674; x_wconf 84' lang='lat' dir='ltr'>damnum</span> 
     </span>
     <span class='ocr_line' id='line_1_115' title="bbox 115 2682 627 2720; baseline -0.006 -10"><span class='ocrx_word' id='word_1_1239' title='bbox 115 2693 175 2710; x_wconf 87' lang='lat' dir='ltr'>cum</span> <span class='ocrx_word' id='word_1_1240' title='bbox 189 2684 288 2720; x_wconf 89' lang='lat' dir='ltr'>pudore</span> <span class='ocrx_word' id='word_1_1241' title='bbox 308 2682 388 2710; x_wconf 91' lang='lat' dir='ltr'>Ouid.</span> <span class='ocrx_word' id='word_1_1242' title='bbox 403 2683 493 2708; x_wconf 85' lang='lat' dir='ltr'>Amor.</span> <span class='ocrx_word' id='word_1_1243' title='bbox 508 2691 531 2715; x_wconf 89' lang='grc'>3,</span> <span class='ocrx_word' id='word_1_1244' title='bbox 546 2685 572 2714; x_wconf 84' lang='lat'>6,</span> <span class='ocrx_word' id='word_1_1245' title='bbox 587 2691 627 2715; x_wconf 89' lang='grc'>34.</span> 
     </span>
     <span class='ocr_line' id='line_1_116' title="bbox 116 2716 1154 2753; baseline -0.002 -8"><span class='ocrx_word' id='word_1_1246' title='bbox 116 2727 169 2753; x_wconf 84' lang='lat'>271.</span> <span class='ocrx_word' id='word_1_1247' title='bbox 223 2719 283 2745; x_wconf 90' lang='lat' dir='ltr'>Liu.</span> <span class='ocrx_word' id='word_1_1248' title='bbox 296 2729 324 2752; x_wconf 89' lang='lat'>4,</span> <span class='ocrx_word' id='word_1_1249' title='bbox 336 2727 360 2749; x_wconf 87' lang='lat'>51</span> <span class='ocrx_word' id='word_1_1250' title='bbox 395 2718 503 2744; x_wconf 91' lang='lat' dir='ltr'>Consuli</span> <span class='ocrx_word' id='word_1_1251' title='bbox 522 2718 647 2744; x_wconf 85' lang='lat' dir='ltr'>damnum</span> <span class='ocrx_word' id='word_1_1252' title='bbox 664 2716 778 2743; x_wconf 88' lang='lat' dir='ltr'>aliamue</span> <span class='ocrx_word' id='word_1_1253' title='bbox 800 2718 989 2744; x_wconf 68' lang='lat' dir='ltr'>coercitionem</span> <span class='ocrx_word' id='word_1_1254' title='bbox 1010 2718 1154 2749; x_wconf 66' lang='grc'>(1011061311-</span> 
     </span>
     <span class='ocr_line' id='line_1_117' title="bbox 112 2752 1152 2785; baseline -0.004 -3"><span class='ocrx_word' id='word_1_1255' title='bbox 112 2755 184 2782; x_wconf 86' lang='lat' dir='ltr'>tibus</span> <span class='ocrx_word' id='word_1_1256' title='bbox 197 2753 321 2780; x_wconf 88' lang='lat' dir='ltr'>militiam</span> <span class='ocrx_word' id='word_1_1257' title='bbox 334 2753 479 2785; x_wconf 86' lang='lat' dir='ltr'>Inhibenti,</span> <span class='ocrx_word' id='word_1_1258' title='bbox 488 2755 506 2778; x_wconf 91' lang='lat' dir='ltr'>i.</span> <span class='ocrx_word' id='word_1_1259' title='bbox 521 2752 669 2782; x_wconf 81' lang='lat' dir='ltr'>intendenti,</span> <span class='ocrx_word' id='word_1_1260' title='bbox 682 2756 798 2778; x_wconf 81' lang='lat' dir='ltr'>minanti.</span> <span class='ocrx_word' id='word_1_1261' title='bbox 844 2753 945 2778; x_wconf 88' lang='lat' dir='ltr'>Leuare</span> <span class='ocrx_word' id='word_1_1262' title='bbox 957 2753 1051 2778; x_wconf 88' lang='lat' dir='ltr'>damna</span> <span class='ocrx_word' id='word_1_1263' title='bbox 1070 2752 1152 2778; x_wconf 87' lang='lat' dir='ltr'>Ouid.</span> 
     </span>
     <span class='ocr_line' id='line_1_118' title="bbox 114 2787 1152 2823; baseline -0.003 -7"><span class='ocrx_word' id='word_1_1264' title='bbox 114 2790 179 2818; x_wconf 87' lang='lat' dir='ltr'>Fast.</span> <span class='ocrx_word' id='word_1_1265' title='bbox 192 2798 213 2821; x_wconf 89' lang='lat'>1,</span> <span class='ocrx_word' id='word_1_1266' title='bbox 226 2791 283 2823; x_wconf 85' lang='grc'>367.</span> <span class='ocrx_word' id='word_1_1267' title='bbox 355 2789 462 2815; x_wconf 85' lang='lat' dir='ltr'>Pensare</span> <span class='ocrx_word' id='word_1_1268' title='bbox 489 2787 580 2815; x_wconf 88' lang='lat' dir='ltr'>Claud.</span> <span class='ocrx_word' id='word_1_1269' title='bbox 594 2787 627 2813; x_wconf 86' lang='lat' dir='ltr'>de</span> <span class='ocrx_word' id='word_1_1270' title='bbox 641 2787 715 2821; x_wconf 75' lang='lat' dir='ltr'>Rapt.</span> <span class='ocrx_word' id='word_1_1271' title='bbox 730 2788 846 2821; x_wconf 82' lang='lat' dir='ltr'>Proserp.</span> <span class='ocrx_word' id='word_1_1272' title='bbox 863 2796 882 2816; x_wconf 89' lang='lat'>1,</span> <span class='ocrx_word' id='word_1_1273' title='bbox 895 2789 946 2813; x_wconf 84' lang='lat'>126.</span> <span class='ocrx_word' id='word_1_1274' title='bbox 1018 2787 1073 2814; x_wconf 84' lang='lat' dir='ltr'>Pati</span> <span class='ocrx_word' id='word_1_1275' title='bbox 1094 2787 1152 2813; x_wconf 89' lang='lat' dir='ltr'>Sen.</span> 
     </span>
     <span class='ocr_line' id='line_1_119' title="bbox 115 2816 1154 2858; baseline -0.004 -6"><span class='ocrx_word' id='word_1_1276' title='bbox 115 2826 147 2852; x_wconf 89' lang='lat' dir='ltr'>de</span> <span class='ocrx_word' id='word_1_1277' title='bbox 160 2827 201 2851; x_wconf 89' lang='lat' dir='ltr'>Ira</span> <span class='ocrx_word' id='word_1_1278' title='bbox 215 2833 234 2856; x_wconf 92' lang='lat'>1,</span> <span class='ocrx_word' id='word_1_1279' title='bbox 248 2833 270 2850; x_wconf 85' lang='lat'>2.</span> <span class='ocrx_word' id='word_1_1280' title='bbox 306 2824 403 2850; x_wconf 85' lang='lat' dir='ltr'>Lucan.</span> <span class='ocrx_word' id='word_1_1281' title='bbox 417 2829 440 2856; x_wconf 80' lang='lat'>8,</span> <span class='ocrx_word' id='word_1_1282' title='bbox 454 2831 512 2858; x_wconf 86' lang='lat'>750.</span> <span class='ocrx_word' id='word_1_1283' title='bbox 582 2816 711 2857; x_wconf 79' lang='lat' dir='ltr'>Plangere</span> <span class='ocrx_word' id='word_1_1284' title='bbox 726 2822 787 2850; x_wconf 83' lang='lat' dir='ltr'>Stat.</span> <span class='ocrx_word' id='word_1_1285' title='bbox 802 2822 893 2849; x_wconf 89' lang='lat' dir='ltr'>Theb.</span> <span class='ocrx_word' id='word_1_1286' title='bbox 911 2831 942 2855; x_wconf 89' lang='lat'>11,</span> <span class='ocrx_word' id='word_1_1287' title='bbox 958 2830 1008 2855; x_wconf 86' lang='lat'>114.</span> <span class='ocrx_word' id='word_1_1288' title='bbox 1080 2823 1154 2849; x_wconf 83' lang='lat' dir='ltr'>Prae-</span> 
     </span>
     <span class='ocr_line' id='line_1_120' title="bbox 113 2858 735 2890; baseline -0.005 -3"><span class='ocrx_word' id='word_1_1289' title='bbox 113 2861 176 2888; x_wconf 88' lang='lat' dir='ltr'>bere</span> <span class='ocrx_word' id='word_1_1290' title='bbox 189 2859 327 2887; x_wconf 85' lang='lat' dir='ltr'>materiam</span> <span class='ocrx_word' id='word_1_1291' title='bbox 342 2859 438 2885; x_wconf 87' lang='lat' dir='ltr'>damno</span> <span class='ocrx_word' id='word_1_1292' title='bbox 466 2858 548 2885; x_wconf 91' lang='lat' dir='ltr'>Ouid.</span> <span class='ocrx_word' id='word_1_1293' title='bbox 562 2859 626 2885; x_wconf 86' lang='lat' dir='ltr'>Met.</span> <span class='ocrx_word' id='word_1_1294' title='bbox 646 2867 671 2890; x_wconf 86' lang='lat'>2,</span> <span class='ocrx_word' id='word_1_1295' title='bbox 686 2867 735 2890; x_wconf 81' lang='lat'>213.</span> 
     </span>
     <span class='ocr_line' id='line_1_121' title="bbox 114 2893 1152 2932; baseline -0.001 -10"><span class='ocrx_word' id='word_1_1296' title='bbox 114 2896 191 2932; x_wconf 85' lang='lat' dir='ltr'>Epist.</span> <span class='ocrx_word' id='word_1_1297' title='bbox 206 2903 239 2928; x_wconf 80' lang='lat'>15,</span> <span class='ocrx_word' id='word_1_1298' title='bbox 252 2904 289 2927; x_wconf 82' lang='lat'>32·</span> <span class='ocrx_word' id='word_1_1299' title='bbox 358 2895 414 2921; x_wconf 82' lang='lat' dir='ltr'>Cic.</span> <span class='ocrx_word' id='word_1_1300' title='bbox 428 2893 461 2921; x_wconf 89' lang='lat' dir='ltr'>ad</span> <span class='ocrx_word' id='word_1_1301' title='bbox 476 2895 546 2921; x_wconf 81' lang='lat' dir='ltr'>Fam.</span> <span class='ocrx_word' id='word_1_1302' title='bbox 560 2902 580 2926; x_wconf 90' lang='lat'>1,</span> <span class='ocrx_word' id='word_1_1303' title='bbox 592 2902 609 2926; x_wconf 90' lang='lat'>9</span> <span class='ocrx_word' id='word_1_1304' title='bbox 639 2895 669 2919; x_wconf 90' lang='lat' dir='ltr'>ln</span> <span class='ocrx_word' id='word_1_1305' title='bbox 684 2894 749 2920; x_wconf 89' lang='lat' dir='ltr'>meis</span> <span class='ocrx_word' id='word_1_1306' title='bbox 769 2893 870 2920; x_wconf 87' lang='lat' dir='ltr'>damnis</span> <span class='ocrx_word' id='word_1_1307' title='bbox 888 2902 920 2920; x_wconf 86' lang='lat' dir='ltr'>cx</span> <span class='ocrx_word' id='word_1_1308' title='bbox 939 2894 1098 2920; x_wconf 69' lang='lat' dir='ltr'>auetoritate</span> <span class='ocrx_word' id='word_1_1309' title='bbox 1110 2894 1152 2921; x_wconf 86' lang='lat' dir='ltr'>Se-</span> 
     </span>
     <span class='ocr_line' id='line_1_122' title="bbox 115 2929 1153 2964; baseline -0.003 -6"><span class='ocrx_word' id='word_1_1310' title='bbox 115 2939 190 2959; x_wconf 87' lang='lat' dir='ltr'>natus</span> <span class='ocrx_word' id='word_1_1311' title='bbox 206 2930 393 2957; x_wconf 84' lang='lat' dir='ltr'>Resarciendis.</span> <span class='ocrx_word' id='word_1_1312' title='bbox 447 2931 550 2956; x_wconf 87' lang='lat' dir='ltr'>Damno</span> <span class='ocrx_word' id='word_1_1313' title='bbox 564 2930 612 2955; x_wconf 78' lang='lat' dir='ltr'>esse</span> <span class='ocrx_word' id='word_1_1314' title='bbox 629 2929 732 2962; x_wconf 70' lang='lat' dir='ltr'>Plin-14</span> <span class='ocrx_word' id='word_1_1315' title='bbox 745 2938 864 2964; x_wconf 89' lang='lat' dir='ltr'>prooem.</span> <span class='ocrx_word' id='word_1_1316' title='bbox 917 2929 1066 2956; x_wconf 81' lang='lat' dir='ltr'>Credulitas</span> <span class='ocrx_word' id='word_1_1317' title='bbox 1082 2930 1153 2964; x_wconf 89' lang='lat' dir='ltr'>puel-</span> 
     </span>
     <span class='ocr_line' id='line_1_123' title="bbox 115 2965 1154 3000; baseline -0.002 -6"><span class='ocrx_word' id='word_1_1318' title='bbox 115 2968 148 2994; x_wconf 89' lang='lat' dir='ltr'>lis</span> <span class='ocrx_word' id='word_1_1319' title='bbox 162 2967 257 2994; x_wconf 87' lang='lat' dir='ltr'>damno</span> <span class='ocrx_word' id='word_1_1320' title='bbox 272 2966 318 2992; x_wconf 77' lang='lat' dir='ltr'>ess&#39;e</span> <span class='ocrx_word' id='word_1_1321' title='bbox 338 2966 403 2992; x_wconf 85' lang='lat' dir='ltr'>solet</span> <span class='ocrx_word' id='word_1_1322' title='bbox 434 2965 516 2992; x_wconf 87' lang='lat' dir='ltr'>Ouid.</span> <span class='ocrx_word' id='word_1_1323' title='bbox 533 2965 611 3000; x_wconf 84' lang='lat' dir='ltr'>Epist.</span> <span class='ocrx_word' id='word_1_1324' title='bbox 634 2973 673 2999; x_wconf 80' lang='lat'>17,</span> <span class='ocrx_word' id='word_1_1325' title='bbox 690 2974 729 2997; x_wconf 91' lang='grc'>39.</span> <span class='ocrx_word' id='word_1_1326' title='bbox 800 2965 932 2991; x_wconf 87' lang='lat' dir='ltr'>Damnum</span> <span class='ocrx_word' id='word_1_1327' title='bbox 952 2965 1097 2997; x_wconf 62' lang='lat' dir='ltr'>infectum,</span> <span class='ocrx_word' id='word_1_1328' title='bbox 1117 2966 1154 2992; x_wconf 85' lang='lat' dir='ltr'>est</span> 
     </span>
     <span class='ocr_line' id='line_1_124' title="bbox 115 3000 1152 3036; baseline -0.001 -7"><span class='ocrx_word' id='word_1_1329' title='bbox 115 3004 247 3030; x_wconf 87' lang='lat' dir='ltr'>Damnum</span> <span class='ocrx_word' id='word_1_1330' title='bbox 259 3001 376 3028; x_wconf 88' lang='lat' dir='ltr'>nondum</span> <span class='ocrx_word' id='word_1_1331' title='bbox 393 3000 502 3034; x_wconf 58' lang='lat' dir='ltr'>faetum,</span> <span class='ocrx_word' id='word_1_1332' title='bbox 520 3000 591 3036; x_wconf 93' lang='lat' dir='ltr'>quod</span> <span class='ocrx_word' id='word_1_1333' title='bbox 606 3001 727 3027; x_wconf 85' lang='lat' dir='ltr'>futurum</span> <span class='ocrx_word' id='word_1_1334' title='bbox 741 3009 864 3027; x_wconf 83' lang='lat' dir='ltr'>veremur</span> <span class='ocrx_word' id='word_1_1335' title='bbox 883 3001 962 3028; x_wconf 89' lang='lat' dir='ltr'>Caius</span> <span class='ocrx_word' id='word_1_1336' title='bbox 975 3001 990 3026; x_wconf 97' lang='lat' dir='ltr'>l.</span> <span class='ocrx_word' id='word_1_1337' title='bbox 1004 3010 1016 3026; x_wconf 79' lang='lat'><em>2</em></span> <span class='ocrx_word' id='word_1_1338' title='bbox 1032 3002 1070 3027; x_wconf 86' lang='lat' dir='ltr'>De</span> <span class='ocrx_word' id='word_1_1339' title='bbox 1084 3001 1152 3028; x_wconf 83' lang='lat' dir='ltr'>dam.</span> 
     </span>
     <span class='ocr_line' id='line_1_125' title="bbox 115 3036 1153 3071; baseline -0.003 -5"><span class='ocrx_word' id='word_1_1340' title='bbox 115 3038 207 3066; x_wconf 66' lang='lat' dir='ltr'>infe&amp;</span> <span class='ocrx_word' id='word_1_1341' title='bbox 225 3038 277 3064; x_wconf 84' lang='lat' dir='ltr'>vid.</span> <span class='ocrx_word' id='word_1_1342' title='bbox 298 3045 308 3063; x_wconf 89' lang='lat'>1</span> <span class='ocrx_word' id='word_1_1343' title='bbox 318 3044 338 3062; x_wconf 82' lang='lat' dir='ltr'>N</span> <span class='ocrx_word' id='word_1_1344' title='bbox 348 3044 502 3064; x_wconf 79' lang='lat' dir='ltr'>FECTVS.</span> <span class='ocrx_word' id='word_1_1345' title='bbox 572 3036 628 3063; x_wconf 91' lang='lat' dir='ltr'>Cic.</span> <span class='ocrx_word' id='word_1_1346' title='bbox 640 3037 669 3062; x_wconf 92' lang='lat' dir='ltr'>in</span> <span class='ocrx_word' id='word_1_1347' title='bbox 676 3036 776 3070; x_wconf 90' lang='lat' dir='ltr'>Topic.</span> <span class='ocrx_word' id='word_1_1348' title='bbox 790 3045 822 3063; x_wconf 83' lang='lat'>22.</span> <span class='ocrx_word' id='word_1_1349' title='bbox 836 3045 884 3070; x_wconf 89' lang='lat' dir='ltr'>c.4</span> <span class='ocrx_word' id='word_1_1350' title='bbox 902 3037 929 3063; x_wconf 90' lang='lat' dir='ltr'>Si</span> <span class='ocrx_word' id='word_1_1351' title='bbox 943 3037 1001 3071; x_wconf 89' lang='lat' dir='ltr'>quis</span> <span class='ocrx_word' id='word_1_1352' title='bbox 1014 3037 1041 3063; x_wconf 90' lang='lat' dir='ltr'>in</span> <span class='ocrx_word' id='word_1_1353' title='bbox 1056 3037 1153 3070; x_wconf 79' lang='lat' dir='ltr'>pariete</span> 
     </span>
     <span class='ocr_line' id='line_1_126' title="bbox 117 3071 1154 3106; baseline -0.001 -6"><span class='ocrx_word' id='word_1_1354' title='bbox 117 3073 252 3101; x_wconf 88' lang='lat' dir='ltr'>communi</span> <span class='ocrx_word' id='word_1_1355' title='bbox 269 3072 438 3099; x_wconf 86' lang='lat' dir='ltr'>demoliendo</span> <span class='ocrx_word' id='word_1_1356' title='bbox 458 3072 547 3099; x_wconf 86' lang='lat' dir='ltr'>damni</span> <span class='ocrx_word' id='word_1_1357' title='bbox 565 3071 660 3098; x_wconf 57' lang='lat' dir='ltr'>insedi</span> <span class='ocrx_word' id='word_1_1358' title='bbox 680 3072 832 3106; x_wconf 84' lang='lat' dir='ltr'>promiserit</span> <span class='ocrx_word' id='word_1_1359' title='bbox 844 3092 851 3104; x_wconf 89' lang='lat'>,</span> <span class='ocrx_word' id='word_1_1360' title='bbox 875 3079 920 3098; x_wconf 86' lang='lat' dir='ltr'>etc.</span> <span class='ocrx_word' id='word_1_1361' title='bbox 953 3072 995 3098; x_wconf 86' lang='lat' dir='ltr'>vbi</span> <span class='ocrx_word' id='word_1_1362' title='bbox 1018 3072 1154 3104; x_wconf 72' lang='lat' dir='ltr'>Boethius,</span> 
     </span>
     <span class='ocr_line' id='line_1_127' title="bbox 117 3107 1153 3143; baseline -0.001 -7"><span class='ocrx_word' id='word_1_1363' title='bbox 117 3109 213 3137; x_wconf 86' lang='lat' dir='ltr'>Damni</span> <span class='ocrx_word' id='word_1_1364' title='bbox 226 3108 319 3135; x_wconf 59' lang='lat' dir='ltr'>infecti</span> <span class='ocrx_word' id='word_1_1365' title='bbox 333 3107 465 3143; x_wconf 86' lang='lat' dir='ltr'>promissio</span> <span class='ocrx_word' id='word_1_1366' title='bbox 479 3108 529 3140; x_wconf 87' lang='lat' dir='ltr'>est,</span> <span class='ocrx_word' id='word_1_1367' title='bbox 547 3108 652 3142; x_wconf 86' lang='lat' dir='ltr'>quoties</span> <span class='ocrx_word' id='word_1_1368' title='bbox 666 3108 724 3142; x_wconf 87' lang='lat' dir='ltr'>quis</span> <span class='ocrx_word' id='word_1_1369' title='bbox 739 3107 887 3142; x_wconf 88' lang='lat' dir='ltr'>promittit,</span> <span class='ocrx_word' id='word_1_1370' title='bbox 910 3107 928 3133; x_wconf 82' lang='lat' dir='ltr'>fi</span> <span class='ocrx_word' id='word_1_1371' title='bbox 941 3107 1013 3142; x_wconf 89' lang='lat' dir='ltr'>quod</span> <span class='ocrx_word' id='word_1_1372' title='bbox 1028 3108 1153 3135; x_wconf 87' lang='lat' dir='ltr'>damnum</span> 
     </span>
     <span class='ocr_line' id='line_1_128' title="bbox 117 3143 1155 3179; baseline -0.001 -8"><span class='ocrx_word' id='word_1_1373' title='bbox 117 3146 173 3171; x_wconf 85' lang='lat' dir='ltr'>eius</span> <span class='ocrx_word' id='word_1_1374' title='bbox 185 3154 264 3179; x_wconf 85' lang='lat' dir='ltr'>opera</span> <span class='ocrx_word' id='word_1_1375' title='bbox 277 3144 416 3179; x_wconf 78' lang='lat' dir='ltr'>contigerit</span> <span class='ocrx_word' id='word_1_1376' title='bbox 426 3164 434 3176; x_wconf 84' lang='lat'>,</span> <span class='ocrx_word' id='word_1_1377' title='bbox 453 3144 497 3170; x_wconf 88' lang='lat' dir='ltr'>sua</span> <span class='ocrx_word' id='word_1_1378' title='bbox 514 3143 687 3170; x_wconf 60' lang='lat' dir='ltr'>restitutione*</span> <span class='ocrx_word' id='word_1_1379' title='bbox 699 3144 747 3170; x_wconf 73' lang='lat' dir='ltr'>else</span> <span class='ocrx_word' id='word_1_1380' title='bbox 767 3143 935 3178; x_wconf 85' lang='lat' dir='ltr'>pensandum.</span> <span class='ocrx_word' id='word_1_1381' title='bbox 1007 3144 1103 3170; x_wconf 86' lang='lat' dir='ltr'>Damni</span> <span class='ocrx_word' id='word_1_1382' title='bbox 1117 3145 1155 3170; x_wconf 90' lang='lat' dir='ltr'>in-</span> 
     </span>
     <span class='ocr_line' id='line_1_129' title="bbox 119 3178 1154 3216; baseline 0 -10"><span class='ocrx_word' id='word_1_1383' title='bbox 119 3180 182 3206; x_wconf 64' lang='lat' dir='ltr'>fecti</span> <span class='ocrx_word' id='word_1_1384' title='bbox 195 3188 285 3206; x_wconf 89' lang='lat' dir='ltr'>cauere</span> <span class='ocrx_word' id='word_1_1385' title='bbox 298 3180 380 3206; x_wconf 89' lang='lat' dir='ltr'>alicui</span> <span class='ocrx_word' id='word_1_1386' title='bbox 401 3179 503 3205; x_wconf 85' lang='lat' dir='ltr'>Paullus</span> <span class='ocrx_word' id='word_1_1387' title='bbox 519 3179 547 3205; x_wconf 91' lang='lat' dir='ltr'>in</span> <span class='ocrx_word' id='word_1_1388' title='bbox 561 3179 578 3205; x_wconf 93' lang='lat' dir='ltr'>l.</span> <span class='ocrx_word' id='word_1_1389' title='bbox 592 3179 721 3206; x_wconf 79' lang='lat' dir='ltr'>Praetoris</span> <span class='ocrx_word' id='word_1_1390' title='bbox 736 3179 768 3205; x_wconf 91' lang='lat' dir='ltr'>D.</span> <span class='ocrx_word' id='word_1_1391' title='bbox 782 3179 814 3205; x_wconf 89' lang='lat' dir='ltr'>de</span> <span class='ocrx_word' id='word_1_1392' title='bbox 828 3178 914 3206; x_wconf 89' lang='lat' dir='ltr'>damn.</span> <span class='ocrx_word' id='word_1_1393' title='bbox 931 3179 980 3205; x_wconf 85' lang='lat' dir='ltr'>inf.</span> <span class='ocrx_word' id='word_1_1394' title='bbox 1018 3178 1060 3213; x_wconf 78' lang='lat' dir='ltr'>Est</span> <span class='ocrx_word' id='word_1_1395' title='bbox 1073 3183 1154 3216; x_wconf 78' lang='lat' dir='ltr'>igitur</span> 
     </span>
     <span class='ocr_line' id='line_1_130' title="bbox 122 3212 981 3250; baseline 0 -10"><span class='ocrx_word' id='word_1_1396' title='bbox 122 3215 250 3242; x_wconf 86' lang='lat' dir='ltr'>Damnum</span> <span class='ocrx_word' id='word_1_1397' title='bbox 264 3214 406 3246; x_wconf 69' lang='lat' dir='ltr'>infeEtum,</span> <span class='ocrx_word' id='word_1_1398' title='bbox 427 3214 492 3250; x_wconf 83' lang='lat' dir='ltr'>quod</span> <span class='ocrx_word' id='word_1_1399' title='bbox 506 3212 722 3248; x_wconf 62' lang='lat' dir='ltr'>nondumsat‘ium</span> <span class='ocrx_word' id='word_1_1400' title='bbox 735 3212 784 3247; x_wconf 69' lang='lat' dir='ltr'>esi,</span> <span class='ocrx_word' id='word_1_1401' title='bbox 798 3214 846 3250; x_wconf 54' lang='grc' dir='ltr'>ῥά</span> <span class='ocrx_word' id='word_1_1402' title='bbox 857 3217 981 3240; x_wconf 78' lang='lat' dir='ltr'>metuitur.</span> 
     </span>
     <span class='ocr_line' id='line_1_131' title="bbox 159 3247 1157 3286; baseline -0.001 -9"><span class='ocrx_word' id='word_1_1403' title='bbox 159 3252 376 3283; x_wconf 73' lang='lat' dir='ltr'>DAMNdsvs,</span> <span class='ocrx_word' id='word_1_1404' title='bbox 390 3259 414 3282; x_wconf 79' lang='lat' dir='ltr'>a,</span> <span class='ocrx_word' id='word_1_1405' title='bbox 426 3259 480 3276; x_wconf 87' lang='lat' dir='ltr'>um.</span> <span class='ocrx_word' id='word_1_1406' title='bbox 505 3250 566 3276; x_wconf 83' lang='lat' dir='ltr'>Adi.</span> <span class='ocrx_word' id='word_1_1407' title='bbox 591 3247 743 3284; x_wconf 31' lang='lat' dir='ltr'>[galaubeins⁷</span> <span class='ocrx_word' id='word_1_1408' title='bbox 764 3250 901 3284; x_wconf 66' lang='grc' dir='ltr'>ἐπιζήμιος,</span> <span class='ocrx_word' id='word_1_1409' title='bbox 918 3249 1059 3284; x_wconf 62' lang='grc' dir='ltr'>βλαςιρός]</span> <span class='ocrx_word' id='word_1_1410' title='bbox 1083 3249 1157 3286; x_wconf 74' lang='lat' dir='ltr'>Qod</span> 
     </span>
     <span class='ocr_line' id='line_1_132' title="bbox 122 3284 1155 3320; baseline 0.002 -9"><span class='ocrx_word' id='word_1_1411' title='bbox 122 3284 203 3320; x_wconf 83' lang='lat' dir='ltr'>infert</span> <span class='ocrx_word' id='word_1_1412' title='bbox 215 3285 333 3312; x_wconf 80' lang='lat' dir='ltr'>damnum.</span> <span class='ocrx_word' id='word_1_1413' title='bbox 387 3286 450 3320; x_wconf 81' lang='lat' dir='ltr'>Alea</span> <span class='ocrx_word' id='word_1_1414' title='bbox 463 3285 587 3312; x_wconf 86' lang='lat' dir='ltr'>damnosa</span> <span class='ocrx_word' id='word_1_1415' title='bbox 604 3285 721 3313; x_wconf 85' lang='lat' dir='ltr'>Martial.</span> <span class='ocrx_word' id='word_1_1416' title='bbox 741 3294 780 3319; x_wconf 88' lang='lat'>14,</span> <span class='ocrx_word' id='word_1_1417' title='bbox 795 3291 829 3316; x_wconf 89' lang='lat'>18.</span> <span class='ocrx_word' id='word_1_1418' title='bbox 899 3286 975 3311; x_wconf 85' lang='lat' dir='ltr'>Artes</span> <span class='ocrx_word' id='word_1_1419' title='bbox 996 3285 1076 3312; x_wconf 89' lang='lat' dir='ltr'>Ouid.</span> <span class='ocrx_word' id='word_1_1420' title='bbox 1090 3287 1155 3313; x_wconf 90' lang='lat' dir='ltr'>Met.</span> 
     </span>
     <span class='ocr_line' id='line_1_133' title="bbox 123 3320 1155 3354; baseline 0 -7"><span class='ocrx_word' id='word_1_1421' title='bbox 123 3329 148 3351; x_wconf 87' lang='lat'>2,</span> <span class='ocrx_word' id='word_1_1422' title='bbox 163 3327 212 3351; x_wconf 78' lang='lat'>213-</span> <span class='ocrx_word' id='word_1_1423' title='bbox 278 3322 363 3348; x_wconf 88' lang='lat' dir='ltr'>Curae</span> <span class='ocrx_word' id='word_1_1424' title='bbox 393 3321 465 3348; x_wconf 89' lang='lat' dir='ltr'>Idem</span> <span class='ocrx_word' id='word_1_1425' title='bbox 486 3321 518 3347; x_wconf 91' lang='lat' dir='ltr'>de</span> <span class='ocrx_word' id='word_1_1426' title='bbox 528 3322 603 3348; x_wconf 88' lang='lat' dir='ltr'>Rem.</span> <span class='ocrx_word' id='word_1_1427' title='bbox 618 3322 709 3347; x_wconf 86' lang='lat' dir='ltr'>Amor.</span> <span class='ocrx_word' id='word_1_1428' title='bbox 729 3323 771 3353; x_wconf 91' lang='lat'>69.</span> <span class='ocrx_word' id='word_1_1429' title='bbox 857 3320 938 3347; x_wconf 89' lang='lat' dir='ltr'>Plaut.</span> <span class='ocrx_word' id='word_1_1430' title='bbox 954 3320 1044 3347; x_wconf 87' lang='lat' dir='ltr'>Bacch.</span> <span class='ocrx_word' id='word_1_1431' title='bbox 1068 3330 1088 3354; x_wconf 87' lang='lat' dir='ltr'>t,</span> <span class='ocrx_word' id='word_1_1432' title='bbox 1101 3330 1124 3354; x_wconf 73' lang='grc' dir='ltr'>ε,</span> <span class='ocrx_word' id='word_1_1433' title='bbox 1138 3330 1155 3354; x_wconf 90' lang='lat'>9</span> 
     </span>
     <span class='ocr_line' id='line_1_134' title="bbox 122 3354 1155 3392; baseline 0.001 -10"><span class='ocrx_word' id='word_1_1434' title='bbox 122 3355 169 3382; x_wconf 88' lang='lat' dir='ltr'>Dii</span> <span class='ocrx_word' id='word_1_1435' title='bbox 184 3354 360 3383; x_wconf 81' lang='lat' dir='ltr'>damnofiffimi</span> <span class='ocrx_word' id='word_1_1436' title='bbox 370 3357 432 3392; x_wconf 67' lang='lat' dir='ltr'>fiant</span> <span class='ocrx_word' id='word_1_1437' title='bbox 444 3358 542 3389; x_wconf 83' lang='lat' dir='ltr'>Amor,</span> <span class='ocrx_word' id='word_1_1438' title='bbox 559 3356 697 3391; x_wconf 88' lang='lat' dir='ltr'>voluptas,</span> <span class='ocrx_word' id='word_1_1439' title='bbox 718 3357 822 3388; x_wconf 85' lang='lat' dir='ltr'>Venus,</span> <span class='ocrx_word' id='word_1_1440' title='bbox 850 3356 993 3388; x_wconf 88' lang='lat' dir='ltr'>Venustas,</span> <span class='ocrx_word' id='word_1_1441' title='bbox 1013 3357 1155 3388; x_wconf 85' lang='lat' dir='ltr'>Gaudium,</span> 
     </span>
     <span class='ocr_line' id='line_1_135' title="bbox 123 3389 1156 3425; baseline 0 -7"><span class='ocrx_word' id='word_1_1442' title='bbox 123 3392 215 3421; x_wconf 86' lang='lat' dir='ltr'>Iocus,</span> <span class='ocrx_word' id='word_1_1443' title='bbox 234 3389 334 3424; x_wconf 87' lang='lat' dir='ltr'>Ludus,</span> <span class='ocrx_word' id='word_1_1444' title='bbox 353 3393 457 3424; x_wconf 88' lang='lat' dir='ltr'>Sermo,</span> <span class='ocrx_word' id='word_1_1445' title='bbox 476 3393 561 3419; x_wconf 87' lang='lat' dir='ltr'>suauis</span> <span class='ocrx_word' id='word_1_1446' title='bbox 575 3392 719 3418; x_wconf 88' lang='lat' dir='ltr'>Suauiatio.</span> <span class='ocrx_word' id='word_1_1447' title='bbox 789 3392 852 3418; x_wconf 89' lang='lat' dir='ltr'>Dies</span> <span class='ocrx_word' id='word_1_1448' title='bbox 867 3393 934 3419; x_wconf 90' lang='lat' dir='ltr'>Hor.</span> <span class='ocrx_word' id='word_1_1449' title='bbox 943 3393 1031 3419; x_wconf 88' lang='lat' dir='ltr'>Carm.</span> <span class='ocrx_word' id='word_1_1450' title='bbox 1045 3401 1066 3424; x_wconf 86' lang='grc'>3,</span> <span class='ocrx_word' id='word_1_1451' title='bbox 1075 3395 1100 3425; x_wconf 82' lang='lat'>6⁷</span> <span class='ocrx_word' id='word_1_1452' title='bbox 1115 3400 1156 3425; x_wconf 82' lang='lat'>45.</span> 
     </span>
     <span class='ocr_line' id='line_1_136' title="bbox 123 3425 1158 3463; baseline 0 -10"><span class='ocrx_word' id='word_1_1453' title='bbox 123 3426 206 3453; x_wconf 89' lang='lat' dir='ltr'>Dolus</span> <span class='ocrx_word' id='word_1_1454' title='bbox 232 3425 363 3453; x_wconf 69' lang='grc' dir='ltr'>Νο1ᾶ1.1η</span> <span class='ocrx_word' id='word_1_1455' title='bbox 377 3428 393 3453; x_wconf 89' lang='lat' dir='ltr'>l.</span> <span class='ocrx_word' id='word_1_1456' title='bbox 407 3428 434 3454; x_wconf 85' lang='lat' dir='ltr'>Si</span> <span class='ocrx_word' id='word_1_1457' title='bbox 452 3433 609 3463; x_wconf 82' lang='lat' dir='ltr'>procurator</span> <span class='ocrx_word' id='word_1_1458' title='bbox 637 3428 669 3454; x_wconf 93' lang='lat' dir='ltr'>D.</span> <span class='ocrx_word' id='word_1_1459' title='bbox 685 3427 717 3454; x_wconf 87' lang='lat' dir='ltr'>de</span> <span class='ocrx_word' id='word_1_1460' title='bbox 729 3427 782 3454; x_wconf 88' lang='lat' dir='ltr'>dol.</span> <span class='ocrx_word' id='word_1_1461' title='bbox 801 3428 862 3454; x_wconf 88' lang='lat' dir='ltr'>mal.</span> <span class='ocrx_word' id='word_1_1462' title='bbox 883 3433 982 3462; x_wconf 84' lang='lat' dir='ltr'>except.</span> <span class='ocrx_word' id='word_1_1463' title='bbox 1054 3429 1158 3454; x_wconf 88' lang='lat' dir='ltr'>Gaudia</span> 
     </span>
     <span class='ocr_line' id='line_1_137' title="bbox 126 3461 1157 3496; baseline 0 -7"><span class='ocrx_word' id='word_1_1464' title='bbox 126 3461 218 3488; x_wconf 84' lang='lat' dir='ltr'>Claud·</span> <span class='ocrx_word' id='word_1_1465' title='bbox 233 3461 324 3494; x_wconf 75' lang='lat' dir='ltr'>Paneg-</span> <span class='ocrx_word' id='word_1_1466' title='bbox 338 3471 359 3493; x_wconf 87' lang='lat'>3,</span> <span class='ocrx_word' id='word_1_1467' title='bbox 371 3471 423 3496; x_wconf 82' lang='lat'>334.</span> <span class='ocrx_word' id='word_1_1468' title='bbox 512 3463 652 3490; x_wconf 87' lang='lat' dir='ltr'>Hereditas</span> <span class='ocrx_word' id='word_1_1469' title='bbox 671 3463 788 3489; x_wconf 87' lang='lat' dir='ltr'>Iulianus</span> <span class='ocrx_word' id='word_1_1470' title='bbox 803 3463 831 3489; x_wconf 89' lang='lat' dir='ltr'>in</span> <span class='ocrx_word' id='word_1_1471' title='bbox 844 3462 861 3489; x_wconf 94' lang='lat' dir='ltr'>l.</span> <span class='ocrx_word' id='word_1_1472' title='bbox 893 3464 919 3490; x_wconf 85' lang='lat' dir='ltr'>Si</span> <span class='ocrx_word' id='word_1_1473' title='bbox 939 3463 1111 3490; x_wconf 82' lang='lat' dir='ltr'>hereditatem</span> <span class='ocrx_word' id='word_1_1474' title='bbox 1125 3464 1157 3490; x_wconf 91' lang='lat' dir='ltr'>D.</span> 
     </span>
     <span class='ocr_line' id='line_1_138' title="bbox 125 3495 1159 3534; baseline 0.004 -13"><span class='ocrx_word' id='word_1_1475' title='bbox 125 3496 239 3528; x_wconf 62' lang='lat' dir='ltr'>Mandat.</span> <span class='ocrx_word' id='word_1_1476' title='bbox 311 3495 405 3523; x_wconf 85' lang='lat' dir='ltr'>Libido</span> <span class='ocrx_word' id='word_1_1477' title='bbox 437 3499 503 3525; x_wconf 85' lang='lat' dir='ltr'>Hor.</span> <span class='ocrx_word' id='word_1_1478' title='bbox 516 3499 595 3533; x_wconf 87' lang='lat' dir='ltr'>Epist.</span> <span class='ocrx_word' id='word_1_1479' title='bbox 615 3507 642 3530; x_wconf 85' lang='lat'>2,</span> <span class='ocrx_word' id='word_1_1480' title='bbox 655 3507 674 3530; x_wconf 88' lang='lat'>1,</span> <span class='ocrx_word' id='word_1_1481' title='bbox 691 3507 746 3534; x_wconf 84' lang='lat'>107.</span> <span class='ocrx_word' id='word_1_1482' title='bbox 816 3499 894 3526; x_wconf 87' lang='lat' dir='ltr'>Mora</span> <span class='ocrx_word' id='word_1_1483' title='bbox 912 3500 1023 3525; x_wconf 85' lang='lat' dir='ltr'>minime</span> <span class='ocrx_word' id='word_1_1484' title='bbox 1035 3499 1159 3525; x_wconf 81' lang='lat' dir='ltr'>damnosa</span> 
     </span>
     <span class='ocr_line' id='line_1_139' title="bbox 125 3531 1157 3568; baseline 0.002 -9"><span class='ocrx_word' id='word_1_1485' title='bbox 125 3532 207 3559; x_wconf 89' lang='lat' dir='ltr'>Ouid.</span> <span class='ocrx_word' id='word_1_1486' title='bbox 223 3531 286 3558; x_wconf 84' lang='lat' dir='ltr'>Met.</span> <span class='ocrx_word' id='word_1_1487' title='bbox 309 3539 346 3562; x_wconf 93' lang='lat'>11,</span> <span class='ocrx_word' id='word_1_1488' title='bbox 367 3535 419 3565; x_wconf 79' lang='lat'>376.</span> <span class='ocrx_word' id='word_1_1489' title='bbox 505 3534 603 3561; x_wconf 83' lang='lat' dir='ltr'>Mulier</span> <span class='ocrx_word' id='word_1_1490' title='bbox 622 3534 706 3560; x_wconf 87' lang='lat' dir='ltr'>famae</span> <span class='ocrx_word' id='word_1_1491' title='bbox 725 3534 817 3568; x_wconf 89' lang='lat' dir='ltr'>reique</span> <span class='ocrx_word' id='word_1_1492' title='bbox 835 3534 958 3561; x_wconf 85' lang='lat' dir='ltr'>damnosa</span> <span class='ocrx_word' id='word_1_1493' title='bbox 991 3535 1052 3561; x_wconf 89' lang='lat' dir='ltr'>Liu.</span> <span class='ocrx_word' id='word_1_1494' title='bbox 1075 3543 1112 3567; x_wconf 81' lang='lat'>39,</span> <span class='ocrx_word' id='word_1_1495' title='bbox 1133 3543 1157 3566; x_wconf 87' lang='lat'>9.</span> 
     </span>
    </p>
   </div>
   <div class='ocr_carea' id='block_1_35' title="bbox 126 3565 1044 3642">
    <p class='ocr_par' dir='ltr' id='par_1_40' title="bbox 126 3565 1044 3642">
     <span class='ocr_line' id='line_1_140' title="bbox 127 3565 1044 3604; baseline 0 -8"><span class='ocrx_word' id='word_1_1496' title='bbox 127 3567 206 3595; x_wconf 76' lang='lat' dir='ltr'>Nihil</span> <span class='ocrx_word' id='word_1_1497' title='bbox 220 3573 273 3593; x_wconf 71' lang='lat' dir='ltr'>tam</span> <span class='ocrx_word' id='word_1_1498' title='bbox 285 3565 438 3593; x_wconf 79' lang='lat' dir='ltr'>damnosum</span> <span class='ocrx_word' id='word_1_1499' title='bbox 448 3569 483 3595; x_wconf 82' lang='lat' dir='ltr'>est</span> <span class='ocrx_word' id='word_1_1500' title='bbox 495 3569 573 3596; x_wconf 89' lang='lat' dir='ltr'>bonis</span> <span class='ocrx_word' id='word_1_1501' title='bbox 586 3569 706 3596; x_wconf 87' lang='lat' dir='ltr'>moribus</span> <span class='ocrx_word' id='word_1_1502' title='bbox 732 3570 788 3596; x_wconf 91' lang='lat' dir='ltr'>Sen.</span> <span class='ocrx_word' id='word_1_1503' title='bbox 802 3570 846 3604; x_wconf 90' lang='lat' dir='ltr'>Ep.</span> <span class='ocrx_word' id='word_1_1504' title='bbox 862 3578 887 3604; x_wconf 92' lang='lat'>7.</span> <span class='ocrx_word' id='word_1_1505' title='bbox 905 3574 922 3596; x_wconf 78' lang='lat' dir='ltr'>i.</span> <span class='ocrx_word' id='word_1_1506' title='bbox 936 3573 1044 3597; x_wconf 67' lang='lat' dir='ltr'>noxium.</span> 
     </span>
     <span class='ocr_line' id='line_1_141' title="bbox 126 3601 550 3642; baseline -0.007 -12"><span class='ocrx_word' id='word_1_1507' title='bbox 126 3603 217 3630; x_wconf 56' lang='lat' dir='ltr'>uenus</span> <span class='ocrx_word' id='word_1_1508' title='bbox 248 3602 329 3628; x_wconf 88' lang='lat' dir='ltr'>Ouid.</span> <span class='ocrx_word' id='word_1_1509' title='bbox 344 3601 427 3627; x_wconf 76' lang='lat' dir='ltr'>Trist.</span> <span class='ocrx_word' id='word_1_1510' title='bbox 441 3611 462 3634; x_wconf 86' lang='lat'>3,</span> <span class='ocrx_word' id='word_1_1511' title='bbox 474 3611 501 3638; x_wconf 87' lang='lat'>7,</span> <span class='ocrx_word' id='word_1_1512' title='bbox 513 3613 550 3642; x_wconf 53' lang='lat'>35,</span> 
     </span>
    </p>
   </div>
   <div class='ocr_carea' id='block_1_36' title="bbox 125 3636 531 3670">
    <p class='ocr_par' dir='ltr' id='par_1_41' title="bbox 125 3636 531 3670">
     <span class='ocr_line' id='line_1_142' title="bbox 125 3636 531 3670; baseline -0.005 -5"><span class='ocrx_word' id='word_1_1513' title='bbox 125 3640 215 3665; x_wconf 90' lang='lat' dir='ltr'>Venus</span> <span class='ocrx_word' id='word_1_1514' title='bbox 240 3638 307 3663; x_wconf 88' lang='lat' dir='ltr'>Hor.</span> <span class='ocrx_word' id='word_1_1515' title='bbox 324 3636 401 3670; x_wconf 81' lang='lat' dir='ltr'>Epist.</span> <span class='ocrx_word' id='word_1_1516' title='bbox 417 3645 437 3668; x_wconf 86' lang='lat'>1,</span> <span class='ocrx_word' id='word_1_1517' title='bbox 448 3643 482 3670; x_wconf 80' lang='lat'>18,</span> <span class='ocrx_word' id='word_1_1518' title='bbox 495 3647 531 3666; x_wconf 91' lang='lat'>21.</span> 
     </span>
    </p>
   </div>
   <div class='ocr_carea' id='block_1_37' title="bbox 124 3673 1160 3957">
    <p class='ocr_par' dir='ltr' id='par_1_42' title="bbox 124 3673 1160 3957">
     <span class='ocr_line' id='line_1_143' title="bbox 124 3673 1159 3711; baseline 0.002 -11"><span class='ocrx_word' id='word_1_1519' title='bbox 124 3674 190 3700; x_wconf 81' lang='lat' dir='ltr'>tudo.</span> <span class='ocrx_word' id='word_1_1520' title='bbox 245 3673 373 3707; x_wconf 86' lang='lat' dir='ltr'>Voluptas</span> <span class='ocrx_word' id='word_1_1521' title='bbox 387 3673 496 3698; x_wconf 81' lang='lat' dir='ltr'>Veneris</span> <span class='ocrx_word' id='word_1_1522' title='bbox 517 3675 589 3702; x_wconf 86' lang='lat' dir='ltr'>Idem</span> <span class='ocrx_word' id='word_1_1523' title='bbox 603 3685 634 3703; x_wconf 85' lang='lat' dir='ltr'>ex</span> <span class='ocrx_word' id='word_1_1524' title='bbox 646 3678 728 3702; x_wconf 86' lang='lat' dir='ltr'>Ponto</span> <span class='ocrx_word' id='word_1_1525' title='bbox 744 3685 762 3709; x_wconf 86' lang='lat'>1,</span> <span class='ocrx_word' id='word_1_1526' title='bbox 775 3685 801 3708; x_wconf 88' lang='grc'>9,</span> <span class='ocrx_word' id='word_1_1527' title='bbox 815 3684 850 3709; x_wconf 85' lang='grc'>33.</span> <span class='ocrx_word' id='word_1_1528' title='bbox 922 3678 1034 3711; x_wconf 80' lang='lat' dir='ltr'>Compar.</span> <span class='ocrx_word' id='word_1_1529' title='bbox 1055 3676 1159 3702; x_wconf 82' lang='lat' dir='ltr'>Discor-</span> 
     </span>
     <span class='ocr_line' id='line_1_144' title="bbox 127 3707 1158 3747; baseline 0.001 -11"><span class='ocrx_word' id='word_1_1530' title='bbox 127 3709 171 3736; x_wconf 84' lang='lat' dir='ltr'>dia</span> <span class='ocrx_word' id='word_1_1531' title='bbox 185 3708 353 3735; x_wconf 86' lang='lat' dir='ltr'>tribunorum</span> <span class='ocrx_word' id='word_1_1532' title='bbox 367 3707 514 3734; x_wconf 79' lang='lat' dir='ltr'>damnosior</span> <span class='ocrx_word' id='word_1_1533' title='bbox 526 3710 588 3744; x_wconf 87' lang='lat' dir='ltr'>reip.</span> <span class='ocrx_word' id='word_1_1534' title='bbox 602 3719 681 3745; x_wconf 85' lang='lat' dir='ltr'>quam</span> <span class='ocrx_word' id='word_1_1535' title='bbox 701 3713 759 3738; x_wconf 89' lang='lat' dir='ltr'>Liu.</span> <span class='ocrx_word' id='word_1_1536' title='bbox 774 3721 801 3744; x_wconf 84' lang='lat'>4,</span> <span class='ocrx_word' id='word_1_1537' title='bbox 816 3719 861 3747; x_wconf 88' lang='lat'>47.</span> <span class='ocrx_word' id='word_1_1538' title='bbox 933 3711 1015 3739; x_wconf 90' lang='lat' dir='ltr'>Ouid.</span> <span class='ocrx_word' id='word_1_1539' title='bbox 1030 3713 1120 3738; x_wconf 84' lang='lat' dir='ltr'>Amor.</span> <span class='ocrx_word' id='word_1_1540' title='bbox 1135 3720 1158 3744; x_wconf 83' lang='lat'>3,</span> 
     </span>
     <span class='ocr_line' id='line_1_145' title="bbox 127 3743 1007 3782; baseline 0.006 -13"><span class='ocrx_word' id='word_1_1541' title='bbox 127 3747 154 3777; x_wconf 90' lang='lat'>6,</span> <span class='ocrx_word' id='word_1_1542' title='bbox 168 3753 202 3778; x_wconf 88' lang='lat'>99</span> <span class='ocrx_word' id='word_1_1543' title='bbox 223 3745 368 3770; x_wconf 82' lang='lat' dir='ltr'>Damnosus</span> <span class='ocrx_word' id='word_1_1544' title='bbox 391 3743 480 3777; x_wconf 83' lang='lat' dir='ltr'>pecori</span> <span class='ocrx_word' id='word_1_1545' title='bbox 499 3745 595 3777; x_wconf 70' lang='lat' dir='ltr'>curris,</span> <span class='ocrx_word' id='word_1_1546' title='bbox 614 3746 762 3774; x_wconf 82' lang='lat' dir='ltr'>damnofior</span> <span class='ocrx_word' id='word_1_1547' title='bbox 777 3748 854 3782; x_wconf 82' lang='lat' dir='ltr'>agris.</span> <span class='ocrx_word' id='word_1_1548' title='bbox 892 3747 919 3773; x_wconf 82' lang='lat' dir='ltr'>de</span> <span class='ocrx_word' id='word_1_1549' title='bbox 933 3751 1007 3774; x_wconf 79' lang='lat' dir='ltr'>amni.</span> 
     </span>
     <span class='ocr_line' id='line_1_146' title="bbox 126 3778 1159 3815; baseline 0.001 -9"><span class='ocrx_word' id='word_1_1550' title='bbox 126 3780 162 3806; x_wconf 78' lang='lat' dir='ltr'>est</span> <span class='ocrx_word' id='word_1_1551' title='bbox 177 3778 323 3806; x_wconf 82' lang='lat' dir='ltr'>damnosius</span> <span class='ocrx_word' id='word_1_1552' title='bbox 335 3779 436 3805; x_wconf 84' lang='lat' dir='ltr'>deserto</span> <span class='ocrx_word' id='word_1_1553' title='bbox 449 3787 512 3813; x_wconf 81' lang='lat' dir='ltr'>agro</span> <span class='ocrx_word' id='word_1_1554' title='bbox 533 3779 597 3805; x_wconf 89' lang='lat' dir='ltr'>Plin.</span> <span class='ocrx_word' id='word_1_1555' title='bbox 611 3786 631 3812; x_wconf 77' lang='lat'>8,</span> <span class='ocrx_word' id='word_1_1556' title='bbox 647 3792 667 3815; x_wconf 77' lang='grc' dir='ltr'>ς,</span> <span class='ocrx_word' id='word_1_1557' title='bbox 739 3781 931 3809; x_wconf 67' lang='lat' dir='ltr'>Damnosiffima</span> <span class='ocrx_word' id='word_1_1558' title='bbox 945 3792 986 3809; x_wconf 84' lang='lat' dir='ltr'>res</span> <span class='ocrx_word' id='word_1_1559' title='bbox 1011 3783 1071 3809; x_wconf 88' lang='lat' dir='ltr'>Liu.</span> <span class='ocrx_word' id='word_1_1560' title='bbox 1086 3785 1111 3815; x_wconf 91' lang='lat'>6,</span> <span class='ocrx_word' id='word_1_1561' title='bbox 1127 3791 1159 3810; x_wconf 87' lang='lat'>11.</span> 
     </span>
     <span class='ocr_line' id='line_1_147' title="bbox 128 3814 1159 3855; baseline 0.002 -13"><span class='ocrx_word' id='word_1_1562' title='bbox 128 3815 195 3842; x_wconf 75' lang='lat' dir='ltr'>Add.</span> <span class='ocrx_word' id='word_1_1563' title='bbox 212 3816 294 3841; x_wconf 88' lang='lat' dir='ltr'>Plaut.</span> <span class='ocrx_word' id='word_1_1564' title='bbox 307 3814 386 3841; x_wconf 84' lang='lat' dir='ltr'>Stich.</span> <span class='ocrx_word' id='word_1_1565' title='bbox 402 3823 421 3846; x_wconf 88' lang='grc'>1,</span> <span class='ocrx_word' id='word_1_1566' title='bbox 435 3823 458 3843; x_wconf 79' lang='lat'>2.</span> <span class='ocrx_word' id='word_1_1567' title='bbox 474 3823 497 3846; x_wconf 92' lang='lat'>9.</span> <span class='ocrx_word' id='word_1_1568' title='bbox 568 3816 686 3855; x_wconf 81' lang='lat' dir='ltr'>Profusus</span> <span class='ocrx_word' id='word_1_1569' title='bbox 697 3825 720 3844; x_wconf 78' lang='lat' dir='ltr'>et</span> <span class='ocrx_word' id='word_1_1570' title='bbox 733 3828 834 3853; x_wconf 75' lang='lat' dir='ltr'>nequam</span> <span class='ocrx_word' id='word_1_1571' title='bbox 860 3819 926 3844; x_wconf 88' lang='lat' dir='ltr'>Suet.</span> <span class='ocrx_word' id='word_1_1572' title='bbox 943 3819 969 3845; x_wconf 88' lang='lat' dir='ltr'>in</span> <span class='ocrx_word' id='word_1_1573' title='bbox 982 3819 1084 3845; x_wconf 85' lang='lat' dir='ltr'>Neron.</span> <span class='ocrx_word' id='word_1_1574' title='bbox 1098 3828 1119 3844; x_wconf 90' lang='lat' dir='ltr'>c.</span> <span class='ocrx_word' id='word_1_1575' title='bbox 1135 3827 1159 3851; x_wconf 84' lang='lat'>13</span> 
     </span>
     <span class='ocr_line' id='line_1_148' title="bbox 129 3849 1160 3887; baseline 0.004 -11"><span class='ocrx_word' id='word_1_1576' title='bbox 129 3850 192 3876; x_wconf 88' lang='lat' dir='ltr'>Non</span> <span class='ocrx_word' id='word_1_1577' title='bbox 205 3851 234 3876; x_wconf 88' lang='lat' dir='ltr'>in</span> <span class='ocrx_word' id='word_1_1578' title='bbox 247 3850 297 3876; x_wconf 87' lang='lat' dir='ltr'>alia</span> <span class='ocrx_word' id='word_1_1579' title='bbox 310 3859 337 3876; x_wconf 89' lang='lat' dir='ltr'>re</span> <span class='ocrx_word' id='word_1_1580' title='bbox 351 3849 508 3881; x_wconf 69' lang='lat' dir='ltr'>dmmofior,</span> <span class='ocrx_word' id='word_1_1581' title='bbox 521 3858 599 3882; x_wconf 88' lang='lat' dir='ltr'>quam</span> <span class='ocrx_word' id='word_1_1582' title='bbox 613 3858 640 3876; x_wconf 85' lang='lat' dir='ltr'>m</span> <span class='ocrx_word' id='word_1_1583' title='bbox 654 3853 824 3880; x_wconf 76' lang='lat' dir='ltr'>aedificando.</span> <span class='ocrx_word' id='word_1_1584' title='bbox 878 3855 973 3887; x_wconf 87' lang='lat' dir='ltr'>Gerro,</span> <span class='ocrx_word' id='word_1_1585' title='bbox 989 3855 1066 3886; x_wconf 87' lang='lat' dir='ltr'>iners,</span> <span class='ocrx_word' id='word_1_1586' title='bbox 1078 3854 1160 3886; x_wconf 87' lang='lat' dir='ltr'>fraus,</span> 
     </span>
     <span class='ocr_line' id='line_1_149' title="bbox 127 3884 1160 3925; baseline 0.006 -14"><span class='ocrx_word' id='word_1_1587' title='bbox 127 3884 225 3917; x_wconf 86' lang='lat' dir='ltr'>heluo,</span> <span class='ocrx_word' id='word_1_1588' title='bbox 243 3895 341 3919; x_wconf 79' lang='lat' dir='ltr'>ganeo,</span> <span class='ocrx_word' id='word_1_1589' title='bbox 362 3886 499 3912; x_wconf 85' lang='lat' dir='ltr'>damnosus</span> <span class='ocrx_word' id='word_1_1590' title='bbox 520 3885 588 3911; x_wconf 90' lang='lat' dir='ltr'>Ter.</span> <span class='ocrx_word' id='word_1_1591' title='bbox 604 3885 697 3913; x_wconf 82' lang='lat' dir='ltr'>Heaut.</span> <span class='ocrx_word' id='word_1_1592' title='bbox 713 3897 734 3919; x_wconf 77' lang='grc' dir='ltr'>ς,</span> <span class='ocrx_word' id='word_1_1593' title='bbox 750 3899 776 3922; x_wconf 81' lang='lat'>4,</span> <span class='ocrx_word' id='word_1_1594' title='bbox 792 3898 828 3915; x_wconf 85' lang='lat'>10.</span> <span class='ocrx_word' id='word_1_1595' title='bbox 898 3890 948 3916; x_wconf 86' lang='lat' dir='ltr'>Ibo</span> <span class='ocrx_word' id='word_1_1596' title='bbox 966 3889 1054 3922; x_wconf 84' lang='lat' dir='ltr'>intro,</span> <span class='ocrx_word' id='word_1_1597' title='bbox 1070 3898 1160 3925; x_wconf 83' lang='lat' dir='ltr'>argen—</span> 
     </span>
     <span class='ocr_line' id='line_1_150' title="bbox 126 3919 903 3957; baseline 0.008 -10"><span class='ocrx_word' id='word_1_1598' title='bbox 126 3926 184 3948; x_wconf 83' lang='lat' dir='ltr'>tum</span> <span class='ocrx_word' id='word_1_1599' title='bbox 196 3921 322 3956; x_wconf 85' lang='lat' dir='ltr'>accipiam</span> <span class='ocrx_word' id='word_1_1600' title='bbox 335 3930 350 3948; x_wconf 85' lang='lat' dir='ltr'>a</span> <span class='ocrx_word' id='word_1_1601' title='bbox 364 3921 490 3948; x_wconf 86' lang='lat' dir='ltr'>damnoso</span> <span class='ocrx_word' id='word_1_1602' title='bbox 504 3921 569 3957; x_wconf 24' lang='lat' dir='ltr'>sene,</span> <span class='ocrx_word' id='word_1_1603' title='bbox 586 3919 669 3948; x_wconf 86' lang='lat' dir='ltr'>Plaut.</span> <span class='ocrx_word' id='word_1_1604' title='bbox 685 3923 758 3957; x_wconf 85' lang='lat' dir='ltr'>Epid.</span> <span class='ocrx_word' id='word_1_1605' title='bbox 774 3933 798 3957; x_wconf 85' lang='lat'>2,</span> <span class='ocrx_word' id='word_1_1606' title='bbox 812 3933 825 3957; x_wconf 82' lang='lat'>3</span> <span class='ocrx_word' id='word_1_1607' title='bbox 838 3930 903 3952; x_wconf 75' lang='lat' dir='ltr'>extr.</span> 
     </span>
    </p>
   </div>
   <div class='ocr_carea' id='block_1_38' title="bbox 620 3604 1157 3640">
    <p class='ocr_par' dir='ltr' id='par_1_43' title="bbox 620 3604 1157 3640">
     <span class='ocr_line' id='line_1_151' title="bbox 620 3604 1157 3640; baseline 0.002 -9"><span class='ocrx_word' id='word_1_1608' title='bbox 620 3604 747 3640; x_wconf 84' lang='lat' dir='ltr'>Superbia</span> <span class='ocrx_word' id='word_1_1609' title='bbox 778 3605 851 3632; x_wconf 90' lang='lat' dir='ltr'>Idem</span> <span class='ocrx_word' id='word_1_1610' title='bbox 864 3606 895 3632; x_wconf 89' lang='lat' dir='ltr'>de</span> <span class='ocrx_word' id='word_1_1611' title='bbox 910 3607 973 3632; x_wconf 82' lang='lat' dir='ltr'>Arte</span> <span class='ocrx_word' id='word_1_1612' title='bbox 987 3607 1045 3632; x_wconf 81' lang='lat' dir='ltr'>Am.</span> <span class='ocrx_word' id='word_1_1613' title='bbox 1065 3614 1086 3637; x_wconf 82' lang='lat'>3,</span> <span class='ocrx_word' id='word_1_1614' title='bbox 1100 3613 1157 3638; x_wconf 83' lang='lat'>509.</span> 
     </span>
    </p>
   </div>
   <div class='ocr_carea' id='block_1_39' title="bbox 60 1796 1947 1871">
    <p class='ocr_par' dir='ltr' id='par_1_44' title="bbox 60 1796 1947 1871">
     <span class='ocr_line' id='line_1_152' title="bbox 865 1796 1947 1837; baseline 0.005 -9"><span class='ocrx_word' id='word_1_1615' title='bbox 865 1796 980 1834; x_wconf 50' lang='lat' dir='ltr'>‚Fatalifl</span> <span class='ocrx_word' id='word_1_1616' title='bbox 996 1796 1089 1823; x_wconf 64' lang='lat' dir='ltr'>damna</span> <span class='ocrx_word' id='word_1_1617' title='bbox 1112 1799 1149 1823; x_wconf 85' lang='lat' dir='ltr'>Iu·</span> <span class='ocrx_word' id='word_1_1618' title='bbox 1162 1808 1197 1834; x_wconf 85' lang='lat'>45</span> <span class='ocrx_word' id='word_1_1619' title='bbox 1220 1799 1341 1826; x_wconf 81' lang='lat' dir='ltr'>Crimine</span> <span class='ocrx_word' id='word_1_1620' title='bbox 1361 1801 1545 1835; x_wconf 83' lang='lat' dir='ltr'>damnaretur,</span> <span class='ocrx_word' id='word_1_1621' title='bbox 1568 1812 1601 1829; x_wconf 87' lang='lat' dir='ltr'>ne</span> <span class='ocrx_word' id='word_1_1622' title='bbox 1620 1803 1674 1837; x_wconf 90' lang='lat' dir='ltr'>ipse</span> <span class='ocrx_word' id='word_1_1623' title='bbox 1693 1805 1753 1830; x_wconf 81' lang='lat' dir='ltr'>efl&#39;et</span> <span class='ocrx_word' id='word_1_1624' title='bbox 1771 1805 1800 1830; x_wconf 85' lang='lat' dir='ltr'>in</span> <span class='ocrx_word' id='word_1_1625' title='bbox 1818 1806 1947 1833; x_wconf 89' lang='lat' dir='ltr'>Crimine.</span> 
     </span>
     <span class='ocr_line' id='line_1_153' title="bbox 60 1832 1152 1871; baseline -0.004 -9"><span class='ocrx_word' id='word_1_1626' title='bbox 60 1836 63 1837; x_wconf 49' lang='lat'><em>⁷</em></span> <span class='ocrx_word' id='word_1_1627' title='bbox 106 1834 252 1871; x_wconf 81' lang='lat' dir='ltr'>risconsulti</span> <span class='ocrx_word' id='word_1_1628' title='bbox 270 1840 375 1865; x_wconf 78' lang='lat' dir='ltr'>vocant,</span> <span class='ocrx_word' id='word_1_1629' title='bbox 396 1842 462 1868; x_wconf 88' lang='lat' dir='ltr'>quae</span> <span class='ocrx_word' id='word_1_1630' title='bbox 482 1832 603 1859; x_wconf 84' lang='lat' dir='ltr'>accidunt</span> <span class='ocrx_word' id='word_1_1631' title='bbox 622 1832 701 1857; x_wconf 87' lang='lat' dir='ltr'>etiam</span> <span class='ocrx_word' id='word_1_1632' title='bbox 716 1837 884 1864; x_wconf 83' lang='lat' dir='ltr'>quantumuis</span> <span class='ocrx_word' id='word_1_1633' title='bbox 904 1832 985 1857; x_wconf 82' lang='lat' dir='ltr'>cautis</span> <span class='ocrx_word' id='word_1_1634' title='bbox 1000 1839 1025 1857; x_wconf 89' lang='lat' dir='ltr'>et</span> <span class='ocrx_word' id='word_1_1635' title='bbox 1041 1832 1152 1866; x_wconf 87' lang='lat' dir='ltr'>pruden-</span> 
     </span>
    </p>
   </div>
   <div class='ocr_carea' id='block_1_40' title="bbox 994 1974 1978 2013">
    <p class='ocr_par' dir='ltr' id='par_1_45' title="bbox 994 1974 1978 2013">
     <span class='ocr_line' id='line_1_154' title="bbox 994 1974 1978 2013; baseline 0.007 -12"><span class='ocrx_word' id='word_1_1636' title='bbox 994 1974 1151 2008; x_wconf 75' lang='lat' dir='ltr'>Reparabile</span> <span class='ocrx_word' id='word_1_1637' title='bbox 1168 1985 1199 2010; x_wconf 82' lang='lat'>50</span> <span class='ocrx_word' id='word_1_1638' title='bbox 1219 1978 1270 2004; x_wconf 91' lang='lat' dir='ltr'>mis</span> <span class='ocrx_word' id='word_1_1639' title='bbox 1292 1978 1425 2004; x_wconf 85' lang='lat' dir='ltr'>sententiis</span> <span class='ocrx_word' id='word_1_1640' title='bbox 1443 1980 1594 2006; x_wconf 81' lang='lat' dir='ltr'>damnatum</span> <span class='ocrx_word' id='word_1_1641' title='bbox 1616 1980 1665 2006; x_wconf 87' lang='lat' dir='ltr'>esse</span> <span class='ocrx_word' id='word_1_1642' title='bbox 1691 1980 1729 2006; x_wconf 87' lang='lat' dir='ltr'>Id.</span> <span class='ocrx_word' id='word_1_1643' title='bbox 1749 1980 1781 2006; x_wconf 87' lang='lat' dir='ltr'>de</span> <span class='ocrx_word' id='word_1_1644' title='bbox 1794 1982 1868 2007; x_wconf 85' lang='lat' dir='ltr'>Orat.</span> <span class='ocrx_word' id='word_1_1645' title='bbox 1889 1990 1907 2012; x_wconf 91' lang='lat'>1,</span> <span class='ocrx_word' id='word_1_1646' title='bbox 1926 1990 1978 2013; x_wconf 80' lang='lat'>231.</span> 
     </span>
    </p>
   </div>
   <div class='ocr_carea' id='block_1_41' title="bbox 698 2681 1418 2716">
    <p class='ocr_par' dir='ltr' id='par_1_46' title="bbox 698 2681 1418 2716">
     <span class='ocr_line' id='line_1_155' title="bbox 698 2681 1418 2716; baseline 0.003 -8"><span class='ocrx_word' id='word_1_1647' title='bbox 698 2683 853 2710; x_wconf 85' lang='lat' dir='ltr'>Gubernare</span> <span class='ocrx_word' id='word_1_1648' title='bbox 867 2681 959 2708; x_wconf 86' lang='lat' dir='ltr'>damna</span> <span class='ocrx_word' id='word_1_1649' title='bbox 973 2683 1038 2708; x_wconf 87' lang='lat' dir='ltr'>belli</span> <span class='ocrx_word' id='word_1_1650' title='bbox 1058 2683 1102 2710; x_wconf 90' lang='lat' dir='ltr'>Sil.</span> <span class='ocrx_word' id='word_1_1651' title='bbox 1116 2692 1154 2715; x_wconf 86' lang='lat'>10,</span> <span class='ocrx_word' id='word_1_1652' title='bbox 1170 2689 1204 2716; x_wconf 86' lang='lat'>70</span> <span class='ocrx_word' id='word_1_1653' title='bbox 1222 2684 1326 2711; x_wconf 86' lang='lat' dir='ltr'>Constr.</span> <span class='ocrx_word' id='word_1_1654' title='bbox 1341 2693 1362 2709; x_wconf 90' lang='lat' dir='ltr'>c.</span> <span class='ocrx_word' id='word_1_1655' title='bbox 1376 2686 1418 2710; x_wconf 92' lang='lat'>26.</span> 
     </span>
    </p>
   </div>
   <div class='ocr_carea' id='block_1_42' title="bbox 806 2854 1974 2902">
    <p class='ocr_par' dir='ltr' id='par_1_47' title="bbox 806 2854 1974 2902">
     <span class='ocr_line' id='line_1_156' title="bbox 806 2854 1974 2902; baseline 0.009 -19"><span class='ocrx_word' id='word_1_1656' title='bbox 806 2857 958 2892; x_wconf 81' lang='lat' dir='ltr'>Rependere</span> <span class='ocrx_word' id='word_1_1657' title='bbox 974 2858 1067 2884; x_wconf 88' lang='lat' dir='ltr'>damna</span> <span class='ocrx_word' id='word_1_1658' title='bbox 1079 2858 1153 2885; x_wconf 87' lang='lat' dir='ltr'>Idem</span> <span class='ocrx_word' id='word_1_1659' title='bbox 1174 2854 1206 2883; x_wconf 81' lang='grc'>75</span> <span class='ocrx_word' id='word_1_1660' title='bbox 1223 2860 1358 2886; x_wconf 87' lang='lat' dir='ltr'>damnauit</span> <span class='ocrx_word' id='word_1_1661' title='bbox 1370 2861 1447 2887; x_wconf 80' lang='lat' dir='ltr'>arista</span> <span class='ocrx_word' id='word_1_1662' title='bbox 1465 2862 1521 2888; x_wconf 90' lang='lat' dir='ltr'>Val.</span> <span class='ocrx_word' id='word_1_1663' title='bbox 1536 2862 1617 2889; x_wconf 87' lang='lat' dir='ltr'>Flacc.</span> <span class='ocrx_word' id='word_1_1664' title='bbox 1633 2872 1651 2894; x_wconf 89' lang='lat'>1,</span> <span class='ocrx_word' id='word_1_1665' title='bbox 1665 2871 1708 2898; x_wconf 85' lang='lat'>70.</span> <span class='ocrx_word' id='word_1_1666' title='bbox 1733 2868 1751 2890; x_wconf 88' lang='lat' dir='ltr'>i.</span> <span class='ocrx_word' id='word_1_1667' title='bbox 1766 2866 1860 2902; x_wconf 78' lang='lat' dir='ltr'>fruges</span> <span class='ocrx_word' id='word_1_1668' title='bbox 1872 2867 1974 2902; x_wconf 74' lang='lat' dir='ltr'>glandia</span> 
     </span>
    </p>
   </div>
   <div class='ocr_carea' id='block_1_43' title="bbox 1181 3036 1764 3075">
    <p class='ocr_par' dir='ltr' id='par_1_48' title="bbox 1181 3036 1764 3075">
     <span class='ocr_line' id='line_1_157' title="bbox 1181 3036 1764 3075; baseline 0.009 -11"><span class='ocrx_word' id='word_1_1669' title='bbox 1181 3036 1212 3061; x_wconf 91' lang='lat'>80</span> <span class='ocrx_word' id='word_1_1670' title='bbox 1222 3039 1278 3065; x_wconf 81' lang='lat' dir='ltr'>dam</span> <span class='ocrx_word' id='word_1_1671' title='bbox 1291 3038 1416 3075; x_wconf 77' lang='lat' dir='ltr'>legendum</span> <span class='ocrx_word' id='word_1_1672' title='bbox 1428 3039 1494 3073; x_wconf 75' lang='lat' dir='ltr'>apud</span> <span class='ocrx_word' id='word_1_1673' title='bbox 1512 3040 1602 3067; x_wconf 86' lang='lat' dir='ltr'>Tacit.</span> <span class='ocrx_word' id='word_1_1674' title='bbox 1616 3041 1706 3067; x_wconf 87' lang='lat' dir='ltr'>Germ.</span> <span class='ocrx_word' id='word_1_1675' title='bbox 1722 3051 1764 3075; x_wconf 91' lang='lat'>29.</span> 
     </span>
    </p>
   </div>
   <div class='ocr_carea' id='block_1_44' title="bbox 600 3570 1328 3676">
    <p class='ocr_par' dir='ltr' id='par_1_49' title="bbox 600 3570 1328 3676">
     <span class='ocr_line' id='line_1_158' title="bbox 1114 3570 1328 3612; baseline 0 -7"><span class='ocrx_word' id='word_1_1676' title='bbox 1114 3570 1157 3596; x_wconf 60' lang='lat' dir='ltr'>Se·</span> <span class='ocrx_word' id='word_1_1677' title='bbox 1176 3579 1208 3605; x_wconf 77' lang='lat'>95</span> <span class='ocrx_word' id='word_1_1678' title='bbox 1225 3579 1250 3603; x_wconf 84' lang='lat'>2,</span> <span class='ocrx_word' id='word_1_1679' title='bbox 1270 3578 1328 3612; x_wconf 63' lang='lat'>397·</span> 
     </span>
     <span class='ocr_line' id='line_1_159' title="bbox 600 3641 1193 3676; baseline -0.002 -9"><span class='ocrx_word' id='word_1_1680' title='bbox 600 3641 693 3667; x_wconf 81' lang='lat' dir='ltr'>Virtus</span> <span class='ocrx_word' id='word_1_1681' title='bbox 717 3641 797 3667; x_wconf 86' lang='lat' dir='ltr'>Ouid.</span> <span class='ocrx_word' id='word_1_1682' title='bbox 812 3641 877 3668; x_wconf 87' lang='lat' dir='ltr'>Met.</span> <span class='ocrx_word' id='word_1_1683' title='bbox 899 3649 937 3673; x_wconf 86' lang='lat'>10,</span> <span class='ocrx_word' id='word_1_1684' title='bbox 957 3649 1018 3676; x_wconf 75' lang='grc'>707.</span> <span class='ocrx_word' id='word_1_1685' title='bbox 1037 3645 1054 3666; x_wconf 86' lang='lat' dir='ltr'>i.</span> <span class='ocrx_word' id='word_1_1686' title='bbox 1079 3642 1159 3667; x_wconf 84' lang='lat' dir='ltr'>Forti-</span> <span class='ocrx_word' id='word_1_1687' title='bbox 1190 3660 1193 3665; x_wconf 83' lang='lat'>.</span> 
     </span>
    </p>
   </div>
   <div class='ocr_carea' id='block_1_45' title="bbox 1219 1660 2261 2161">
    <p class='ocr_par' dir='ltr' id='par_1_50' title="bbox 1219 1660 2261 1872">
     <span class='ocr_line' id='line_1_160' title="bbox 1219 1660 2259 1696; baseline 0.01 -11"><span class='ocrx_word' id='word_1_1688' title='bbox 1219 1664 1239 1686; x_wconf 90' lang='lat' dir='ltr'>i.</span> <span class='ocrx_word' id='word_1_1689' title='bbox 1253 1661 1333 1695; x_wconf 76' lang='lat' dir='ltr'>apud,</span> <span class='ocrx_word' id='word_1_1690' title='bbox 1354 1671 1408 1687; x_wconf 84' lang='lat' dir='ltr'>cum</span> <span class='ocrx_word' id='word_1_1691' title='bbox 1421 1662 1514 1687; x_wconf 81' lang='lat' dir='ltr'>iudices</span> <span class='ocrx_word' id='word_1_1692' title='bbox 1526 1660 1608 1694; x_wconf 59' lang='lat' dir='ltr'>effluit.</span> <span class='ocrx_word' id='word_1_1693' title='bbox 1677 1662 1758 1688; x_wconf 88' lang='lat' dir='ltr'>Ouid.</span> <span class='ocrx_word' id='word_1_1694' title='bbox 1774 1663 1838 1689; x_wconf 84' lang='lat' dir='ltr'>Met.</span> <span class='ocrx_word' id='word_1_1695' title='bbox 1859 1672 1891 1696; x_wconf 88' lang='grc'>11,</span> <span class='ocrx_word' id='word_1_1696' title='bbox 1905 1670 1942 1694; x_wconf 87' lang='grc'>118</span> <span class='ocrx_word' id='word_1_1697' title='bbox 1979 1666 2089 1693; x_wconf 87' lang='lat' dir='ltr'>Caetera</span> <span class='ocrx_word' id='word_1_1698' title='bbox 2102 1668 2158 1694; x_wconf 87' lang='lat' dir='ltr'>sunt</span> <span class='ocrx_word' id='word_1_1699' title='bbox 2174 1669 2259 1695; x_wconf 90' lang='lat' dir='ltr'>homi-</span> 
     </span>
     <span class='ocr_line' id='line_1_161' title="bbox 1220 1695 2260 1738; baseline 0.012 -18"><span class='ocrx_word' id='word_1_1700' title='bbox 1220 1695 1274 1720; x_wconf 86' lang='lat' dir='ltr'>nis:</span> <span class='ocrx_word' id='word_1_1701' title='bbox 1301 1696 1403 1722; x_wconf 81' lang='lat' dir='ltr'>Partem</span> <span class='ocrx_word' id='word_1_1702' title='bbox 1416 1696 1555 1723; x_wconf 84' lang='lat' dir='ltr'>damnatur</span> <span class='ocrx_word' id='word_1_1703' title='bbox 1573 1697 1601 1722; x_wconf 88' lang='lat' dir='ltr'>in</span> <span class='ocrx_word' id='word_1_1704' title='bbox 1615 1705 1710 1729; x_wconf 84' lang='lat' dir='ltr'>vnam,</span> <span class='ocrx_word' id='word_1_1705' title='bbox 1744 1698 1919 1734; x_wconf 87' lang='lat' dir='ltr'>Induiturque</span> <span class='ocrx_word' id='word_1_1706' title='bbox 1939 1710 2014 1728; x_wconf 89' lang='lat' dir='ltr'>aures</span> <span class='ocrx_word' id='word_1_1707' title='bbox 2031 1702 2100 1728; x_wconf 84' lang='lat' dir='ltr'>lente</span> <span class='ocrx_word' id='word_1_1708' title='bbox 2117 1704 2260 1738; x_wconf 86' lang='lat' dir='ltr'>gradientis</span> 
     </span>
     <span class='ocr_line' id='line_1_162' title="bbox 1220 1729 2259 1772; baseline 0.012 -17"><span class='ocrx_word' id='word_1_1709' title='bbox 1220 1729 1301 1755; x_wconf 89' lang='lat' dir='ltr'>aselli.</span> <span class='ocrx_word' id='word_1_1710' title='bbox 1339 1731 1376 1756; x_wconf 87' lang='lat' dir='ltr'>De</span> <span class='ocrx_word' id='word_1_1711' title='bbox 1390 1732 1472 1758; x_wconf 83' lang='lat' dir='ltr'>Mida.</span> <span class='ocrx_word' id='word_1_1712' title='bbox 1542 1732 1634 1766; x_wconf 87' lang='lat' dir='ltr'>Capite</span> <span class='ocrx_word' id='word_1_1713' title='bbox 1647 1732 1764 1767; x_wconf 89' lang='lat' dir='ltr'>aliquem</span> <span class='ocrx_word' id='word_1_1714' title='bbox 1779 1733 1902 1761; x_wconf 85' lang='lat' dir='ltr'>damnare</span> <span class='ocrx_word' id='word_1_1715' title='bbox 1933 1736 1988 1763; x_wconf 90' lang='lat' dir='ltr'>Cic.</span> <span class='ocrx_word' id='word_1_1716' title='bbox 2003 1738 2085 1764; x_wconf 80' lang='lat' dir='ltr'>Tusc.</span> <span class='ocrx_word' id='word_1_1717' title='bbox 2105 1747 2123 1770; x_wconf 87' lang='lat'>1,</span> <span class='ocrx_word' id='word_1_1718' title='bbox 2138 1747 2169 1772; x_wconf 87' lang='lat'>50</span> <span class='ocrx_word' id='word_1_1719' title='bbox 2183 1750 2204 1766; x_wconf 84' lang='lat' dir='ltr'>c.</span> <span class='ocrx_word' id='word_1_1720' title='bbox 2218 1749 2259 1767; x_wconf 87' lang='lat'>22.</span> 
     </span>
     <span class='ocr_line' id='line_1_163' title="bbox 1219 1764 2259 1806; baseline 0.012 -16"><span class='ocrx_word' id='word_1_1721' title='bbox 1219 1771 1242 1790; x_wconf 85' lang='lat' dir='ltr'>et</span> <span class='ocrx_word' id='word_1_1722' title='bbox 1253 1764 1285 1790; x_wconf 86' lang='lat' dir='ltr'>ad</span> <span class='ocrx_word' id='word_1_1723' title='bbox 1298 1765 1397 1791; x_wconf 84' lang='lat' dir='ltr'>Hercu.</span> <span class='ocrx_word' id='word_1_1724' title='bbox 1419 1777 1446 1800; x_wconf 89' lang='lat'>4,</span> <span class='ocrx_word' id='word_1_1725' title='bbox 1462 1776 1497 1800; x_wconf 81' lang='grc'>33.</span> <span class='ocrx_word' id='word_1_1726' title='bbox 1569 1767 1625 1794; x_wconf 90' lang='lat' dir='ltr'>Cic.</span> <span class='ocrx_word' id='word_1_1727' title='bbox 1640 1768 1716 1794; x_wconf 91' lang='lat' dir='ltr'>Verr.</span> <span class='ocrx_word' id='word_1_1728' title='bbox 1732 1777 1754 1801; x_wconf 88' lang='lat'>2,</span> <span class='ocrx_word' id='word_1_1729' title='bbox 1769 1778 1815 1795; x_wconf 87' lang='lat'>100</span> <span class='ocrx_word' id='word_1_1730' title='bbox 1848 1771 1980 1806; x_wconf 87' lang='lat' dir='ltr'>Daretque</span> <span class='ocrx_word' id='word_1_1731' title='bbox 2001 1782 2122 1806; x_wconf 88' lang='lat' dir='ltr'>operam,</span> <span class='ocrx_word' id='word_1_1732' title='bbox 2149 1781 2178 1801; x_wconf 88' lang='lat' dir='ltr'>vt</span> <span class='ocrx_word' id='word_1_1733' title='bbox 2193 1776 2214 1801; x_wconf 91' lang='lat' dir='ltr'>is</span> <span class='ocrx_word' id='word_1_1734' title='bbox 2227 1785 2259 1802; x_wconf 88' lang='lat' dir='ltr'>eo</span> 
     </span>
     <span class='ocr_line' id='line_1_164' title="bbox 2019 1809 2261 1837; baseline 0.017 -4"><span class='ocrx_word' id='word_1_1735' title='bbox 2019 1809 2137 1836; x_wconf 87' lang='lat' dir='ltr'>Nomine</span> <span class='ocrx_word' id='word_1_1736' title='bbox 2158 1811 2261 1837; x_wconf 88' lang='lat' dir='ltr'>sceleris</span> 
     </span>
     <span class='ocr_line' id='line_1_165' title="bbox 2014 1843 2260 1872; baseline 0.012 -3"><span class='ocrx_word' id='word_1_1737' title='bbox 2014 1843 2119 1870; x_wconf 86' lang='lat' dir='ltr'>Iudicio</span> <span class='ocrx_word' id='word_1_1738' title='bbox 2140 1845 2260 1872; x_wconf 85' lang='lat' dir='ltr'>damnari</span> 
     </span>
    </p>

    <p class='ocr_par' dir='ltr' id='par_1_51' title="bbox 1219 1874 2261 2161">
     <span class='ocr_line' id='line_1_166' title="bbox 1550 1874 2258 1907; baseline 0.011 -8"><span class='ocrx_word' id='word_1_1739' title='bbox 1550 1875 1656 1900; x_wconf 90' lang='lat' dir='ltr'>Senatus</span> <span class='ocrx_word' id='word_1_1740' title='bbox 1671 1874 1776 1901; x_wconf 82' lang='lat' dir='ltr'>decreto</span> <span class='ocrx_word' id='word_1_1741' title='bbox 1790 1884 1843 1902; x_wconf 87' lang='lat' dir='ltr'>non</span> <span class='ocrx_word' id='word_1_1742' title='bbox 1867 1885 1925 1903; x_wconf 82' lang='lat' dir='ltr'>mea</span> <span class='ocrx_word' id='word_1_1743' title='bbox 1943 1876 2011 1903; x_wconf 59' lang='lat' dir='ltr'>faeta</span> <span class='ocrx_word' id='word_1_1744' title='bbox 2030 1878 2157 1906; x_wconf 83' lang='lat' dir='ltr'>damnasti</span> <span class='ocrx_word' id='word_1_1745' title='bbox 2178 1881 2258 1907; x_wconf 92' lang='lat' dir='ltr'>Ouid.</span> 
     </span>
     <span class='ocr_line' id='line_1_167' title="bbox 1478 1909 2260 1950; baseline 0.012 -16"><span class='ocrx_word' id='word_1_1746' title='bbox 1478 1909 1569 1944; x_wconf 88' lang='lat' dir='ltr'>Turpi</span> <span class='ocrx_word' id='word_1_1747' title='bbox 1583 1910 1684 1935; x_wconf 89' lang='lat' dir='ltr'>iudicio</span> <span class='ocrx_word' id='word_1_1748' title='bbox 1696 1910 1815 1936; x_wconf 83' lang='lat' dir='ltr'>damnari</span> <span class='ocrx_word' id='word_1_1749' title='bbox 1835 1911 1891 1937; x_wconf 82' lang='lat' dir='ltr'>Cic.</span> <span class='ocrx_word' id='word_1_1750' title='bbox 1904 1921 1953 1945; x_wconf 86' lang='lat' dir='ltr'>pro</span> <span class='ocrx_word' id='word_1_1751' title='bbox 1966 1913 2021 1938; x_wconf 86' lang='lat' dir='ltr'>Sex.</span> <span class='ocrx_word' id='word_1_1752' title='bbox 2035 1913 2109 1940; x_wconf 87' lang='lat' dir='ltr'>Rosc.</span> <span class='ocrx_word' id='word_1_1753' title='bbox 2124 1922 2149 1949; x_wconf 88' lang='lat'>7.</span> <span class='ocrx_word' id='word_1_1754' title='bbox 2203 1917 2260 1950; x_wconf 87' lang='lat' dir='ltr'>Ipsa</span> 
     </span>
     <span class='ocr_line' id='line_1_168' title="bbox 1219 1942 2260 1984; baseline 0.011 -17"><span class='ocrx_word' id='word_1_1755' title='bbox 1219 1942 1360 1968; x_wconf 89' lang='lat' dir='ltr'>hominum</span> <span class='ocrx_word' id='word_1_1756' title='bbox 1372 1943 1501 1977; x_wconf 88' lang='lat' dir='ltr'>opinione</span> <span class='ocrx_word' id='word_1_1757' title='bbox 1514 1945 1590 1970; x_wconf 85' lang='lat' dir='ltr'>tacita</span> <span class='ocrx_word' id='word_1_1758' title='bbox 1605 1945 1755 1971; x_wconf 84' lang='lat' dir='ltr'>damnatum</span> <span class='ocrx_word' id='word_1_1759' title='bbox 1768 1946 1816 1971; x_wconf 77' lang='lat' dir='ltr'>effe</span> <span class='ocrx_word' id='word_1_1760' title='bbox 1845 1946 1917 1972; x_wconf 84' lang='lat' dir='ltr'>Idem</span> <span class='ocrx_word' id='word_1_1761' title='bbox 1932 1956 1981 1981; x_wconf 91' lang='lat' dir='ltr'>pro</span> <span class='ocrx_word' id='word_1_1762' title='bbox 1993 1948 2096 1975; x_wconf 86' lang='lat' dir='ltr'>Cluent.</span> <span class='ocrx_word' id='word_1_1763' title='bbox 2109 1957 2135 1984; x_wconf 92' lang='lat'>7.</span> <span class='ocrx_word' id='word_1_1764' title='bbox 2207 1953 2260 1978; x_wconf 88' lang='lat' dir='ltr'>Pri-</span> 
     </span>
     <span class='ocr_line' id='line_1_169' title="bbox 2049 1984 2260 2014; baseline 0.019 -4"><span class='ocrx_word' id='word_1_1765' title='bbox 2049 1985 2098 2011; x_wconf 79' lang='lat' dir='ltr'>Per</span> <span class='ocrx_word' id='word_1_1766' title='bbox 2118 1984 2260 2014; x_wconf 83' lang='lat' dir='ltr'>arbitrium</span> 
     </span>
     <span class='ocr_line' id='line_1_170' title="bbox 1219 2013 2261 2054; baseline 0.011 -16"><span class='ocrx_word' id='word_1_1767' title='bbox 1219 2013 1340 2039; x_wconf 86' lang='lat' dir='ltr'>damnari</span> <span class='ocrx_word' id='word_1_1768' title='bbox 1359 2014 1414 2040; x_wconf 91' lang='lat' dir='ltr'>Cic.</span> <span class='ocrx_word' id='word_1_1769' title='bbox 1429 2024 1477 2048; x_wconf 86' lang='lat' dir='ltr'>pro</span> <span class='ocrx_word' id='word_1_1770' title='bbox 1490 2015 1547 2041; x_wconf 84' lang='lat' dir='ltr'>Sex.</span> <span class='ocrx_word' id='word_1_1771' title='bbox 1562 2016 1637 2041; x_wconf 76' lang='lat' dir='ltr'>Rosc.</span> <span class='ocrx_word' id='word_1_1772' title='bbox 1650 2023 1699 2048; x_wconf 89' lang='grc'>114.</span> <span class='ocrx_word' id='word_1_1773' title='bbox 1755 2016 1820 2042; x_wconf 89' lang='lat' dir='ltr'>Plin.</span> <span class='ocrx_word' id='word_1_1774' title='bbox 1835 2025 1868 2048; x_wconf 84' lang='lat'>11,</span> <span class='ocrx_word' id='word_1_1775' title='bbox 1880 2025 1896 2043; x_wconf 81' lang='lat' dir='ltr'>z</span> <span class='ocrx_word' id='word_1_1776' title='bbox 1919 2018 2087 2052; x_wconf 80' lang='lat' dir='ltr'>Quapropter</span> <span class='ocrx_word' id='word_1_1777' title='bbox 2100 2023 2208 2054; x_wconf 84' lang='lat' dir='ltr'>quaeso,</span> <span class='ocrx_word' id='word_1_1778' title='bbox 2228 2032 2261 2049; x_wconf 87' lang='lat' dir='ltr'>ne</span> 
     </span>
     <span class='ocr_line' id='line_1_171' title="bbox 1219 2048 2260 2084; baseline 0.012 -11"><span class='ocrx_word' id='word_1_1779' title='bbox 1219 2049 1282 2074; x_wconf 89' lang='lat' dir='ltr'>haec</span> <span class='ocrx_word' id='word_1_1780' title='bbox 1297 2048 1429 2082; x_wconf 82' lang='lat' dir='ltr'>legentes,</span> <span class='ocrx_word' id='word_1_1781' title='bbox 1449 2051 1576 2083; x_wconf 88' lang='lat' dir='ltr'>quoniam</span> <span class='ocrx_word' id='word_1_1782' title='bbox 1595 2058 1625 2075; x_wconf 85' lang='lat' dir='ltr'>ex</span> <span class='ocrx_word' id='word_1_1783' title='bbox 1646 2049 1685 2076; x_wconf 88' lang='lat' dir='ltr'>his</span> <span class='ocrx_word' id='word_1_1784' title='bbox 1698 2051 1823 2084; x_wconf 87' lang='lat' dir='ltr'>spernunt</span> <span class='ocrx_word' id='word_1_1785' title='bbox 1841 2052 1939 2084; x_wconf 87' lang='lat' dir='ltr'>multa,</span> <span class='ocrx_word' id='word_1_1786' title='bbox 1958 2053 2038 2080; x_wconf 79' lang='lat' dir='ltr'>etiam</span> <span class='ocrx_word' id='word_1_1787' title='bbox 2057 2056 2139 2082; x_wconf 87' lang='lat' dir='ltr'>relata</span> <span class='ocrx_word' id='word_1_1788' title='bbox 2153 2058 2260 2084; x_wconf 85' lang='lat' dir='ltr'>fastidio</span> 
     </span>
     <span class='ocr_line' id='line_1_172' title="bbox 1220 2083 2155 2123; baseline 0.011 -15"><span class='ocrx_word' id='word_1_1789' title='bbox 1220 2083 1359 2114; x_wconf 86' lang='lat' dir='ltr'>damnent,</span> <span class='ocrx_word' id='word_1_1790' title='bbox 1380 2093 1461 2117; x_wconf 91' lang='lat' dir='ltr'>quum</span> <span class='ocrx_word' id='word_1_1791' title='bbox 1477 2084 1521 2117; x_wconf 89' lang='lat' dir='ltr'>in,</span> <span class='ocrx_word' id='word_1_1792' title='bbox 1541 2091 1587 2110; x_wconf 80' lang='lat' dir='ltr'>etc.</span> <span class='ocrx_word' id='word_1_1793' title='bbox 1642 2085 1772 2112; x_wconf 87' lang='lat' dir='ltr'>Damnare</span> <span class='ocrx_word' id='word_1_1794' title='bbox 1787 2086 1852 2113; x_wconf 86' lang='lat' dir='ltr'>odio</span> <span class='ocrx_word' id='word_1_1795' title='bbox 1872 2088 1929 2114; x_wconf 86' lang='lat' dir='ltr'>Sen.</span> <span class='ocrx_word' id='word_1_1796' title='bbox 1943 2088 1975 2115; x_wconf 89' lang='lat' dir='ltr'>de</span> <span class='ocrx_word' id='word_1_1797' title='bbox 1990 2090 2079 2117; x_wconf 84' lang='lat' dir='ltr'>Benes.</span> <span class='ocrx_word' id='word_1_1798' title='bbox 2094 2099 2117 2123; x_wconf 85' lang='lat'>3,</span> <span class='ocrx_word' id='word_1_1799' title='bbox 2131 2094 2155 2118; x_wconf 88' lang='lat'>6.</span> 
     </span>
     <span class='ocr_line' id='line_1_173' title="bbox 1220 2118 2157 2161; baseline 0.011 -18"><span class='ocrx_word' id='word_1_1800' title='bbox 1220 2118 1291 2144; x_wconf 80' lang='lat' dir='ltr'>ditur</span> <span class='ocrx_word' id='word_1_1801' title='bbox 1303 2118 1427 2144; x_wconf 72' lang='lat' dir='ltr'>interdum</span> <span class='ocrx_word' id='word_1_1802' title='bbox 1435 2121 1542 2145; x_wconf 71' lang='lat' dir='ltr'>Danaus</span> <span class='ocrx_word' id='word_1_1803' title='bbox 1550 2119 1697 2156; x_wconf 74' lang='lat' dir='ltr'>significans</span> <span class='ocrx_word' id='word_1_1804' title='bbox 1706 2122 1835 2156; x_wconf 67' lang='lat' dir='ltr'>Persbnam</span> <span class='ocrx_word' id='word_1_1805' title='bbox 1843 2142 1851 2155; x_wconf 91' lang='lat'>‚</span> <span class='ocrx_word' id='word_1_1806' title='bbox 1871 2133 1931 2158; x_wconf 79' lang='lat' dir='ltr'>quae</span> <span class='ocrx_word' id='word_1_1807' title='bbox 1942 2127 1970 2151; x_wconf 83' lang='lat' dir='ltr'>in</span> <span class='ocrx_word' id='word_1_1808' title='bbox 1981 2125 2053 2161; x_wconf 78' lang='lat' dir='ltr'>causa</span> <span class='ocrx_word' id='word_1_1809' title='bbox 2066 2130 2157 2154; x_wconf 79' lang='lat' dir='ltr'>vincit.</span> 
     </span>
    </p>
   </div>
   <div class='ocr_carea' id='block_1_46' title="bbox 1219 1835 1944 1939">
    <p class='ocr_par' dir='ltr' id='par_1_52' title="bbox 1219 1835 1944 1939">
     <span class='ocr_line' id='line_1_174' title="bbox 1220 1835 1944 1874; baseline 0.01 -14"><span class='ocrx_word' id='word_1_1810' title='bbox 1220 1835 1466 1872; x_wconf 84' lang='lat' dir='ltr'>coniurationisque</span> <span class='ocrx_word' id='word_1_1811' title='bbox 1482 1839 1602 1865; x_wconf 87' lang='lat' dir='ltr'>damnari</span> <span class='ocrx_word' id='word_1_1812' title='bbox 1635 1839 1707 1865; x_wconf 84' lang='lat' dir='ltr'>Idem</span> <span class='ocrx_word' id='word_1_1813' title='bbox 1722 1841 1799 1866; x_wconf 84' lang='lat' dir='ltr'>Verr.</span> <span class='ocrx_word' id='word_1_1814' title='bbox 1813 1849 1835 1872; x_wconf 86' lang='grc'>3,</span> <span class='ocrx_word' id='word_1_1815' title='bbox 1851 1849 1872 1867; x_wconf 91' lang='lat'>11</span> <span class='ocrx_word' id='word_1_1816' title='bbox 1886 1850 1908 1867; x_wconf 92' lang='lat' dir='ltr'>c.</span> <span class='ocrx_word' id='word_1_1817' title='bbox 1923 1849 1944 1874; x_wconf 88' lang='lat'>5.</span> 
     </span>
     <span class='ocr_line' id='line_1_175' title="bbox 1220 1871 1477 1906; baseline 0.012 -9"><span class='ocrx_word' id='word_1_1818' title='bbox 1220 1871 1259 1898; x_wconf 94' lang='lat' dir='ltr'>Id.</span> <span class='ocrx_word' id='word_1_1819' title='bbox 1273 1871 1386 1906; x_wconf 87' lang='lat' dir='ltr'>Philipp.</span> <span class='ocrx_word' id='word_1_1820' title='bbox 1406 1882 1425 1905; x_wconf 94' lang='lat'>1,</span> <span class='ocrx_word' id='word_1_1821' title='bbox 1442 1882 1477 1900; x_wconf 89' lang='lat'>21.</span> 
     </span>
     <span class='ocr_line' id='line_1_176' title="bbox 1219 1906 1406 1939; baseline 0.011 -7"><span class='ocrx_word' id='word_1_1822' title='bbox 1219 1906 1306 1933; x_wconf 89' lang='lat' dir='ltr'>Trist.</span> <span class='ocrx_word' id='word_1_1823' title='bbox 1320 1915 1345 1939; x_wconf 89' lang='lat'>2,</span> <span class='ocrx_word' id='word_1_1824' title='bbox 1361 1916 1406 1939; x_wconf 87' lang='lat'>131.</span> 
     </span>
    </p>
   </div>
   <div class='ocr_carea' id='block_1_47' title="bbox 2204 2129 2262 2155">
    <p class='ocr_par' dir='ltr' id='par_1_53' title="bbox 2204 2129 2262 2155">
     <span class='ocr_line' id='line_1_177' title="bbox 2204 2129 2262 2155; baseline 0 0"><span class='ocrx_word' id='word_1_1825' title='bbox 2204 2129 2262 2155; x_wconf 90' lang='lat' dir='ltr'>Sen.</span> 
     </span>
    </p>
   </div>
   <div class='ocr_carea' id='block_1_48' title="bbox 1173 2153 2264 2192">
    <p class='ocr_par' dir='ltr' id='par_1_54' title="bbox 1173 2153 2264 2192">
     <span class='ocr_line' id='line_1_178' title="bbox 1173 2153 2264 2192; baseline 0.012 -14"><span class='ocrx_word' id='word_1_1826' title='bbox 1173 2157 1202 2185; x_wconf 77' lang='lat'>55</span> <span class='ocrx_word' id='word_1_1827' title='bbox 1221 2153 1253 2180; x_wconf 87' lang='lat' dir='ltr'>de</span> <span class='ocrx_word' id='word_1_1828' title='bbox 1268 2153 1357 2180; x_wconf 83' lang='lat' dir='ltr'>ssenef.</span> <span class='ocrx_word' id='word_1_1829' title='bbox 1372 2156 1389 2179; x_wconf 87' lang='lat'>6</span> <span class='ocrx_word' id='word_1_1830' title='bbox 1416 2155 1456 2180; x_wconf 86' lang='lat' dir='ltr'>Sic</span> <span class='ocrx_word' id='word_1_1831' title='bbox 1475 2154 1593 2182; x_wconf 78' lang='lat' dir='ltr'>debitori</span> <span class='ocrx_word' id='word_1_1832' title='bbox 1613 2156 1729 2183; x_wconf 84' lang='lat' dir='ltr'>creditor</span> <span class='ocrx_word' id='word_1_1833' title='bbox 1741 2158 1815 2191; x_wconf 85' lang='lat' dir='ltr'>saepe</span> <span class='ocrx_word' id='word_1_1834' title='bbox 1827 2158 1980 2192; x_wconf 87' lang='lat' dir='ltr'>damnatur,</span> <span class='ocrx_word' id='word_1_1835' title='bbox 2008 2161 2055 2188; x_wconf 87' lang='lat' dir='ltr'>vbi</span> <span class='ocrx_word' id='word_1_1836' title='bbox 2075 2171 2107 2188; x_wconf 81' lang='lat' dir='ltr'>ex</span> <span class='ocrx_word' id='word_1_1837' title='bbox 2120 2163 2171 2189; x_wconf 83' lang='lat' dir='ltr'>alia</span> <span class='ocrx_word' id='word_1_1838' title='bbox 2190 2166 2264 2191; x_wconf 88' lang='lat' dir='ltr'>causa</span> 
     </span>
    </p>
   </div>
   <div class='ocr_carea' id='block_1_49' title="bbox 1215 2188 2265 2513">
    <p class='ocr_par' dir='ltr' id='par_1_55' title="bbox 1215 2188 2265 2338">
     <span class='ocr_line' id='line_1_179' title="bbox 1221 2188 2263 2227; baseline 0.012 -13"><span class='ocrx_word' id='word_1_1839' title='bbox 1221 2189 1281 2223; x_wconf 92' lang='lat' dir='ltr'>plus</span> <span class='ocrx_word' id='word_1_1840' title='bbox 1313 2188 1420 2226; x_wconf 84' lang='lat' dir='ltr'>abstulit</span> <span class='ocrx_word' id='word_1_1841' title='bbox 1433 2210 1442 2222; x_wconf 86' lang='lat'>,</span> <span class='ocrx_word' id='word_1_1842' title='bbox 1467 2199 1547 2225; x_wconf 86' lang='lat' dir='ltr'>quam</span> <span class='ocrx_word' id='word_1_1843' title='bbox 1579 2200 1610 2217; x_wconf 86' lang='lat' dir='ltr'>ex</span> <span class='ocrx_word' id='word_1_1844' title='bbox 1641 2191 1743 2219; x_wconf 86' lang='lat' dir='ltr'>credito</span> <span class='ocrx_word' id='word_1_1845' title='bbox 1772 2194 1846 2227; x_wconf 72' lang='lat' dir='ltr'>petit.</span> <span class='ocrx_word' id='word_1_1846' title='bbox 1901 2196 2027 2223; x_wconf 88' lang='lat' dir='ltr'>Damnari</span> <span class='ocrx_word' id='word_1_1847' title='bbox 2059 2197 2159 2224; x_wconf 64' lang='lat' dir='ltr'>indieta</span> <span class='ocrx_word' id='word_1_1848' title='bbox 2189 2202 2263 2227; x_wconf 88' lang='lat' dir='ltr'>causa</span> 
     </span>
     <span class='ocr_line' id='line_1_180' title="bbox 1220 2225 2265 2268; baseline 0.011 -17"><span class='ocrx_word' id='word_1_1849' title='bbox 1220 2225 1354 2256; x_wconf 81' lang='lat' dir='ltr'>dicuntur,</span> <span class='ocrx_word' id='word_1_1850' title='bbox 1376 2228 1420 2260; x_wconf 82' lang='lat' dir='ltr'>qui</span> <span class='ocrx_word' id='word_1_1851' title='bbox 1438 2226 1533 2261; x_wconf 64' lang='lat' dir='ltr'>caustum</span> <span class='ocrx_word' id='word_1_1852' title='bbox 1553 2236 1601 2253; x_wconf 83' lang='lat' dir='ltr'>non</span> <span class='ocrx_word' id='word_1_1853' title='bbox 1613 2226 1744 2258; x_wconf 69' lang='lat' dir='ltr'>dixerunt,</span> <span class='ocrx_word' id='word_1_1854' title='bbox 1767 2238 1842 2264; x_wconf 74' lang='lat' dir='ltr'>neque</span> <span class='ocrx_word' id='word_1_1855' title='bbox 1856 2229 2035 2266; x_wconf 60' lang='lat' dir='ltr'>defenderunt,</span> <span class='ocrx_word' id='word_1_1856' title='bbox 2060 2237 2163 2268; x_wconf 75' lang='lat' dir='ltr'>quinon</span> <span class='ocrx_word' id='word_1_1857' title='bbox 2182 2236 2265 2262; x_wconf 82' lang='lat' dir='ltr'>auditi</span> 
     </span>
     <span class='ocr_line' id='line_1_181' title="bbox 1215 2259 2263 2302; baseline 0.012 -17"><span class='ocrx_word' id='word_1_1858' title='bbox 1215 2260 1287 2296; x_wconf 79' lang='lat' dir='ltr'>sunt.</span> <span class='ocrx_word' id='word_1_1859' title='bbox 1333 2259 1381 2286; x_wconf 92' lang='lat' dir='ltr'>Cic</span> <span class='ocrx_word' id='word_1_1860' title='bbox 1398 2260 1429 2286; x_wconf 87' lang='lat' dir='ltr'>de</span> <span class='ocrx_word' id='word_1_1861' title='bbox 1443 2261 1534 2295; x_wconf 83' lang='lat' dir='ltr'>Legib.</span> <span class='ocrx_word' id='word_1_1862' title='bbox 1549 2271 1567 2292; x_wconf 87' lang='lat'>1,</span> <span class='ocrx_word' id='word_1_1863' title='bbox 1581 2271 1614 2295; x_wconf 85' lang='lat'>4²</span> <span class='ocrx_word' id='word_1_1864' title='bbox 1640 2263 1675 2289; x_wconf 94' lang='lat' dir='ltr'>Vt</span> <span class='ocrx_word' id='word_1_1865' title='bbox 1689 2263 1810 2291; x_wconf 61' lang='lat' dir='ltr'>metator</span> <span class='ocrx_word' id='word_1_1866' title='bbox 1823 2267 1870 2300; x_wconf 93' lang='lat' dir='ltr'>qui</span> <span class='ocrx_word' id='word_1_1867' title='bbox 1884 2267 1958 2298; x_wconf 77' lang='lat' dir='ltr'>esset,</span> <span class='ocrx_word' id='word_1_1868' title='bbox 1979 2276 2056 2302; x_wconf 90' lang='lat' dir='ltr'>quem</span> <span class='ocrx_word' id='word_1_1869' title='bbox 2069 2269 2149 2296; x_wconf 88' lang='lat' dir='ltr'>vellet</span> <span class='ocrx_word' id='word_1_1870' title='bbox 2160 2271 2263 2298; x_wconf 89' lang='lat' dir='ltr'>ciuium</span> 
     </span>
     <span class='ocr_line' id='line_1_182' title="bbox 1223 2295 2261 2338; baseline 0.012 -17"><span class='ocrx_word' id='word_1_1871' title='bbox 1223 2295 1324 2322; x_wconf 71' lang='lat' dir='ltr'>indie&#39;ta</span> <span class='ocrx_word' id='word_1_1872' title='bbox 1335 2296 1425 2328; x_wconf 83' lang='lat' dir='ltr'>causa,</span> <span class='ocrx_word' id='word_1_1873' title='bbox 1444 2297 1552 2331; x_wconf 86' lang='lat' dir='ltr'>impune</span> <span class='ocrx_word' id='word_1_1874' title='bbox 1565 2298 1787 2332; x_wconf 79' lang='lat' dir='ltr'>poffet-occidere.</span> <span class='ocrx_word' id='word_1_1875' title='bbox 1878 2302 2005 2329; x_wconf 85' lang='lat' dir='ltr'>Damnari</span> <span class='ocrx_word' id='word_1_1876' title='bbox 2024 2304 2189 2338; x_wconf 87' lang='lat' dir='ltr'>inauditum,</span> <span class='ocrx_word' id='word_1_1877' title='bbox 2209 2307 2261 2333; x_wconf 78' lang='lat' dir='ltr'>uid.</span> 
     </span>
    </p>

    <p class='ocr_par' dir='ltr' id='par_1_56' title="bbox 1220 2331 2263 2513">
     <span class='ocr_line' id='line_1_183' title="bbox 1565 2331 2262 2396; baseline 0.011 -37"><span class='ocrx_word' id='word_1_1878' title='bbox 1565 2368 1570 2372; x_wconf 39' lang='grc' dir='ltr'>ι</span> <span class='ocrx_word' id='word_1_1879' title='bbox 1622 2331 1646 2396; x_wconf 59' lang='grc' dir='ltr'>ἒ</span> <span class='ocrx_word' id='word_1_1880' title='bbox 1670 2343 1682 2366; x_wconf 86' lang='grc'>3</span> <span class='ocrx_word' id='word_1_1881' title='bbox 1719 2337 1746 2361; x_wconf 88' lang='grc' dir='ltr'><em>Α</em></span> <span class='ocrx_word' id='word_1_1882' title='bbox 1759 2335 1873 2371; x_wconf 73' lang='lat' dir='ltr'>fiillemni</span> <span class='ocrx_word' id='word_1_1883' title='bbox 1893 2337 1937 2363; x_wconf 77' lang='lat' dir='ltr'>ilia</span> <span class='ocrx_word' id='word_1_1884' title='bbox 1947 2339 2132 2374; x_wconf 64' lang='lat' dir='ltr'>fignificatimie</span> <span class='ocrx_word' id='word_1_1885' title='bbox 2151 2343 2262 2376; x_wconf 74' lang='lat' dir='ltr'>aliquan-</span> 
     </span>
     <span class='ocr_line' id='line_1_184' title="bbox 1221 2364 2261 2409; baseline 0.012 -18"><span class='ocrx_word' id='word_1_1886' title='bbox 1221 2374 1274 2392; x_wconf 82' lang='lat' dir='ltr'>tum</span> <span class='ocrx_word' id='word_1_1887' title='bbox 1288 2365 1404 2392; x_wconf 73' lang='lat' dir='ltr'>recedunt</span> <span class='ocrx_word' id='word_1_1888' title='bbox 1418 2364 1482 2400; x_wconf 79' lang='lat' dir='ltr'>ista:</span> <span class='ocrx_word' id='word_1_1889' title='bbox 1537 2369 1612 2402; x_wconf 79' lang='lat' dir='ltr'>Virg.</span> <span class='ocrx_word' id='word_1_1890' title='bbox 1649 2370 1680 2395; x_wconf 81' lang='lat' dir='ltr'>cl.</span> <span class='ocrx_word' id='word_1_1891' title='bbox 1695 2377 1717 2402; x_wconf 83' lang='lat'>5,</span> <span class='ocrx_word' id='word_1_1892' title='bbox 1732 2376 1763 2400; x_wconf 78' lang='lat'>80</span> <span class='ocrx_word' id='word_1_1893' title='bbox 1794 2373 1828 2397; x_wconf 91' lang='lat' dir='ltr'>Vt</span> <span class='ocrx_word' id='word_1_1894' title='bbox 1844 2372 1962 2406; x_wconf 82' lang='lat' dir='ltr'>Baccho,</span> <span class='ocrx_word' id='word_1_1895' title='bbox 1980 2375 2143 2409; x_wconf 88' lang='lat' dir='ltr'>Cererique,</span> <span class='ocrx_word' id='word_1_1896' title='bbox 2163 2377 2214 2402; x_wconf 87' lang='lat' dir='ltr'>tibi</span> <span class='ocrx_word' id='word_1_1897' title='bbox 2227 2377 2261 2402; x_wconf 82' lang='lat' dir='ltr'>fic</span> 
     </span>
     <span class='ocr_line' id='line_1_185' title="bbox 1220 2403 2263 2443; baseline 0.011 -16"><span class='ocrx_word' id='word_1_1898' title='bbox 1220 2407 1284 2428; x_wconf 86' lang='lat' dir='ltr'>vota</span> <span class='ocrx_word' id='word_1_1899' title='bbox 1297 2404 1438 2436; x_wconf 85' lang='lat' dir='ltr'>quotannis</span> <span class='ocrx_word' id='word_1_1900' title='bbox 1475 2403 1613 2437; x_wconf 84' lang='lat' dir='ltr'>Agricolae</span> <span class='ocrx_word' id='word_1_1901' title='bbox 1626 2406 1739 2438; x_wconf 87' lang='lat' dir='ltr'>facient,</span> <span class='ocrx_word' id='word_1_1902' title='bbox 1760 2406 1895 2434; x_wconf 87' lang='lat' dir='ltr'>damnabis</span> <span class='ocrx_word' id='word_1_1903' title='bbox 1911 2415 1938 2435; x_wconf 91' lang='lat' dir='ltr'>tu</span> <span class='ocrx_word' id='word_1_1904' title='bbox 1951 2419 2058 2443; x_wconf 89' lang='lat' dir='ltr'>quoque</span> <span class='ocrx_word' id='word_1_1905' title='bbox 2072 2410 2151 2436; x_wconf 84' lang='lat' dir='ltr'>votis.</span> <span class='ocrx_word' id='word_1_1906' title='bbox 2214 2412 2263 2438; x_wconf 83' lang='lat' dir='ltr'>Vbi</span> 
     </span>
     <span class='ocr_line' id='line_1_186' title="bbox 1222 2438 2262 2479; baseline 0.011 -17"><span class='ocrx_word' id='word_1_1907' title='bbox 1222 2438 1338 2464; x_wconf 86' lang='lat' dir='ltr'>Seruius.</span> <span class='ocrx_word' id='word_1_1908' title='bbox 1393 2439 1484 2471; x_wconf 79' lang='lat' dir='ltr'>Qium</span> <span class='ocrx_word' id='word_1_1909' title='bbox 1503 2446 1531 2465; x_wconf 88' lang='lat' dir='ltr'>tu</span> <span class='ocrx_word' id='word_1_1910' title='bbox 1553 2439 1615 2466; x_wconf 90' lang='lat' dir='ltr'>deus</span> <span class='ocrx_word' id='word_1_1911' title='bbox 1630 2441 1758 2475; x_wconf 85' lang='lat' dir='ltr'>praestare</span> <span class='ocrx_word' id='word_1_1912' title='bbox 1780 2442 1867 2476; x_wconf 83' lang='lat' dir='ltr'>aliqua</span> <span class='ocrx_word' id='word_1_1913' title='bbox 1888 2443 2042 2469; x_wconf 85' lang='lat' dir='ltr'>hominibus</span> <span class='ocrx_word' id='word_1_1914' title='bbox 2061 2446 2195 2479; x_wconf 86' lang='lat' dir='ltr'>coeperis,</span> <span class='ocrx_word' id='word_1_1915' title='bbox 2214 2447 2262 2474; x_wconf 83' lang='lat' dir='ltr'>ob-</span> 
     </span>
     <span class='ocr_line' id='line_1_187' title="bbox 1221 2472 2262 2513; baseline 0.009 -14"><span class='ocrx_word' id='word_1_1916' title='bbox 1221 2474 1317 2499; x_wconf 86' lang='lat' dir='ltr'>noxios</span> <span class='ocrx_word' id='word_1_1917' title='bbox 1335 2472 1387 2499; x_wconf 88' lang='lat' dir='ltr'>tibi</span> <span class='ocrx_word' id='word_1_1918' title='bbox 1407 2483 1452 2500; x_wconf 89' lang='lat' dir='ltr'>eos</span> <span class='ocrx_word' id='word_1_1919' title='bbox 1473 2475 1553 2501; x_wconf 84' lang='lat' dir='ltr'>facies</span> <span class='ocrx_word' id='word_1_1920' title='bbox 1572 2475 1604 2502; x_wconf 89' lang='lat' dir='ltr'>ad</span> <span class='ocrx_word' id='word_1_1921' title='bbox 1623 2482 1687 2502; x_wconf 86' lang='lat' dir='ltr'>vota</span> <span class='ocrx_word' id='word_1_1922' title='bbox 1708 2477 1846 2502; x_wconf 87' lang='lat' dir='ltr'>soluenda:</span> <span class='ocrx_word' id='word_1_1923' title='bbox 1872 2486 1938 2511; x_wconf 89' lang='lat' dir='ltr'>quae</span> <span class='ocrx_word' id='word_1_1924' title='bbox 1958 2485 2099 2513; x_wconf 87' lang='lat' dir='ltr'>antequam</span> <span class='ocrx_word' id='word_1_1925' title='bbox 2119 2481 2262 2513; x_wconf 83' lang='lat' dir='ltr'>soluantur,</span> 
     </span>
    </p>
   </div>
   <div class='ocr_carea' id='block_1_50' title="bbox 1995 2515 2263 2552">
    <p class='ocr_par' dir='ltr' id='par_1_57' title="bbox 1995 2515 2263 2552">
     <span class='ocr_line' id='line_1_188' title="bbox 1995 2515 2263 2552; baseline 0.015 -12"><span class='ocrx_word' id='word_1_1926' title='bbox 1995 2515 2071 2548; x_wconf 87' lang='lat' dir='ltr'>Virg.</span> <span class='ocrx_word' id='word_1_1927' title='bbox 2086 2516 2150 2542; x_wconf 82' lang='lat' dir='ltr'>Aen.</span> <span class='ocrx_word' id='word_1_1928' title='bbox 2166 2525 2200 2549; x_wconf 79' lang='lat'>12,</span> <span class='ocrx_word' id='word_1_1929' title='bbox 2210 2520 2263 2552; x_wconf 82' lang='lat'>726</span> 
     </span>
    </p>
   </div>
   <div class='ocr_carea' id='block_1_51' title="bbox 1221 2550 2276 2622">
    <p class='ocr_par' dir='ltr' id='par_1_58' title="bbox 1221 2550 2276 2622">
     <span class='ocr_line' id='line_1_189' title="bbox 1221 2550 2276 2622; baseline 0.009 -16"><span class='ocrx_word' id='word_1_1930' title='bbox 1221 2586 1287 2606; x_wconf 90' lang='lat' dir='ltr'>voto</span> <span class='ocrx_word' id='word_1_1931' title='bbox 1300 2579 1395 2605; x_wconf 87' lang='lat' dir='ltr'>liberet</span> <span class='ocrx_word' id='word_1_1932' title='bbox 1407 2577 1484 2605; x_wconf 89' lang='lat' dir='ltr'>labor</span> <span class='ocrx_word' id='word_1_1933' title='bbox 1500 2579 1654 2613; x_wconf 87' lang='lat' dir='ltr'>praeliandi,</span> <span class='ocrx_word' id='word_1_1934' title='bbox 1667 2587 1739 2614; x_wconf 88' lang='lat' dir='ltr'>parta</span> <span class='ocrx_word' id='word_1_1935' title='bbox 1751 2581 1850 2608; x_wconf 86' lang='lat' dir='ltr'>seilicet</span> <span class='ocrx_word' id='word_1_1936' title='bbox 1862 2582 1986 2610; x_wconf 66' lang='lat' dir='ltr'>victoria.</span> <span class='ocrx_word' id='word_1_1937' title='bbox 2021 2550 2144 2622; x_wconf 46' lang='lat' dir='ltr'>jberrtiplrtii</span> <span class='ocrx_word' id='word_1_1938' title='bbox 2151 2554 2276 2622; x_wconf 48' lang='lat' dir='ltr'>&#39;ffiiilit&#39;</span> 
     </span>
    </p>
   </div>
   <div class='ocr_carea' id='block_1_52' title="bbox 1218 2613 2263 3225">
    <p class='ocr_par' dir='ltr' id='par_1_59' title="bbox 1218 2613 2263 2730">
     <span class='ocr_line' id='line_1_190' title="bbox 1218 2613 2262 2660; baseline 0.011 -21"><span class='ocrx_word' id='word_1_1939' title='bbox 1218 2621 1293 2650; x_wconf 81' lang='lat' dir='ltr'>puto,</span> <span class='ocrx_word' id='word_1_1940' title='bbox 1306 2613 1362 2647; x_wconf 69' lang='lat' dir='ltr'>fio,</span> <span class='ocrx_word' id='word_1_1941' title='bbox 1382 2623 1461 2648; x_wconf 86' lang='lat' dir='ltr'>quem</span> <span class='ocrx_word' id='word_1_1942' title='bbox 1475 2614 1552 2641; x_wconf 88' lang='lat' dir='ltr'>labor</span> <span class='ocrx_word' id='word_1_1943' title='bbox 1559 2621 1660 2650; x_wconf 78' lang='lat' dir='ltr'>pugnae</span> <span class='ocrx_word' id='word_1_1944' title='bbox 1676 2615 1782 2642; x_wconf 86' lang='lat' dir='ltr'>damnet</span> <span class='ocrx_word' id='word_1_1945' title='bbox 1795 2620 1849 2643; x_wconf 83' lang='lat' dir='ltr'>voti</span> <span class='ocrx_word' id='word_1_1946' title='bbox 1854 2618 1899 2653; x_wconf 87' lang='lat' dir='ltr'>sui</span> <span class='ocrx_word' id='word_1_1947' title='bbox 1904 2638 1912 2650; x_wconf 91' lang='lat'>‚</span> <span class='ocrx_word' id='word_1_1948' title='bbox 1936 2626 1966 2645; x_wconf 82' lang='lat' dir='ltr'>vt</span> <span class='ocrx_word' id='word_1_1949' title='bbox 1979 2619 2041 2646; x_wconf 80' lang='lat' dir='ltr'>illud</span> <span class='ocrx_word' id='word_1_1950' title='bbox 2049 2622 2146 2657; x_wconf 75' lang='lat' dir='ltr'>fhluere</span> <span class='ocrx_word' id='word_1_1951' title='bbox 2159 2632 2262 2660; x_wconf 75' lang='lat' dir='ltr'>cogatur</span> 
     </span>
     <span class='ocr_line' id='line_1_191' title="bbox 1221 2649 2263 2691; baseline 0.011 -17"><span class='ocrx_word' id='word_1_1952' title='bbox 1221 2659 1236 2675; x_wconf 89' lang='lat' dir='ltr'>a</span> <span class='ocrx_word' id='word_1_1953' title='bbox 1243 2649 1292 2685; x_wconf 71' lang='lat' dir='ltr'>fica</span> <span class='ocrx_word' id='word_1_1954' title='bbox 1305 2649 1470 2684; x_wconf 75' lang='lat' dir='ltr'>conscientia,</span> <span class='ocrx_word' id='word_1_1955' title='bbox 1489 2657 1533 2675; x_wconf 85' lang='lat' dir='ltr'>etc.</span> <span class='ocrx_word' id='word_1_1956' title='bbox 1569 2650 1642 2684; x_wconf 85' lang='lat' dir='ltr'>Conf.</span> <span class='ocrx_word' id='word_1_1957' title='bbox 1663 2650 1744 2677; x_wconf 87' lang='lat' dir='ltr'>Periz.</span> <span class='ocrx_word' id='word_1_1958' title='bbox 1763 2652 1795 2678; x_wconf 89' lang='lat' dir='ltr'>ad</span> <span class='ocrx_word' id='word_1_1959' title='bbox 1808 2652 1893 2680; x_wconf 61' lang='lat' dir='ltr'>San&amp;</span> <span class='ocrx_word' id='word_1_1960' title='bbox 1908 2663 1932 2688; x_wconf 88' lang='lat' dir='ltr'>p.</span> <span class='ocrx_word' id='word_1_1961' title='bbox 1947 2664 1989 2689; x_wconf 91' lang='lat'>411</span> <span class='ocrx_word' id='word_1_1962' title='bbox 2005 2663 2028 2681; x_wconf 87' lang='lat' dir='ltr'>et</span> <span class='ocrx_word' id='word_1_1963' title='bbox 2042 2664 2106 2691; x_wconf 88' lang='lat'>414.</span> <span class='ocrx_word' id='word_1_1964' title='bbox 2144 2660 2213 2685; x_wconf 75' lang='lat' dir='ltr'>Vots.</span> <span class='ocrx_word' id='word_1_1965' title='bbox 2230 2659 2263 2686; x_wconf 84' lang='lat' dir='ltr'>de</span> 
     </span>
     <span class='ocr_line' id='line_1_192' title="bbox 1468 2684 2262 2730; baseline 0.016 -21"><span class='ocrx_word' id='word_1_1966' title='bbox 1468 2684 1540 2710; x_wconf 78' lang='lat' dir='ltr'>Briff.</span> <span class='ocrx_word' id='word_1_1967' title='bbox 1554 2684 1586 2710; x_wconf 88' lang='lat' dir='ltr'>de</span> <span class='ocrx_word' id='word_1_1968' title='bbox 1602 2685 1692 2711; x_wconf 89' lang='lat' dir='ltr'>Form.</span> <span class='ocrx_word' id='word_1_1969' title='bbox 1707 2686 1724 2712; x_wconf 94' lang='lat' dir='ltr'>l.</span> <span class='ocrx_word' id='word_1_1970' title='bbox 1742 2695 1760 2713; x_wconf 94' lang='lat'>1.</span> <span class='ocrx_word' id='word_1_1971' title='bbox 1806 2688 1879 2724; x_wconf 85' lang='lat' dir='ltr'>Conf.</span> <span class='ocrx_word' id='word_1_1972' title='bbox 1894 2690 2035 2717; x_wconf 83' lang='lat' dir='ltr'>Damnatus</span> <span class='ocrx_word' id='word_1_1973' title='bbox 2050 2692 2116 2720; x_wconf 92' lang='lat' dir='ltr'>voti.</span> <span class='ocrx_word' id='word_1_1974' title='bbox 2186 2695 2262 2730; x_wconf 82' lang='lat' dir='ltr'>Virg.</span> 
     </span>
    </p>

    <p class='ocr_par' dir='ltr' id='par_1_60' title="bbox 1221 2719 2262 3225">
     <span class='ocr_line' id='line_1_193' title="bbox 1222 2719 2262 2759; baseline 0.014 -16"><span class='ocrx_word' id='word_1_1975' title='bbox 1222 2720 1286 2746; x_wconf 65' lang='lat' dir='ltr'>Aen.</span> <span class='ocrx_word' id='word_1_1976' title='bbox 1305 2729 1333 2752; x_wconf 86' lang='lat'>4,</span> <span class='ocrx_word' id='word_1_1977' title='bbox 1354 2721 1405 2750; x_wconf 87' lang='lat'>699</span> <span class='ocrx_word' id='word_1_1978' title='bbox 1426 2719 1555 2745; x_wconf 90' lang='lat' dir='ltr'>Nondum</span> <span class='ocrx_word' id='word_1_1979' title='bbox 1575 2720 1616 2747; x_wconf 92' lang='lat' dir='ltr'>illi</span> <span class='ocrx_word' id='word_1_1980' title='bbox 1637 2721 1735 2748; x_wconf 86' lang='lat' dir='ltr'>flauum</span> <span class='ocrx_word' id='word_1_1981' title='bbox 1750 2723 1904 2759; x_wconf 84' lang='lat' dir='ltr'>Proserpina</span> <span class='ocrx_word' id='word_1_1982' title='bbox 1919 2726 2018 2753; x_wconf 83' lang='lat' dir='ltr'>vertice</span> <span class='ocrx_word' id='word_1_1983' title='bbox 2033 2729 2134 2755; x_wconf 85' lang='lat' dir='ltr'>crinem</span> <span class='ocrx_word' id='word_1_1984' title='bbox 2169 2729 2262 2758; x_wconf 88' lang='lat' dir='ltr'>Abstu-</span> 
     </span>
     <span class='ocr_line' id='line_1_194' title="bbox 1221 2754 2261 2794; baseline 0.013 -14"><span class='ocrx_word' id='word_1_1985' title='bbox 1221 2754 1300 2780; x_wconf 74' lang='lat' dir='ltr'>lerat:</span> <span class='ocrx_word' id='word_1_1986' title='bbox 1320 2754 1463 2789; x_wconf 79' lang='lat' dir='ltr'>Stygioque</span> <span class='ocrx_word' id='word_1_1987' title='bbox 1476 2762 1552 2789; x_wconf 90' lang='lat' dir='ltr'>caput</span> <span class='ocrx_word' id='word_1_1988' title='bbox 1565 2755 1734 2784; x_wconf 86' lang='lat' dir='ltr'>damnaverat</span> <span class='ocrx_word' id='word_1_1989' title='bbox 1746 2759 1834 2792; x_wconf 83' lang='lat' dir='ltr'>Orco,</span> <span class='ocrx_word' id='word_1_1990' title='bbox 1870 2763 1888 2786; x_wconf 90' lang='lat' dir='ltr'>i.</span> <span class='ocrx_word' id='word_1_1991' title='bbox 1903 2761 2050 2794; x_wconf 79' lang='lat' dir='ltr'>addixerat,</span> <span class='ocrx_word' id='word_1_1992' title='bbox 2067 2770 2093 2790; x_wconf 92' lang='lat' dir='ltr'>et</span> <span class='ocrx_word' id='word_1_1993' title='bbox 2112 2765 2261 2793; x_wconf 57' lang='lat' dir='ltr'>tradidsrat.</span> 
     </span>
     <span class='ocr_line' id='line_1_195' title="bbox 1222 2790 2262 2832; baseline 0.013 -17"><span class='ocrx_word' id='word_1_1994' title='bbox 1222 2790 1353 2815; x_wconf 85' lang='lat' dir='ltr'>Damnare</span> <span class='ocrx_word' id='word_1_1995' title='bbox 1362 2809 1370 2821; x_wconf 95' lang='lat'>,</span> <span class='ocrx_word' id='word_1_1996' title='bbox 1384 2796 1433 2829; x_wconf 62' lang='lat' dir='ltr'>pro</span> <span class='ocrx_word' id='word_1_1997' title='bbox 1443 2800 1512 2830; x_wconf 73' lang='lat' dir='ltr'>reum</span> <span class='ocrx_word' id='word_1_1998' title='bbox 1521 2798 1650 2828; x_wconf 78' lang='lat' dir='ltr'>peragere,</span> <span class='ocrx_word' id='word_1_1999' title='bbox 1670 2791 1719 2825; x_wconf 74' lang='lat' dir='ltr'>fine</span> <span class='ocrx_word' id='word_1_2000' title='bbox 1732 2793 1890 2822; x_wconf 85' lang='lat' dir='ltr'>condemnari</span> <span class='ocrx_word' id='word_1_2001' title='bbox 1896 2796 1992 2832; x_wconf 78' lang='lat' dir='ltr'>facere.</span> <span class='ocrx_word' id='word_1_2002' title='bbox 2047 2800 2177 2832; x_wconf 73' lang='lat' dir='ltr'>Qintffil.</span> <span class='ocrx_word' id='word_1_2003' title='bbox 2190 2802 2262 2828; x_wconf 86' lang='lat' dir='ltr'>Decl.</span> 
     </span>
     <span class='ocr_line' id='line_1_196' title="bbox 1223 2827 2262 2870; baseline 0.014 -21"><span class='ocrx_word' id='word_1_2004' title='bbox 1223 2833 1260 2857; x_wconf 78' lang='lat'>331</span> <span class='ocrx_word' id='word_1_2005' title='bbox 1282 2834 1304 2859; x_wconf 90' lang='lat' dir='ltr'>p.</span> <span class='ocrx_word' id='word_1_2006' title='bbox 1323 2827 1372 2859; x_wconf 85' lang='lat'>675</span> <span class='ocrx_word' id='word_1_2007' title='bbox 1393 2831 1423 2851; x_wconf 82' lang='lat' dir='ltr'>it.</span> <span class='ocrx_word' id='word_1_2008' title='bbox 1441 2835 1470 2852; x_wconf 89' lang='lat' dir='ltr'>m</span> <span class='ocrx_word' id='word_1_2009' title='bbox 1489 2835 1589 2861; x_wconf 75' lang='lat' dir='ltr'>argum.</span> <span class='ocrx_word' id='word_1_2010' title='bbox 1609 2828 1681 2854; x_wconf 89' lang='lat' dir='ltr'>Decl.</span> <span class='ocrx_word' id='word_1_2011' title='bbox 1701 2837 1762 2862; x_wconf 80' lang='lat'>299,</span> <span class='ocrx_word' id='word_1_2012' title='bbox 1776 2838 1825 2861; x_wconf 83' lang='lat'>300</span> <span class='ocrx_word' id='word_1_2013' title='bbox 1844 2837 1867 2857; x_wconf 88' lang='lat' dir='ltr'>et</span> <span class='ocrx_word' id='word_1_2014' title='bbox 1884 2840 1932 2864; x_wconf 84' lang='grc'>313,</span> <span class='ocrx_word' id='word_1_2015' title='bbox 1985 2834 2027 2860; x_wconf 79' lang='lat' dir='ltr'>sic</span> <span class='ocrx_word' id='word_1_2016' title='bbox 2040 2835 2119 2861; x_wconf 86' lang='lat' dir='ltr'>Flaua</span> <span class='ocrx_word' id='word_1_2017' title='bbox 2135 2845 2262 2870; x_wconf 87' lang='lat' dir='ltr'>quercum</span> 
     </span>
     <span class='ocr_line' id='line_1_197' title="bbox 1288 2870 2262 2905; baseline 0.014 -20"><span class='ocrx_word' id='word_1_2018' title='bbox 1288 2896 1293 2900; x_wconf 24' lang='grc' dir='ltr'>ἱ</span> <span class='ocrx_word' id='word_1_2019' title='bbox 1318 2897 1334 2902; x_wconf 70' lang='lat'>..</span> <span class='ocrx_word' id='word_1_2020' title='bbox 1585 2898 1604 2905; x_wconf 56' lang='lat'>.-</span> <span class='ocrx_word' id='word_1_2021' title='bbox 1976 2878 1999 2894; x_wconf 88' lang='lat' dir='ltr'>m</span> <span class='ocrx_word' id='word_1_2022' title='bbox 2017 2870 2085 2905; x_wconf 86' lang='lat' dir='ltr'>vsum</span> <span class='ocrx_word' id='word_1_2023' title='bbox 2098 2871 2262 2899; x_wconf 68' lang='lat' dir='ltr'>aboleucrunt.</span> 
     </span>
     <span class='ocr_line' id='line_1_198' title="bbox 1223 2896 2262 2938; baseline 0.013 -16"><span class='ocrx_word' id='word_1_2024' title='bbox 1223 2897 1297 2931; x_wconf 80' lang='lat' dir='ltr'>Conj.</span> <span class='ocrx_word' id='word_1_2025' title='bbox 1312 2896 1357 2922; x_wconf 60' lang='lat'>511.</span> <span class='ocrx_word' id='word_1_2026' title='bbox 1370 2901 1393 2928; x_wconf 82' lang='lat'>8,</span> <span class='ocrx_word' id='word_1_2027' title='bbox 1407 2905 1466 2931; x_wconf 82' lang='lat'>495.</span> <span class='ocrx_word' id='word_1_2028' title='bbox 1503 2898 1565 2923; x_wconf 88' lang='lat' dir='ltr'>Stat.</span> <span class='ocrx_word' id='word_1_2029' title='bbox 1581 2899 1643 2925; x_wconf 69' lang='lat' dir='ltr'>Silu.</span> <span class='ocrx_word' id='word_1_2030' title='bbox 1658 2908 1680 2932; x_wconf 83' lang='grc'>3,</span> <span class='ocrx_word' id='word_1_2031' title='bbox 1694 2908 1719 2931; x_wconf 87' lang='lat'>2,</span> <span class='ocrx_word' id='word_1_2032' title='bbox 1734 2903 1787 2927; x_wconf 88' lang='lat'>126.</span> <span class='ocrx_word' id='word_1_2033' title='bbox 1859 2903 1948 2929; x_wconf 89' lang='lat' dir='ltr'>Tacit.</span> <span class='ocrx_word' id='word_1_2034' title='bbox 1966 2904 2033 2930; x_wconf 86' lang='lat' dir='ltr'>Ann.</span> <span class='ocrx_word' id='word_1_2035' title='bbox 2045 2913 2068 2937; x_wconf 85' lang='grc'>3,</span> <span class='ocrx_word' id='word_1_2036' title='bbox 2081 2909 2112 2938; x_wconf 85' lang='grc'>36</span> <span class='ocrx_word' id='word_1_2037' title='bbox 2141 2907 2262 2935; x_wconf 83' lang='lat' dir='ltr'>Abolitas</span> 
     </span>
     <span class='ocr_line' id='line_1_199' title="bbox 1224 2932 2262 2973; baseline 0.013 -17"><span class='ocrx_word' id='word_1_2038' title='bbox 1224 2932 1308 2966; x_wconf 85' lang='lat' dir='ltr'>leges,</span> <span class='ocrx_word' id='word_1_2039' title='bbox 1336 2938 1362 2958; x_wconf 86' lang='lat' dir='ltr'>et</span> <span class='ocrx_word' id='word_1_2040' title='bbox 1376 2932 1494 2958; x_wconf 85' lang='lat' dir='ltr'>funditus</span> <span class='ocrx_word' id='word_1_2041' title='bbox 1504 2934 1606 2966; x_wconf 69' lang='grc' dir='ltr'>νει-Γᾶς,</span> <span class='ocrx_word' id='word_1_2042' title='bbox 1632 2934 1680 2960; x_wconf 89' lang='lat' dir='ltr'>vbi</span> <span class='ocrx_word' id='word_1_2043' title='bbox 1694 2935 1722 2961; x_wconf 93' lang='lat' dir='ltr'>in</span> <span class='ocrx_word' id='word_1_2044' title='bbox 1736 2936 1811 2968; x_wconf 83' lang='lat' dir='ltr'>foro,</span> <span class='ocrx_word' id='word_1_2045' title='bbox 1838 2937 1866 2964; x_wconf 86' lang='lat' dir='ltr'>in</span> <span class='ocrx_word' id='word_1_2046' title='bbox 1878 2938 1979 2965; x_wconf 84' lang='lat' dir='ltr'>lumine</span> <span class='ocrx_word' id='word_1_2047' title='bbox 1999 2941 2104 2973; x_wconf 85' lang='lat' dir='ltr'>curiae,</span> <span class='ocrx_word' id='word_1_2048' title='bbox 2130 2942 2163 2968; x_wconf 88' lang='lat' dir='ltr'>ab</span> <span class='ocrx_word' id='word_1_2049' title='bbox 2176 2944 2262 2971; x_wconf 88' lang='lat' dir='ltr'>Annia</span> 
     </span>
     <span class='ocr_line' id='line_1_200' title="bbox 1223 2967 2262 3009; baseline 0.013 -17"><span class='ocrx_word' id='word_1_2050' title='bbox 1223 2967 1335 3000; x_wconf 85' lang='lat' dir='ltr'>Rufilla,</span> <span class='ocrx_word' id='word_1_2051' title='bbox 1359 2977 1438 3002; x_wconf 88' lang='lat' dir='ltr'>quam</span> <span class='ocrx_word' id='word_1_2052' title='bbox 1450 2969 1550 2995; x_wconf 82' lang='lat' dir='ltr'>fraudis</span> <span class='ocrx_word' id='word_1_2053' title='bbox 1565 2969 1611 2995; x_wconf 92' lang='lat' dir='ltr'>sub</span> <span class='ocrx_word' id='word_1_2054' title='bbox 1625 2970 1712 2996; x_wconf 86' lang='lat' dir='ltr'>iudice</span> <span class='ocrx_word' id='word_1_2055' title='bbox 1731 2970 1915 3006; x_wconf 76' lang='lat' dir='ltr'>damnauiffet,</span> <span class='ocrx_word' id='word_1_2056' title='bbox 1935 2974 2031 3008; x_wconf 87' lang='lat' dir='ltr'>probra</span> <span class='ocrx_word' id='word_1_2057' title='bbox 2050 2976 2116 3009; x_wconf 85' lang='lat' dir='ltr'>fibi,</span> <span class='ocrx_word' id='word_1_2058' title='bbox 2134 2984 2159 3004; x_wconf 85' lang='lat' dir='ltr'>et</span> <span class='ocrx_word' id='word_1_2059' title='bbox 2173 2980 2262 3005; x_wconf 85' lang='lat' dir='ltr'>minae</span> 
     </span>
     <span class='ocr_line' id='line_1_201' title="bbox 1223 3003 2261 3049; baseline 0.012 -21"><span class='ocrx_word' id='word_1_2060' title='bbox 1223 3003 1401 3030; x_wconf 82' lang='lat' dir='ltr'>intendantur.</span> <span class='ocrx_word' id='word_1_2061' title='bbox 1470 3004 1597 3031; x_wconf 88' lang='lat' dir='ltr'>Tributis</span> <span class='ocrx_word' id='word_1_2062' title='bbox 1612 3005 1769 3034; x_wconf 83' lang='lat' dir='ltr'>damnantur</span> <span class='ocrx_word' id='word_1_2063' title='bbox 1784 3010 1824 3034; x_wconf 75' lang='lat' dir='ltr'>vel</span> <span class='ocrx_word' id='word_1_2064' title='bbox 1840 3010 2047 3040; x_wconf 85' lang='lat' dir='ltr'>condemnantur</span> <span class='ocrx_word' id='word_1_2065' title='bbox 2061 3016 2196 3040; x_wconf 84' lang='lat' dir='ltr'>coniiciunt</span> <span class='ocrx_word' id='word_1_2066' title='bbox 2208 3017 2261 3049; x_wconf 87' lang='lat' dir='ltr'>qui-</span> 
     </span>
     <span class='ocr_line' id='line_1_202' title="bbox 1796 3045 2261 3081; baseline 0.015 -12"><span class='ocrx_word' id='word_1_2067' title='bbox 1796 3051 1844 3078; x_wconf 79' lang='lat' dir='ltr'>pro</span> <span class='ocrx_word' id='word_1_2068' title='bbox 1859 3045 2088 3074; x_wconf 87' lang='lat' dir='ltr'>Contemnuntur:</span> <span class='ocrx_word' id='word_1_2069' title='bbox 2115 3049 2173 3081; x_wconf 82' lang='lat' dir='ltr'>vbi,</span> <span class='ocrx_word' id='word_1_2070' title='bbox 2199 3049 2261 3076; x_wconf 85' lang='lat' dir='ltr'>Rhe-</span> 
     </span>
     <span class='ocr_line' id='line_1_203' title="bbox 1222 3072 2261 3120; baseline 0.01 -20"><span class='ocrx_word' id='word_1_2071' title='bbox 1222 3084 1286 3101; x_wconf 82' lang='lat' dir='ltr'>nano</span> <span class='ocrx_word' id='word_1_2072' title='bbox 1300 3072 1415 3107; x_wconf 62' lang='lat' dir='ltr'>afflare,</span> <span class='ocrx_word' id='word_1_2073' title='bbox 1433 3075 1581 3108; x_wconf 76' lang='lat' dir='ltr'>Damnare,</span> <span class='ocrx_word' id='word_1_2074' title='bbox 1595 3084 1644 3111; x_wconf 80' lang='lat' dir='ltr'>pro</span> <span class='ocrx_word' id='word_1_2075' title='bbox 1663 3079 1774 3104; x_wconf 80' lang='lat' dir='ltr'>Multare</span> <span class='ocrx_word' id='word_1_2076' title='bbox 1792 3083 1914 3115; x_wconf 74' lang='lat' dir='ltr'>accipitur</span> <span class='ocrx_word' id='word_1_2077' title='bbox 1925 3091 1932 3105; x_wconf 83' lang='lat'>.·</span> <span class='ocrx_word' id='word_1_2078' title='bbox 1959 3084 1986 3107; x_wconf 90' lang='lat' dir='ltr'>in</span> <span class='ocrx_word' id='word_1_2079' title='bbox 2000 3091 2048 3117; x_wconf 81' lang='lat' dir='ltr'>qua</span> <span class='ocrx_word' id='word_1_2080' title='bbox 2062 3083 2261 3120; x_wconf 60' lang='lat' dir='ltr'>quidettisigiiifi-</span> 
     </span>
     <span class='ocr_line' id='line_1_204' title="bbox 1222 3110 2260 3152; baseline 0.011 -17"><span class='ocrx_word' id='word_1_2081' title='bbox 1222 3113 1318 3136; x_wconf 82' lang='lat' dir='ltr'>catione</span> <span class='ocrx_word' id='word_1_2082' title='bbox 1336 3110 1430 3137; x_wconf 89' lang='lat' dir='ltr'>Liuius</span> <span class='ocrx_word' id='word_1_2083' title='bbox 1450 3114 1523 3137; x_wconf 77' lang='lat' dir='ltr'>etiam</span> <span class='ocrx_word' id='word_1_2084' title='bbox 1542 3112 1660 3147; x_wconf 72' lang='lat' dir='ltr'>usin-pare</span> <span class='ocrx_word' id='word_1_2085' title='bbox 1678 3113 1815 3148; x_wconf 70' lang='lat' dir='ltr'>consueuit,</span> <span class='ocrx_word' id='word_1_2086' title='bbox 1842 3122 1872 3141; x_wconf 79' lang='lat' dir='ltr'>vt</span> <span class='ocrx_word' id='word_1_2087' title='bbox 1890 3124 1926 3149; x_wconf 78' lang='lat'>35,</span> <span class='ocrx_word' id='word_1_2088' title='bbox 1947 3125 1983 3142; x_wconf 86' lang='lat'>10.</span> <span class='ocrx_word' id='word_1_2089' title='bbox 2006 3119 2104 3144; x_wconf 83' lang='lat' dir='ltr'>Multos</span> <span class='ocrx_word' id='word_1_2090' title='bbox 2124 3121 2260 3152; x_wconf 84' lang='lat' dir='ltr'>pecuarios</span> 
     </span>
     <span class='ocr_line' id='line_1_205' title="bbox 1223 3145 2261 3185; baseline 0.008 -12"><span class='ocrx_word' id='word_1_2091' title='bbox 1223 3145 1387 3173; x_wconf 84' lang='lat' dir='ltr'>damnarunt.</span> <span class='ocrx_word' id='word_1_2092' title='bbox 1433 3146 1479 3173; x_wconf 84' lang='lat' dir='ltr'>Sed</span> <span class='ocrx_word' id='word_1_2093' title='bbox 1490 3151 1576 3173; x_wconf 67' lang='lat' dir='ltr'>merito</span> <span class='ocrx_word' id='word_1_2094' title='bbox 1589 3149 1714 3184; x_wconf 69' lang='lat' dir='ltr'>uulgatum</span> <span class='ocrx_word' id='word_1_2095' title='bbox 1728 3149 1841 3185; x_wconf 75' lang='lat' dir='ltr'>defendit</span> <span class='ocrx_word' id='word_1_2096' title='bbox 1855 3152 1999 3178; x_wconf 79' lang='lat' dir='ltr'>Gronouius.</span> <span class='ocrx_word' id='word_1_2097' title='bbox 2053 3154 2163 3179; x_wconf 82' lang='lat' dir='ltr'>Damnat</span> <span class='ocrx_word' id='word_1_2098' title='bbox 2175 3154 2261 3182; x_wconf 89' lang='lat' dir='ltr'>hono-</span> 
     </span>
     <span class='ocr_line' id='line_1_206' title="bbox 1224 3182 2261 3225; baseline 0.011 -19"><span class='ocrx_word' id='word_1_2099' title='bbox 1224 3190 1264 3207; x_wconf 85' lang='lat' dir='ltr'>res</span> <span class='ocrx_word' id='word_1_2100' title='bbox 1279 3187 1363 3207; x_wconf 86' lang='lat' dir='ltr'>tantos</span> <span class='ocrx_word' id='word_1_2101' title='bbox 1377 3182 1424 3207; x_wconf 73' lang='lat' dir='ltr'>ess&#39;e</span> <span class='ocrx_word' id='word_1_2102' title='bbox 1437 3183 1521 3216; x_wconf 89' lang='lat' dir='ltr'>epulis</span> <span class='ocrx_word' id='word_1_2103' title='bbox 1542 3183 1587 3209; x_wconf 90' lang='lat' dir='ltr'>Sil.</span> <span class='ocrx_word' id='word_1_2104' title='bbox 1603 3191 1634 3214; x_wconf 91' lang='lat'>11,</span> <span class='ocrx_word' id='word_1_2105' title='bbox 1650 3188 1704 3216; x_wconf 80' lang='lat'>285.</span> <span class='ocrx_word' id='word_1_2106' title='bbox 1725 3188 1742 3210; x_wconf 91' lang='lat' dir='ltr'>i.</span> <span class='ocrx_word' id='word_1_2107' title='bbox 1757 3186 1888 3220; x_wconf 83' lang='lat' dir='ltr'>improbat.</span> <span class='ocrx_word' id='word_1_2108' title='bbox 1934 3188 2033 3214; x_wconf 88' lang='lat' dir='ltr'>Patrios</span> <span class='ocrx_word' id='word_1_2109' title='bbox 2049 3189 2171 3215; x_wconf 83' lang='lat' dir='ltr'>damnare</span> <span class='ocrx_word' id='word_1_2110' title='bbox 2185 3200 2261 3225; x_wconf 83' lang='lat' dir='ltr'>pena-</span> 
     </span>
    </p>
   </div>
   <div class='ocr_carea' id='block_1_53' title="bbox 1222 2544 1982 2579">
    <p class='ocr_par' dir='ltr' id='par_1_61' title="bbox 1222 2544 1982 2579">
     <span class='ocr_line' id='line_1_207' title="bbox 1222 2544 1982 2579; baseline 0.007 -10"><span class='ocrx_word' id='word_1_2111' title='bbox 1222 2546 1309 2577; x_wconf 79' lang='lat' dir='ltr'>Quem</span> <span class='ocrx_word' id='word_1_2112' title='bbox 1324 2544 1429 2571; x_wconf 85' lang='lat' dir='ltr'>damnet</span> <span class='ocrx_word' id='word_1_2113' title='bbox 1442 2545 1534 2576; x_wconf 87' lang='lat' dir='ltr'>labor,</span> <span class='ocrx_word' id='word_1_2114' title='bbox 1551 2551 1576 2571; x_wconf 87' lang='lat' dir='ltr'>et</span> <span class='ocrx_word' id='word_1_2115' title='bbox 1590 2554 1643 2578; x_wconf 90' lang='lat' dir='ltr'>quo</span> <span class='ocrx_word' id='word_1_2116' title='bbox 1658 2552 1748 2579; x_wconf 85' lang='lat' dir='ltr'>vergat</span> <span class='ocrx_word' id='word_1_2117' title='bbox 1761 2547 1875 2579; x_wconf 87' lang='lat' dir='ltr'>pondere</span> <span class='ocrx_word' id='word_1_2118' title='bbox 1890 2548 1982 2574; x_wconf 89' lang='lat' dir='ltr'>letum.</span> 
     </span>
    </p>
   </div>
   <div class='ocr_carea' id='block_1_54' title="bbox 1176 3212 2260 3256">
    <p class='ocr_par' dir='ltr' id='par_1_62' title="bbox 1176 3212 2260 3256">
     <span class='ocr_line' id='line_1_208' title="bbox 1176 3212 2260 3256; baseline 0.011 -15"><span class='ocrx_word' id='word_1_2119' title='bbox 1176 3212 1205 3241; x_wconf 76' lang='grc'>85</span> <span class='ocrx_word' id='word_1_2120' title='bbox 1223 3222 1260 3243; x_wconf 88' lang='lat' dir='ltr'>tes</span> <span class='ocrx_word' id='word_1_2121' title='bbox 1276 3216 1373 3243; x_wconf 80' lang='lat' dir='ltr'>Abfiste</span> <span class='ocrx_word' id='word_1_2122' title='bbox 1398 3217 1471 3243; x_wconf 86' lang='lat' dir='ltr'>Idem</span> <span class='ocrx_word' id='word_1_2123' title='bbox 1491 3220 1516 3249; x_wconf 91' lang='lat'>6,</span> <span class='ocrx_word' id='word_1_2124' title='bbox 1529 3223 1589 3251; x_wconf 88' lang='lat'>448.</span> <span class='ocrx_word' id='word_1_2125' title='bbox 1611 3221 1629 3244; x_wconf 88' lang='lat' dir='ltr'>i.</span> <span class='ocrx_word' id='word_1_2126' title='bbox 1650 3226 1800 3247; x_wconf 82' lang='lat' dir='ltr'>contemnere</span> <span class='ocrx_word' id='word_1_2127' title='bbox 1814 3225 1937 3256; x_wconf 76' lang='lat' dir='ltr'>patriam.</span> <span class='ocrx_word' id='word_1_2128' title='bbox 1973 3224 2114 3250; x_wconf 78' lang='lat' dir='ltr'>Damnauit</span> <span class='ocrx_word' id='word_1_2129' title='bbox 2134 3226 2203 3252; x_wconf 87' lang='lat' dir='ltr'>vesci</span> <span class='ocrx_word' id='word_1_2130' title='bbox 2220 3226 2260 3254; x_wconf 87' lang='lat' dir='ltr'>Id.</span> 
     </span>
    </p>
   </div>
   <div class='ocr_carea' id='block_1_55' title="bbox 1223 3253 2262 3395">
    <p class='ocr_par' dir='ltr' id='par_1_63' title="bbox 1223 3253 2262 3395">
     <span class='ocr_line' id='line_1_209' title="bbox 1224 3253 2260 3294; baseline 0.011 -17"><span class='ocrx_word' id='word_1_2131' title='bbox 1224 3260 1247 3285; x_wconf 82' lang='grc' dir='ltr'>ς,</span> <span class='ocrx_word' id='word_1_2132' title='bbox 1262 3254 1305 3278; x_wconf 87' lang='lat'>60.</span> <span class='ocrx_word' id='word_1_2133' title='bbox 1325 3255 1342 3278; x_wconf 91' lang='lat' dir='ltr'>i.</span> <span class='ocrx_word' id='word_1_2134' title='bbox 1355 3253 1449 3285; x_wconf 84' lang='lat' dir='ltr'>noluit,</span> <span class='ocrx_word' id='word_1_2135' title='bbox 1469 3254 1599 3289; x_wconf 68' lang='lat' dir='ltr'>recusauit.</span> <span class='ocrx_word' id='word_1_2136' title='bbox 1636 3255 1677 3281; x_wconf 82' lang='lat' dir='ltr'>Sic</span> <span class='ocrx_word' id='word_1_2137' title='bbox 1689 3255 1724 3280; x_wconf 78' lang='lat' dir='ltr'>id.</span> <span class='ocrx_word' id='word_1_2138' title='bbox 1738 3263 1762 3287; x_wconf 88' lang='grc'>3,</span> <span class='ocrx_word' id='word_1_2139' title='bbox 1775 3264 1814 3288; x_wconf 82' lang='grc'>331</span> <span class='ocrx_word' id='word_1_2140' title='bbox 1836 3257 1993 3284; x_wconf 86' lang='lat' dir='ltr'>Damnatum</span> <span class='ocrx_word' id='word_1_2141' title='bbox 2007 3260 2097 3284; x_wconf 82' lang='lat' dir='ltr'>viuere</span> <span class='ocrx_word' id='word_1_2142' title='bbox 2111 3261 2185 3294; x_wconf 85' lang='lat' dir='ltr'>paci,</span> <span class='ocrx_word' id='word_1_2143' title='bbox 2205 3272 2260 3288; x_wconf 85' lang='lat' dir='ltr'>con·</span> 
     </span>
     <span class='ocr_line' id='line_1_210' title="bbox 1223 3290 2262 3329; baseline 0.007 -15"><span class='ocrx_word' id='word_1_2144' title='bbox 1223 3294 1299 3314; x_wconf 82' lang='lat' dir='ltr'>temta</span> <span class='ocrx_word' id='word_1_2145' title='bbox 1310 3291 1389 3313; x_wconf 78' lang='lat' dir='ltr'>resin</span> <span class='ocrx_word' id='word_1_2146' title='bbox 1399 3295 1458 3322; x_wconf 74' lang='lat' dir='ltr'>pace</span> <span class='ocrx_word' id='word_1_2147' title='bbox 1472 3292 1561 3315; x_wconf 74' lang='lat' dir='ltr'>uiuere.</span> <span class='ocrx_word' id='word_1_2148' title='bbox 1633 3290 1778 3321; x_wconf 87' lang='lat' dir='ltr'>Damnare,</span> <span class='ocrx_word' id='word_1_2149' title='bbox 1794 3298 1841 3326; x_wconf 80' lang='lat' dir='ltr'>per</span> <span class='ocrx_word' id='word_1_2150' title='bbox 1855 3294 1971 3329; x_wconf 78' lang='lat' dir='ltr'>Obligare</span> <span class='ocrx_word' id='word_1_2151' title='bbox 1983 3297 2180 3329; x_wconf 73' lang='lat' dir='ltr'>interpretantur</span> <span class='ocrx_word' id='word_1_2152' title='bbox 2189 3317 2195 3327; x_wconf 84' lang='lat'>,</span> <span class='ocrx_word' id='word_1_2153' title='bbox 2209 3299 2262 3325; x_wconf 83' lang='lat' dir='ltr'>iau-</span> 
     </span>
     <span class='ocr_line' id='line_1_211' title="bbox 1225 3323 2262 3364; baseline 0.011 -16"><span class='ocrx_word' id='word_1_2154' title='bbox 1225 3323 1332 3358; x_wconf 79' lang='lat' dir='ltr'>dantque</span> <span class='ocrx_word' id='word_1_2155' title='bbox 1350 3323 1367 3349; x_wconf 84' lang='lat' dir='ltr'>l.</span> <span class='ocrx_word' id='word_1_2156' title='bbox 1383 3323 1399 3349; x_wconf 85' lang='lat' dir='ltr'><strong>fi</strong></span> <span class='ocrx_word' id='word_1_2157' title='bbox 1414 3323 1485 3351; x_wconf 85' lang='lat' dir='ltr'>filius</span> <span class='ocrx_word' id='word_1_2158' title='bbox 1497 3325 1528 3350; x_wconf 93' lang='lat' dir='ltr'>D.</span> <span class='ocrx_word' id='word_1_2159' title='bbox 1552 3324 1583 3350; x_wconf 89' lang='lat' dir='ltr'>de</span> <span class='ocrx_word' id='word_1_2160' title='bbox 1598 3324 1697 3352; x_wconf 92' lang='lat' dir='ltr'>diuort.</span> <span class='ocrx_word' id='word_1_2161' title='bbox 1750 3327 1932 3354; x_wconf 88' lang='lat' dir='ltr'>Damnandum</span> <span class='ocrx_word' id='word_1_2162' title='bbox 1959 3337 2034 3362; x_wconf 88' lang='lat' dir='ltr'>eum,</span> <span class='ocrx_word' id='word_1_2163' title='bbox 2053 3332 2145 3364; x_wconf 85' lang='lat' dir='ltr'>quanti</span> <span class='ocrx_word' id='word_1_2164' title='bbox 2163 3333 2262 3361; x_wconf 85' lang='lat' dir='ltr'>mulier</span> 
     </span>
     <span class='ocr_line' id='line_1_212' title="bbox 1223 3359 2260 3395; baseline 0.011 -11"><span class='ocrx_word' id='word_1_2165' title='bbox 1223 3359 1298 3385; x_wconf 84' lang='lat' dir='ltr'>litem</span> <span class='ocrx_word' id='word_1_2166' title='bbox 1312 3359 1450 3385; x_wconf 86' lang='lat' dir='ltr'>iurauerit.</span> <span class='ocrx_word' id='word_1_2167' title='bbox 1487 3361 1549 3386; x_wconf 80' lang='lat' dir='ltr'>Item</span> <span class='ocrx_word' id='word_1_2168' title='bbox 1556 3360 1587 3387; x_wconf 88' lang='lat' dir='ltr'>de</span> <span class='ocrx_word' id='word_1_2169' title='bbox 1599 3360 1666 3395; x_wconf 84' lang='lat' dir='ltr'>leg.1</span> <span class='ocrx_word' id='word_1_2170' title='bbox 1680 3361 1696 3387; x_wconf 94' lang='lat' dir='ltr'>l.</span> <span class='ocrx_word' id='word_1_2171' title='bbox 1710 3371 1768 3387; x_wconf 88' lang='lat' dir='ltr'>cum</span> <span class='ocrx_word' id='word_1_2172' title='bbox 1776 3362 1842 3395; x_wconf 83' lang='lat' dir='ltr'>filio,</span> <span class='ocrx_word' id='word_1_2173' title='bbox 1856 3363 1987 3389; x_wconf 88' lang='lat' dir='ltr'>Heredem</span> <span class='ocrx_word' id='word_1_2174' title='bbox 1999 3363 2067 3391; x_wconf 89' lang='lat' dir='ltr'>mihi</span> <span class='ocrx_word' id='word_1_2175' title='bbox 2080 3365 2142 3393; x_wconf 88' lang='lat' dir='ltr'>dare</span> <span class='ocrx_word' id='word_1_2176' title='bbox 2156 3367 2260 3395; x_wconf 85' lang='lat' dir='ltr'>damna-</span> 
     </span>
    </p>
   </div>
   <div class='ocr_carea' id='block_1_56' title="bbox 1181 3395 2260 3437">
    <p class='ocr_par' dir='ltr' id='par_1_64' title="bbox 1181 3395 2260 3437">
     <span class='ocr_line' id='line_1_213' title="bbox 1181 3395 2260 3437; baseline 0.011 -18"><span class='ocrx_word' id='word_1_2177' title='bbox 1181 3404 1216 3428; x_wconf 88' lang='lat'>90</span> <span class='ocrx_word' id='word_1_2178' title='bbox 1225 3395 1303 3420; x_wconf 84' lang='lat' dir='ltr'>verit.</span> <span class='ocrx_word' id='word_1_2179' title='bbox 1325 3396 1392 3420; x_wconf 87' lang='lat' dir='ltr'>Hinc</span> <span class='ocrx_word' id='word_1_2180' title='bbox 1399 3395 1600 3431; x_wconf 83' lang='lat' dir='ltr'>Danmat11s‚pro</span> <span class='ocrx_word' id='word_1_2181' title='bbox 1608 3396 1738 3432; x_wconf 82' lang='lat' dir='ltr'>Obligatus</span> <span class='ocrx_word' id='word_1_2182' title='bbox 1741 3401 1805 3432; x_wconf 79' lang='lat' dir='ltr'>poni</span> <span class='ocrx_word' id='word_1_2183' title='bbox 1812 3398 1913 3424; x_wconf 83' lang='lat' dir='ltr'>dicitur.</span> <span class='ocrx_word' id='word_1_2184' title='bbox 1935 3400 2026 3435; x_wconf 80' lang='lat' dir='ltr'>Nempe</span> <span class='ocrx_word' id='word_1_2185' title='bbox 2033 3404 2075 3436; x_wconf 84' lang='lat' dir='ltr'>qui</span> <span class='ocrx_word' id='word_1_2186' title='bbox 2082 3400 2217 3430; x_wconf 86' lang='lat' dir='ltr'>damnatus</span> <span class='ocrx_word' id='word_1_2187' title='bbox 2227 3402 2260 3437; x_wconf 68' lang='lat' dir='ltr'>1st</span> 
     </span>
    </p>
   </div>
   <div class='ocr_carea' id='block_1_57' title="bbox 1223 3429 2260 3753">
    <p class='ocr_par' dir='ltr' id='par_1_65' title="bbox 1223 3429 2260 3474">
     <span class='ocr_line' id='line_1_214' title="bbox 1223 3429 2260 3474; baseline 0.01 -18"><span class='ocrx_word' id='word_1_2188' title='bbox 1223 3429 1258 3456; x_wconf 85' lang='lat' dir='ltr'>ad</span> <span class='ocrx_word' id='word_1_2189' title='bbox 1270 3430 1389 3465; x_wconf 81' lang='lat' dir='ltr'>agendum</span> <span class='ocrx_word' id='word_1_2190' title='bbox 1394 3431 1565 3465; x_wconf 81' lang='lat' dir='ltr'>patiendumue</span> <span class='ocrx_word' id='word_1_2191' title='bbox 1572 3433 1668 3467; x_wconf 85' lang='lat' dir='ltr'>aliquid</span> <span class='ocrx_word' id='word_1_2192' title='bbox 1679 3432 1709 3458; x_wconf 82' lang='lat' dir='ltr'>ab</span> <span class='ocrx_word' id='word_1_2193' title='bbox 1720 3433 1827 3459; x_wconf 77' lang='lat' dir='ltr'>arbitris</span> <span class='ocrx_word' id='word_1_2194' title='bbox 1838 3435 1876 3459; x_wconf 70' lang='lat' dir='ltr'>vel</span> <span class='ocrx_word' id='word_1_2195' title='bbox 1883 3432 2013 3467; x_wconf 81' lang='lat' dir='ltr'>iudicibus,</span> <span class='ocrx_word' id='word_1_2196' title='bbox 2022 3435 2209 3474; x_wconf 74' lang='lat' dir='ltr'>idemohisgatus</span> <span class='ocrx_word' id='word_1_2197' title='bbox 2217 3438 2260 3473; x_wconf 72' lang='lat' dir='ltr'>est.</span> 
     </span>
    </p>

    <p class='ocr_par' dir='ltr' id='par_1_66' title="bbox 1223 3467 2260 3753">
     <span class='ocr_line' id='line_1_215' title="bbox 1259 3467 2258 3502; baseline 0.01 -10"><span class='ocrx_word' id='word_1_2198' title='bbox 1259 3467 1453 3498; x_wconf 71' lang='grc' dir='ltr'>ΒΑΜΝᾹΤνε,</span> <span class='ocrx_word' id='word_1_2199' title='bbox 1468 3475 1490 3495; x_wconf 88' lang='lat' dir='ltr'>a,</span> <span class='ocrx_word' id='word_1_2200' title='bbox 1505 3475 1557 3492; x_wconf 89' lang='lat' dir='ltr'>um.</span> <span class='ocrx_word' id='word_1_2201' title='bbox 1578 3467 1645 3493; x_wconf 89' lang='lat' dir='ltr'>Part.</span> <span class='ocrx_word' id='word_1_2202' title='bbox 1667 3467 1877 3501; x_wconf 73' lang='grc' dir='ltr'>[κατεγνωσμένος]</span> <span class='ocrx_word' id='word_1_2203' title='bbox 1898 3469 2039 3497; x_wconf 86' lang='lat' dir='ltr'>Damnatus</span> <span class='ocrx_word' id='word_1_2204' title='bbox 2052 3474 2134 3499; x_wconf 89' lang='lat' dir='ltr'>morti</span> <span class='ocrx_word' id='word_1_2205' title='bbox 2155 3474 2258 3502; x_wconf 89' lang='lat' dir='ltr'>Lucret.</span> 
     </span>
     <span class='ocr_line' id='line_1_216' title="bbox 1224 3501 2259 3543; baseline 0.01 -17"><span class='ocrx_word' id='word_1_2206' title='bbox 1224 3501 1249 3532; x_wconf 85' lang='lat'>6,</span> <span class='ocrx_word' id='word_1_2207' title='bbox 1265 3508 1332 3532; x_wconf 82' lang='lat'>1230.</span> <span class='ocrx_word' id='word_1_2208' title='bbox 1369 3503 1471 3527; x_wconf 85' lang='lat' dir='ltr'>Dicitur</span> <span class='ocrx_word' id='word_1_2209' title='bbox 1486 3502 1530 3528; x_wconf 84' lang='lat' dir='ltr'>hoc</span> <span class='ocrx_word' id='word_1_2210' title='bbox 1543 3501 1571 3527; x_wconf 74' lang='lat' dir='ltr'>de</span> <span class='ocrx_word' id='word_1_2211' title='bbox 1586 3502 1694 3528; x_wconf 65' lang='lat' dir='ltr'>omnihus</span> <span class='ocrx_word' id='word_1_2212' title='bbox 1703 3522 1711 3534; x_wconf 92' lang='lat'>,</span> <span class='ocrx_word' id='word_1_2213' title='bbox 1724 3512 1862 3538; x_wconf 78' lang='lat' dir='ltr'>quacunque</span> <span class='ocrx_word' id='word_1_2214' title='bbox 1877 3504 1975 3531; x_wconf 83' lang='lat' dir='ltr'>tandem</span> <span class='ocrx_word' id='word_1_2215' title='bbox 1989 3510 2085 3533; x_wconf 84' lang='lat' dir='ltr'>ratione</span> <span class='ocrx_word' id='word_1_2216' title='bbox 2099 3513 2175 3535; x_wconf 82' lang='lat' dir='ltr'>morti</span> <span class='ocrx_word' id='word_1_2217' title='bbox 2188 3509 2259 3543; x_wconf 70' lang='lat' dir='ltr'>delii-</span> 
     </span>
     <span class='ocr_line' id='line_1_217' title="bbox 1223 3535 2259 3575; baseline 0.012 -15"><span class='ocrx_word' id='word_1_2218' title='bbox 1223 3539 1305 3562; x_wconf 72' lang='lat' dir='ltr'>natir:</span> <span class='ocrx_word' id='word_1_2219' title='bbox 1323 3535 1378 3562; x_wconf 83' lang='lat' dir='ltr'>vid.</span> <span class='ocrx_word' id='word_1_2220' title='bbox 1399 3538 1483 3563; x_wconf 84' lang='lat' dir='ltr'>Burm.</span> <span class='ocrx_word' id='word_1_2221' title='bbox 1497 3537 1531 3563; x_wconf 68' lang='lat' dir='ltr'>&lt;ui</span> <span class='ocrx_word' id='word_1_2222' title='bbox 1548 3538 1651 3563; x_wconf 83' lang='lat' dir='ltr'>Petron.</span> <span class='ocrx_word' id='word_1_2223' title='bbox 1663 3547 1684 3563; x_wconf 90' lang='lat' dir='ltr'>c.</span> <span class='ocrx_word' id='word_1_2224' title='bbox 1699 3546 1734 3564; x_wconf 86' lang='lat'>111</span> <span class='ocrx_word' id='word_1_2225' title='bbox 1748 3547 1772 3571; x_wconf 91' lang='lat' dir='ltr'>p.</span> <span class='ocrx_word' id='word_1_2226' title='bbox 1787 3546 1839 3572; x_wconf 87' lang='lat'>517.</span> <span class='ocrx_word' id='word_1_2227' title='bbox 1895 3541 1980 3575; x_wconf 87' lang='lat' dir='ltr'>Caput</span> <span class='ocrx_word' id='word_1_2228' title='bbox 1992 3542 2143 3570; x_wconf 85' lang='lat' dir='ltr'>damnatum</span> <span class='ocrx_word' id='word_1_2229' title='bbox 2162 3546 2259 3572; x_wconf 86' lang='lat' dir='ltr'>Lucan.</span> 
     </span>
     <span class='ocr_line' id='line_1_218' title="bbox 1408 3572 2097 3610; baseline 0.009 -12"><span class='ocrx_word' id='word_1_2230' title='bbox 1408 3572 1528 3598; x_wconf 89' lang='lat' dir='ltr'>Crimine</span> <span class='ocrx_word' id='word_1_2231' title='bbox 1546 3572 1638 3599; x_wconf 90' lang='lat' dir='ltr'>mortis</span> <span class='ocrx_word' id='word_1_2232' title='bbox 1656 3572 1790 3598; x_wconf 88' lang='lat' dir='ltr'>damnatus</span> <span class='ocrx_word' id='word_1_2233' title='bbox 1824 3574 1898 3609; x_wconf 84' lang='lat' dir='ltr'>Virg.</span> <span class='ocrx_word' id='word_1_2234' title='bbox 1912 3576 1976 3602; x_wconf 85' lang='lat' dir='ltr'>Aen.</span> <span class='ocrx_word' id='word_1_2235' title='bbox 1994 3580 2020 3609; x_wconf 89' lang='lat'>6,</span> <span class='ocrx_word' id='word_1_2236' title='bbox 2039 3587 2097 3610; x_wconf 82' lang='lat'>430.</span> 
     </span>
     <span class='ocr_line' id='line_1_219' title="bbox 1225 3607 1923 3645; baseline 0.007 -13"><span class='ocrx_word' id='word_1_2237' title='bbox 1225 3615 1306 3641; x_wconf 90' lang='lat' dir='ltr'>prope</span> <span class='ocrx_word' id='word_1_2238' title='bbox 1319 3607 1441 3633; x_wconf 63' lang='lat' dir='ltr'>conuifia</span> <span class='ocrx_word' id='word_1_2239' title='bbox 1454 3615 1479 3633; x_wconf 86' lang='lat' dir='ltr'>et</span> <span class='ocrx_word' id='word_1_2240' title='bbox 1491 3608 1610 3639; x_wconf 80' lang='lat' dir='ltr'>damnata</span> <span class='ocrx_word' id='word_1_2241' title='bbox 1643 3608 1698 3634; x_wconf 85' lang='lat' dir='ltr'>Cic.</span> <span class='ocrx_word' id='word_1_2242' title='bbox 1712 3616 1760 3641; x_wconf 90' lang='lat' dir='ltr'>pro</span> <span class='ocrx_word' id='word_1_2243' title='bbox 1774 3608 1877 3637; x_wconf 85' lang='lat' dir='ltr'>Cluent.</span> <span class='ocrx_word' id='word_1_2244' title='bbox 1898 3618 1923 3645; x_wconf 89' lang='lat'>7.</span> 
     </span>
     <span class='ocr_line' id='line_1_220' title="bbox 1225 3641 2259 3687; baseline 0.012 -20"><span class='ocrx_word' id='word_1_2245' title='bbox 1225 3642 1284 3676; x_wconf 84' lang='lat' dir='ltr'>paci</span> <span class='ocrx_word' id='word_1_2246' title='bbox 1302 3641 1349 3668; x_wconf 91' lang='lat' dir='ltr'>Sil.</span> <span class='ocrx_word' id='word_1_2247' title='bbox 1365 3651 1386 3674; x_wconf 83' lang='grc'>3,</span> <span class='ocrx_word' id='word_1_2248' title='bbox 1398 3651 1446 3674; x_wconf 81' lang='lat'>331.</span> <span class='ocrx_word' id='word_1_2249' title='bbox 1520 3644 1661 3670; x_wconf 87' lang='lat' dir='ltr'>Damnatus</span> <span class='ocrx_word' id='word_1_2250' title='bbox 1683 3643 1828 3670; x_wconf 86' lang='lat' dir='ltr'>calumniae</span> <span class='ocrx_word' id='word_1_2251' title='bbox 1846 3646 1946 3679; x_wconf 89' lang='lat' dir='ltr'>publici</span> <span class='ocrx_word' id='word_1_2252' title='bbox 1962 3647 2055 3674; x_wconf 85' lang='lat' dir='ltr'>iudicii</span> <span class='ocrx_word' id='word_1_2253' title='bbox 2076 3650 2092 3675; x_wconf 95' lang='lat' dir='ltr'>l.</span> <span class='ocrx_word' id='word_1_2254' title='bbox 2109 3659 2117 3676; x_wconf 96' lang='lat'>1</span> <span class='ocrx_word' id='word_1_2255' title='bbox 2132 3648 2154 3687; x_wconf 92' lang='lat'>§.</span> <span class='ocrx_word' id='word_1_2256' title='bbox 2170 3651 2187 3677; x_wconf 83' lang='lat' dir='ltr'>si</span> <span class='ocrx_word' id='word_1_2257' title='bbox 2201 3652 2259 3686; x_wconf 86' lang='lat' dir='ltr'>quis</span> 
     </span>
     <span class='ocr_line' id='line_1_221' title="bbox 1225 3677 2260 3717; baseline 0.01 -13"><span class='ocrx_word' id='word_1_2258' title='bbox 1225 3683 1314 3704; x_wconf 83' lang='lat' dir='ltr'>tamen</span> <span class='ocrx_word' id='word_1_2259' title='bbox 1333 3678 1365 3704; x_wconf 94' lang='lat' dir='ltr'>D.</span> <span class='ocrx_word' id='word_1_2260' title='bbox 1379 3677 1411 3704; x_wconf 88' lang='lat' dir='ltr'>de</span> <span class='ocrx_word' id='word_1_2261' title='bbox 1424 3678 1518 3713; x_wconf 87' lang='lat' dir='ltr'>postul.</span> <span class='ocrx_word' id='word_1_2262' title='bbox 1590 3679 1730 3704; x_wconf 81' lang='lat' dir='ltr'>Damnatus</span> <span class='ocrx_word' id='word_1_2263' title='bbox 1742 3678 1816 3714; x_wconf 86' lang='lat' dir='ltr'>longi</span> <span class='ocrx_word' id='word_1_2264' title='bbox 1828 3680 1927 3708; x_wconf 87' lang='lat' dir='ltr'>laboris</span> <span class='ocrx_word' id='word_1_2265' title='bbox 1940 3683 2062 3717; x_wconf 81' lang='lat' dir='ltr'>Sisyphus</span> <span class='ocrx_word' id='word_1_2266' title='bbox 2087 3686 2154 3712; x_wconf 87' lang='lat' dir='ltr'>Hor.</span> <span class='ocrx_word' id='word_1_2267' title='bbox 2172 3688 2260 3714; x_wconf 83' lang='lat' dir='ltr'>Carm.</span> 
     </span>
     <span class='ocr_line' id='line_1_222' title="bbox 1229 3713 2062 3753; baseline 0.01 -15"><span class='ocrx_word' id='word_1_2268' title='bbox 1229 3722 1254 3745; x_wconf 86' lang='lat' dir='ltr'>z,</span> <span class='ocrx_word' id='word_1_2269' title='bbox 1276 3722 1315 3746; x_wconf 88' lang='lat'>14,</span> <span class='ocrx_word' id='word_1_2270' title='bbox 1335 3722 1372 3746; x_wconf 88' lang='lat'>19.</span> <span class='ocrx_word' id='word_1_2271' title='bbox 1442 3715 1584 3740; x_wconf 85' lang='lat' dir='ltr'>Damnatus</span> <span class='ocrx_word' id='word_1_2272' title='bbox 1598 3713 1708 3739; x_wconf 86' lang='lat' dir='ltr'>crimine</span> <span class='ocrx_word' id='word_1_2273' title='bbox 1731 3713 1749 3741; x_wconf 93' lang='lat' dir='ltr'>l.</span> <span class='ocrx_word' id='word_1_2274' title='bbox 1770 3724 1780 3741; x_wconf 95' lang='lat'>1</span> <span class='ocrx_word' id='word_1_2275' title='bbox 1799 3717 1844 3752; x_wconf 66' lang='lat'>§.1</span> <span class='ocrx_word' id='word_1_2276' title='bbox 1873 3718 1903 3743; x_wconf 94' lang='lat' dir='ltr'>D.</span> <span class='ocrx_word' id='word_1_2277' title='bbox 1919 3717 1950 3743; x_wconf 86' lang='lat' dir='ltr'>de</span> <span class='ocrx_word' id='word_1_2278' title='bbox 1970 3719 2062 3753; x_wconf 87' lang='lat' dir='ltr'>postul.</span> 
     </span>
    </p>
   </div>
   <div class='ocr_carea' id='block_1_58' title="bbox 1995 3582 2260 3644">
    <p class='ocr_par' dir='ltr' id='par_1_67' title="bbox 1995 3582 2260 3644">
     <span class='ocr_line' id='line_1_223' title="bbox 2177 3582 2260 3608; baseline 0.012 -1"><span class='ocrx_word' id='word_1_2279' title='bbox 2177 3582 2260 3608; x_wconf 86' lang='lat' dir='ltr'>Causa</span> 
     </span>
     <span class='ocr_line' id='line_1_224' title="bbox 1995 3613 2260 3644; baseline 0.023 -6"><span class='ocrx_word' id='word_1_2280' title='bbox 1995 3613 2151 3641; x_wconf 88' lang='lat' dir='ltr'>Damnatum</span> <span class='ocrx_word' id='word_1_2281' title='bbox 2167 3617 2260 3644; x_wconf 87' lang='lat' dir='ltr'>viuere</span> 
     </span>
    </p>
   </div>
   <div class='ocr_carea' id='block_1_59' title="bbox 2135 3723 2259 3749">
    <p class='ocr_par' dir='ltr' id='par_1_68' title="bbox 2135 3723 2259 3749">
     <span class='ocr_line' id='line_1_225' title="bbox 2135 3723 2259 3749; baseline 0.016 -2"><span class='ocrx_word' id='word_1_2282' title='bbox 2135 3723 2198 3748; x_wconf 86' lang='lat' dir='ltr'>Voti</span> <span class='ocrx_word' id='word_1_2283' title='bbox 2218 3723 2259 3749; x_wconf 88' lang='lat' dir='ltr'>da-</span> 
     </span>
    </p>
   </div>
   <div class='ocr_carea' id='block_1_60' title="bbox 1057 3747 2258 3788">
    <p class='ocr_par' dir='ltr' id='par_1_69' title="bbox 1057 3747 2258 3788">
     <span class='ocr_line' id='line_1_226' title="bbox 1057 3747 2258 3788; baseline 0.009 -15"><span class='ocrx_word' id='word_1_2284' title='bbox 1057 3760 1060 3769; x_wconf 83' lang='lat'>=</span> <span class='ocrx_word' id='word_1_2285' title='bbox 1079 3747 1159 3774; x_wconf 89' lang='lat' dir='ltr'>Nihil</span> <span class='ocrx_word' id='word_1_2286' title='bbox 1171 3756 1219 3774; x_wconf 87' lang='lat'>100</span> <span class='ocrx_word' id='word_1_2287' title='bbox 1228 3754 1329 3775; x_wconf 87' lang='lat' dir='ltr'>nmatus</span> <span class='ocrx_word' id='word_1_2288' title='bbox 1349 3748 1499 3783; x_wconf 82' lang='lat' dir='ltr'>Nep.20,5,</span> <span class='ocrx_word' id='word_1_2289' title='bbox 1513 3757 1534 3780; x_wconf 87' lang='grc'>3.</span> <span class='ocrx_word' id='word_1_2290' title='bbox 1554 3754 1577 3774; x_wconf 86' lang='lat' dir='ltr'>et</span> <span class='ocrx_word' id='word_1_2291' title='bbox 1590 3748 1649 3774; x_wconf 89' lang='lat' dir='ltr'>Liu.</span> <span class='ocrx_word' id='word_1_2292' title='bbox 1664 3756 1690 3783; x_wconf 88' lang='lat'>7,</span> <span class='ocrx_word' id='word_1_2293' title='bbox 1705 3754 1743 3779; x_wconf 87' lang='lat'>28.</span> <span class='ocrx_word' id='word_1_2294' title='bbox 1780 3751 1837 3777; x_wconf 81' lang='lat' dir='ltr'>Cum</span> <span class='ocrx_word' id='word_1_2295' title='bbox 1850 3754 1966 3779; x_wconf 75' lang='lat' dir='ltr'>Abiatiuo</span> <span class='ocrx_word' id='word_1_2296' title='bbox 1976 3761 2075 3788; x_wconf 75' lang='lat' dir='ltr'>poenae.</span> <span class='ocrx_word' id='word_1_2297' title='bbox 2113 3757 2168 3783; x_wconf 90' lang='lat' dir='ltr'>Cic.</span> <span class='ocrx_word' id='word_1_2298' title='bbox 2177 3758 2258 3784; x_wconf 84' lang='lat' dir='ltr'>Tusc.</span> 
     </span>
    </p>
   </div>
   <div class='ocr_carea' id='block_1_61' title="bbox 1226 3783 2260 3929">
    <p class='ocr_par' dir='ltr' id='par_1_70' title="bbox 1226 3783 2260 3929">
     <span class='ocr_line' id='line_1_227' title="bbox 1228 3783 2260 3825; baseline 0.011 -16"><span class='ocrx_word' id='word_1_2299' title='bbox 1228 3794 1247 3816; x_wconf 87' lang='lat'>1,</span> <span class='ocrx_word' id='word_1_2300' title='bbox 1261 3792 1291 3817; x_wconf 87' lang='lat'>50</span> <span class='ocrx_word' id='word_1_2301' title='bbox 1311 3784 1359 3810; x_wconf 86' lang='lat' dir='ltr'>Sed</span> <span class='ocrx_word' id='word_1_2302' title='bbox 1376 3785 1483 3817; x_wconf 85' lang='lat' dir='ltr'>plurimi</span> <span class='ocrx_word' id='word_1_2303' title='bbox 1497 3789 1587 3810; x_wconf 89' lang='lat' dir='ltr'>contra</span> <span class='ocrx_word' id='word_1_2304' title='bbox 1601 3783 1734 3814; x_wconf 86' lang='lat' dir='ltr'>nituntur,</span> <span class='ocrx_word' id='word_1_2305' title='bbox 1751 3786 1907 3822; x_wconf 88' lang='lat' dir='ltr'>animosque</span> <span class='ocrx_word' id='word_1_2306' title='bbox 1926 3789 1995 3822; x_wconf 82' lang='lat' dir='ltr'>quafi</span> <span class='ocrx_word' id='word_1_2307' title='bbox 2018 3791 2101 3824; x_wconf 80' lang='lat' dir='ltr'>capite</span> <span class='ocrx_word' id='word_1_2308' title='bbox 2118 3792 2260 3825; x_wconf 63' lang='lat' dir='ltr'>dammum,</span> 
     </span>
     <span class='ocr_line' id='line_1_228' title="bbox 1226 3818 2259 3862; baseline 0.008 -16"><span class='ocrx_word' id='word_1_2309' title='bbox 1226 3826 1314 3846; x_wconf 85' lang='lat' dir='ltr'>morte</span> <span class='ocrx_word' id='word_1_2310' title='bbox 1328 3819 1470 3852; x_wconf 69' lang='grc' dir='ltr'>11111Ιᾶ3111,</span> <span class='ocrx_word' id='word_1_2311' title='bbox 1490 3822 1507 3845; x_wconf 85' lang='lat' dir='ltr'>i.</span> <span class='ocrx_word' id='word_1_2312' title='bbox 1520 3822 1596 3846; x_wconf 84' lang='lat' dir='ltr'>morti</span> <span class='ocrx_word' id='word_1_2313' title='bbox 1609 3818 1751 3852; x_wconf 75' lang='lat' dir='ltr'>destinatos.</span> <span class='ocrx_word' id='word_1_2314' title='bbox 1787 3823 1898 3858; x_wconf 77' lang='lat' dir='ltr'>Compar.</span> <span class='ocrx_word' id='word_1_2315' title='bbox 1915 3825 1987 3850; x_wconf 89' lang='lat' dir='ltr'>Idem</span> <span class='ocrx_word' id='word_1_2316' title='bbox 2001 3825 2028 3851; x_wconf 90' lang='lat' dir='ltr'>in</span> <span class='ocrx_word' id='word_1_2317' title='bbox 2043 3826 2126 3852; x_wconf 85' lang='lat' dir='ltr'>Pison.</span> <span class='ocrx_word' id='word_1_2318' title='bbox 2147 3836 2181 3862; x_wconf 85' lang='lat'>97</span> <span class='ocrx_word' id='word_1_2319' title='bbox 2195 3838 2216 3854; x_wconf 88' lang='lat' dir='ltr'>c.</span> <span class='ocrx_word' id='word_1_2320' title='bbox 2230 3838 2259 3860; x_wconf 86' lang='lat'>30</span> 
     </span>
     <span class='ocr_line' id='line_1_229' title="bbox 1229 3855 2259 3896; baseline 0.011 -17"><span class='ocrx_word' id='word_1_2321' title='bbox 1229 3855 1296 3888; x_wconf 76' lang='lat' dir='ltr'>Qiis</span> <span class='ocrx_word' id='word_1_2322' title='bbox 1309 3860 1336 3881; x_wconf 89' lang='lat' dir='ltr'>te</span> <span class='ocrx_word' id='word_1_2323' title='bbox 1348 3855 1486 3887; x_wconf 79' lang='lat' dir='ltr'>miserior,</span> <span class='ocrx_word' id='word_1_2324' title='bbox 1506 3855 1564 3889; x_wconf 91' lang='lat' dir='ltr'>quis</span> <span class='ocrx_word' id='word_1_2325' title='bbox 1579 3861 1603 3882; x_wconf 91' lang='lat' dir='ltr'>te</span> <span class='ocrx_word' id='word_1_2326' title='bbox 1616 3856 1779 3889; x_wconf 86' lang='lat' dir='ltr'>damnatior,</span> <span class='ocrx_word' id='word_1_2327' title='bbox 1798 3858 1845 3892; x_wconf 91' lang='lat' dir='ltr'>qui</span> <span class='ocrx_word' id='word_1_2328' title='bbox 1864 3868 1949 3894; x_wconf 88' lang='lat' dir='ltr'>neque</span> <span class='ocrx_word' id='word_1_2329' title='bbox 1964 3860 2076 3887; x_wconf 84' lang='lat' dir='ltr'>scribere</span> <span class='ocrx_word' id='word_1_2330' title='bbox 2087 3862 2118 3888; x_wconf 83' lang='lat' dir='ltr'>ad</span> <span class='ocrx_word' id='word_1_2331' title='bbox 2132 3863 2259 3896; x_wconf 83' lang='lat' dir='ltr'>Senatum,</span> 
     </span>
     <span class='ocr_line' id='line_1_230' title="bbox 1228 3890 2147 3929; baseline 0.011 -15"><span class='ocrx_word' id='word_1_2332' title='bbox 1228 3898 1243 3917; x_wconf 76' lang='lat' dir='ltr'>a</span> <span class='ocrx_word' id='word_1_2333' title='bbox 1257 3896 1282 3917; x_wconf 79' lang='lat' dir='ltr'>te</span> <span class='ocrx_word' id='word_1_2334' title='bbox 1296 3890 1362 3917; x_wconf 83' lang='lat' dir='ltr'>bene</span> <span class='ocrx_word' id='word_1_2335' title='bbox 1375 3890 1466 3925; x_wconf 85' lang='lat' dir='ltr'>Remp.</span> <span class='ocrx_word' id='word_1_2336' title='bbox 1484 3891 1531 3918; x_wconf 81' lang='lat' dir='ltr'>effe</span> <span class='ocrx_word' id='word_1_2337' title='bbox 1545 3891 1640 3927; x_wconf 81' lang='lat' dir='ltr'>gestam</span> <span class='ocrx_word' id='word_1_2338' title='bbox 1650 3911 1658 3925; x_wconf 93' lang='lat'>‚</span> <span class='ocrx_word' id='word_1_2339' title='bbox 1678 3900 1764 3928; x_wconf 88' lang='lat' dir='ltr'>neque</span> <span class='ocrx_word' id='word_1_2340' title='bbox 1784 3895 1901 3929; x_wconf 80' lang='lat' dir='ltr'>praesens</span> <span class='ocrx_word' id='word_1_2341' title='bbox 1914 3894 2000 3925; x_wconf 81' lang='lat' dir='ltr'>dicere</span> <span class='ocrx_word' id='word_1_2342' title='bbox 2015 3896 2089 3924; x_wconf 83' lang='lat' dir='ltr'>ausus</span> <span class='ocrx_word' id='word_1_2343' title='bbox 2105 3899 2147 3924; x_wconf 75' lang='lat' dir='ltr'>es?</span> 
     </span>
    </p>
   </div>
   <div class='ocr_carea' id='block_1_62' title="bbox 1399 3959 1456 3987">
    <p class='ocr_par' dir='ltr' id='par_1_71' title="bbox 1399 3959 1456 3987">
     <span class='ocr_line' id='line_1_231' title="bbox 1399 3959 1456 3987; baseline 0 0"><span class='ocrx_word' id='word_1_2344' title='bbox 1399 3959 1456 3987; x_wconf 69' lang='lat' dir='ltr'>Aa·</span> 
     </span>
    </p>
   </div>
   <div class='ocr_carea' id='block_1_63' title="bbox 1176 3929 1221 3956">
    <p class='ocr_par' dir='ltr' id='par_1_72' title="bbox 1176 3929 1221 3956">
     <span class='ocr_line' id='line_1_232' title="bbox 1176 3929 1221 3956; baseline -0.044 -5"><span class='ocrx_word' id='word_1_2345' title='bbox 1176 3929 1221 3956; x_wconf 66' lang='grc' dir='ltr'>[Οἳ</span> 
     </span>
    </p>
   </div>
   <div class='ocr_carea' id='block_1_64' title="bbox 2132 3973 2262 3996">
    <p class='ocr_par' dir='ltr' id='par_1_73' title="bbox 2132 3973 2262 3996">
     <span class='ocr_line' id='line_1_233' title="bbox 2132 3973 2262 3996; baseline 0.008 -1"><span class='ocrx_word' id='word_1_2346' title='bbox 2132 3973 2262 3996; x_wconf 77' lang='lat' dir='ltr'>DAMNA-</span> 
     </span>
    </p>
   </div>
   <div class='ocr_carea' id='block_1_65' title="bbox 2209 2094 2312 2120">
    <p class='ocr_par' dir='ltr' id='par_1_74' title="bbox 2209 2094 2312 2120">
     <span class='ocr_line' id='line_1_234' title="bbox 2209 2094 2312 2120; baseline 0 0"><span class='ocrx_word' id='word_1_2347' title='bbox 2209 2094 2262 2120; x_wconf 74' lang='lat' dir='ltr'>Aa·</span> <span class='ocrx_word' id='word_1_2348' title='bbox 2309 2107 2312 2112; x_wconf 91' lang='lat'>·</span> 
     </span>
    </p>
   </div>
  </div>
 </body>
</html>
