2479 4225
25 184 29 198 l

16 194 144 234 ‘1005
447 177 466 218 I
564 179 615 219 M
697 177 725 218 P
1559 182 1576 222 1
1661 182 1710 223 Μ
1795 187 1824 226 p
2090 197 2188 233 100'6

51 269 118 299 bilia
130 272 156 296 et
169 272 231 309 τιμε..
302 267 384 295 Plane.
398 267 474 303 Epid.
488 276 510 300 3,
523 276 549 308 2,
563 269 580 295 6
617 262 687 295 Proh
702 267 742 308 dii
755 265 925 308 immortales,
937 266 1005 293 mihi
1019 266 1087 310 hune
1167 305 1172 310 “
1184 276 1192 296 1
1207 275 1256 296 ΜΡ
1267 276 1274 310 .¹
1284 277 1307 296 N
1317 277 1338 296 G
1348 275 1396 296 vo
1406 290 1413 302 ,
1428 273 1481 297 are.
1516 271 1597 297 πιαίνω
1615 270 1751 298 Onomast.
1769 274 1827 301 Vet.
1843 276 1936 303 Anima
1951 278 2117 312 operantium
2137 281 2187 307 im-

53 301 122 333 diem
135 303 240 330 dedistis
252 303 412 331 luculentum
422 324 430 336 ,
449 310 478 330 vt
493 303 615 336 facilem,
633 309 711 338 atque
728 302 937 338 impetrabilem,
954 311 1000 338 quo
1015 311 1087 339 impe·
1148 305 1319 339 pmguabitur
1331 305 1435 338 Vulgat.
1450 307 1575 333 Prouerb.
1598 315 1633 339 15,
1651 315 1677 340 4.
1704 306 1772 333 Add.
1789 309 1877 336 l'salm.
1900 321 1933 343 ‚·3‚
1948 322 1967 345 ς,
2005 315 2126 348 coques,
2139 317 2186 343 do,

0 345 9 371 'n'
50 342 134 372 traui,
147 348 207 374 quae
220 339 340 374 optabam.
409 337 544 365 Efficaciae
557 339 732 372 impetrabilis
746 348 793 366 rex
806 339 928 368 Seleucus,
946 344 974 364 vt
989 338 1086 366 indicat
1147 349 1194 367 nec
1207 341 1273 366 lenis
1286 341 1330 366 fiat
1345 346 1369 366 et
1383 340 1529 375 impinguet
1544 342 1616 376 Apic.
1630 349 1652 373 8,
1667 350 1693 377 7.
1714 345 1732 368 i.
1753 342 1820 378 quqsi
1836 354 1850 369 a
1864 348 2013 381 pinguedini·
2028 350 2187 384 resplendeat,

0 373 10 408 η’
31 406 33 408 v
51 379 251 410 cognomentum
267 376 384 401 Nicator.
422 374 553 401 Ammian.
568 383 607 407 14,
624 379 637 404 8
662 372 769 406 AHiue,
781 380 810 400 vt
821 374 920 400 Orator
932 374 1085 407 impetrabi-
1186 384 1227 402 {M
1238 384 1252 401 P
1263 384 1267 400 1
1280 382 1330 402 NG
1340 382 1419 402 VAT
1430 383 1449 401 v
1459 383 1470 401 s
1480 396 1487 408 ,
1505 386 1533 407 a,
1552 387 1605 403 um.
1625 378 1691 404 l'art.
1727 378 1877 405 Incrassatus
1895 377 1919 406 ct
1934 382 2108 416 impinguatus
2123 388 2185 414 Vul-

0 411 10 445 ξι
50 411 100 443 lis,
118 410 168 445 Qci
180 408 263 444 facile
275 410 342 446 quod
353 411 424 442 vult,
436 413 562 445 impetrat.
599 409 680 437 Plaut.
695 410 772 436 Most.
787 417 808 442 5,
820 417 846 440 2,
860 417 896 440 40
922 409 986 435 Non
999 411 1085 444 potuit
1106 416 1120 443 ς
1147 416 1197 445 gat.
1213 411 1356 437 Deuteron.
1371 420 1408 443 32,
1423 418 1455 443 ις.
1492 413 1564 447 Cous.
1582 413 1699 440 Tertull.
1714 413 1746 439 de
1763 414 1848 440 lciun.
1865 423 1886 441 c.
1901 418 1925 441 6.
1944 423 1967 441 et
1985 412 2043 446 adu.
2062 422 2140 454 Psyeh
2163 433 2177 450 c

0 454 9 478 γ
49 446 139 475 venire
151 450 242 472 orator
254 446 338 481 magis
357 445 390 472 ad
409 454 451 472 me
470 443 656 480 impetrabilis.
692 444 760 472 Add.
774 443 920 478 Vigilantia
934 451 956 470 et
968 446 1087 473 Virtutes
1148 449 1173 473 6.
1192 446 1250 473 Th.
1264 447 1385 473 Priscian.
1400 445 1431 471 de
1446 446 1536 473 Diaeta
1551 457 1571 473 c.
1586 457 1612 481 4.
1664 443 1674 454 ”
2143 443 2148 450 “
2178 443 2186 450 “

0 486 11 511 {l
49 488 74 509 et
85 480 291 514 Impetrabilior.
362 482 453 508 Pacem
465 480 661 515 impetrabilem
675 480 748 511 fore,
766 487 884 512 magnam
897 479 923 505 ei
937 480 1006 513 spem
1019 488 1086 508 attu-
1183 488 1224 508 1M
1238 488 1253 508 Ρ
1265 489 1274 507 1
1285 489 1306 508 N
1317 489 1336 509 G
1348 489 1366 507 v
1376 489 1398 508 Α
1407 488 1428 508 Τ
1438 488 1445 506 1
1456 488 1474 507 Ο
1484 502 1492 514 ,
1509 483 1576 508 (mis.
1598 484 1616 509 f.
1652 483 1747 518 Apicio
1765 484 1926 520 adscribitur.

0 520 10 532 '¹
47 517 80 543 lit
93 524 166 542 mora
180 523 225 542 etc.
235 516 298 543 'Liu.
312 524 351 552 37,
365 525 397 550 34
405 523 448 553 pr.
484 516 553 544 Add.
569 525 606 548 30,
623 517 660 542 16.
730 513 899 548 Triumphus
919 515 978 541 Liu.
992 525 1031 549 59,
1046 527 1086 550 29.
1184 523 1194 542 1
1204 523 1227 543 M
1239 523 1254 542 P
1265 524 1274 542 1
1284 525 1319 550 o,
1338 525 1374 544 εις.
1408 516 1461 542 vid.
1498 524 1539 543 ιΜ
1551 525 1564 543 1·
1575 526 1581 543 1
1593 525 1611 543 v
1621 525 1642 544 s.

9 549 13 580 ¹,
49 550 132 578 Venia
143 551 234 578 Tacit.
245 552 314 579 Hist.
328 561 356 585 4,
370 554 414 585 69,
427 560 449 585 5.
520 551 619 578 Veniae
639 549 814 585 impetrabilis
833 550 905 584 spem
925 551 984 577 Liu.
1003 554 1039 583 36,
1053 562 1085 585 33·
1183 559 1227 578 IM
1239 558 1343 584 P1vs‚
1369 554 1400 584 a',
1420 561 1474 577 um.
1512 553 1571 579 Adi.
1608 553 1712 586 [13³0ss
1733 553 1836 586 οἷνᾶσιος,
1855 554 1961 590 einais]
1995 559 2128 593 Apietate
2148 573 2186 589 η.

1 587 4 592 “
38 585 114 621 Ὶ..41ιίαῆ
134 594 179 619 42,
199 595 239 620 29.
306 587 452 622 Vigilantia
469 587 601 614 Ammian.
621 594 658 621 17,
678 594 700 612 11
725 585 754 611 de
773 586 894 620 Scipione.
968 588 1085 614 Virtutes
1099 596 1128 614 ιο
1146 594 1242 620 motus,
1257 588 1320 623 quod
1334 589 1373 614 uel
1385 587 1418 614 ad
1435 587 1532 613 deorum
1544 595 1687 614 contemtum
1702 593 1831 625 pertinet,
1844 593 1883 617 vel
1895 591 1929 617 ad
1944 592 2060 619 duritiem
2073 595 2187 631 mlmrsus

44 621 119 649 Idem
132 630 175 655 29,
188 630 201 656 ς
230 633 253 650 r.
294 623 403 660 Vtroque
420 624 471 650 Ioco
483 621 691 657 impenetrabilis
703 618 899 655 substituendum
916 621 1016 648 videtur
1036 625 1085 650 Va-
1148 623 1237 659 dignos
1249 633 1337 650 amore.
1374 622 1443 649 Ter.
1457 623 1521 649 Eun.
1537 633 1565 656 4,
1578 632 1598 655 5,
1612 632 1620 648 1
1646 625 1698 651 Vbi
1719 634 1767 658 ego
1787 626 1862 652 illum
1882 628 2049 660 scelerosum,
2062 631 2188 659 miserum

9 659 11 661 '
45 656 115 690 lelio:
133 664 163 683 ut
177 667 202 684 eo
222 668 256 684 em
269 661 349 694 capite
367 667 392 694 p.
407 661 458 693 624
478 657 580 685 hostem
593 656 788 692 impetrabilem
798 655 869 682 iaetu
882 656 1004 683 telorum.
1038 659 1085 685 Sed
1147 665 1226 693 atque
1239 659 1351 693 impium
1366 657 1519 684 inueniam?
1591 659 1646 685 cic.
1661 660 1689 685 in
1704 661 1788 686 Pison.
1803 664 1838 693 46
1850 670 1871 687 c.
1886 671 1917 688 20
1944 663 1988 690 Me
2006 670 2093 691 tamen
2112 666 2188 697 fuge-

43 692 146 719 videtur
158 692 278 721 dele-Hori
290 695 438 721 Ammianus
456 694 501 721 hoc
519 696 620 720 nomine.
689 693 790 718 Votum
811 692 927 726 Propert.
946 702 974 725 4,
994 702 1014 724 1,
1035 703 1083 720 [οι.
1146 700 1186 720 rat
1206 694 1318 720 deorum
1340 694 1533 720 immortalium
1548 693 1592 720 has
1611 695 1659 720 else
1676 695 1703 721 in
1724 695 1821 729 impios
1840 702 1865 722 et
1884 699 2072 726 consceleratos
2092 695 2188 735 poenas

43 728 157 763 Compar.
179 730 242 762 Qto
264 729 461 764 impetrabilior
481 739 531 764 pax
552 729 612 755 ess‘et
637 727 698 754 Liu.
717 735 757 760 30,
777 729 814 754 16.
886 728 1084 762 Impetrabilior
1146 729 1294 756 certiffimas
1314 728 1472 755 constitutas.
1543 729 1642 763 Impius
1663 739 1695 756 ne
1713 730 1810 757 audcto
1825 732 1924 765 placare
1945 734 2021 760 donis
2036 736 2103 762 iram
2118 738 2188 764 Deo-

42 764 93 798 qui
108 764 197 795 viuat,
217 765 305 791 nullus
317 765 353 792 est
367 767 448 792 Plaut.
462 767 544 792 Merc.
558 773 582 799 5,
599 773 628 797 4,
640 772 681 789 20.
1099 770 1125 796 ις
1145 774 1205 791 rum
1225 766 1279 792 Cic.
1289 764 1321 790 de
1329 765 1408 798 Legg.
1425 773 1438 789 2
1449 773 1504 797 c.9.
1577 765 1684 792 Piorum
1692 772 1717 792 ct
1732 766 1876 800 impionnn
1891 769 2021 796 rationem
2037 771 2133 798 habent
2147 773 2189 800 dii

83 805 93 824 1
104 805 152 825 ΜΡ
162 805 178 825 E
188 807 238 827 ΤΚ
248 807 362 834 ΑΤΙΟ,
381 801 447 827 onis.
476 800 496 826 f.
534 800 590 826 Cic.
605 800 657 826 Att.
674 807 706 830 ιι,
720 805 751 831 25
764 801 827 831 (22)
856 798 925 825 Illud
941 799 1083 833 molestius,
1145 801 1219 827 Idem
1234 801 1266 826 de
1279 800 1372 834 Legib.
1387 808 1408 831 2,
1423 807 1456 832 15.
1525 801 1643 835 Impius,
1656 810 1705 835 pro
1718 802 1849 828 Parricida
1869 803 1962 830 <licitur
1975 806 2004 831 al·
2019 807 2125 834 Oratore
2138 816 2189 844 per·

23 861 24 864 ,
44 833 103 861 istas
117 834 315 869 impetrationes
327 836 427 863 nostras
439 835 508 862 nihil
522 835 617 862 valere.
636 833 772 868 Augustin.
787 834 899 860 Confert:
914 842 939 860 12
947 841 990 869 pr.
1145 835 1333 869 antonomasiam
1354 835 1484 868 Qiinctil.
1507 841 1528 866 8,
1549 839 1575 868 6,
1596 845 1634 867 30.
1722 837 1821 870 Impius
1840 844 1863 864 et
1883 838 2044 873 Religiosus,
2059 842 2190 871 contraria

81 876 123 896 1M
133 876 147 895 P
157 877 173 896 Ε
183 877 231 898 TR
240 879 262 898 A
272 879 293 898 Τ
302 873 314 898 i
323 878 344 897 v
353 878 412 905 vs,
430 880 460 904 a,
481 880 536 898 um.
559 870 619 897 Adi.
659 871 707 901 Vt,
720 869 921 904 Impetratiuum
933 871 1083 905 augurium,
1146 871 1203 897 Cic.
1216 879 1264 906 pro
1278 871 1353 896 Font.
1368 879 1406 896 22.
1478 871 1554 897 Aetas
1570 871 1651 905 impia
1664 871 1731 898 Hor.
1745 871 1827 906 lipod.
1842 876 1877 904 16,
1891 882 1908 906 9
1930 875 1959 900 de
1977 876 2045 902 bellis
2064 879 2188 906 ciuilibus.
2207 896 2211 897 ν

44 905 117 940 quod
130 911 249 940 optatum
264 907 338 934 venit
350 907 422 934 Seru.
435 906 469 934 ad
481 908 547 933 Aen.
561 909 588 939 6,
603 913 649 938 190
662 914 731 941 quem
745 906 822 932 locum
835 904 930 932 damus.
959 906 1017 933 Vni.
1031 908 1082 933 Au-
1144 908 1186 968 {ic
1199 908 1279 933 Arma
1303 906 1378 940 Virg.
1396 907 1460 931 Aen.
1481 908 1505 938 6,
1527 909 1580 939 615.
1655 907 1724 933 Bella
1746 907 1829 942 impia
1843 909 1971 944 suscipere
1984 912 2058 938 Curt.
2073 923 2100 948 4,
2117 924 2137 947 1,
2150 924 2188 942 12.

41 940 150 975 gurium
170 944 198 967 in
218 948 345 969 AVGvn.
386 942 455 970 Add.
484 947 693 972 mpurm'rvs,
1094 951 1129 970 20
1170 950 1246 968 omns
1265 940 1347 968 Ouid.
1360 942 1423 967 Met.
1436 947 1459 972 8,
1472 947 1528 974 483·
1580 942 1657 971 Facta
1677 943 1781 969 Lucret.
1802 952 1822 975 1,
1838 949 1879 976 84·
1934 946 2011 972 Fama
2031 948 2106 979 Virg.
2121 952 2187 977 Aen,

82 982 92 1002 1
103 983 128 1002 Μ
139 984 179 1003 ΡΕ
190 983 212 1003 Τ
222 979 327 1005 ΚᾹΤΟ
337 985 373 1011 R,
392 978 455 1006 oris.
480 987 516 1007 m.
552 977 618 1004 Cod.
631 975 740 1004 Theod.
754 975 771 1001 l.
785 983 813 1002 12
829 975 870 1002 tit.
884 977 910 1002 16
930 977 1082 1011 Impetrato-
1145 986 1174 1010 4,
1187 984 1244 1010 298.
1311 977 1368 1002 Cic.
1382 976 1413 1002 de
1428 977 1518 1003 Diuin.
1536 986 1555 1008 1,
1568 987 1580 1009 7
1595 992 1597 995 ⁴
1610 977 1651 1003 Est
1671 978 1742 1003 enim
1761 980 1906 1013 periculum
1916 1001 1924 1013 ,
1942 991 1974 1007 ne
1994 988 2038 1008 aut
2059 977 2188 1018 negleftis

42 1020 85 1038 res
104 1012 238 1039 beneficii.
1145 1012 1203 1045 his,
1216 1012 1297 1046 impia
1313 1012 1426 1038 Fraude:
1447 1019 1491 1038 aut
1506 1012 1641 1046 susceptis,
1656 1012 1721 1039 anili
1736 1014 1919 1047 superstition«,¹
1932 1017 2089 1051 obligemur.
2136 1022 2188 1048 Fu-

56 1081 62 1083 Δ
79 1054 202 1075 imi-‘ET
213 1054 356 1081 VLANS,
375 1055 526 1076 ιΜΡΕΤν
537 1054 647 1079 osvs,
669 1051 861 1078 lMPETvs,
880 1046 932 1073 vid.
952 1054 1081 1075 IMPETO.
1145 1057 1192 1074 ror
1213 1048 1288 1081 Virg.
1305 1049 1368 1073 Aen.
1391 1057 1409 1078 1,
1423 1053 1480 1079 298.
1551 1048 1620 1073 Gens
1639 1047 1712 1073 Idem
1725 1049 1822 1081 Georg.
1844 1058 1865 1081 1,
1883 1054 1942 1082 468·
2013 1054 2114 1088 Lingua
2138 1057 2188 1082 iun-

81 1089 176 1109 IMPE
186 1089 233 1109 xv
243 1090 272 1116 S,
292 1092 322 1115 a,
340 1093 393 1110 um.
419 1083 481 1110 Adi.
515 1084 686 1118 [οἰκ-νένιςος]
723 1083 782 1108 Non
799 1088 895 1117 pexus:
923 1089 967 1115 vt,
982 1084 1080 1110 Barbae
1143 1084 1186 1118 pia
1198 1083 1260 1110 deos
1275 1083 1345 1109 laelit
1365 1082 1471 1109 Tibull.
1486 1091 1508 1114 5,
1520 1091 1549 1115 4,
1565 1085 1601 1109 16.
1671 1082 1779 1110 Pectora
1800 1085 1866 1110 Hor.
1881 1086 1962 1119 Epod.
1976 1095 1997 1119 5,
2012 1097 2045 1120 15.
2064 1094 2082 1118 ι’,
2103 1093 2187 1118 Immi-

41 1116 160 1150 impexae
191 1119 267 1152 virg.
281 1120 378 1154 Georg.
398 1128 420 1152 3,
437 1122 496 1152 566.
565 1118 716 1154 Antiquitas
729 1116 809 1145 tristis
822 1123 848 1143 et
861 1117 964 1151 impexa
989 1120 1079 1146 Tacit.
1091 1128 1124 1155 25
1142 1122 1189 1145 tia.
1248 1118 1364 1153 Relligio
1382 1119 1464 1152 impia
1478 1118 1613 1144 Persarum
1633 1118 1730 1145 Catull.
1745 1124 1782 1152 87,
1796 1129 1823 1152 4.
1878 1122 1982 1147 Venena
2000 1124 2080 1150 Ouid.
2093 1128 2188 1155 Amor.

40 1152 71 1178 in
83 1152 150 1179 Dial.
170 1152 202 1178 de
215 1154 288 1180 Orat.
308 1164 330 1181 c.
349 1163 392 1182 20.
411 1155 437 1182 h.
449 1164 469 1182 e.
487 1155 595 1183 Inculta.
666 1153 785 1180 Canities
808 1153 871 1181 Stat.
879 1153 969 1181 Theb.
987 1161 1079 1189 5,,158.
1144 1163 1164 1185 1,
1180 1160 1275 1187 8,1o4.
1347 1154 1433 1180 Verba
1454 1153 1536 1188 impia
1556 1155 1584 1180 in
1603 1153 1666 1179 deos
1684 1153 1754 1180 dieta
1785 1154 1894 1181 Tibull.
1917 1164 1935 1187 1,
1954 1165 1976 1188 5,
1997 1165 2036 1190 52.
2103 1162 2189 1196 Impia

41 1188 142 1214 Comae
162 1188 245 1215 Ouid.
260 1189 326 1219 Fast.
337 1199 361 1222 3,
375 1195 431 1223 398·
1143 1189 1227 1216 herba
1239 1195 1350 1215 vocatur
1363 1189 1453 1215 incana
1463 1209 1470 1220 ,
1492 1189 1662 1215 rorismarini
1679 1189 1799 1223 aspectu,
1814 1190 1893 1222 thyrsi
1908 1192 1989 1218 modo
2003 1194 2095 1221 vestita
2110 1202 2189 1231 atque

75 1229 86 1248 Ι
95 1229 120 1248 Μ
131 1229 146 1249 1²
159 1229 169 1248 1
180 1230 201 1250 A
211 1231 232 1259 '1ss
241 1231 261 1249 v
270 1232 283 1251 s
297 1244 305 1256 ,
340 1226 393 1252 vid.
431 1231 497 1252 IMP
506 1231 516 1250 1
525 1231 546 1250 V
554 1231 576 1252 s.
1143 1225 1266 1260 capitata.
1304 1224 1367 1251 Inde
1386 1225 1434 1250 alii
1446 1224 1542 1251 ramuli
1555 1225 1686 1258 assiu'gunt
1700 1226 1744 1251 sua
1756 1225 1877 1259 capitella
1891 1233 2025 1260 gerentes:
2045 1230 2081 1256 ob
2094 1231 2121 1257 id
2136 1233 2189 1259 Im-

13 1285 15 1292 ,
76 1256 233 1291 IMPi'CO,
255 1263 309 1287 are.
342 1260 467 1294 [πισσόω]
502 1261 559 1287 Pice
577 1259 681 1287 illinere.
717 1259 850 1287 Columel.
867 1269 904 1294 12,
917 1269 950 1293 29
969 1260 1008 1287 De
1021 1261 1078 1288 lacu
1143 1261 1213 1296 piam
1225 1260 1405 1295 appellantem,
1425 1260 1552 1294 quoniam
1569 1259 1649 1286 liberi
1664 1261 1739 1295 super
1752 1268 1885 1295 parentem
1899 1263 2032 1290 excellant.
2068 1267 2122 1293 Alii
2141 1277 2189 1302 po-

12 1294 15 1332 i
39 1300 118 1333 quam
131 1294 331 1322 recentiffimum
345 1296 436 1323 addito
448 1295 561 1322 mustum
576 1295 605 1322 in
617 1295 771 1331 amphoram
785 1304 896 1328 nouam,
911 1306 1019 1332 eamque
1032 1298 1079 1324 ob·
1091 1309 1124 1334 30
1143 1297 1195 1323 tius
1208 1296 1245 1323 ita
1258 1295 1430 1330 appellatam,
1449 1295 1525 1335 quod.
1539 1295 1641 1321 nullum
1661 1296 1759 1322 animal
1776 1305 1833 1324 eam
1853 1298 1979 1332 attingat,
1993 1300 2189 1336 exiffimauere,

13 1333 15 1341 ¹
37 1327 118 1355 linito
130 1334 156 1355 et
169 1329 296 1364 impicato
309 1331 458 1365 diligenter.
521 1331 651 1366 Impicare
664 1331 729 1358 dura
744 1332 802 1365 pice
816 1331 854 1358 Id.
870 1331 906 1358 ib.
920 1341 942 1358 c.
955 1342 994 1365 43.
1142 1338 1188 1358 etc.
1203 1331 1267 1367 fimt
1279 1334 1342 1357 enim
1357 1331 1470 1366 pluscula
1489 1330 1554 1357 Plin.
1569 1340 1609 1363 24,
1624 1339 1660 1364 ¹9·
1728 1332 1822 1366 superi.
1837 1334 1964 1360 ’Mai-tian.
1984 1335 2011 1361 in
2025 1336 2042 1362 l.
2062 1337 2112 1363 His
2128 1347 2188 1366 ver-

74 1370 141 1390 IMP
152 1371 281 1397 ICTvs,
301 1375 333 1398 a,
352 1375 407 1393 um.
454 1367 513 1393 Non
539 1365 636 1403 pilius.
681 1367 759 1403 Apul.
775 1367 839 1394 Met.
859 1376 880 1394 2.
906 1367 954 1394 Sed
971 1368 1079 1395 Elmenb.
1145 1367 1186 1395 bis
1200 1367 1224 1405 §.
1239 1377 1249 1394 1
1271 1368 1302 1393 D.
1316 1367 1348 1392 de
1363 1366 1450 1392 hered.
1464 1366 1546 1392 instit.
1560 1366 1644 1392 Filius
1659 1375 1731 1393 meus
1752 1367 1932 1402 impiiffimus,
1951 1371 2019 1397 male
2030 1371 2063 1398 de
2076 1382 2118 1399 me
2132 1383 2188 1401 me-

34 1407 61 1437 p.
76 1407 118 1431 125
132 1399 298 1440 impunelum
311 1400 468 1434 crystallum.
1143 1403 1221 1430 ritus.
1257 1403 1331 1443 Costf·
1346 1403 1442 1428 Auson.
1457 1401 1490 1428 ad
1504 1402 1621 1428 Gratian.
1635 1410 1657 1427 et
1671 1402 1783 1428 Hieron.
1796 1403 1874 1438 Epist.
1887 1407 1919 1430 26
1932 1414 1952 1431 c.
1965 1414 1990 1432 2.

39 1450 42 1453 -
73 1440 84 1459 1
93 1441 142 1462 MP
151 1443 161 1461 1
171 1442 191 1462 G
200 1443 243 1462 ER
252 1456 260 1467 ,
277 1445 338 1470 gra,
358 1446 444 1472 grum.
480 1434 597 1471 [ἂόκνος]
635 1438 694 1464 Non
702 1441 795 1474 piger,
805 1436 853 1473 fid
865 1438 970 1474 diligens
985 1438 1079 1472 etstre-
1180 1447 1189 1465 1
1198 1446 1265 1465 MP1
1275 1445 1291 1464 E
1300 1445 1322 1464 Τ
1330 1445 1350 1464 Α
1361 1445 1389 1469 S,
1409 1438 1467 1464 Etis.
1488 1437 1508 1463 f.
1545 1436 1677 1471 Mamm,
1691 1437 1814 1472 α’θιὸτης]
1848 1439 1962 1466 Conditio
1976 1441 2128 1476 velfacirzus
2141 1447 2188 1471 im-

54 1479 108 1509 unt.
144 1471 212 1497 Hor.
226 1471 303 1505 Epist.
316 1481 336 1505 1,
350 1481 370 1505 1,
383 1481 416 1506 45
437 1472 554 1506 Impiger
567 1478 699 1499 extremos
713 1473 797 1500 currit
809 1480 939 1500 mercator
950 1474 982 1501 ad
994 1475 1080 1501 Indos.
1094 1486 1124 1512 ὃς
1137 1477 1188 1510 pii.
1226 1473 1282 1500 Cic.
1297 1473 1329 1499 de
1343 1473 1401 1499 Fin.
1416 1482 1435 1504 1,
1450 1480 1482 1506 50
1502 1473 1552 1499 Etfi
1566 1481 1632 1499 vero
1645 1473 1767 1507 impietas
1781 1474 1873 1501 molita
1887 1475 2023 1510 quidpiam
2035 1478 2081 1510 est,
2095 1489 2188 1514 quam-

33 1505 92 1531 cic.
104 1514 153 1539 pro
166 1507 242 1534 Font.
254 1516 281 1540 33
295 1516 316 1534 c.
332 1516 356 1541 15
381 1510 477 1535 Virum
491 1508 523 1534 ad
538 1507 642 1534 labores
657 1507 721 1534 belli
740 1509 900 1543 impigrum,
914 1509 946 1536 ad
962 1511 1079 1544 pericula
1142 1510 1183 1536 vis
1193 1509 1297 1536 occulte
1309 1509 1418 1539 fecerit,
1438 1517 1572 1543 nunquam
1585 1515 1672 1534 tamen
1685 1508 1799 1535 confidet
1818 1509 1845 1536 id
1860 1511 1919 1537 fore
1932 1513 2032 1546 semper
2044 1515 2189 1543 occultum.

13 1542 15 1561 ἶ
33 1539 143 1573 fortem,
157 1549 203 1569 etc.
272 1542 346 1568 Idem
360 1544 438 1570 Verr.
451 1551 474 1576 5,
487 1550 518 1577 27
532 1552 553 1569 c.
571 1552 598 1569 ιο
628 1543 713 1570 Dabat
734 1545 759 1570 se
772 1543 859 1571 labori
879 1551 957 1580 atque
977 1546 1080 1572 itineri-
1142 1544 1216 1572 Idem
1229 1544 1260 1571 de
1275 1544 1332 1571 Fin.
1346 1553 1374 1577 4,
1390 1547 1424 1571 66
1438 1553 1460 1570 c.
1474 1553 1510 1577 24
1536 1544 1585 1570 Sed
1600 1543 1668 1570 nihil
1682 1544 1725 1574 est,
1739 1544 1811 1579 quod
1823 1550 1876 1572 tam
1889 1547 1998 1573 miseros
2010 1548 2188 1584 faciat‚qua1n

12 1569 15 1591 1
34 1574 101 1609 bus,
114 1576 142 1603 in
156 1576 253 1612 quibus
271 1587 354 1612 vsque
369 1587 401 1605 eo
420 1580 446 1604 se
465 1577 608 1612 praebebat
621 1579 764 1613 patientem
782 1586 861 1614 atque
875 1580 1019 1615 impigrum
1029 1602 1036 1613 ,
1050 1588 1080 1608 vt
1143 1581 1264 1615 impietas
1279 1586 1304 1606 et
1317 1580 1406 1606 scelus.
1480 1581 1578 1606 Furens
1593 1579 1651 1605 Sen.
1664 1579 1757 1606 Οᾶᾱιι.
1771 1581 1787 1605 s.
1801 1588 1826 1614 7.
1898 1580 2003 1609 Habere
2018 1583 2133 1618 aliquem
2147 1587 2188 1612 so-

13 1606 15 1644 !
33 1618 96 1637 eum
110 1621 189 1639 nemo
202 1622 318 1647 vnquam
332 1614 361 1640 in
375 1622 445 1649 equo
466 1613 598 1640 sedentem
611 1614 724 1642 videret.
796 1616 856 1641 Ales
877 1615 991 1651 impiger
1017 1618 1078 1643 Stat.
1142 1617 1213 1642 cium
1226 1616 1370 1650 impietatis
1391 1614 1471 1642 Ouid.
1486 1616 1549 1641 Met.
1571 1625 1594 1647 4,
1614 1624 1641 1648 4.
1714 1615 1853 1649 Impietate
1872 1617 1914 1650 pia
1935 1618 1971 1643 est
1997 1618 2071 1644 Idem
2086 1625 2109 1652 8,
2122 1629 2187 1655 477.

13 1645 16 1670 l
34 1646 127 1673 Theb.
149 1656 169 1679 1,
183 1656 242 1680 292.
269 1650 425 1676 Mercurium
436 1648 476 1683 fic
487 1656 560 1675 vocat
570 1651 674 1684 Iupiter.
745 1651 843 1677 Comes
866 1651 981 1686 impiger
1007 1652 1122 1686 ibam40
1142 1649 1162 1688 q
1183 1660 1199 1678 2
1235 1650 1378 1686 Aliquando
1390 1651 1479 1686 Laefiie
1494 1648 1631 1683 maiestatis
1643 1653 1735 1676 crimen
1749 1653 1786 1676 ita
1805 1652 1957 1685 appellatur.-
1974 1661 2028 1678 cum
2048 1653 2087 1679 dli
2105 1656 2190 1681 videri

13 1675 15 1717 ζ
33 1682 109 1710 Idem
123 1683 188 1709 Silu.
206 1692 231 1715 5,
245 1692 268 1714 2,
282 1692 321 1717 91.
393 1684 497 1711 Ductor
514 1685 611 1711 Lucan.
633 1693 653 1718 1,
671 1691 723 1715 228.
795 1686 881 1720 Equus
901 1688 968 1713 Hor.
990 1689 1079 1714 Carni.
1141 1687 1231 1714 vellent
1250 1687 1379 1713 inhumani
1397 1689 1567 1720 imperatores.
1602 1686 1693 1711 Tacit.
1713 1686 1781 1724 Ann.
1795 1687 1821 1716 6,
1840 1693 1887 1724 47,
1906 1695 1918 1717 5
1948 1687 2017 1712 Dein
2038 1689 2190 1716 multorum

13 1722 16 1763 ἰ
33 1728 64 1756 4,
77 1726 163 1779 3’t'4.L
210 1718 330 1780 Ltinguae
346 1719 564 1782 SalltistLEragm.
584 1729 606 1752 5,
626 1729 684 1782 9.C
705 1721 828 1781 hMentis
838 1722 981 1783 dimlpigrae
1000 1732 1079 1783 egilpe-
1141 1721 1277 1782 {morifbiis
1299 1721 1401 1747 famosa
1424 1720 1557 1746 Albucilla
1578 1719 1699 1746 defertur
1715 1725 1859 1754 impietatis
1879 1729 1907 1746 m
1929 1722 2087 1756 principem.
2128 1726 2188 1753 Vid.

31 1760 91 1778 rien
105 1762 130 1779 ia
175 1762 247 1780 ncre.
266 1762 276 1768 ·
301 1763 309 1780 1
334 1762 344 1769 ⁶
360 1775 367 1782 .
494 1776 500 1782 .
517 1765 525 1773 ⁸
636 1776 642 1781 .
1068 1775 1078 1780 -
1202 1775 1208 1782 .
1259 1765 1317 1782 nee.
1399 1774 1405 1780 ι

31 1763 207 1822 ιιίεειεςιιειεὼ
224 1763 429 1823 Ξειῗῖιειΐέῐηιιίίς
448 1764 491 1817 οἳ,
499 1762 640 1825 ixiipigessttii
660 1762 880 1822 miliiiiiieisaig'tig,
900 1764 1019 1818 Γῗιιιιιῖἰῗεε
1033 1767 1080 1818 (ἵξ-
1171 1764 1198 1816 l1n
1199 1797 1223 1815 M
1234 1765 1256 1815 Pa
1260 1797 1270 1816 1
1280 1776 1307 1815 Et:
1331 1764 1580 1828 3g'di1.[oe’014?55]
1617 1789 1674 1815 Cic·
1687 1788 1770 1815 TUsC·
1784 1797 1807 1823 5,
1820 1792 1834 1816 6
1852 1798 1873 1818 C·
1888 1799 1904 1817 2
1939 1791 2095 1827 Vituperare
2116 1796 2189 1829 quis-

32 1829 100 1847 mos.
172 1824 267 1851 Virum
280 1825 426 1859 impigrum
439 1825 555 1851 vrbanae
568 1825 683 1850 militiae
699 1825 768 1850 dixit
779 1826 872 1851 Tacit.
885 1827 953 1851 Ann.
966 1834 987 1857 5,
1001 1831 1044 1859 48.
1085 1833 1120 1860 45
1142 1833 1222 1858 quam
1237 1825 1345 1858 inquam
1359 1830 1430 1849 Vitae
1444 1830 1594 1857 parentem,
1614 1830 1639 1850 et
1661 1823 1711 1850 hoc
1726 1825 1870 1859 parricidio
1891 1827 1916 1852 se
1934 1828 2074 1861 inquinare
2090 1831 2190 1858 audet}

69 1863 79 1882 1
90 1858 183 1885 MPi’G
194 1865 247 1885 RE.
285 1859 352 1885 Adu.
389 1859 514 1893 [οἷόκνως]
548 1861 699 1895 Diligenter.
736 1860 796 1884 Liu.
812 1868 839 1891 2,
851 1867 889 1894 47
911 1861 1028 1893 Impigre
1042 1861 1079 1886 se-
1142 1865 1168 1885 ct
1182 1866 1235 1885 tarn
1247 1859 1329 1892 impie
1342 1859 1459 1892 ingratus
1473 1859 1530 1890 esse,
1542 1865 1569 1885 vt
1581 1865 1628 1886 etc.
1700 1861 1755 1893 Qri
1775 1861 1838 1886 astra
1854 1861 1940 1892 videt,
1954 1871 2007 1888 non
2025 1863 2132 1892 indoe‘xe
2146 1867 2188 1893 so-

33 1891 89 1919 euti
101 1893 168 1919 sunt.
206 1894 279 1920 Idem
294 1903 315 1926 1,
329 1903 366 1920 10.
401 1894 483 1920 Plaut.
499 1894 567 1920 Rud.
580 1902 606 1926 4,
621 1902 646 1925 2,
662 1902 699 1919 10.
736 1894 793 1920 Val.
809 1895 879 1920 Max.
889 1903 917 1929 —2,
933 1904 953 1926 1,
966 1904 991 1927 9.
1141 1895 1211 1925 lum,
1230 1903 1325 1921 verum
1341 1895 1420 1920 etiam
1434 1894 1516 1927 impie
1528 1894 1623 1926 faciat,
1636 1894 1653 1919 si
1666 1895 1735 1920 Deos
1754 1896 1802 1920 else
1820 1903 1896 1929 neget
1911 1898 1966 1922 Cic.
1981 1898 2016 1924 N.
2032 1899 2064 1925 D.
2079 1909 2095 1926 2·
2110 1911 2131 1927 c.
2147 1904 2186 1929 16.

68 1930 332 1962 IMPIGRi'TAs,
351 1929 408 1955 atis.
433 1929 454 1956 f.
491 1929 547 1955 Cic.
561 1928 592 1955 de
606 1929 709 1963 Repub.
721 1937 733 1960 3
761 1929 907 1964 Nunquam
919 1931 974 1957 viri
991 1930 1079 1958 fortis-
1141 1929 1274 1963 Qxinelil.
1294 1932 1318 1959 6,
1339 1938 1355 1955 2
1391 1929 1439 1955 Τιι
1463 1929 1546 1962 impie
1568 1929 1668 1960 fecisti,
1694 1939 1776 1963 quum
1800 1930 2031 1959 exheredationem
2055 1937 2187 1964 meruisti.

31 1962 92 1990 fimi
103 1963 485 1998 fortitudinis,impigritatis,
498 1965 641 1998 patientiae
652 1963 721 1999 apud
732 1964 805 1990 Non.
820 1973 846 1996 2,
860 1973 922 1998 454.
1141 1966 1236 2000 Superl.
1255 1964 1323 1990 Salu.
1336 1965 1367 1989 de
1378 1964 1459 1989 'Auan
1475 1972 1486 1994 5
1501 1973 1524 1997 p.
1538 1969 1577 1996 98.
1598 1964 1642 1989 vbi
1660 1965 1728 2001 conf.
1743 1966 1867 1993 Rittcrsh.
1888 1974 1912 1993 et
1926 1969 2044 1995 Marcell.
2058 1979 2087 1996 ac
2099 1971 2186 2000 Faust.

69 2006 79 2025 1
90 2005 115 2025 Μ
130 2005 145 2024 Ρ
156 2006 166 2025 1
177 2005 197 2025 G
207 2006 256 2026 ΚΑ
266 2006 299 2026 Βι
311 2005 328 2025 L
339 2007 387 2030 ιε,
414 2009 438 2026 e.
473 2000 533 2026 Adi.
568 1999 648 2025 GloIs.
682 2000 738 2025 Lat.
768 2000 861 2026 Graec.
894 2000 1078 2035 Impigrabile‚
1089 2007 1122 2034 50
1140 2000 1188 2026 lib.
1204 2000 1274 2025 Prec.
1287 1999 1320 2025 ad
1333 2000 1399 2032 Imp.
1413 1998 1457 2024 Ed.
1472 1998 1605 2025 sirmond.
1625 2008 1650 2033 p.
1665 2002 1707 2027 26.

29 2035 189 2069 afwa-“702
1177 2040 1310 2066 11511210,
1334 2038 1386 2060 are.
1423 2034 1547 2068 [μιαίνω]
1585 2035 1850 2066 Εοεᾶανε,πιαι·ιιίανε.
1886 2036 1967 2063 ΡΙιιιιι.
1993 2039 2060 2067 Rud.
2087 2050 2106 2073 1,
2125 2051 2150 2075 5,
2169 2048 2185 2075 8

68 2076 136 2096 IMP
146 2076 200 2096 1L1
211 2076 250 2102 Α,
274 2079 361 2097 orum.
383 2079 409 2097 n.
441 2071 481 2097 Pl.
509 2068 658 2106 significant
674 2066 812 2103 Caesium,
826 2071 910 2106 qualia
922 2070 1027 2106 pedibus
1040 2074 1078 2098 in·
1142 2070 1169 2096 Si
1182 2079 1241 2103 erga
1261 2074 1396 2104 parentem
1409 2075 1454 2095 aut
1467 2069 1531 2095 deos
1544 2078 1586 2095 me
1599 2070 1722 2103 impiaui.
1741 2072 1760 2096 i.
1780 2071 1808 2097 Si
1825 2073 1916 2106 impius
1928 2072 1976 2108 fui
1990 2084 2047 2112 erga
2057 2083 2186 2111 parentes,

29 2104 160 2131 voluendis
178 2106 364 2141 calceandisque
382 2105 571 2133 adhibebantur.
609 2107 677 2132 Haec
691 2116 739 2132 vox
752 2106 819 2142 apud
830 2106 935 2140 leian.
949 2107 967 2133 l.
980 2115 1007 2140 25
1021 2105 1044 2144 §.
1057 2116 1077 2140 4
1140 2105 1215 2139 Cous.
1234 2106 1316 2130 Pacat.
1329 2105 1421 2138 Paneg.
1434 2104 1543 2130 Theod.
1563 2113 1584 2129 c.
1598 2113 1640 2137 43.
1661 2111 1684 2144 et
1703 2103 1825 2132 Prudent.
1846 2107 1944 2138 Hymn.
1965 2116 2024 2136 ante
2038 2112 2126 2139 Somn.
2148 2123 2186 2146 55.

31 2139 93 2175 mig.
107 2138 202 2173 exstat,
216 2143 259 2176 qui
275 2141 381 2176 Impilia
396 2141 480 2168 Vestis
500 2140 561 2167 loco
579 2141 626 2167 else
645 2141 724 2167 dicit:
744 2148 768 2167 et
778 2140 845 2176 apud
857 2141 1020 2177 Heffischium,
1035 2143 1078 2178 qui
1140 2140 1243 2175 Imperjl
1264 2139 1332 2165 Min.
1354 2139 1407 2165 Fel.
1419 2138 1480 2165 Oek.
1500 2146 1541 2171 25,
1560 2141 1577 2165 6
1605 2139 1705 2166 Toties
1720 2141 1846 2169 Romanis
1858 2142 1998 2178 impiatum
2014 2146 2065 2180 est,
2079 2150 2186 2183 quoties

61 2175 128 2208 ,ιτ-οὶ,
141 2179 242 2212 inquit,
254 2176 298 2203 τὲς
310 2177 383 2203 πίλκς
394 2176 438 2211 ³14)
455 2175 489 2203 τοὶ
504 2176 619 2209 ἒμπίλιικ.
654 2178 746 2202 Latius
765 2183 846 2203 tamen
855 2183 945 2211 patere
957 2178 1077 2203 videntur
1092 2180 1121 2206 55
1139 2173 1341 2210 triumphatum.

26 2184 93 2276 §Hb
107 2211 229 2247 Hesychio
243 2210 358 2245 auc‘lore,
376 2222 448 2248 quam
460 2218 490 2239 vt
501 2218 598 2238 tantum
610 2210 698 2238 Pedum
710 2214 860 2245 operimenta
872 2210 1075 2246 complet‘lantur.
1176 2219 1186 2238 1
1194 2218 1241 2238 ΜΡ
1251 2218 1261 2237 1
1270 2219 1293 2239 A
1302 2219 1328 2239 M
1336 2219 1353 2239 E
1363 2218 1386 2238 N
1395 2218 1418 2240 Τ
1428 2218 1450 2239 V
1458 2219 1482 2239 M
1490 2232 1498 2244 ‚
1515 2210 1534 2240 i.
1559 2220 1585 2239 n.
1621 2205 1746 2247 cyprian.
1759 2212 1836 2248 Epist.
1851 2215 1896 2246 64,
1911 2221 1932 2246 5.

60 2250 101 2274 inc
114 2247 194 2273 Plinii
202 2246 242 2281 fic
247 2248 365 2283 feliciter
377 2247 519 2274 emendatur
531 2247 598 2273 Iocus
609 2256 648 2281 19,
660 2256 675 2273 2
701 2245 906 2279 Theophrastus
929 2246 1023 2274 auetor
1039 2248 1076 2274 est
1175 2254 1259 2275 1MP1
1269 2250 1318 2275 ᾹΤ
1327 2255 1347 2274 v
1359 2256 1372 2276 s
1379 2269 1389 2282 ,
1411 2257 1439 2279 a,
1466 2257 1520 2275 um.
1559 2247 1619 2275 Adi.
1657 2249 1669 2281 [
1681 2248 1793 2280 μιανθεῖς
1805 2251 1818 2283 ]
1853 2249 2012 2282 Sceleratus,
2033 2253 2118 2288 inquit
2136 2254 2186 2281 Fe-

13 2286 15 2291 ’
30 2277 80 2309 effe
94 2282 175 2309 Bulbi
195 2289 291 2317 genus,
311 2283 381 2310 cirea
397 2283 467 2317 ripas
486 2282 604 2308 amnium
623 2281 744 2312 nascens,
763 2281 839 2307 cuius
855 2281 925 2308 inter
943 2283 1074 2309 summum
1137 2282 1198 2309 stuS.
1235 2284 1306 2310 Reus
1325 2289 1365 2310 tot
1387 2284 1510 2311 caedibus
1529 2284 1654 2318 impiatus
1668 2284 1744 2318 A-pul.
1760 2285 1825 2310 Met.
1841 2293 1853 2315 3
1868 2294 1892 2318 p.
1907 2293 1953 2316 151.
1992 2287 2084 2322 Nempe
2102 2291 2186 2316 caeder

30 2318 155 2344 corticem
168 2326 280 2352 eamque
292 2324 394 2352 partem
407 2326 459 2352 qua
474 2317 612 2343 vescantur
620 2336 629 2349 ,
648 2317 698 2342 esse
709 2317 812 2343 laneam
824 2323 944 2344 naturam
953 2338 962 2350 ,
977 2327 1008 2344 ex
1023 2328 1075 2353 qua
1137 2324 1161 2344 ct
1175 2319 1284 2356 sanguis
1299 2320 1378 2356 fizsus
1389 2323 1416 2345 in
1430 2323 1525 2355 primi}
1538 2322 1626 2354 impios
1646 2319 1730 2345 reddit
1743 2325 1767 2344 et
1779 2320 1834 2345 Dls
1846 2320 1950 2356 inuisos.
2003 2323 2081 2357 Apul.
2096 2326 2159 2351 Met,
2174 2335 2187 2352 1

29 2352 136 2387 impilia
147 2352 284 2387 vestesque
302 2352 431 2387 quaedam
444 2352 625 2379 conficiantur.
660 2352 773 2386 Mapalia
786 2353 909 2388 hucmque
923 2352 1012 2380 led-ium
1031 2352 1074 2387 est,
1081 2356 1116 2382 60
1137 2363 1161 2388 p.
1176 2363 1217 2381 110
1237 2355 1340 2382 Cruore
1353 2355 1469 2381 humano
1483 2356 1613 2389 aspersum
1627 2360 1705 2388 atque
1718 2354 1868 2388 impiatum.
1910 2356 1984 2382 Sacra
1997 2357 2105 2392 impiata
2117 2362 2186 2388 Min.

14 2417 15 2423 ¹
29 2388 94 2417 nullo
102 2388 185 2425 fi'nsu.
225 2388 335 2415 Turneb.
350 2389 417 2416 Adu.
434 2398 468 2421 11,
482 2398 521 2422 14.
556 2387 630 2422 Cous.
650 2388 738 2414 Gracu.
753 2387 788 2414 ad
800 2387 897 2420 Heliod.
912 2389 962 2424 ἒργ.
982 2399 1008 2416 υ.
1025 2400 1076 2426 542
1138 2390 1192 2416 Fel.
1207 2390 1267 2416 OGt.
1283 2396 1324 2422 28,
1340 2392 1364 2416 6.
1417 2390 1548 2416 Thalami
1567 2390 1673 2422 impiati
1686 2389 1806 2417 facinore
1821 2390 1878 2417 Sen.
1893 2392 2001 2426 Hippot.
2016 2400 2077 2427 1185.

11 2447 15 2454 „
27 2426 73 2461 qui
91 2424 184 2459 copl‘ofi’
196 2433 226 2450 ex
239 2425 341 2451 Graecis
354 2424 399 2450 boc
417 2429 495 2449 totum
511 2420 629 2455 illustrat.
1175 2432 1184 2450 1
1194 2431 1219 2451 M
1228 2432 1243 2451 P
1251 2433 1268 2452 L
1277 2433 1299 2452 Α
1310 2431 1327 2451 C
1337 2433 1360 2452 A
1369 2432 1384 2452 B
1394 2423 1430 2452 IL
1440 2433 1448 2451 I
1459 2433 1472 2452 S
1483 2445 1491 2458 ,
1510 2433 1534 2452 e.
1574 2425 1634 2451 Adi.
1675 2425 1687 2459 [
1698 2425 1830 2458 οἷμεῖλιχος
1838 2446 1846 2458 ,
1866 2426 2066 2459 ἐκαταπροίϋντος
2078 2432 2091 2464 ]
2132 2432 2186 2467 Qi

12 2462 17 2523 Ι
35 2476 47 2490 ,ι
67 2466 77 2485 1
87 2465 214 2486 MPING
224 2465 262 2491 o,
280 2459 340 2493 egi,
356 2458 458 2490 aetum,
476 2459 529 2484 ere.
551 2456 743 2493 [προς-ρι’ἒομαι,
756 2457 921 2494 πρσσξάλλω,
934 2459 1073 2496 hostum]
1131 2461 1235 2495 placari
1249 2458 1396 2495 nonpottst.
1431 2461 1486 2487 Cic.
1500 2462 1539 2494 Q
1549 2461 1619 2487 Frat.
1635 2469 1655 2493 1,
1669 2469 1678 2487 1
1708 2461 1778 2488 Nam
1798 2461 1816 2487 fi
1835 2462 2015 2495 implacabiles
2033 2465 2186 2493 iracundiae

30 2494 138 2522 ab1n>et
148 2496 250 2527 Pange:
278 2494 403 2528 Impellere
422 2499 447 2520 et
465 2493 569 2519 illidere.
604 2494 787 2529 Metaphorice,
797 2501 915 2530 puto,ex
932 2499 1075 2530 potantium
1138 2495 1203 2528 fint,
1224 2496 1324 2523 summa
1349 2495 1385 2522 est
1415 2496 1559 2523 acerbitas:
1597 2496 1635 2522 fin
1652 2501 1742 2523 autem
1765 2496 1928 2530 exorabiles,
1955 2498 2054 2526 summa
2078 2500 2182 2528 leuitas.

13 2529 165 2567 '‘stipIiiza
181 2529 237 2556 Cic.
252 2529 335 2555 Tusc.
348 2538 372 2561 3,
385 2537 424 2562 44
450 2528 541 2562 Quid?
559 2528 623 2555 huic
642 2529 710 2556 calix
724 2530 800 2556 mulsi
821 2530 1009 2565 impingendus
1030 2532 1075 2563 est,
1088 2533 1120 2565 65
1138 2532 1248 2558 Terror
1267 2532 1323 2558 Cic.
1338 2532 1422 2558 Tusc.
1438 2541 1462 2562 2,
1477 2540 1517 2557 20.
1587 2532 1631 2557 Ira
1651 2531 1732 2558 Ouid.
1753 2541 1784 2558 ex
1802 2533 1876 2558 Pont.
1897 2542 1918 2565 5,
1933 2543 1954 2565 3,
1974 2536 2011 2566 65.
2083 2537 2139 2562 Cic.
2154 2537 2185 2564 in

32 2571 61 2592 vt
78 2566 183 2600 plorare
203 2564 310 2591 desinat.
380 2565 494 2599 Agmina
513 2564 661 2600 impingere
680 2566 765 2592 muris
782 2566 857 2600 Virg.
871 2567 936 2593 Aen.
951 2574 971 2599 5,
985 2573 1040 2600 805.
1058 2571 1076 2594 ι’.
1138 2567 1224 2592 Pison.
1240 2572 1266 2596 81
1281 2577 1302 2593 c.
1316 2576 1343 2599 55
1365 2568 1392 2593 Si
1403 2568 1585 2601 aspernaretur
1601 2567 1746 2593 amicitiam
1759 2576 1862 2600 meam,
1882 2569 1986 2603 seseque
2006 2570 2074 2597 mihi
2091 2572 2185 2606 impla-

29 2606 101 2628 tanto
114 2608 209 2627 terrore
228 2602 341 2636 agitare,
363 2607 394 2627 vt
406 2607 482 2627 ruane
493 2599 527 2626 ad
541 2609 639 2633 muros,
651 2607 675 2627 ct
688 2608 751 2637 prae
759 2599 846 2634 studio
862 2602 978 2629 intrandi
992 2603 1076 2629 vrbem
1139 2601 1267 2633 cabilcm,
1282 2602 1527 2636 inexpiabilemque
1540 2602 1687 2635 praeberet,
1701 2608 1789 2628 tamen
1804 2603 1838 2634 ei,
1853 2612 1934 2637 quum
1954 2611 2035 2632 tantas
2049 2615 2089 2633 res
2102 2608 2184 2642 gellis-

31 2639 176 2672 impingant
196 2639 295 2670 capita,
311 2641 361 2661 etc.
438 2636 496 2662 Sen.
516 2635 548 2661 de
560 2636 650 2662 Benef.
671 2645 692 2670 1,
710 2645 720 2663 1
756 2637 852 2663 Gratus
870 2636 994 2663 aduersus
1014 2648 1076 2664 eum
1140 2638 1193 2668 set,
1212 2644 1369 2672 gereretque
1388 2637 1523 2672 quotidie,
1537 2645 1592 2663 non
1608 2637 1707 2664 amicus
1722 2639 1770 2664 esse
1789 2647 1843 2664 non
1858 2640 1962 2673 possem.
2035 2643 2116 2675 ond
2134 2644 2184 2670 im-

32 2672 175 2706 quisquam
193 2672 242 2697 esse
262 2671 360 2705 potest,
376 2670 424 2705 qui
442 2670 601 2697 beneficium
620 2676 663 2697 aut
676 2671 787 2705 superbe
801 2671 909 2703 iniecit,
929 2679 973 2698 aut
993 2673 1075 2699 iratus
1137 2672 1274 2706 placabilis
1288 2673 1392 2706 Quinto
1406 2673 1488 2699 Fabio
1509 2672 1596 2699 fuisset
1621 2673 1682 2699 Liu.
1702 2678 1726 2706 8,
1744 2681 1772 2707 55
1786 2681 1850 2701 extr.
1922 2675 2099 2710 Implacabilis
2119 2679 2185 2706 deli-

32 2706 162 2740 impegit?
232 2707 317 2741 Caput
329 2705 426 2740 parieti
439 2705 504 2732 Plin.
519 2706 598 2740 Epist.
613 2715 634 2738 5,
649 2708 684 2732 16.
740 2706 887 2738 Colaphum
898 2707 980 2733 alicui
992 2708 1119 2739 Plaut.70
1139 2707 1189 2733 etis
1203 2707 1255 2734 fuit
1268 2709 1395 2742 Spartian.
1411 2708 1439 2734 in
1452 2709 1550 2734 Seuero
1565 2717 1587 2734 c.
1605 2713 1640 2738 18.

32 2741 126 2768 Bacch.
140 2750 167 2776 4,
180 2748 206 2776 7,
219 2750 243 2768 2.
313 2741 386 2768 Idem
400 2741 475 2775 Capt.
496 2749 518 2773 3,
532 2748 555 2774 5,
570 2744 605 2776 76
639 2741 768 2768 Abducite
792 2741 870 2768 istum
899 2742 1017 2769 aetutum
1044 2743 1076 2769 ad
1175 2749 1240 2770 ιΜΡ
1250 2750 1297 2770 LA
1307 2749 1324 2770 c
1335 2751 1382 2771 AB
1392 2751 1401 2769 ι
1412 2742 1450 2770 Li
1457 2751 1479 2770 T
1489 2751 1544 2770 ER.
1581 2743 1649 2770 Adu.
1686 2742 1845 2779 [α’νιλαῖςως]
1881 2746 1971 2773 Tacit.
1994 2748 2061 2774 Ann.
2084 2757 2105 2781 1,
2125 2758 2158 2782 15,
2171 2757 2186 2783 ς

31 2776 210 2811 Hippolytum
224 2776 344 2804 fabrum:
361 2775 452 2803 iubete
464 2776 526 2803 huic
538 2777 634 2813 crassas
640 2777 777 2811 compedes
796 2777 948 2812 impingier.
1013 2779 1076 2805 Cul-
1140 2778 1265 2805 Scaurum
1274 2799 1282 2812 ‚
1308 2780 1352 2806 cui
1383 2779 1580 2814 implacabilius
1609 2779 1787 2812 irascebatur,
1811 2780 1916 2808 silentio
1947 2783 2066 2810 tramifit.
2109 2785 2186 2822 Conf.

31 2820 94 2847 pam
107 2812 137 2838 in
149 2812 265 2847 aliquem
274 2832 282 2845 ,
297 2813 408 2839 Reiicere
423 2818 446 2838 et
457 2811 571 2847 conferre
582 2812 664 2838 Plaut.
677 2812 736 2839 Mil.
751 2822 774 2845 5,
788 2821 810 2845 5,
826 2820 853 2846 54
873 2814 906 2839 αΙ.
921 2815 968 2850 leg.
988 2814 1076 2848 impo-
1138 2813 1206 2841 Hist.
1224 2823 1247 2847 3,
1261 2823 1298 2847 55,
1312 2823 1335 2848 5.

31 2846 102 2876 nito.
156 2848 214 2874 Sen.
228 2847 260 2874 de
271 2850 313 2874 Ira
326 2857 345 2880 1,
366 2866 373 2873 .
396 2868 402 2874 .
434 2847 508 2881 Quid
526 2856 592 2882 opus
610 2847 647 2874 est
664 2848 689 2874 se
708 2847 737 2874 in
755 2848 890 2875 columnas
911 2849 1076 2884 impingere?
1175 2856 1271 2876 1MPL
1282 2858 1399 2878 ACABI
1410 2851 1538 2883 ria-As,
1558 2851 1615 2877 atis.
1635 2849 1656 2876 f.
1693 2850 1824 2877 Ammian.
1846 2859 1886 2884 14,
1902 2860 1913 2878 1
1969 2852 2082 2888 uidquid
2094 2855 2185 2883 Caesa-

29 2883 145 2916 Dicam,
163 2883 217 2910 vid.
237 2891 256 2910 D
267 2890 339 2910 ICA.
358 2883 427 2910 Ter.
442 2883 548 2910 Phonn.
567 2892 592 2916 2,
613 2892 636 2915 5,
655 2892 714 2916 92..
769 2884 824 2910 Cic.
840 2884 892 2910 Att.
908 2887 933 2916 6,
947 2894 957 2911 1
988 2888 1075 2920 Atque
1087 2890 1120 2918 75
1139 2884 1176 2911 tls
1188 2885 1403 2920 implacabilitati
1417 2886 1526 2913 sedisset.
1563 2885 1636 2921 Conf.
1650 2885 1725 2912 Idem
1742 2888 1786 2918 26,
1799 2895 1836 2913 10.

32 2922 85 2946 Γοε
97 2924 218 2953 tempore
235 2919 292 2953 ipso
311 2919 436 2954 impingit
454 2919 524 2945 mihi
543 2918 679 2953 epistolam
694 2919 810 2953 Scaptius
822 2920 914 2952 Bruti,
927 2929 984 2947 rem
1002 2921 1075 2948 illam
1176 2927 1185 2945 1
1196 2927 1219 2946 M
1233 2927 1249 2947 P
1259 2929 1276 2947 L
1286 2928 1333 2948 AC
1343 2924 1394 2948 ᾹΤ
1403 2929 1424 2948 V
1433 2929 1446 2948 s
1454 2941 1462 2953 ,
1484 2931 1497 2947 a
1507 2942 1515 2954 ,
1540 2931 1593 2948 um.
1619 2921 1680 2948 Adi.
1717 2922 1730 2956 [
1742 2922 1877 2957 α’νῖλοεςος]
1915 2923 1974 2950 Non
1991 2925 2124 2959 placatus:
2144 2934 2185 2960 vt,

22 2974 33 2991 Ι.
45 2964 81 2983 uo
100 2954 220 2989 periculo
240 2955 296 2980 esse.
337 2955 437 2981 Scilicet
451 2961 500 2990 pro
521 2955 574 2990 ipso
594 2955 692 2990 Scaptio
715 2955 879 2990 deprecantis.
957 2957 1029 2984 Cael.
1044 2957 1077 2984 ad
1139 2955 1206 2982 Gula
1217 2956 1356 2991 implacata
1376 2957 1457 2984 Ouid.
1471 2958 1535 2983 Met.
1550 2962 1571 2988 8,
1585 2964 1636 2989 851.

22 2990 92 3017 .Cic.
105 2991 177 3017 Fam.
190 2994 214 3022 8,
229 2995 243 3020 8
278 2989 352 3023 Quid
372 2989 406 3022 fi,
419 2990 509 3025 inquit
522 2991 604 3023 alius,
617 2996 644 3017 et
662 2991 751 3017 consul
770 2991 817 3017 effe
831 2997 857 3017 et
874 2992 1019 3019 exercitum
1032 2993 1077 3019 ha·
1177 2998 1185 3016 1
1196 2999 1221 3017 M
1231 2998 1247 3018 P
1257 2999 1273 3018 L
1283 3000 1304 3019 A
1313 2998 1330 3018 C
1341 2992 1379 3018 iD
1388 2999 1428 3018 vs
1438 3012 1445 3023 ,
1465 3001 1495 3025 a,
1513 3002 1566 3019 um.
1604 2992 1663 3019 Adi.
1701 2993 1714 3027 [
1727 2992 1853 3029 οἷνοέρεσκος
1864 2992 1878 3027 ]
1916 2995 1973 3019 Non
1991 2995 2119 3029 placidus.-
2144 3004 2185 3030 vt,

24 3024 99 3060 {bere
110 3026 184 3053 volet
195 3025 303 3062 Caesar?
337 3026 372 3052 At
385 3025 446 3057 ille,
458 3028 599 3061 Pompeius,
611 3035 688 3061 quam
703 3026 860 3059 clementer,
881 3027 953 3061 Qtid
968 3028 986 3054 fi
1004 3028 1075 3055 filius
1140 3025 1241 3053 Diuum
1255 3027 1475 3062 implacidiffimus
1489 3029 1564 3055 Μανι
1581 3028 1644 3055 Stat.
1659 3028 1750 3055 Theb.
1772 3038 1797 3061 9,
1810 3040 1839 3063 4.
1911 3029 1998 3055 Genus
2012 3031 2185 3065 implacidum

33 3070 109 3095 meus
122 3061 216 3088 fustem
235 3060 305 3088 mihi
325 3061 474 3096 impingere
489 3062 582 3088 volet?
654 3062 710 3088 Sen.
725 3061 756 3088 de
769 3063 913 3097 Tranquil.
927 3064 999 3090 vitae
1011 3074 1033 3090 c.
1048 3073 1076 3090 ιο
1088 3067 1121 3092 80
1140 3063 1262 3089 Genauni
1276 3065 1344 3090 Hor.
1359 3064 1447 3090 Carm.
1464 3074 1492 3098 4,
1507 3073 1547 3097 14,
1561 3073 1598 3090 10.
1619 3065 1638 3090 i.
1654 3073 1677 3090 e.
1699 3064 1889 3097 Implacabiles.
1910 3065 2006 3091 Acron.

34 3098 71 3123 At
83 3097 112 3122 in
125 3096 236 3132 aliquod
254 3106 335 3131 genus
354 3097 424 3124 vitae
443 3096 551 3124 difficile
565 3096 695 3124 incidisti:
717 3104 742 3124 et
755 3097 808 3124 tibi
824 3099 958 3132 ignoranti
972 3100 1015 3126 vel
1032 3109 1078 3133 pu·
1177 3105 1187 3124 1
1197 3106 1244 3125 MP
1254 3105 1330 3126 LAG
1342 3106 1432 3132 IVM,
1450 3099 1470 3126 i.
1493 3109 1518 3126 n.
1556 3100 1646 3126 Minus
1664 3105 1719 3126 rete
1733 3099 1812 3125 Gloss.
1827 3098 1917 3125 Ifidor.
1952 3099 2021 3125 Add.
2036 3099 2094 3127 Ifid.
2107 3110 2145 3134 19,
2160 3110 2183 3135 5.

34 3131 108 3159 blica
119 3131 242 3164 fortuna,
259 3132 303 3159 vel
322 3133 426 3168 priuata
441 3133 564 3168 laqueum
579 3133 706 3168 impegit,
726 3143 804 3168 quem
818 3143 865 3160 nec
878 3134 981 3162 soluere
994 3135 1077 3170 pollis,
1176 3141 1186 3159 1
1196 3141 1220 3160 Μ
1229 3141 1244 3159 1³
1254 3141 1270 3160 L
1279 3141 1299 3161 A
1309 3141 1330 3161 G
1339 3142 1374 3167 O,
1393 3139 1445 3162 ¹c‘ire.
1482 3137 1583 3162 Irretio.
1618 3136 1650 3161 In
1665 3135 1731 3161 retia
1742 3135 1786 3160 sua
1799 3134 1952 3168 praecipites
1969 3135 2184 3169 implagabuntur

26 3176 85 3194 =nec
96 3166 262 3201 abrumpere.
331 3169 455 3201 Nauem,
473 3173 491 3195 i.
511 3168 636 3204 Impellere
653 3175 698 3195 aut
715 3179 786 3205 agere
802 3172 830 3195 in
848 3179 948 3196 arenam
967 3178 1009 3197 aut
1022 3171 1077 3207 sco-
1143 3169 1235 3197 Sidon.
1250 3171 1328 3204 Epist.
1342 3180 1368 3204 9,
1382 3179 1408 3204 9.
1464 3171 1610 3206 Implagare
1627 3170 1743 3206 aliquem
1763 3168 1918 3196 muneribus
1935 3169 2054 3197 scribon.
2069 3172 2098 3197 in
2111 3172 2182 3200 Med.

33 3203 106 3239 pulos
121 3201 252 3235 Qine’til.
266 3212 293 3236 4,
305 3212 325 3230 1.
394 3206 512 3239 Pugnum
529 3206 610 3231 Plaut.
626 3203 717 3232 Bacch.
731 3214 759 3238 4,
771 3212 796 3238 7,
811 3214 832 3231 2.
851 3207 882 3231 Et
896 3205 963 3232 Rud.
979 3217 998 3238 3,
1012 3217 1040 3240 4,
1053 3215 1076 3239 5.
1139 3205 1213 3242 Conf.
1233 3205 1297 3239 Voſjl
1312 3206 1341 3232 de
1358 3207 1411 3233 Vit-
1425 3207 1454 3233 L.
1467 3208 1497 3233 L.
1517 3217 1543 3241 4,
1554 3217 1587 3233 11.

16 3258 17 3265 ,
38 3237 145 3272 Qubus
159 3236 273 3270 impaera
285 3238 321 3264 est
331 3240 491 3268 salamandra
509 3240 629 3267 Scribon.
645 3245 696 3274 ¹87-
765 3242 901 3267 Venenum
927 3242 983 3268 Sen.
998 3243 1077 3275 Epist.
1091 3246 1120 3274 85
1178 3248 1244 3268 1Μ1>
1256 3248 1272 3267 1.
1283 3248 1380 3273 ANo,
1399 3247 1453 3269 are.
1489 3244 1614 3277 Decipere.
1651 3240 1679 3267 Si
1692 3239 1751 3275 quis
1763 3245 1851 3274 putat,
1867 3240 1894 3266 se
1904 3239 2007 3275 aliquid
2022 3242 2087 3274 else,
2099 3251 2182 3277 quum

15 3276 97 3305 fluo.
174 3272 257 3298 Plant.
270 3273 363 3308 Amph.
376 3286 403 3309 4,
418 3285 431 3303 2
445 3277 546 3311 suppos.
559 3284 590 3309 59
624 3276 782 3303 Cicatricem
798 3277 827 3303 in
846 3277 940 3303 dextro
960 3278 1079 3304 musculo
1141 3286 1195 3304 non
1210 3277 1256 3310 fit,
1271 3278 1296 3303 se
1311 3278 1396 3312 ipsum
1416 3278 1544 3312 implanat
1557 3277 1682 3310 cyprian.
1719 3275 1793 3311 Conf.
1807 3275 1912 3310 Vulgat.
1926 3276 2005 3303 Sirac.
2021 3284 2053 3310 ις,
2067 3286 2103 3303 12.

15 3314 23 3325 ³
33 3318 73 3340 :ex
91 3308 156 3335 illoc
174 3308 301 3339 vulnere,
319 3311 391 3343 quod
408 3312 476 3339 mihi
496 3312 607 3347 impegit
621 3311 729 3339 Pterela.
802 3311 933 3347 impingi,
948 3313 1078 3347 Paffiuum,
1179 3319 1384 3340 IMPLANVS
1394 3334 1401 3345 ‚
1422 3322 1435 3340 a
1445 3333 1453 3346 ,
1473 3322 1527 3339 um.
1553 3311 1614 3338 Adi.
1652 3312 1724 3338 Inter
1742 3311 1857 3346 implana
1876 3312 1950 3338 vrbis
1965 3313 2029 3339 Aur.
2043 3313 2140 3341 Vidior
2150 3313 2184 3341 de

37 3350 86 3382 1²20
105 3345 223 3380 Immergl‘
230 3363 238 3375 9
250 3349 274 3369 σῖ
291 3345 320 3383 ιὶνι
332 3350 380 3378 pro
390 3346 487 3375 ‘undum
502 3348 609 3374 demitti.
645 3347 711 3373 Plin.
730 3357 768 3380 10,
788 3353 815 3380 38
839 3349 867 3375 de
885 3351 966 3374 auium
984 3350 1079 3381 volatu,
1141 3350 1241 3375 Caesar.
1255 3358 1276 3376 c.
1291 3356 1333 3384 27.
1377 3349 1481 3375 Videtur
1493 3354 1578 3374 notare
1590 3348 1643 3373 loca
1657 3346 1789 3373 humiliora
1804 3353 1827 3373 et
1839 3348 1906 3373 velut
1919 3357 1987 3374 caua.

40 3380 192 3421 {actitantur
213 3379 266 3405 sese
290 3386 319 3404 1¹¹
330 3379 377 3405 sub
390 3381 456 3415 ime,
477 3384 505 3410 in
522 3383 641 3416 reehnn,
663 3384 691 3409 in
713 3392 835 3417 pronum.
870 3384 986 3418 Impingi
1003 3390 1078 3419 putes
1176 3391 1220 3410 1M
1231 3390 1246 3410 Ρ
1259 3391 1274 3411 1.
1285 3391 1463 3411 ASTELLV
1471 3390 1497 3410 M
1508 3403 1515 3415 ‚
1536 3389 1558 3409 ce
1583 3388 1855 3414 miriAs'rRATm,
1875 3382 1928 3408 uid.
1949 3389 2044 3410 narrt..

25 3414 158 3451 ,¹³liqiias,
176 3420 221 3442 aut
239 3414 327 3441 rursus
346 3414 379 3442 ab
399 3417 452 3445 alto
468 3419 561 3446 cadere
578 3419 637 3449 has,
651 3418 708 3445 illas
727 3419 812 3445 salire.
882 3420 1013 3454 Impingi,
1028 3427 1077 3456 pro
1089 3423 1125 3447 90
1178 3426 1223 3445 1M
1238 3426 1305 3446 PLE
1316 3427 1407 3453 CTO,
1428 3421 1481 3446 ere.
1517 3418 1595 3453 Apul.
1612 3417 1688 3452 Apol.
1710 3426 1735 3451 p.
1758 3423 1817 3451 278,
1836 3420 1864 3443 16
1884 3418 1913 3443 de
1924 3419 2062 3452 crocodilo,
2082 3419 2184 3448 Multae

16 3467 17 3472 =
39 3452 147 3486 Inmem-
185 3451 243 3477 Sen-
258 3449 290 3476 de
302 3450 345 3476 11'2
357 3459 376 3482 1,
402 3470 409 3477 ·
436 3471 443 3478 -
478 3455 557 3482 Irasci
571 3454 652 3487 dicit,
665 3455 794 3490 impingi,
806 3455 921 3482 incitari.
1141 3455 1281 3482 hirudines
1297 3455 1419 3482 dentibus
1433 3454 1629 3489 implefihmtur.
1667 3454 1736 3479 Hinc

42 3492 43 3497 ¹
77 3493 123 3512 IM
132 3494 147 3513 P
156 3493 203 3513 AC
212 3492 261 3513 TV
271 3493 284 3512 S
293 3505 300 3517 ,
326 3494 356 3525 3¹,
380 3494 434 3513 um.
467 3489 559 3518 partic.
595 3489 841 3526 [προσέεέλημένος]
877 3489 1007 3525 Ιιῃρειᾶιις
1021 3490 1078 3517 irno
1177 3498 1186 3516 1
1197 3499 1222 3517 M
1234 3497 1249 3516 r
1262 3498 1276 3516 L
1289 3497 1306 3517 Ε
1316 3498 1361 3518 CT
1370 3499 1378 3517 1
1387 3497 1404 3517 c
1413 3497 1432 3516 v
1442 3497 1454 3517 s
1463 3509 1471 3523 ,
1487 3499 1499 3515 a
1509 3510 1517 3522 ‚
1538 3499 1591 3516 um.
1613 3488 1672 3515 Adi.
1709 3489 1801 3522 Veget.
1815 3486 1848 3514 de
1858 3488 1898 3514 Re
1910 3489 1968 3515 Vet.
1982 3497 2005 3521 5,
2019 3497 2053 3522 29
2070 3490 2121 3518 Bos
2133 3492 2183 3517 im-

28 3519 78 3549 -3‘2
90 3521 127 3548 est
140 3522 216 3553 saxo,
236 3526 264 3547 vt
280 3521 426 3555 soplrctssr,
437 3529 486 3558 pro
501 3526 606 3563 Impegit
617 3526 652 3553 ad
663 3527 753 3563 saxum
773 3527 832 3553 Liu.
849 3532 872 3559 8,
886 3530 903 3553 6
911 3534 954 3562 pr.
1027 3527 1078 3552 Im·
1141 3526 1267 3561 pleEticus
1279 3546 1287 3559 ,
1306 3529 1348 3562 qui
1361 3529 1428 3562 riget
1442 3532 1466 3552 et
1476 3524 1565 3562 fleflit
1578 3525 1607 3562 se
1619 3522 1761 3559 difficulter.

41 3557 113 3591 pne-‘ti
137 3557 166 3583 in
190 3556 312 3583 aduersos
335 3556 442 3584 turbine
462 3568 562 3594 pugnae
584 3562 730 3589 Eumachus
750 3568 776 3589 et
795 3562 893 3594 Clytias
923 3561 968 3588 Sil.
981 3570 1009 3594 4,
1024 3569 1079 3596 373.
1178 3569 1393 3594 IMPLExvs,
1410 3570 1441 3593 a,
1461 3570 1516 3588 um.
1542 3561 1635 3588 Panic.
1673 3558 1909 3598 [ἓμπενςλενμὲνος]
1944 3559 1972 3586 Si
2008 3559 2078 3596 ficut
2094 3561 2184 3597 Impli-

39 3592 172 3627 ImpaEms
192 3593 227 3633 in.
245 3600 375 3632 carcerem
389 3592 493 3627 leian.
513 3596 542 3622 in
560 3599 578 3623 l.
593 3599 623 3624 ln
643 3607 688 3624 eos
710 3599 741 3624 D.
757 3597 789 3624 de
807 3598 923 3624 custodia
943 3604 968 3623 et
987 3596 1078 3623 exhib.
1091 3600 1124 3627 95
1143 3603 1246 3629 catum,
1260 3603 1284 3623 et
1304 3597 1472 3628 inuolutum,
1485 3604 1515 3624 vt
1532 3600 1570 3624 ait
1585 3596 1680 3623 Festus.
1736 3592 1802 3633 i’linz
1823 3601 1863 3626 25,
1883 3601 1899 3628 7
1925 3595 1971 3621 Fol
1986 3596 2061 3622 iculis
2075 3606 2134 3623 cum
2148 3598 2185 3624 se—

40 3637 112 3656 meor.
169 3629 304 3655 Facmoris
316 3627 426 3662 impae'ti
438 3629 562 3662 probatio
573 3631 765 3660 inTribunum
778 3632 961 3667 Quint.Trib.
976 3633 1044 3658 Mar.
1058 3641 1079 3658 c.
1143 3632 1215 3658 mine
1229 3634 1299 3660 inter
1313 3634 1337 3659 se
1351 3632 1483 3666 implexis.
1539 3632 1611 3659 Idem
1624 3639 1661 3664 55,
1676 3638 1685 3655 1
1703 3629 1744 3655 Est
1757 3629 1865 3664 quidem
1879 3630 1948 3664 apud
1965 3631 2077 3658 eundem
2085 3633 2185 3659 Home-

40 3670 65 3698 ς.
82 3665 169 3691 Burm.
184 3671 212 3700 p.
226 3673 267 3699 79.
339 3663 445 3690 Fluetus
464 3665 572 3698 impaeti
589 3667 654 3695 Plin.
670 3669 748 3704 Epist.
761 3672 786 3700 6,
799 3678 823 3702 31
836 3676 900 3696 extr.
973 3667 1044 3694 Idem
1058 3675 1079 3700 5,
1142 3675 1201 3693 rum
1220 3669 1342 3695 virorum
1362 3668 1480 3694 crinibus
1496 3676 1589 3694 aurum
1603 3665 1756 3700 implexum.
1828 3664 1971 3692 Caeruleos
1989 3667 2118 3700 implexae
2134 3668 2184 3693 cri-

41 3707 60 3732 9
74 3699 194 3727 ‘Subinde
209 3699 301 3726 insulis
312 3699 459 3734 impastus,
476 3700 586 3728 totidem
600 3703 722 3731 inci...1<·⁴¹
737 3705 926 3737 ³··ritamentis,
946 3703 1079 3737 postremo
1142 3702 1220 3729 nibus
1240 3713 1335 3738 angues
1349 3703 1505 3730 Eumenides
1525 3703 1600 3736 Virg.
1616 3702 1712 3734 Georg.
1727 3711 1754 3734 4.
1768 3703 1825 3733 482-
1893 3702 1950 3728 Sen-
1971 3701 2003 3728 de
2021 3703 2108 3728 Benef·
2131 3710 2150 3732 12
2168 3709 2182 3733 Ξ

41 3735 155 3761 inclusus
173 3735 317 3762 montibus·
390 3735 495 3768 leian·
513 3735 542 3761 in
560 3736 577 3761 l·
596 3739 827 3772 Qiemadmudum
843 3739 909 3778 §.Si
931 3738 1078 3773 proteennn
1137 3745 1182 3772 pr.
1204 3740 1295 3772 Qiare
1313 3746 1365 3766 tres
1384 3740 1497 3773 gratiae,
1518 3746 1598 3772 quare
1616 3737 1720 3762 sorores
1739 3734 1802 3776 sint,
1818 3740 1844 3776 et
1864 3745 1945 3798 quare
1964 3736 2182 3776 implexis-mani-

41 3769 75 3797 D·
88 3770 128 3797 Ad
141 3770 227 3805 legem
240 3771 390 3805 Aquiliam,
409 3770 436 3796 Si
457 3770 533 3797 Πᾶῑῑῖδ
552 3777 596 3797 tua
615 3773 726 3807 impa&a
746 3777 774 3802 in
792 3785 877 3802 meam
899 3775 1017 3809 scapham
1037 3773 1133 3800 cia-100
1142 3774 1200 3800 bus.
1217 3778 1236 3800 i.
1256 3776 1408 3809 Implicitis,
1422 3774 1549 3808 confinis.
1620 3773 1713 3798 Fatum
1724 3771 1794 3797 nihil
1807 3771 1861 3798 altu
1894 3773 1939 3804 est,
1952 3782 2029 3806 quam
2044 3772 2120 3810 series
2133 3780 2182 3810 ini·

28 3809 133 3832 'mnum
147 3806 216 3833 mihi
233 3806 320 3838 dedit,
338 3805 482 3841 quaesitum
496 3806 540 3837 est,
552 3815 620 3840 quae
636 3808 706 3836 aetio
721 3811 791 3838 mihi
810 3817 949 3846 competat.
1020 3810 1079 3836 Sen.
1141 3808 1218 3842 plexa
1236 3811 1371 3836 causarum
1387 3810 1445 3836 Sen.
1460 3810 1492 3835 de
1504 3808 1593 3835 Benef.
1606 3817 1633 3841 4,
1647 3815 1672 3842 7.
1744 3807 1867 3834 Horrore
1883 3808 2011 3842 implexus
2028 3812 2054 3833 et
2072 3805 2182 3840 impetir-

41 3840 105 3867 Nat.
121 3842 225 3874 Qtaest.
239 3851 262 3875 2,
276 3851 303 3869 12
332 3843 400 3869 Cum
416 3841 488 3868 coitu
509 3841 622 3867 nubium
640 3843 809 3873 vehementer
827 3847 1001 3882 impactarum
1015 3855 1030 3871 a
1045 3845 1080 3871 la-
1142 3849 1183 3870 tus
1204 3844 1281 3878 Apul.
1294 3845 1370 3879 Apol.
1387 3854 1412 3879 p.
1430 3846 1489 3879 276.

16 3890 17 3893 =
39 3881 97 3902 tere
110 3876 227 3904 eliditur.
300 3877 415 3912 scyphus
428 3877 520 3904 Marco
533 3877 665 3911 Agrippae
684 3887 699 3905 a
711 3882 855 3909 temulento
868 3883 997 3909 cicerone
1010 3882 1081 3907 Mar-
1182 3886 1189 3904 1
1201 3886 1224 3905 M
1235 3887 1249 3905 P
1260 3886 1275 3904 L
1284 3886 1329 3907 Ex
1338 3887 1358 3905 v
1370 3888 1382 3907 s
1391 3900 1399 3911 ,
1421 3879 1458 3905 fis.
1479 3889 1514 3906 m.
1550 3879 1599 3905 Pro
1617 3878 1753 3913 Complexu.
1791 3877 1856 3904 Plin.
1870 3886 1894 3906 2.
1909 3879 1938 3908 65
1964 3877 1998 3901 Vt
2012 3884 2094 3909 quum
2112 3882 2182 3906 terra

18 3942 19 3946 Ἰ
40 3911 65 3938 ci
78 3910 136 3937 filio
150 3911 278 3946 impae'ms
294 3914 360 3940 Plin.
376 3922 416 3946 14,
429 3921 470 3939 22.
1142 3914 1216 3941 arida
1235 3919 1261 3940 et
1273 3914 1335 3941 sicca
1356 3915 1474 3941 constare
1491 3923 1537 3949 per
1549 3915 1574 3940 se
1594 3923 1622 3940 ac
1641 3913 1694 3940 fine
1709 3913 1822 3939 humore
1840 3922 1892 3938 non
1913 3912 2006 3944 posset,
2027 3919 2074 3936 nec
2093 3912 2183 3950 rursu·

76 3952 86 3971 1
96 3953 120 3972 Μ
131 3953 177 3973 ΡΑ
188 3952 205 3973 c
217 3955 299 3982 Tio,
320 3949 387 3975 onis.
409 3949 430 3975 f.
465 3947 524 3974 Sen.
549 3948 611 3974 Nat.
627 3947 733 3981 Qtaest.
756 3956 782 3980 2,
804 3958 829 3976 12
850 3958 916 3981 exer.
943 3950 1131 3987 Dillitnilisto5
1142 3950 1208 3979 stare
1221 3958 1289 3986 aqua
1301 3950 1349 3976 nifi
1365 3950 1505 3977 sustinente
1523 3955 1607 3982 terra,
1624 3955 1719 3977 mutuo
1732 3949 1850 3984 implexu
1864 3948 2041 3981 iungerentur.
2114 3946 2180 3972 Plin.

38 3987 128 4010 autem
142 3982 255 4017 crepitus
268 3984 298 4011 fit
310 3984 346 4013 oh
360 3983 510 4014 diffimilem
520 3982 712 4020 impaffionem
723 3983 844 4014 nubium.
1337 3987 1355 4013 6
1376 3986 1397 4012 L
1432 3994 1450 4013 2
2118 3988 2181 4014 9251

18 4021 19 4035 1

18 4040 19 4052 1

18 4054 19 4067 1

18 4069 19 4088 1

18 4094 19 4106 1

17 4107 19 4124 1

0 4134 21 4225 l
