2479 4225
268 221 319 258 ,3,
644 188 909 234 DEv

265 295 320 321 Cic.
336 294 362 319 iii
377 292 448 317 Orat.
463 292 489 319 85
509 285 573 312 Non
587 284 664 310 saciet
675 278 814 338 Ptempupl.
829 277 996 342 iij-ggieAEiti‘ibrii}
1010 269 1286 338 nzcngbtgkseprliesxissq're-

264 338 321 356 tuos
339 324 479 353 excitabit,
504 330 550 346 nec
569 324 709 345 aceruatim
730 323 773 355 mu
798 322 811 338 a
839 346 843 348 ι
1004 326 1012 337 ,
1131 353 1133 358 .
1211 337 1284 363 [dem

264 361 402 390 deuiiiciet.
473 355 561 382 Verba
573 350 799 390 comprehensione
815 347 867 371 Cic.
882 342 913 368 de
927 342 997 368 Clar.
1011 342 1084 381 Orat.
1100 349 1154 382 ¹42-
1212 381 1218 386 η
1266 372 1285 393 ’⁶

264 397 327 424 ibid.
397 393 453 420 Nec
465 391 536 417 enim
549 390 577 415 iii
592 383 806 419 constituentibus
820 377 958 417 Renipubl.
970 385 1016 417 nec
1037 385 1065 426 in
1085 376 1161 415 besta.
1172 378 1285 429 gerenti-

344 402 390 455 22.
446 412 1170 485 imperas.‘⁶a¹.{¹².3¹<:¹.¹.¹¹250&affirmarat
1185 407 1286 482 zizi.

808 484 876 511 Ter.
892 484 985 510 Heaut.
1000 492 1018 513 1,
1032 491 1056 514 2,
1072 490 1096 513 33
1126 481 1227 505 Verum
1237 477 1287 504 vbi

885 519 992 545 Necesse
1005 517 1056 549 cst,
1075 514 1209 549 Clitipho,
1228 522 1288 539 con-

899 574 906 580 .
941 554 1018 580 Tum
1030 551 1138 581 artibus,
1158 557 1213 576 tum
1227 557 1287 582 ope-

263 474 300 494 tas
313 463 427 491 discendi
442 462 513 488 solet.
604 492 608 496 .
676 487 684 494 ὁ

262 502 341 529 etiam
355 507 413 525 cum
424 496 496 523 hoste
509 493 655 519 ‹ic-uincitur
669 489 750 528 tides..

263 538 362 564 animus
378 532 455 560 semel
469 532 491 557 se
499 527 638 562 cupiditate
646 524 763 564 deuinxvit
776 519 859 551 mala,

263 572 318 599 lilia
329 568 452 602 consequi
466 563 564 591 similia.
636 557 746 586 Cic-‚Off
756 564 776 587 1,
811 575 817 580 .
853 573 860 581 .

262 604 468 670 ,δή-Ἧὲιχξῗιςιιίεμ.
482 633 576 672 Resp.5
595 631 650 663 Qii
661 630 678 655 li
695 626 778 658 sensit,
786 634 840 660 quo
852 626 877 651 se
890 625 985 652 scelere
998 622 1146 650 deuinxerit
1155 641 1162 653 ,
1178 629 1232 646 non
1240 619 1286 645 du-

263 678 322 704 b'to
350 675 395 701 uin
409 672 437 697 sit
449 668 618 696 miserrimus.
688 662 743 689 Cic.
758 669 808 696 pro
821 661 918 687 Milon.
932 666 963 693 89
981 660 1029 685 Cn.
1043 657 1196 698 Pompeium
1215 664 1288 681 nouo

283 685 350 738 ¹011AE
364 710 390 735 jn
404 705 512 741 gratiam
524 701 593 737 quasi
605 697 757 726 deuinctum
772 695 958 722 arbitrabatur.
1045 694 1101 720 Cic.
1122 701 1169 732 pro
1185 692 1289 718 Cluent.

262 723 292 774 {e
329 747 364 771 Vt
380 750 438 768 cum
450 739 548 773 nuptiis
562 736 695 769 alligatum
708 732 798 763 simul,
818 736 843 757 et
855 730 1001 758 testamenti
1013 731 1055 764 spe
1069 728 1221 768 deuine'luni
1233 727 1289 761 pos-

263 756 399 809 fi7t9habcre
413 777 441 803 iii
455 773 585 809 potestate.
671 768 726 795 Cic.
739 767 850 801 Philipp.
864 775 889 798 2,
904 768 945 792 116
958 776 978 792 c.
991 774 1024 805 ff,-
1044 763 1214 804 Muneribus,
1234 770 1289 788 mo-

262 814 382 843 nimentis
421 807 577 843 congiariis,
596 804 679 839 epulis
692 802 890 830 multitudinem
903 802 1053 836 imperitam
1066 800 1176 840 lenierat
1191 809 1196 825 :
1231 798 1289 824 suos

279 832 565 878 raeiuiis⁷aduersarios
583 839 736 867 clementiae
756 837 839 872 specie
859 837 1021 863 deuinxerat.
1092 836 1148 875 Cic:
1173 834 1204 860 de
1220 833 1290 873 Clar.

262 862 326 913 grat
346 888 377 916 98
393 882 462 907 Nam
474 884 499 905 et
511 886 571 904 cum
583 877 685 902 summo
698 874 746 901 illo
759 875 872 900 Oratore
886 872 979 898 Seruio
991 870 1088 902 Galba,
1105 878 1179 897 cuius
1188 871 1218 896 C.
1232 868 1289 909 filio

261 905 341 947 filiam
360 918 431 943 suam
443 914 632 943 collocauerat,
647 909 772 938 affinitate
784 909 836 935 sese
850 907 1018 940 deuinxerat‚
1037 913 1082 933 etc.
1154 904 1291 932 Beneficiis

261 956 372 989 aliquem
388 951 437 978 sibi
459 949 539 976 Plaut.
552 947 620 974 Asin.
634 956 659 979 2,
672 954 697 976 2,
709 954 746 978 19.
876 979 881 983 η
990 978 995 982 ¹

259 1000 301 1018 me
338 996 416 1023 quein
429 985 564 1012 voluntate
578 989 602 1009 et
616 988 720 1017 patei-na
738 978 917 1006 neceffitudine
937 977 1108 1005 coniunctum
1125 978 1226 1018 semper
1247 975 1292 1015 ha-

258 1010 338 1054 buiiti
373 1022 489 1049 maximo
502 1018 632 1047 beneficio
648 1015 798 1043 deuinftum
812 1014 930 1041 habebis.
1018 1013 1151 1053 Beneficio
1164 1012 1213 1038 hoc
1226 1017 1293 1051 vtri-

259 1070 310 1096 que
322 1044 354 1086 213
368 1058 486 1091 vtrisque
499 1053 673 1082 deuinciiiiini
686 1053 754 1079 Ter.
768 1052 861 1078 Heaut.
876 1058 901 1082 2,
915 1058 942 1082 4,
956 1056 995 1083 14.
1048 1084 1052 1088 Ι
1066 1049 1122 1075 Cic.
1141 1056 1188 1087 pro
1197 1047 1291 1087 *Sextio

259 1104 285 1125 ι·
307 1096 382 1122 Hunc
400 1093 443 1119 vir
461 1090 624 1121 clarissimus,
644 1087 764 1122 mihique
784 1086 873 1112 multis
899 1083 1104 1124 repugnantibus
1128 1082 1291 1123 aiiiiciffimus

260 1114 309 1160 C’n.
339 1128 477 1163 Pompeius
499 1126 573 1153 omni
595 1123 724 1151 Cautione
733 1142 741 1155 ‚
762 1121 878 1148 Foedere
888 1140 896 1153 ‚
922 1121 1103 1147 Exsecratione
1126 1119 1289 1159 deuinxerat.

260 1167 375 1195 Caritate
400 1163 520 1190 homines
537 1160 653 1187 deuincit
672 1158 803 1192 sanguinis
820 1156 973 1183 coniunctio
990 1161 1016 1182 et
1029 1155 1213 1182 beneuolentia
1233 1154 1289 1180 Cic.

261 1203 313 1230 Off.
330 1210 339 1227 1
363 1208 395 1234 54
409 1208 429 1225 c.
445 1206 479 1232 17.
548 1196 586 1223 Id.
601 1203 648 1230 pro
661 1194 755 1221 Caelio
763 1194 794 1224 36
812 1192 891 1218 Illum
905 1191 1076 1218 filiumfamil.
1091 1196 1163 1225 patre
1176 1198 1254 1229 parco
1261 1198 1290 1229 ac

260 1221 360 1268 tenaci’,
380 1234 474 1261 habere
487 1232 540 1259 tuis
553 1231 636 1265 copiis
650 1228 803 1256 deuinctum
817 1237 871 1254 non
885 1233 966 1263 potes.
1016 1262 1022 1267 ¹
1042 1226 1126 1266 Donis
1145 1225 1291 1265 beneficiis-

279 1282 311 1299 ue
341 1270 460 1306 plurimis
488 1268 603 1301 aliquem
639 1265 694 1292 Cic.
714 1265 789 1290 Verr.
802 1272 823 1296 3,
858 1283 864 1289 .
903 1282 909 1289 .
947 1282 954 1289 .
991 1261 1168 1301 Liberalitatc-
1174 1261 1290 1295 aliquem

259 1283 306 1336 Cic
330 1308 400 1334 Fam-
416 1313 434 1336 1,
446 1312 470 1336 9.
541 1299 638 1329 Officio
651 1301 754 1327 summo
768 1305 793 1326 et
806 1300 905 1325 summa
917 1297 1084 1324 obseruantia
1095 1297 1144 1323 fibi
1161 1305 1290 1336 inperpe-

257 1328 332 1371 tuuin
348 1342 463 1375 aliquem
479 1338 534 1365 Cic.
549 1338 620 1364 Fam.
633 1345 666 1369 13,
680 1344 705 1371 7.
813 1335 894 1361 Cuius
911 1332 1006 1360 officiis
1019 1342 1061 1359 ine
1074 1333 1122 1359 esse
1136 1331 1294 1371 deuuicffuml

258 1378 386 1406 confiteor
404 1375 442 1401 Ib.
457 1373 494 1400 ib.
509 1374 554 1407 Ep.
570 1381 591 1405 3.
650 1373 766 1398 Mentem
779 1370 894 1397 hominis
907 1369 1042 1396 voluntate
1057 1368 1142 1395 libera
1155 1367 1290 1402 spoliatam

258 1412 410 1442 Neccffitate
423 1409 473 1436 fati
484 1407 654 1439 deuinciunt,
671 1406 718 1441 qui
737 1405 908 1445 introducunt
927 1405 1061 1444 causarum
1080 1404 1174 1430 seriem
1199 1403 1292 1442 sempi—

255 1456 356 1476 ternam
381 1446 437 1473 Cic.
450 1444 481 1470 de
494 1444 558 1469 Fato
570 1451 612 1468 20.
701 1441 813 1474 Pignore
833 1440 970 1466 deuineire
983 1448 1085 1466 animos
1098 1439 1292 1466 Centurionum

257 1484 330 1511 Caes.
343 1483 370 1509 B.
384 1482 413 1508 C.
430 1487 450 1512 1,
464 1486 503 1511 39.
562 1511 568 1517 ⁶
610 1511 614 1515 ·
842 1512 845 1515 Ι

256 1520 332 1547 bium
342 1538 349 1550 ‚
368 1515 494 1543 Societate
508 1512 637 1538 deuinxit.
674 1511 711 1536 De
726 1510 869 1544 eloquentia.
941 1509 1037 1548 Eroti.
1053 1518 1073 1541 i,
1100 1528 1117 1548 ⁸.
1153 1529 1159 1534 .
1197 1529 1203 1534 .
1241 1510 1291 1535 De.

257 1553 356 1581 vinciri
371 1551 445 1577 firma
452 1548 588 1575 Societatc.
659 1545 714 1572 Cic.
729 1545 767 1577 Q
776 1544 859 1570 Fratr.
873 1551 893 1575 1,
906 1551 922 1569 2
940 1543 1060 1582 Primum
1074 1540 1292 1582 Dionyflppliks,

259 1590 390 1626 quierant
405 1581 655 1613 'iiiim‘ic'iffimimei‚
675 1580 777 1606 leniui:
813 1587 927 1618 quorum
947 1586 1094 1618 principem
1114 1578 1292 1620 Hermippum

259 1634 313 1652 non
326 1624 408 1650 solum
420 1621 545 1647 Sermone
557 1625 628 1649 meo,
649 1616 692 1642 sed
704 1614 783 1641 etiam
795 1614 975 1640 familiaritate
988 1612 1106 1639 deuinxi.
1159 1613 1294 1639 ciel-ani.

450 598 554 626 ltatibus
576 595 709 622 deuincire
732 590 871 617 hominum
893 590 962 616 inter
985 588 1106 615 homines
1128 585 1286 611 societatem.
1307 583 1448 610 10·fcritas
1461 583 1612 610 continebat
1626 585 1653 610 in
1667 587 1756 618 armis,
1776 593 1804 611 tu
1817 585 1990 617 conscientia,
2005 592 2050 612 etc.

1311 1129 1339 1155 25
1360 1120 1412 1141 tate
1425 1114 1563 1142 barbariae
1579 1114 1678 1141 bellum
1698 1115 1798 1142 inferre
1812 1115 1906 1147 nobis,
1926 1123 1972 1142 etc.

1753 179 2022 222 DEV

1351 303 1368 327 6
1389 272 1479 294 navi
1490 273 1610 301 TANs,
1630 268 1705 294 antis.
1742 266 1835 293 Partic.
1871 269 1949 305 Vulg.
1980 271 2036 298 Iud.
2071 280 2103 304 ιι,
2135 281 2156 304 3.

1391 311 1433 328 20.

1369 321 1635 371 ⁷DEV1TAT10,
1661 338 1727 365 onis.
1763 338 1782 364 f.
1824 337 1879 364 Cic.
1899 339 1950 366 Att.
1973 343 2017 373 16,
2035 350 2048 367 2
2075 341 2191 369 Facilior
2210 343 2281 370 enini
2299 350 2325 370 ct
2345 352 2387 370 ex—

1354 371 1482 405 ploratior
1497 373 1626 400 denitatio
1645 374 1779 409 legionum
1793 373 1851 400 fore
1865 373 1985 408 videtur,
2004 386 2082 411 quam
2100 377 2261 411 piratarum,
2282 379 2330 414 qui
2345 388 2389 414 ap-

2329 197 2386 238 ¹32

2204 279 2227 299 et
2264 282 2275 300 1
2307 274 2385 301 Tim.

1312 414 1325 441 5
1352 415 1443 441 parere
1457 407 1587 435 dicuntur.

1393 448 1515 468 DEV1V
1527 451 1556 476 s,
1576 453 1606 477 a,
1626 453 1680 471 uin.
1718 440 1779 471 A‘di.
1815 442 1902 476 [ἐκτὸς
1914 444 1956 472 τῆς
1969 441 2027 479 ὅδὲ]
2070 448 2120 482 Qut
2137 449 2208 483 longe
2227 457 2243 474 a
2261 452 2304 475 via
2320 448 2389 476 habi·
2415 458 2418 459 ⁷

1355 483 1410 508 tat,
1430 480 1513 512 inquit
1525 479 1643 505 Budaeus.
1680 480 1735 507 Cic.
1748 479 1862 513 Philipp.
1874 487 1899 510 2,
1915 481 1962 505 106
1986 481 2040 512 Qui
2055 492 2137 517 quum
2149 485 2226 509 eflent
2239 483 2323 517 deuii,
2340 484 2388 511 ob-

1356 513 1427 538 viam
1447 513 1472 538 ei
1491 512 1691 547 descenderunt,
1710 522 1739 541 vt
1759 515 1836 541 istum
1856 520 1979 555 tanquam
1999 515 2017 540 fi
2037 519 2093 544 esset
2105 519 2218 551 Consul,
2239 519 2387 546 salutarent.

1357 548 1416 574 Liu.
1431 556 1473 581 34,
1512 568 1518 573 .
1558 568 1565 574 .
1604 550 1745 577 Lacetanos
1758 550 1871 582 deuiam,
1892 557 1916 576 et
1932 549 2074 578 filucstrem
2086 560 2198 587 gentem,
2217 563 2299 588 quum
2314 554 2389 582 inflta

2142 589 2257 615 Deuium
2268 590 2320 617 iter
2333 591 2389 617 Cic.

2075 620 2163 657 Nepos
2178 630 2213 657 18,
2226 634 2248 658 3,
2262 633 2283 658 5.
2338 626 2391 652 Lu-

1853 657 1974 683 Montani
1994 655 2054 683 Liu.
2066 664 2109 689 34,
2143 678 2150 684 .
2187 679 2194 686 .
2253 660 2388 695 Oppidum

1767 692 1838 718 Rura
1856 692 1936 718 Ouid.
1949 693 2012 718 Met.
2027 700 2051 724 1,
2070 694 2132 726 676.
2163 701 2186 720 et
2205 696 2269 722 Fast.
2283 705 2310 728 2,
2331 698 2389 728 369.

1708 726 1822 752 Deuiuni
1840 727 1952 753 scortum
1971 729 2064 754 Horat.
2078 727 2129 753 Od.
2143 736 2168 759 2,
2182 738 2216 762 ιι,
2229 740 2253 758 21
2279 741 2327 757 non
2339 732 2394 758 vul-

1358 619 1439 645 Tusc.
1456 627 1476 650 1,
1510 639 1516 644 .
1544 639 1551 644 .
1608 625 1631 645 et
1645 621 1698 646 Att.
1712 630 1741 653 4,
1754 629 1774 652 3.
1809 627 1833 646 ct
1851 620 1916 647 ibid.
1931 629 1970 654 14,
1984 629 2019 646 io.

1357 653 1407 680 stra
1428 654 1507 680 Ouid.
1521 655 1585 680 Met.
1601 663 1623 686 3,
1640 658 1686 687 146
1704 663 1727 682 et
1739 663 1797 690 370.

1358 689 1413 715 Cic.
1428 690 1456 715 in
1470 690 1555 716 Pison.
1568 694 1600 722 89
1623 699 1645 715 c.
1659 693 1697 721 36.

1359 725 1444 751 Saltus
1461 725 1519 750 Liu.
1536 733 1574 756 ιο,
1593 733 1636 757 24.

1311 769 1336 796 ις
1356 769 1417 797 gare
1436 763 1511 786 nimis
1530 767 1553 786 et
1562 758 1742 795 prostitutum,
1763 771 1811 787 non
1829 765 1856 787 in
1870 765 1913 788 via
1924 761 2051 798 prostans,
2058 762 2105 796 ſsd
2118 763 2232 791 habitans
2244 770 2272 792 in
2288 767 2393 794 latebra.

1358 795 1422 822 Auis
1443 795 1536 828 deuia,
1557 799 1575 821 i.
1590 795 1656 822 Bubo
1675 795 1756 822 Ouid.
1769 796 1846 830 Epist.
1860 806 1883 829 2,
1895 803 1941 828 118.
2048 798 2103 824 Cic.
2118 799 2189 825 Fam.
2203 808 2231 831 2,
2244 810 2262 834 4
2287 803 2353 834 Tu,
2373 802 2391 828 fi
2425 825 2428 826 γ

1358 830 1387 857 iii
1402 831 1544 857 Formiano
1559 840 1613 857 non
1625 831 1723 857 erimus
1739 830 1774 862 (fi
1787 840 1835 858 nos
1849 836 1934 864 arnas)
1953 833 1981 859 in
1993 834 2181 868 Pompeianum
2194 837 2285 864 venito
2297 848 2303 864 ς
2325 837 2353 864 id
2367 843 2393 864 et

1359 865 1437 892 nobis
1450 867 1500 892 erit
1511 867 1719 901 periucundum,
1739 872 1764 892 et
1777 866 1829 893 tibi
1841 876 1895 893 non
1908 869 1967 894 sane
1980 869 2087 895 deuiurn
2096 889 2104 901 ,
2119 873 2136 895 i.
2152 879 2199 896 non
2213 877 2272 906 opus
2284 875 2349 905 erit,
2364 880 2395 899 vs

1359 903 1460 928 multum
1480 902 1508 927 de
1527 906 1569 928 via
1588 900 1711 941 defleflas.
1784 902 1841 929 Cic.
1854 903 1885 942 de
1899 904 2005 930 Amicit.
2019 913 2055 937 94
2080 905 2153 938 Qiid
2173 906 2255 939 potest
2273 908 2322 934 effe
2341 914 2395 935 tani

816 944 871 971 Cic.
886 944 937 969 Att.
954 945 991 974 16,
1006 950 1034 976 17
1061 941 1142 976 Qiod
1155 941 1172 967 fi
1186 940 1290 972 feceris,
1308 951 1342 969 20
1359 936 1503 968 Flexibile‚
1519 943 1573 964 tam
1586 936 1711 969 denium,
1729 946 1808 972 quam
1821 946 1923 965 animus
1935 939 2004 972 eius,
2023 940 2069 974 qui
2080 941 2112 966 ad
2126 941 2234 967 alterius
2248 950 2301 969 non
2313 943 2394 970 niodo

1361 973 1461 999 sensum
1479 982 1508 999 ac
1525 973 1704 1004 voluntatem,
1724 973 1767 999 sed
1788 973 1867 999 etiam
1885 974 1989 1000 vultum
2005 982 2083 1010 atque
2103 982 2197 1003 nutum
2215 978 2399 1005 conuertitur}

1359 1010 1378 1035 i.
1394 1008 1458 1043 quod
1468 1015 1518 1034 tam
1525 1008 1607 1044 facile
1619 1008 1648 1034 de
1660 1011 1704 1034 via
1719 1011 1824 1035 virtutis
1837 1008 1942 1035 aberret.
2010 1010 2049 1037 ld.
2058 1011 2170 1046 Philipp.
2184 1020 2207 1044 5,
2221 1021 2253 1047 37
2272 1022 2325 1046 c.13
2342 1014 2398 1040 Du-

1359 1043 1456 1070 bitarct
1468 1044 1547 1070 eredo
1560 1043 1641 1070 homo
1655 1044 1837 1070 amentissimus
1845 1064 1854 1077 ,
1874 1050 1952 1079 atque
1963 1045 2087 1073 omnibus
2101 1047 2224 1074 Consiliis
2237 1057 2358 1084 praeceps
2370 1055 2397 1076 et

1361 1078 1470 1111 deuius,
1492 1088 1545 1106 non
1563 1079 1648 1106 solum
1666 1088 1725 1105 cuni
1744 1080 1859 1106 exercitu
1874 1080 1938 1112 suo,
1958 1080 2000 1107 sed
2012 1082 2092 1108 etiam
2109 1092 2170 1109 cuni
2183 1085 2257 1111 omni
2272 1085 2401 1111 immunia

2043 1110 2129 1152 Aessii
2146 1118 2240 1145 deuius
2261 1119 2306 1146 Sil.
2321 1129 2342 1152 1,
2355 1127 2396 1155 57.

1359 1149 1467 1176 Pectora
1480 1150 1557 1176 deuia
1569 1150 1637 1177 redii
1649 1150 1720 1177 Idem
1735 1155 1758 1183 8,
1769 1158 1822 1186 317.

1396 1192 1529 1212 DEVNG
1541 1192 1560 1212 0
1571 1206 1579 1218 ‚
1605 1189 1658 1213 ere.
1694 1186 1766 1212 Vino
1785 1193 1811 1212 te
1828 1186 1937 1221 deungis
1957 1187 2039 1214 Plaut.
2053 1188 2141 1215 Pseud.
2156 1198 2175 1221 1,
2195 1197 2222 1223 2,
2240 1195 2278 1223 85.

1361 1221 1438 1248 Gran.
1454 1220 1580 1248 deuincis.
1626 1221 1683 1249 Vid.
1700 1221 1853 1248 Timbmann.
1867 1229 1891 1248 et
1903 1224 2015 1249 Paream-

1396 1263 1415 1284 D
1423 1263 1439 1283 E
1450 1264 1470 1283 v
1479 1264 1500 1283 Ν
1509 1265 1527 1284 Χ
1537 1276 1545 1288 ,
1564 1257 1646 1283 uncis.
1671 1266 1766 1284 comm.
1782 1266 1840 1292 gen.
1862 1257 2094 1294 [ἐπιπεντοέμοιρος]
2129 1259 2258 1293 Ponderis,
2268 1259 2321 1294 stuc
2334 1270 2400 1286 men-

2312 1190 2356 1217 ΑΙ.
2375 1196 2400 1217 et

1312 1309 1343 1332 30
1355 1292 1430 1329 surae
1434 1291 1546 1328 species,
1563 1292 1675 1319 undecim
1688 1296 1776 1319 unctas
1789 1297 1932 1326 continens,
1953 1293 2021 1329 quast
2034 1294 2120 1320 demta
2132 1295 2209 1322 vncia
2222 1295 2255 1322 ab
2267 1296 2324 1322 asse.
2357 1297 2400 1322 Iu-

1360 1336 1419 1354 ven.
1435 1329 1484 1355 Sat.
1494 1337 1514 1360 1,
1529 1337 1564 1361 40
1584 1328 1612 1354 de
1625 1328 1769 1361 hereditate,
1790 1329 1930 1355 Vnciolatii
1941 1329 2092 1356 Proculeius
2107 1329 2197 1363 habet,
2213 1331 2256 1357 sed
2271 1330 2346 1357 Gillo
2359 1330 2403 1357 de⁴

1360 1372 1470 1396 vncem,
1503 1364 1589 1390 Partes
1609 1364 1722 1398 quisque
1735 1365 1790 1390 suas
1803 1363 1835 1390 ad
1848 1365 1998 1391 mensuram
2011 1365 2128 1400 inguinis
2141 1365 2226 1393 heres.
2282 1366 2403 1403 Mensura

1360 1398 1472 1425 undecim
1484 1399 1586 1434 cyathm
1597 1402 1713 1434 capiens,
1731 1401 1773 1426 vel
1784 1400 1869 1436 cyadu
1881 1400 2000 1427 undecim.
2054 1401 2185 1428 sextarius
2202 1404 2266 1428 enim
2278 1403 2404 1428 Romanus

1360 1438 1388 1461 in
1401 1434 1526 1461 duodecim
1540 1435 1658 1469 cyathos,
1675 1436 1743 1461 vetut
1755 1437 1794 1461 As
1806 1436 1846 1462 uel
1856 1435 1921 1462 libra
1937 1439 1964 1461 in
1976 1435 2102 1463 duodecim
2120 1440 2222 1468 vncias,
2237 1437 2403 1464 diuidebatur.

575 1477 631 1503 Cic,
645 1474 678 1501 de
690 1475 727 1501 N,
740 1476 772 1500 D,
786 1483 811 1506 2,
825 1479 869 1506 148
889 1475 961 1501 Haec
974 1483 1021 1500 nos
1034 1474 1116 1506 iuris,
1131 1475 1234 1508 legum,
1247 1482 1290 1500 vr.
1311 1481 1340 1508 35
1361 1470 1477 1509 Martial.
1494 1479 1531 1502 12,
1544 1475 1571 1500 28
1599 1470 1665 1496 Poto
1679 1479 1728 1505 ego
1741 1471 1881 1503 sextantes,
1902 1476 1929 1497 tu
1945 1477 2018 1506 potas
2033 1472 2118 1498 Cinna
2132 1472 2260 1505 deunces,
2295 1473 2326 1498 Et
2340 1482 2404 1508 que.

1362 1514 1446 1537 reris,
1465 1504 1538 1540 quod
1553 1514 1607 1532 non
1619 1506 1703 1532 Cinna
1723 1505 1846 1532 bibamus
1860 1505 1940 1533 idem.
1997 1507 2114 1534 Deunecs
2132 1508 2152 1541 (
2154 1511 2192 1534 ait
2205 1507 2319 1534 Budaeus
2335 1518 2352 1542 5
2374 1507 2403 1535 de

1362 1539 1441 1573 Affe)
1460 1540 1569 1566 undenos
1580 1541 1682 1574 cyathos
1695 1542 1825 1577 intelligit,
1843 1549 1872 1568 vt
1879 1542 2009 1577 sextantes
2020 1542 2098 1569 binos.
2140 1544 2165 1570 V
2163 1543 2198 1569 id.
2211 1543 2342 1570 sextarius
2352 1544 2406 1570 Ro-

1361 1583 1464 1606 manus,
1482 1577 1511 1613 fn
1524 1582 1588 1602 SEX.
1643 1575 1760 1602 Vndecim
1774 1580 1860 1603 unciae
1872 1580 1968 1613 iugeri:
1994 1578 2019 1604 h.
2027 1587 2046 1604 e.
2065 1579 2178 1614 Iugerum
2193 1581 2334 1614 integrum,
2349 1588 2402 1605 vna

1363 1611 1453 1641 vucia,
1464 1610 1518 1642 Jme
1537 1618 1588 1635 vna
1607 1610 1748 1636 duodecima
1761 1618 1837 1645 parte
1855 1612 1944 1638 demta.
1981 1614 2094 1649 Iugerum
2108 1617 2171 1639 enim
2185 1614 2358 1646 diuidebatur,
2375 1620 2406 1640 ve

261 1670 283 1693 3,
297 1668 321 1691 ¹3
342 1655 493 1685 Praesertim
513 1655 540 1680 in
561 1652 602 1679 his
615 1650 712 1678 Studiis
725 1650 821 1684 quibus
836 1655 947 1683 vterque
959 1648 1077 1675 nostrum
1095 1647 1235 1674 deuinfius
1248 1648 1342 1680 est.,40
1363 1653 1401 1676 as,
1415 1647 1442 1669 in
1455 1647 1544 1671 uncias
1557 1644 1688 1676 duodecim,
1708 1645 1752 1672 hoc
1764 1644 1795 1679 est
1810 1649 1837 1671 in
1851 1646 1974 1672 duodecim
1980 1655 2069 1687 partes
2081 1651 2201 1683 aequales,
2213 1658 2272 1683 quae
2287 1650 2405 1674 uocaban-

260 1696 315 1723 Cic.
329 1702 376 1728 pro
392 1693 478 1717 Domo
493 1690 536 1716 sua
549 1696 585 1720 ¹31
604 1685 781 1713 Praescribere
793 1685 864 1711 enim
878 1685 902 1710 sc
915 1683 1111 1716 arbitrabatur,
1128 1690 1156 1710 vt
1170 1682 1223 1709 fine
1235 1683 1293 1709 Stu-

260 1731 311 1757 diis
324 1726 483 1755 diss'enfionis
495 1723 636 1750 sententiae
650 1721 815 1752 dicerentur,
834 1719 852 1746 fi
864 1720 952 1760 sedem
967 1720 1047 1754 ipsam
1061 1728 1089 1746 ac
1103 1719 1229 1753 templum
1246 1726 1292 1753 pu-

258 1765 323 1793 blici
335 1761 436 1789 consilii
444 1760 573 1794 religione
586 1756 750 1784 Concordiae
763 1755 924 1782 deuinxiss'et.
1099 1789 1105 1794 ·

293 1806 311 1825 D
320 1806 335 1824 E
344 1805 365 1824 v
374 1804 382 1822 1
392 1803 438 1822 Nc
447 1802 468 1821 ‘r
478 1802 495 1820 v
506 1802 518 1820 s
527 1814 534 1826 ‚
555 1803 568 1820 a
577 1813 585 1826 ,
610 1802 663 1819 um.
684 1792 777 1818 Partic.
814 1788 1039 1825 [καταδιδεμένος]
1075 1789 1131 1815 Cic.
1145 1797 1194 1823 pro
1208 1788 1292 1814 Plane.

258 1842 290 1868 45
308 1835 346 1860 Ita
359 1830 460 1866 putauit
473 1829 579 1854 Senatus
588 1847 596 1859 ‚
615 1836 698 1861 quum
711 1835 758 1853 reo
773 1826 857 1853 tribus
871 1825 1010 1852 ederentur
1024 1825 1072 1852 hae
1080 1845 1089 1858 ‚
1108 1834 1171 1859 quas
1184 1825 1204 1850 is
1217 1824 1295 1858 largi·
1311 1830 1345 1857 45

258 1871 332 1897 tione
350 1864 483 1893 deuincias
501 1862 625 1894 haberet,
645 1861 752 1887 eosdem
771 1861 831 1887 fore
843 1861 918 1888 testes
932 1866 956 1887 et
970 1861 1078 1887 iudices.
1147 1859 1294 1899 ᾨοιιίιιὲὶιις

259 1905 325 1933 colla
337 1901 433 1929 catenis
448 1899 492 1926 Sil.
506 1907 538 1930 ιι,
573 1917 579 1922 .
615 1916 621 1922 .
658 1895 802 1922 Βευὶιιόὶιις
822 1896 924 1927 fasciis,
944 1902 969 1922 et
988 1896 1078 1922 multis
1096 1894 1294 1934 medicamentis

277 1946 366 1974 roptei·
381 1936 500 1963 dolorem
514 1940 617 1959 artuum
630 1930 761 1957 delibutus
783 1930 839 1956 Cic.
855 1930 884 1955 in
902 1931 984 1956 Bruto
999 1938 1053 1964 217.
1112 1929 1184 1963 ‚Qiod
1199 1930 1295 1955 Cicero

260 1950 419 2004 pDeuinfius,
438 1968 569 2003 Qiinffil.
589 1975 622 1998 ιι,
635 1975 647 1998 3
674 1966 807 2000 Deligatus
827 1964 907 1996 dixit,
928 1964 956 1990 de
982 1964 1062 1990 eodem
1089 1966 1164 1990 verba
1182 1963 1295 1999 faciens.

260 2012 397 2044 Tempora
414 2003 550 2032 deuinctus
570 2002 645 2028 lauro
672 2001 769 2027 Tibul.
785 2008 809 2030 2,
824 2008 846 2038 5,
862 2007 883 2031 5.
1057 2034 1062 2039 .
1142 2035 1146 2039 “

261 2048 314 2073 Stat
337 2042 428 2071 Theb.
444 2049 469 2073 9,
478 2045 532 2070 808.
600 2035 746 2062 Deuineius
760 2039 839 2061 meti-i
852 2034 1004 2061 Necessitate
1025 2035 1180 2069 Plin.Ep1st.
1189 2043 1215 2068 7,
1224 2043 1249 2066 9,
1258 2043 1296 2067 ¹4-

317 2066 322 2072 '
818 2069 973 2095 Deuinchm
985 2070 1172 2096 consuetudine
1186 2069 1296 2095 domum

768 2104 914 2131 Deuintihis
928 2104 1115 2130 consuetudine
1132 2110 1158 2130 et
1171 2105 1297 2138 coniugio

754 2140 809 2166 Cic.
824 2139 855 2166 de
867 2140 990 2167 Prouinc.
1004 2139 1112 2166 Consul.
1126 2147 1152 2172 ¹9
1174 2140 1298 2166 Domitae

262 2082 359 2109 Somno
372 2075 508 2105 deuinc‘tus
524 2074 593 2100 Suet.
607 2073 673 2106 Aug.
688 2080 710 2097 c.
726 2072 762 2097 16.

261 2123 351 2144 tenere
372 2114 427 2141 Cic.
442 2119 490 2146 pro
504 2108 600 2136 Archia
614 2114 626 2140 5
642 2116 662 2133 c.
676 2115 698 2139 3.

263 2150 368 2179 liberali
386 2149 454 2175 Ter.
467 2145 547 2172 Andr.
561 2152 589 2176 3,
611 2152 633 2175 3,
647 2151 684 2174 30.

953 2000 1052 2026 Amore
1066 1999 1204 2025 deuin&us
1216 1998 1298 2025 alicui
1317 2007 1348 2033 50
1366 1994 1447 2028 phum
1457 2013 1464 2024 ‚
1480 2000 1526 2020 etc.

1363 1686 1407 1705 tur
1419 1682 1514 1705 unciae.
1569 1680 1699 1707 Columel.
1716 1688 1746 1713 5,
1761 1689 1770 1706 1
1795 1681 1880 1707 Partes
1900 1681 1966 1707 duae
1984 1688 2078 1708 tertiae
2097 1689 2122 1709 et
2134 1692 2186 1709 vna
2200 1690 2308 1717 quarta,
2328 1683 2407 1717 peden

1364 1714 1462 1747 viginti
1477 1715 1519 1740 sex
1531 1715 1619 1741 millia
1632 1721 1657 1741 et
1671 1716 1892 1750 quadringentos,
1912 1717 1963 1743 hoc
1977 1718 2013 1743 est
2027 1718 2130 1750 deunx,
2149 1719 2178 1744 in
2191 1727 2245 1753 quo
2264 1719 2323 1744 sunt
2337 1719 2407 1744 scru-

1364 1749 1425 1783 pula
1440 1751 1500 1783 264.
1563 1750 1600 1775 Ex
1613 1750 1712 1776 deunce
1726 1756 1751 1776 ct
1764 1751 1897 1781 semuncia
1914 1752 2030 1785 aliquem
2046 1754 2169 1779 heredem
2181 1753 2269 1779 facere
2285 1754 2340 1779 Cic.
2354 1762 2405 1787 pro

1363 1784 1477 1810 Caecina
1490 1791 1518 1818 17
1541 1786 1596 1811 c.6.
1667 1785 1748 1810 Auidi
1762 1785 1871 1811 deunces
1885 1786 1952 1812 Pers.
1968 1794 1991 1818 5,
2004 1795 2054 1818 150.

1402 1826 1420 1846 ι)
1430 1826 1445 1846 E
1455 1827 1475 1845 v
1485 1818 1505 1846 ὀ
1514 1825 1529 1846 c
1540 1826 1558 1846 0
1567 1839 1575 1852 ‚
1600 1823 1652 1846 are.
1689 1820 1876 1853 [nummum]
1924 1822 2042 1857 Deorsum
2062 1830 2156 1848 uocare.
2197 1822 2248 1855 Vt,
2267 1822 2407 1848 Deuocare

1365 1854 1438 1881 caelo
1457 1856 1551 1880 Iouem
1571 1855 1636 1881 Plin.
1654 1860 1701 1887 28,
1721 1864 1745 1881 2.
1817 1855 1949 1889 Qiotidic
1969 1865 2051 1883 coena
2071 1856 2103 1883 fic
2121 1857 2146 1883 ei
2165 1858 2347 1891 coquebatur,
2363 1861 2409 1888 vt,

1365 1898 1431 1923 quos
1447 1890 1582 1914 inuocatos
1595 1889 1698 1916 vidisset
1712 1890 1740 1915 in
1753 1890 1825 1922 foro,
1843 1899 1935 1917 omncs
1950 1891 2089 1918 deuocaret
2103 1892 2194 1925 Nepos
2206 1901 2227 1923 5,
2241 1902 2268 1925 4,
2281 1900 2303 1923 3.
2347 1891 2406 1918 Cic.

1366 1924 1398 1949 de
1411 1924 1533 1949 Prouinc.
1547 1924 1653 1950 Consul.
1667 1933 1701 1957 29
1721 1925 1811 1957 Qiare
1826 1924 1842 1950 si
1858 1926 1905 1959 qui
1918 1926 2054 1952 hominem
2068 1935 2120 1952 non
2135 1926 2258 1959 diligunt,
2277 1925 2346 1952 nihil
2361 1926 2410 1959 est,

1366 1958 1438 1993 quod
1457 1967 1517 1984 eum
1538 1958 1570 1985 de
1587 1959 1725 1993 prouincia
1744 1960 1890 1986 deuocent:
1916 1961 1949 1986 ad
1971 1962 2083 1995 gloriam
2104 1961 2248 1993 deuocaiit,
2268 1961 2301 1988 ad
2315 1962 2409 1988 trium-

1598 1993 1638 2020 Ad
1651 1993 1781 2021 auxilium
1798 1994 1857 2020 Liu.
1871 2004 1898 2027 1,
1916 2003 1959 2022 20.
2029 1997 2059 2023 In
2078 1995 2189 2023 dubium
2210 1997 2267 2023 suas
2287 1997 2408 2025 fortuna·

1366 2030 1438 2056 Caes.
1453 2029 1480 2055 B.
1495 2029 1527 2056 G.
1543 2031 1569 2061 6,
1584 2031 1610 2056 6.
1680 2031 1711 2056 In
1724 2030 1897 2064 suspicionem
1910 2031 2036 2057 maleficii
2050 2031 2151 2057 Auditor
2162 2031 2194 2057 ad
2206 2033 2323 2059 Herenn.
2338 2041 2369 2064 2,
2380 2041 2409 2066 4.

1366 2066 1414 2091 Per
1427 2065 1616 2091 translationem
1624 2075 1631 2089 .·
1653 2065 1709 2091 Cic.
1718 2065 1799 2092 Tusc.
1813 2073 1836 2098 5,
1852 2074 1880 2091 ιο
1902 2074 1923 2091 c.
1937 2067 1951 2091 6
1971 2067 2087 2092 Socrates
2102 2072 2189 2093 autem
2202 2067 2303 2102 primus
2323 2067 2411 2103 philo—

1369 2099 1490 2134 sophiam
1502 2099 1642 2126 deuocauit
1660 2109 1674 2126 e
1687 2100 1775 2133 caelo,
1796 2106 1822 2127 et
1835 2101 1864 2127 in
1875 2100 1988 2128 vrbibus
2006 2101 2157 2129 collocauit.
2227 2102 2318 2130 Refixa
2336 2103 2411 2131 caelo

1367 2134 1496 2166 deuocare
1508 2134 1591 2162 sidera
1604 2136 1672 2162 Hor.
1686 2136 1767 2171 Epod.
1784 2143 1822 2170 17,
1835 2143 1857 2169 5.
1928 2138 2078 2164 Prouocare:
2097 2137 2159 2164 Liu.
2171 2146 2200 2171 4,
2229 2158 2235 2164 .
2273 2158 2280 2165 .
2297 2165 2299 2168 ⁴
2316 2139 2411 2173 Qium

263 2189 322 2216 sunt
334 2195 349 2213 a
367 2184 475 2211 Caesare
489 2180 617 2207 maximae
630 2178 763 2206 nationes,
783 2175 824 2201 sed
838 2175 956 2202 nondum
967 2175 1087 2209 legibus,
1107 2174 1225 2201 nondum
1238 2175 1297 2201 iure
1318 2175 1347 2203 55
1369 2170 1402 2197 ab
1424 2170 1517 2197 sauciis
1541 2170 1661 2197 hostibus
1684 2171 1829 2198 suscitando
1849 2172 2013 2207 comperisset
2036 2172 2116 2200 castra
2130 2173 2290 2201 Volscorum
2309 2174 2412 2202 deserta

264 2229 335 2251 terto
370 2218 487 2246 nondum
505 2216 580 2242 firma
599 2222 660 2249 pace
679 2211 832 2244 deuinciae,
851 2212 880 2238 in
894 2211 926 2237 iis
941 2210 1057 2242 Studiis,
1077 2210 1173 2244 quibus
1186 2216 1298 2245 vterque

264 2242 382 2286 nostriim
393 2251 530 2282 deuinctus
544 2250 579 2277 est
596 2249 652 2277 Cic.
667 2249 738 2275 Fam.
753 2255 775 2279 3,
790 2254 824 2278 13.
843 2247 985 2309 NCompar.
1004 2246 1072 2272 Hor.
1079 2245 1130 2272 Sat.
1140 2253 1160 2278 i,
1169 2253 1191 2278 ς,
1200 2253 1231 2278 39

763 2297 808 2302 —
872 2290 965 2316 amque

417 2323 532 2355 Plotius,
552 2327 577 2349 et
588 2319 682 2348 Varius
695 2318 839 2351 Sinuessae,
859 2317 1042 2357 Virgiliusque
1056 2352 1061 2358 .

418 2361 567 2387 Occurrunt
581 2368 587 2383 :
622 2355 739 2388 animae,
757 2354 846 2388 quales
860 2362 944 2387 neque
959 2351 1126 2379 candidiores

419 2396 508 2422 Terra
522 2393 598 2424 tulit,
618 2400 703 2426 neque
715 2388 774 2424 quis
787 2398 828 2416 me
845 2389 874 2415 sit
887 2388 1038 2415 deuinffior
1050 2388 1127 2414 alter.

265 2431 338 2473 Coris.
357 2430 446 2458 Sidon.
460 2431 506 2464 Ep.
521 2438 543 2460 5,
557 2437 590 2455 11.
685 2426 777 2461 Superl.
806 2425 919 2452 Saluian.
939 2424 1040 2464 aduers.
1057 2422 1163 2464 Auarit.
1183 2430 1195 2455 3
1213 2431 1237 2458 p.
1252 2422 1302 2453 286

264 2470 334 2497 Huic
347 2466 474 2494 carissimo
487 2473 515 2491 ac
528 2460 720 2490 deuinfflssimo
733 2466 780 2487 tuo
793 2460 861 2487 nihil
877 2459 908 2487 de
922 2466 968 2486 tuo
981 2459 1086 2486 tribuis.
1191 2492 1196 2498 ·
1217 2493 1223 2498 .
1247 2493 1252 2498 ¹

300 2510 319 2530 D
330 2506 541 2531 evinci-io,
561 2498 629 2524 onis.
647 2496 667 2522 f.
702 2496 821 2523 Tertull.
848 2495 880 2522 de
899 2494 1013 2530 Spefilae.
1031 2504 1053 2521 c.
1072 2503 1088 2521 2
1115 2493 1303 2521 Homicidiuni

265 2538 373 2573 magicis
385 2533 598 2563 deuinfflonibus
611 2531 744 2566 perficere.
1154 2568 1156 2571 Ι

302 2577 495 2602 ῡενιΝεο,
513 2569 564 2598 ici,
583 2567 685 2598 ic'tuin,
707 2568 760 2593 ere.
797 2565 906 2601 [νικοὶω]
942 2565 1009 2592 Idem
1037 2564 1102 2601 quod
1124 2565 1243 2603 Vincere,
1258 2562 1303 2599 su-

265 2615 362 2645 perare.
398 2605 453 2632 Cic.
467 2604 500 2630 de
513 2601 612 2630 Sene&
626 2610 663 2634 44
677 2610 698 2626 c.
713 2610 736 2632 13
759 2602 815 2634 Qii
826 2603 926 2628 Poenos
949 2601 1048 2635 primus
1068 2600 1141 2627 classe
1161 2600 1302 2627 deuicerat.

269 2643 340 2672 Caes,
355 2642 382 2668 B,
396 2642 425 2668 C.
440 2649 463 2673 3,
478 2644 509 2674 87
527 2637 582 2671 Qu
595 2635 707 2662 Galliam
721 2636 942 2669 Germaniamque
956 2636 1094 2662 deuicerit.
1201 2635 1257 2661 Cic.
1272 2634 1305 2661 dc

270 2681 339 2713 Lege
356 2679 417 2711 Agr.
434 2684 460 2708 2,
473 2680 504 2707 89
524 2673 628 2707 Quibus
653 2668 810 2696 Consulibus
831 2671 919 2702 Capua
940 2670 1058 2699 deuicta,
1075 2677 1153 2703 atque
1171 2677 1244 2704 capta
1257 2670 1302 2696 est.

1319 2356 1355 2382 60
1371 2347 1444 2374 caelo
1458 2349 1517 2374 Liu.
1530 2356 1557 2383 7,
1569 2357 1604 2375 12.

1324 2530 1355 2562 65
1374 2525 1434 2551 Liu.
1446 2533 1473 2557 2,
1509 2545 1516 2551 .
1553 2544 1560 2551 .

1368 2207 1431 2238 esse,
1449 2205 1531 2233 laetus
1544 2214 1558 2233 a
1572 2206 1678 2233 tumulo
1693 2208 1751 2233 suos
1764 2207 1882 2234 deuocat.
2228 2235 2230 2237 .
2443 2241 2453 2243 -

1405 2240 1577 2274 ῡΕνόιο,
1604 2246 1655 2269 are.
1692 2242 1873 2278 [καθίκτημι]
1919 2243 2038 2280 Deorsiim
2056 2245 2148 2271 volare.
2185 2244 2246 2271 Liu.
2266 2251 2309 2281 27,
2328 2254 2351 2272 ιι
2378 2244 2413 2272 i-:e

1369 2277 1490 2304 Priuerni
1502 2277 1562 2304 satis
1574 2278 1672 2305 constat
1689 2278 1786 2306 bouem
1800 2278 1934 2311 locutum,
1956 2279 2142 2315 vulturemque
2154 2279 2289 2315 frequenti
2301 2280 2363 2308 foro
2381 2281 2412 2307 in

1370 2312 1506 2339 tabernam
1519 2312 1657 2341 deuolasse.
1727 2314 1858 2341 Dcuolare
1871 2313 1994 2342 deorsum
2008 2315 2090 2343 Plaut.
2101 2315 2195 2350 Amph.
2210 2324 2233 2348 5,
2247 2324 2267 2348 1,
2281 2319 2320 2349 56.
2372 2317 2413 2343 De

1675 2348 1743 2376 Plin.
1758 2358 1796 2383 10,
1808 2358 1824 2377 2
1843 2350 1982 2377 Cornelius
1993 2351 2147 2377 Valerianus
2160 2350 2319 2378 Phoenicem
2332 2351 2415 2378 deuo-

1371 2383 1462 2410 lauisi'e
1475 2383 1503 2409 in
1515 2384 1662 2418 Aegyptum
1673 2385 1762 2411 tradit.
1808 2386 1912 2412 Lucret.
1926 2388 1952 2419 6,
1965 2394 2019 2420 204
2037 2386 2150 2413 Deuolat
2163 2386 2192 2413 iii
2206 2392 2302 2413 terrain
2315 2386 2415 2422 liquidi

1371 2419 1446 2446 color
1457 2427 1551 2445 aureus
1565 2419 1643 2454 ignis.
1747 2421 1804 2455 Qii
1817 2421 1933 2448 fortunis
1946 2421 2058 2448 alicuius
2071 2421 2176 2449 inducti
2196 2422 2342 2449 amicitiam
2356 2423 2416 2449 eiu·

1372 2455 1454 2480 secuti
1467 2455 1525 2480 sunt
1535 2473 1543 2485 ,
1563 2454 1592 2481 hi
1606 2455 1711 2483 simulac
1723 2456 1830 2484 fortuna
1844 2457 1942 2491 dilapsa
1953 2457 2005 2490 est,
2023 2457 2148 2484 deuolant
2161 2466 2252 2484 omnes
2264 2457 2368 2485 Audior
2381 2457 2414 2485 ad

1371 2490 1490 2518 Herenn.
1511 2499 1545 2524 4,
1565 2497 1596 2523 25
1620 2499 1642 2516 c.
1657 2498 1694 2524 17.
1726 2494 1745 2517 i.
1759 2493 1876 2523 auolant,
1893 2495 1943 2518 cito
1962 2492 2060 2517 abeunt.
2133 2494 2183 2519 Pro
2197 2491 2343 2525 Festinare:
2368 2500 2417 2526 vt,

1597 2525 1729 2551 Deuolant
1745 2525 1777 2551 de
1791 2524 1937 2557 tribunali,
1959 2531 1988 2552 vt
2008 2525 2100 2553 lic‘tori
2119 2527 2221 2553 auxilio
2240 2528 2326 2553 effent.
2381 2529 2416 2554 In

1374 2561 1465 2587 forum
1480 2559 1554 2587 Idem
1566 2569 1589 2592 3,
1604 2568 1637 2593 15.
1697 2561 1753 2587 Cic.
1766 2570 1814 2595 pro
1828 2561 1943 2594 Qiintio
1955 2569 1987 2593 93
2008 2561 2115 2588 Fatetur
2127 2562 2153 2587 se
2165 2570 2219 2587 non
2234 2561 2303 2588 belle
2316 2562 2417 2594 dicere,

1373 2605 1429 2623 non
1447 2595 1480 2622 ad
1498 2595 1661 2622 voluntatem
1680 2595 1756 2631 loqui
1775 2596 1859 2629 poffe,
1877 2605 1932 2622 non
1950 2595 1982 2623 ab
1995 2596 2091 2622 afflic‘ta
2103 2596 2221 2623 amicitia
2233 2596 2416 2631 transfugere,

1373 2637 1453 2666 atque
1470 2631 1503 2658 ad
1521 2632 1659 2658 florentem
1674 2631 1753 2658 aliam
1767 2631 1902 2658 deuolare.
1973 2631 2040 2657 Plin.
2053 2638 2090 2663 35,
2106 2639 2134 2657 ιο
2156 2633 2190 2657 At
2204 2630 2363 2666 Protogenes
2377 2631 2418 2659 vi-

1375 2666 1447 2694 &um
1461 2667 1486 2693 se
1499 2666 1642 2700 confessus,
1655 2666 1683 2692 in
1696 2672 1803 2701 portum
1815 2666 1970 2698 deuolauit,
1988 2665 2118 2701 hospitem
2132 2675 2267 2701 quaerem.

270 2715 416 2742 Deuincere
429 2710 516 2742 bello,
536 2707 647 2743 praelio,
661 2706 689 2731 vi
709 2705 764 2731 Cic.
777 2703 809 2730 ad
822 2705 931 2730 Brutum
942 2711 976 2736 15.
1013 2710 1036 2729 et
1049 2704 1080 2729 de
1093 2705 1129 2730 N.
1143 2705 1175 2729 D.
1185 2707 1232 2736 2‚6
1246 2713 1268 2731 c.
1283 2713 1305 2730 2.
1322 2715 1357 2743 70
1393 2728 1395 2730 ,
1411 2709 1430 2729 D
1440 2709 1456 2729 E
1465 2708 1514 2729 VO
1524 2709 1540 2728 L
1549 2708 1571 2728 v
1584 2707 1603 2729 ο
1615 2722 1623 2734 ,
1645 2702 1690 2734 ui,
1710 2705 1801 2734 utum,
1822 2703 1875 2728 ere.
1910 2701 2019 2736 [nuuc-u,
2032 2703 2193 2738 κατακυλίω]
2229 2701 2348 2740 Deorfiam
2365 2701 2418 2727 vol-

418 2767 425 2773 .
439 2755 464 2772 12
487 2754 502 2771 2
528 2753 550 2770 2.
620 2741 693 2768 Idem
708 2749 727 2771 1,
740 2748 761 2770 2,
779 2748 801 2765 2.
1063 2771 1068 2777 .

269 2748 483 2811 AdgeEliiclchi(
494 2765 524 2811 ς’,
549 2788 587 2810 a,-
605 2786 660 2803 um.
690 2775 784 2802 Partic.
821 2773 1002 2807 [νενηκημένος]
1037 2772 1093 2798 Cic.
1108 2771 1140 2798 de
1159 2771 1195 2798 N.
1210 2772 1242 2797 D.
1259 2780 1279 2803 ι,
1291 2777 1306 2801 8

273 2820 327 2854 Qi
343 2818 409 2845 risus
422 2816 492 2842 classe
507 2813 611 2841 deni&
623 2811 712 2838 inultis
725 2810 772 2845 ipli
786 2810 920 2840 lacrimas,
937 2815 1057 2847 magnam
1066 2806 1165 2841 Populo
1173 2807 1249 2831 Rom.
1257 2806 1306 2831 ela-

273 2856 331 2882 dein
345 2853 440 2880 attulit.
477 2850 543 2877 Add.
557 2850 626 2882 Nep.
639 2856 665 2879 2,
679 2854 700 2880 5,
713 2855 733 2879 3.
805 2843 932 2871 DeuiCtus
946 2851 1048 2869 animus
1061 2842 1130 2868 Ter.
1138 2842 1202 2867 Hec.
1212 2849 1231 2880 1,
1239 2849 1262 2871 2,
1269 2848 1308 2873 93.

274 2889 400 2918 Deuifftus
415 2886 515 2914 lumina
529 2886 620 2911 somno
635 2881 812 2915 Catul.Nupt.
824 2879 876 2906 Pel.
887 2879 1004 2919 etThet.
1022 2886 1072 2904 ¹22.
1098 2879 1142 2903 Al.
1153 2875 1306 2916 Deuine'tus.

274 2926 390 2952 Vulnere
403 2922 499 2950 amoris
514 2919 631 2947 deuictus
643 2918 746 2944 Lucret.
758 2925 778 2949 1,
789 2923 826 2949 35.
881 2913 995 2941 Deuieio
1010 2914 1127 2948 serpente
1139 2911 1220 2938 Ouid.
1229 2910 1307 2946 Epist.

275 2964 303 2994 6,
316 2968 355 2994 37.
409 2957 577 2984 Athenienses
589 2953 689 2981 deuiffl
703 2953 771 2986 Nep.
785 2960 810 2986 9,
825 2959 849 2982 2,
864 2959 888 2977 2.

310 3003 330 3023 D
340 3001 401 3022 Evi
412 3000 429 3020 c
441 3000 461 3020 'r
471 3000 479 3019 1
490 2999 525 3024 ο,
543 2991 611 3017 onis.
647 2989 668 3016 f.
704 2987 820 3014 Tertull.
835 2985 893 3012 adu.
908 2985 989 3011 Marc.
1002 2992 1021 3024 ι,
1041 2991 1062 3016 5.
1091 3018 1098 3024 ι

313 3037 332 3057 D
341 3038 357 3057 E
367 3037 386 3056 ν
397 3036 430 3056 le
440 3035 460 3055 T
470 3035 488 3053 O
497 3034 515 3053 R
525 3047 533 3059 ‚
552 3026 614 3052 oris.
648 3034 684 3050 in.
719 3022 858 3056 Inscriptio
872 3021 909 3047 M.
923 3020 1057 3046 Antonino
1072 3018 1169 3049 dicata,
1190 3017 1239 3044 DE
1248 3018 1271 3043 V
1281 3017 1310 3044 1-

276 3065 415 3094 CTORI
444 3061 627 3089 OMNIVM
653 3057 858 3086 GENTIVM
884 3054 1177 3083 BARBARARVM
1203 3054 1309 3080 Gruter.
1331 3058 1363 3085 80
1379 3051 1523 3078 deuoluere
1539 3051 1687 3083 Liu.21,33.

278 3107 448 3165 CCDLEvvlilti}
467 3101 523 3160 ξιτ.
560 3129 819 3160 Macrob.Saturn.5,
833 3134 858 3159 13
877 3127 907 3153 In
919 3125 1052 3152 nonnullis
1067 3123 1213 3159 paullulum
1228 3132 1242 3149 a
1255 3132 1311 3158 gra-

729 3163 802 3190 Idem
818 3162 845 3189 in
858 3162 945 3188 Sonin.
957 3160 1024 3195 Scip.
1041 3169 1065 3192 1,
1085 3168 1117 3186 22
1148 3159 1187 3186 Ad
1207 3159 1312 3193 Septen-

279 3172 358 3198 vifflte
370 3170 511 3197 Homerica
530 3166 658 3193 dwianii.
756 3198 822 3225 Add.
837 3197 954 3224 Tertull.
967 3196 1043 3230 Apol.
1063 3204 1084 3221 e.
1099 3203 1136 3221 21.
1168 3194 1258 3230 (conf.
1275 3195 1313 3220 ΕΙ-

280 3207 419 3233 trionaleni
437 3204 564 3231 verticem
584 3201 701 3228 deniare.

283 3240 407 3273 menhorst.
426 3243 452 3267 in
472 3238 527 3266 Iud.
551 3237 584 3264 ad
603 3235 679 3271 Apul.
707 3244 763 3261 voce
777 3234 874 3265 Viare)
907 3230 1051 3265 Symmach.
1067 3231 1111 3264 Ep.
1126 3239 1152 3262 9,
1174 3238 1219 3261 131.
1261 3230 1314 3256 Vox
1329 3238 1359 3266 ες
1383 3229 1465 3255 effetis
1479 3228 1582 3260 assensi,
1600 3228 1727 3263 postridie
1745 3230 1776 3256 ad
1791 3230 1861 3264 spem
1880 3229 1939 3256 estis
1953 3230 2057 3256 inanem
2071 3230 2138 3264 pacis
2158 3230 2286 3257 deuoluti.

285 3273 316 3307 ‘st
335 3278 412 3311 igitur
427 3273 572 3310 posterioris
593 3273 751 3299 Latinitatis.
826 3270 902 3296 Plura
927 3267 984 3294 vide
1010 3269 1037 3292 in
1058 3266 1132 3293 Curis
1151 3263 1244 3298 Pasier.
1263 3263 1315 3291 Cel-

282 3311 342 3336 larii
363 3317 389 3344 p.
408 3319 470 3344 ²⁰7·
783 3340 789 3345 ι

321 3351 339 3370 D
348 3351 363 3370 E
374 3351 392 3368 v
403 3352 438 3370 in
448 3352 466 3371 G
476 3343 486 3370 ἰ’
496 3352 515 3370 N
526 3350 545 3370 o
554 3363 563 3376 ‚
578 3347 629 3369 are.
665 3340 768 3368 Paullus
782 3349 810 3366 in
823 3339 840 3365 1.
853 3339 952 3374 praeses
969 3338 1001 3364 D.
1015 3335 1047 3363 de
1056 3334 1132 3375 Officr
1146 3336 1226 3376 praes.
1243 3335 1317 3361 Prae-

288 3379 324 3404 ses
342 3388 423 3413 quum
439 3380 569 3412 cognoscit
586 3379 618 3404 de
636 3378 712 3404 seruo
731 3381 874 3409 corrupto,
893 3375 934 3401 vel
956 3373 1052 3400 ancilla
1071 3371 1251 3405 deiurginata,
1269 3377 1314 3396 etc.

291 3413 427 3448 Byukersh.
437 3414 491 3448 Obs.
507 3416 557 3440 Iur.
572 3415 640 3440 Rom.
657 3423 678 3445 1,
691 3421 717 3446 25
730 3419 758 3446 p.
773 3421 810 3437 101
833 3411 891 3446 usus
905 3408 937 3443 est
951 3417 1007 3449 poce
1022 3408 1125 3447 Petron.
1140 3415 1160 3432 c.
1175 3414 1214 3439 25.

291 3449 342 3481 gin.
356 3447 417 3474 Fab.
433 3455 469 3478 23.
537 3448 708 3483 Deuirginari
724 3446 894 3477 dicebantur,
914 3453 962 3480 qui
977 3452 1008 3470 ex
1023 3442 1131 3477 ephebis
1151 3442 1316 3474 excelsuum,

291 3488 320 3507 vt
334 3486 370 3508 aie
386 3482 491 3508 Nonius
504 3483 530 3512 6,
542 3490 570 3516 57
589 3484 617 3509 in
630 3483 752 3518 Virgines
765 3484 890 3516 utiturque
902 3478 1001 3507 auctore
1015 3478 1144 3504 Varrone.

328 3522 346 3542 ι)
355 3523 370 3541 r.
380 3523 398 3540 v
409 3524 416 3542 i
426 3524 444 3542 R
454 3523 491 3542 Gi
502 3522 521 3540 N
530 3522 551 3541 A
559 3524 594 3543 Ti
605 3524 624 3543 o
635 3538 642 3550 ,
658 3519 722 3545 onis.
759 3518 778 3544 f.
812 3516 931 3543 Scribon.
945 3515 1044 3548 Largus
1057 3511 1200 3547 Composit.
1213 3516 1238 3542 18
1255 3511 1317 3538 Pue-

292 3559 335 3579 το)
348 3551 388 3576 vel
402 3551 515 3584 virgines
529 3549 635 3577 liberari
648 3554 702 3586 post
715 3552 881 3587 complexum
895 3557 921 3577 et
934 3550 1009 3577 deuir
1029 3548 1196 3590 mationem,

330 3592 348 3611 D
357 3593 372 3611 E
381 3593 400 3610 v
412 3592 419 3609 ι
432 3592 449 3610 ιι
459 3591 497 3610 Gi
510 3591 529 3610 N
541 3592 562 3610 A
570 3591 591 3610 T
601 3593 619 3611 0
629 3594 645 3611 R
653 3606 660 3617 ,
678 3589 739 3614 oris.
776 3597 812 3614 in.
849 3587 928 3613 Gloffi
936 3587 995 3612 Vet.
1025 3584 1216 3618 ιαπαρθενιυτης.

330 3626 348 3646 D
359 3627 373 3646 E
385 3626 402 3644 V
415 3621 455 3646 ῐΤ
465 3626 483 3644 0
494 3639 501 3650 ‚
523 3623 574 3644 are.
609 3619 803 3657 [φυλαί-νημαι,
817 3623 947 3655 thracum,
960 3621 1142 3655 παραιτὲομαι]
1176 3618 1319 3648 Βῐῑὶἱησνθ,

295 3658 395 3680 euitare.
430 3654 496 3679 Ter.
510 3653 612 3680 Phorm.
633 3662 653 3685 1,
672 3665 698 3687 4,
716 3665 726 3687 3
752 3659 825 3690 Qiae
844 3667 928 3692 neque
945 3657 985 3683 vti
1005 3655 1119 3682 deuitem
1139 3653 1208 3685 scio,
1231 3660 1318 3686 neque

294 3688 429 3723 quomodo
443 3697 484 3713 nie
497 3687 556 3713 inde
569 3689 709 3714 extraham.
755 3692 827 3718 Idem
840 3694 920 3719 Andr.
934 3701 954 3725 3,
968 3700 990 3725 5,
1006 3699 1018 3724 5
1037 3689 1142 3717 Posthac
1158 3688 1318 3714 incolumem

297 3726 332 3750 sat
348 3724 400 3750 scio
413 3724 470 3749 fore
484 3732 541 3753 nie,
564 3732 631 3748 nunc
646 3723 662 3748 li
675 3723 762 3751 deuito
778 3726 826 3751 lioc
840 3728 947 3754 malum,

297 3759 351 3785 Cic.
368 3759 449 3785 Tusc.
464 3767 487 3789 2,
524 3777 530 3782 .
544 3783 548 3787 ,
567 3777 573 3783 .

297 3803 361 3820 num
375 3794 429 3819 vim
449 3792 626 3825 subterfugere
639 3793 712 3818 nullo
726 3795 803 3820 inodo
817 3802 917 3828 poterat
927 3817 935 3829 ‚
954 3796 1095 3831 procellam
1110 3794 1235 3829 temporis
1249 3792 1321 3819 deni.

297 3835 372 3855 tarct-
442 3828 564 3859 Deuioeta
584 3835 616 3851 ΠΕ
631 3827 712 3852 slmffl‘
731 3828 846 3855 &fil—>0¹¹-
867 3839 911 3861 199
982 3833 1109 3858 Dolorem
1127 3830 1244 3856 deuitare
1267 3828 1322 3854 Cic.

299 3864 379 3889 Tusc.
396 3872 420 3894 2,
433 3866 462 3888 62
483 3871 504 3888 c.
519 3864 557 3888 26.
628 3862 823 3889 Incommodum
842 3864 912 3889 Idem
928 3865 959 3890 de
972 3868 1072 3893 lnuent.
1088 3875 1111 3898 2,
1146 3885 1153 3892 .
1263 3864 1322 3890 Exi-

299 3907 377 3931 guum
391 3898 493 3924 censum
502 3917 510 3928 ,
530 3903 683 3931 turpemque
696 3897 822 3929 repulsam
834 3898 952 3924 deuitare
965 3902 1056 3933 animi,
1072 3901 1216 3936 capitisque
1229 3899 1321 3926 labore

299 3933 390 3959 Horat.
405 3933 478 3966 Epist.
493 3941 512 3961 1,
526 3941 552 3963 1,
569 3940 614 3965 44.

297 3967 403 3995 videro,
423 3967 563 3993 deuitatuin
584 3967 607 3992 sc
621 3974 635 3993 a
649 3974 690 3991 nie
705 3971 783 4000 putet.

1003 3728 1043 3754 Sic
1062 3725 1186 3751 Deuitare
1205 3728 1319 3749 mortem

855 3968 995 4001 Deuitare,
1014 3970 1095 3996 Valde
1109 3971 1208 4001 vitare,
1224 3970 1320 3997 Festum

1262 3407 1316 3437 Hy·
1333 3419 1368 3444 90

1375 2746 1440 2763 vere.
1475 2737 1608 2763 Columel.
1622 2746 1642 2769 i,
1656 2746 1670 2769 5
1691 2737 1769 2767 Huic,
1779 2737 1901 2769 proxima
1920 2737 2003 2762 fluens
2021 2745 2089 2770 aqua
2108 2746 2123 2763 e
2139 2737 2274 2763 montibus
2293 2736 2418 2768 oriunda,

1376 2779 1442 2804 quae
1456 2779 1502 2803 per
1515 2771 1573 2796 saxa
1588 2779 1707 2805 praeceps
1721 2771 1882 2796 deuoluitur.
1924 2770 1992 2796 Add.
2007 2771 2081 2797 Curt.
2097 2779 2119 2805 5,
2132 2780 2155 2804 3,
2168 2780 2187 2798 1.
2252 2771 2417 2806 Auratasque

1375 2804 1478 2835 trabes,
1496 2811 1617 2830 veterum
1629 2805 1724 2831 decora
1740 2805 1791 2830 alta
1806 2810 1961 2838 parentum,
1982 2805 2128 2833 deuoluunt
2145 2807 2218 2839 virg.
2233 2806 2297 2833 Aen.
2313 2814 2338 2838 2,
2352 2811 2416 2841 448.

1376 2840 1497 2874 Corpora
1510 2839 1656 2865 deuoluunt
1673 2839 1702 2865 in
1715 2839 1828 2865 humum
1843 2840 1923 2867 Ouid.
1933 2841 1998 2867 Met.
2006 2849 2033 2875 7,
2048 2849 2097 2876 574
2116 2840 2145 2867 de
2152 2841 2228 2876 peste.
2278 2842 2356 2869 Pensa
2375 2842 2418 2868 de-

1376 2874 1486 2900 volucre
1500 2873 1561 2900 fusis
1574 2874 1670 2908 virgil.
1683 2875 1779 2909 Georg.
1793 2884 1821 2908 4,
1835 2884 1894 2910 349.
1920 2879 1939 2903 i.
1951 2875 1977 2910 fi

1977 2877 2002 2902 la
2015 2878 2067 2903 colo
2085 2875 2181 2903 ducere.
2216 2878 2285 2903 Hinc
2299 2877 2418 2905 Voluere

1376 2916 1400 2936 et
1414 2909 1543 2936 Euoluere
1558 2910 1694 2935 Parcarum
1713 2916 1788 2945 opus,
1808 2920 1833 2936 υ.
1847 2920 1874 2937 υ.
1945 2911 2040 2938 Horat.
2053 2911 2104 2938 Od.
2118 2922 2150 2946 4,
2170 2920 2194 2944 2,
2213 2920 2230 2945 9
2257 2911 2286 2938 de
2299 2912 2419 2945 Pindaro,

1376 2945 1426 2971 Seu
1440 2954 1485 2979 per
1497 2944 1605 2971 audaces
1625 2954 1695 2971 noua
1714 2945 1895 2978 dithyrambos
1932 2945 2020 2973 Verba
2039 2946 2168 2973 deuoluit.
2245 2948 2313 2974 Plin.
2326 2955 2369 2983 27,
2391 2956 2419 2976 12

1378 2981 1463 3006 Datur
1475 2986 1500 3006 et
1514 2979 1651 3006 decoctum
1664 2981 1720 3007 eius
1733 2981 1877 3008 bibendum
1892 2981 1993 3016 duplici
2008 2983 2128 3008 mensura
2141 2981 2173 3009 ad
2185 2988 2269 3017 rupta,
2282 2984 2419 3016 conuulsa,

1378 3015 1507 3048 contusis,
1520 3024 1551 3042 ex
1566 3015 1673 3042 sublimi
1688 3016 1829 3043 deuolutis.
1883 3017 2003 3044 Iumenta
2018 3026 2077 3044 cum
2091 3017 2217 3044 oneribus
2230 3019 2323 3045 ruinae
2336 3019 2418 3046 modo

1760 3049 1909 3078 Deuolutus
1922 3058 2012 3079 monte
2024 3053 2163 3087 praecipiti
2174 3059 2277 3081 torrens
2291 3054 2363 3082 idem
2376 3060 2419 3087 28,

1381 3089 1405 3113 6.
1462 3088 1509 3113 Per
1522 3088 1724 3113 translationem:
1745 3087 1804 3114 Liu.
1820 3096 1839 3119 i,
1852 3094 1889 3122 47
1915 3089 2014 3115 Facess'e
2027 3088 2088 3115 hinc
2102 3089 2289 3123 Tarquinios,
2307 3096 2352 3116 aut
2366 3090 2419 3117 Co-

1380 3122 1499 3149 rinthum
1512 3132 1518 3148 t
1543 3122 1687 3148 deuoluere
1709 3129 1781 3149 retro
1803 3123 1835 3149 ad
1858 3123 1982 3157 stirpem,
2005 3124 2083 3150 fratri
2106 3124 2219 3150 similior
2238 3133 2316 3159 quam
2338 3125 2418 3160 patri.

1382 3160 1529 3193 Imperatiui
1547 3158 1612 3184 modi
1630 3156 1671 3190 est.
1743 3158 1870 3185 Deluolui
1887 3159 1919 3185 ad
1941 3159 2028 3186 otiuni
2045 3165 2071 3186 et
2091 3159 2214 3186 inertiam
2236 3159 2370 3186 Columel.
2390 3160 2421 3188 in

1381 3194 1502 3220 Prooem.
1521 3202 1540 3219 1.
1613 3193 1668 3219 Cic.
1682 3192 1795 3228 Philipp.
1811 3201 1837 3228 7,
1861 3202 1884 3226 13
1909 3203 1929 3220 c.
1944 3203 1962 3227 4
1988 3194 2041 3221 Cui
2060 3203 2143 3230 quum
2162 3194 2248 3228 pridie
2269 3195 2422 3258 frequelnten

2381 3240 2420 3258 iu.

1385 3271 1407 3296 5,
1423 3273 1444 3290 ii
1469 3265 1499 3290 Et
1512 3272 1544 3290 eo
1557 3264 1666 3290 deuolui
1681 3273 1753 3296 rem,
1770 3270 1799 3292 vt
1812 3271 1857 3291 aut
1871 3265 1995 3298 Patricii,
2013 3270 2057 3291 aut
2070 3264 2244 3292 Patricioruni
2258 3266 2362 3294 asseclae
2377 3266 2423 3293 ha·

1383 3299 1464 3325 bendi
1475 3299 1597 3326 Tribuni
1611 3299 1693 3333 plebis
1709 3299 1766 3326 sint.
1837 3301 1868 3326 Et
1880 3303 1993 3336 quoniam
2006 3298 2101 3336 exsefta
2108 3300 2247 3335 procidunt
2259 3308 2282 3327 et
2294 3301 2422 3328 deuoluun-

1384 3341 1442 3366 tur,
1464 3335 1520 3360 inde
1539 3334 1689 3361 Deuoluere
1709 3335 1807 3362 Catull.
1821 3341 1870 3370 pro
1884 3335 2016 3370 Exfi’care,
2036 3337 2082 3368 64,
2094 3343 2113 3367 4
2143 3335 2295 3363 Stimulatus
2314 3336 2361 3363 vbi
2381 3336 2423 3362 fu-

1384 3375 1458 3397 rente
1471 3369 1544 3396 rabie
1557 3379 1636 3404 vagus
1649 3370 1733 3396 animi
1769 3370 1897 3396 Deuoluit
1912 3370 1956 3397 illa
1969 3376 2043 3396 acuta
2056 3369 2104 3396 fibi
2117 3371 2234 3405 pondera
2246 3371 2324 3398 filice.

1422 3412 1439 3431 D
1449 3411 1465 3431 E
1474 3411 1493 3430 V
1503 3412 1521 3431 o
1531 3412 1546 3430 L
1555 3405 1575 3431 x?
1584 3412 1605 3431 Τ
1615 3411 1657 3432 vs
1666 3426 1674 3437 ‚
1693 3414 1718 3437 a,
1737 3414 1792 3432 uni.
1828 3406 1920 3432 Partic.
1956 3405 2065 3432 Phaedr.
2078 3413 2100 3438 5,
2115 3411 2138 3438 8,
2154 3415 2182 3438 23
2207 3407 2339 3434 Deuoluta
2351 3405 2421 3434 toni-

1384 3445 1459 3470 trua,
1476 3439 1504 3466 de
1518 3440 1640 3466 machinis
1646 3441 1763 3476 scenicis.
1819 3441 1916 3467 Catull.
1929 3442 1979 3472 60,
1993 3448 2020 3473 4.
2056 3441 2114 3467 Scn.
2130 3442 2259 3469 Controu.
2271 3450 2296 3474 9.
2412 3453 2414 3457 ⁷

1422 3482 1440 3502 D
1450 3481 1494 3501 cv
1504 3480 1525 3535 (pl
1535 3481 1559 3500 M
1569 3482 1588 3501 0
1597 3495 1606 3507 ‚
1623 3476 1676 3502 ere.
1711 3477 1746 3502 Vt
1759 3475 1882 3502 deuomas
1891 3495 1900 3508 ,
1920 3475 1993 3508 vult,
2012 3476 2085 3510 quod
2098 3477 2165 3504 foris
2177 3476 2309 3513 potaueris
2322 3476 2419 3504 Caecil.

1383 3510 1452 3547 apud
1467 3511 1505 3536 Ge
1529 3530 1533 3535 .
1549 3518 1571 3542 2,
1586 3519 1621 3542 23-
2203 3516 2205 3519 '

1423 3551 1441 3572 D
1450 3553 1467 3572 E
1478 3552 1498 3571 V
1508 3543 1527 3571 ὅ
1538 3552 1555 3571 R
1565 3552 1583 3571 Ο
1592 3565 1600 3577 ,
1619 3549 1670 3571 ire.
1706 3545 1878 3579 [καταφάγω,
1897 3546 2038 3580 καταπίνω]

2075 3546 2158 3574 Cibum
2174 3556 2220 3573 non
2233 3544 2355 3582 gustatum
2367 3548 2422 3584 glu—

1334 3589 1366 3615 95
1386 3584 1450 3613 tire,
1472 3580 1594 3606 interdum
1607 3579 1859 3620 glutireji'mpltciter.
1894 3580 1961 3607 Cato
1974 3580 2005 3606 de
2020 3582 2091 3608 R.R.
2110 3592 2131 3609 c.
2141 3587 2173 3617 78
2193 3582 2242 3608 Bos
2255 3581 2272 3607 si
2286 3589 2422 3617 aegrotare

1388 3616 1522 3650 coeperit,
1539 3615 1600 3641 dato
1619 3616 1747 3642 continuo
1767 3624 1791 3642 ei
1805 3624 1886 3642 vnum
1904 3625 1986 3642 ouum
2006 3617 2191 3650 gallinaceum,
2210 3616 2335 3650 crudum,
2356 3619 2423 3644 inte-

1387 3661 1464 3687 grum
1479 3651 1560 3677 facito
1574 3650 1692 3676 deuoret.
1748 3652 1785 3677 De
1799 3650 1996 3677 medicamentis
2011 3653 2128 3679 exhibitis
2135 3651 2235 3687 saqu'us
2246 3659 2286 3687 ap.
2301 3653 2422 3681 Scribon.

1388 3694 1434 3720 vt,
1453 3692 1490 3720 83.
1505 3689 1554 3713 116.
1571 3693 1610 3719 155
1626 3692 1671 3711 etc.
1726 3685 1947 3713 Medicamentum
1969 3687 2098 3714 deuorare
2117 3691 2157 3720 87,
2169 3694 2214 3718 94-
2269 3688 2324 3714 Mel
2343 3689 2425 3714 deuo-

1389 3729 1475 3749 ratum
1496 3727 1547 3754 198.
1603 3720 1718 3747 Pastillus
1736 3721 1900 3747 deuorandus
1923 3724 1972 3754 165.
2041 3720 2172 3749 stomachi
2185 3726 2268 3755 partes
2282 3731 2342 3755 eae,
2354 3731 2422 3757 quae

641 3757 713 3783 Idem
727 3760 782 3785 Aci.
795 3760 822 3785 in
835 3762 909 3788 Verr.
925 3769 937 3793 8
961 3772 982 3789 c.
997 3770 1008 3794 3
1036 3762 1070 3787 Vt
1086 3760 1212 3795 quoniam
1232 3757 1319 3784 crimi-
1332 3763 1378 3781 100
1390 3759 1449 3784 sunt
1462 3757 1532 3783 infra
1546 3756 1590 3788 id,
1614 3755 1685 3790 quod
1699 3755 1860 3789 deuoratur,
1878 3757 2041 3784 dilatantur:
2064 3764 2128 3791 quae
2146 3763 2234 3782 autem
2251 3758 2341 3791 supra,
2363 3766 2424 3784 con-

1390 3792 1530 3819 trahuntur
1544 3791 1598 3817 Cic.
1608 3790 1639 3817 de
1647 3791 1743 3817 Natur.
1751 3791 1830 3817 Deor.
1844 3800 1861 3817 2
1879 3802 1900 3818 c.
1917 3802 1958 3826 54.
2028 3792 2058 3818 In
2075 3790 2186 3817 macello
2205 3792 2333 3826 perstare,
2351 3793 2424 3828 quod

1392 3836 1482 3854 emere.
1493 3835 1546 3853 non
1560 3832 1678 3860 poterat,
1696 3826 1780 3852 oculis
1799 3825 1926 3854 deuorare
1946 3827 2033 3854 lustin.
2047 3834 2085 3858 21,
2099 3834 2118 3852 1.
2177 3829 2217 3853 Sic
2230 3836 2299 3859 mox,
2320 3829 2368 3862 Spe
2381 3829 2424 3855 he-

1390 3863 1530 3890 reditatem
1549 3869 1572 3887 ee
1585 3862 1696 3887 lucrum.
1767 3862 1810 3887 Ad
1825 3864 1874 3888 alm
1889 3863 2059 3898 transfertur:
2084 3867 2114 3897 sut
2134 3861 2189 3887 Cic.
2205 3863 2280 3889 Verr.
2297 3872 2320 3895 3,
2334 3871 2380 3900 177
2403 3872 2425 3890 c.

1392 3901 1427 3932 76
1451 3899 1585 3924 Deuorare
1606 3905 1710 3923 omnem
1732 3899 1868 3931 pecuniam
1886 3907 1940 3924 non
1959 3895 2106 3928 dubitauit,
2130 3899 2148 3922 i.
2167 3898 2279 3923 celeriter
2296 3900 2425 3935 absumere.

721 3931 775 3957 Cic.
790 3934 842 3958 Att.
855 3942 885 3965 9,
900 3941 916 3967 7
942 3934 969 3959 Si
987 3944 1031 3961 nec
1048 3936 1106 3968 hic,
1123 3945 1169 3962 nec
1186 3936 1242 3962 illic
1260 3943 1321 3960 cum
1337 3941 1379 3967 105
1393 3934 1448 3960 Cic.
1463 3934 1535 3961 Fam.
1551 3940 1584 3965 ιι,
1599 3941 1628 3959 21
1652 3932 1788 3967 Segulium
1806 3934 1985 3972 negligamus,
2004 3931 2053 3965 qui
2069 3939 2111 3958 res
2129 3940 2210 3959 nouas
2225 3940 2348 3968 quaerit:
2371 3942 2425 3960 non

2371 3977 2425 4003 quo
