2479 4225
0 0 11 9 ,-
24 0 91 38 W...
108 3 109 6 ,

44 43 62 85 h.
102 43 112 62 ι,

48 176 133 216 1017
473 161 490 200 1
571 163 620 203 Μ
697 162 727 203 Ρ

49 258 153 283 natura,
169 249 236 278 nihil
250 250 298 276 esse
310 251 465 286 prosperum
485 250 533 277 nifi
546 251 724 287 voluptatem,
744 249 812 277 nihil
825 248 1018 284 improspcrum
1033 248 1080 274 nisi

5 302 8 321 ς
50 288 176 316 dolorem.
210 287 267 312 Alii
278 287 375 322 legunt,
395 286 472 312 Nihil
487 288 616 322 asperum.
670 287 760 313 Tacit.
774 287 841 312 Ann.
855 293 883 317 3,
896 292 945 316 24,
958 292 972 309 z
995 284 1082 324 Augu-

4 338 10 380 ¹«
47 321 295 393 gzrtl‘pni-'tipaiglgpmi
313 321 477 358 improspera
495 322 555 349 fuit.
623 321 663 348 Id.
679 331 720 355 14,
737 324 777 355 65,
795 330 812 348 2
840 319 1005 354 improspera
1023 322 1081 345 iuti-

48 429 101 456 vbi
113 427 176 462 quid
190 435 328 464 perperam
343 427 552 454 administratum
565 428 664 455 cesserit
678 428 855 464 improspere,
875 424 989 457 vitatur,
1009 426 1080 460 quod

6 490 7 493 ,
47 463 185 497 fefellerat.
221 463 289 489 Tac.
304 464 371 490 Ann.
386 472 407 496 i,
420 469 444 496 8,
461 468 487 498 7.

83 519 149 540 1Mi’
160 518 180 539 iz
191 519 210 540 o
219 520 231 540 s
240 519 272 538 121
285 518 302 539 c
312 519 400 548 vvs,
418 522 442 546 a,
462 522 516 542 um.
551 513 612 540 Adi.
646 513 835 548 ἐκερίβλιπτος,
854 509 934 536 Gloss‘.
949 511 994 537 Gr.
1004 511 1059 538 Lat.

32 560 36 564 ’
60 580 63 585 ι
81 571 92 591 1
100 570 125 590 M
135 571 149 590 P
158 570 177 590 R
187 569 206 590 ο
215 571 228 590 s
237 571 252 590 P
260 571 276 590 E
285 571 302 590 c
310 571 331 591 T
341 571 361 591 v
370 572 382 591 s
391 584 400 596 ,
418 573 442 596 a,
457 573 512 590 um.
549 564 610 591 Adi.
646 565 706 597 Qua
719 560 873 589 liberrimus
886 560 967 588 Aetna
984 562 1080 598 impro-

44 599 146 636 specius
161 598 217 625 hiat
237 599 324 626 Seuer.
336 600 365 626 in
378 601 459 626 Aetna
475 609 502 637 y.
516 607 570 633 34¹-

82 644 91 666 1
102 647 126 666 M
136 647 150 666 Ρ
160 647 179 666 R
189 646 208 666 o
217 647 230 667 s
240 647 254 666 Ρ
265 647 281 667 13
290 646 307 668 c
318 647 340 668 'r
349 647 366 668 Ε
375 661 381 668 .
417 639 486 667 Adu.
522 640 588 667 Satis
607 637 781 675 improspecte
800 636 919 664 Tertull.
940 637 972 663 de
986 638 1081 665 Anima

44 684 66 702 t.
78 683 119 707 24.
137 675 282 710 Improm‘de.

83 717 92 735 i
104 716 129 736 Μ
145 717 158 736 Ρ
171 718 188 737 R
199 717 218 737 o
227 718 248 738 T
257 718 274 738 13
283 718 300 738 C
309 717 330 737 T
343 717 364 737 V
374 718 402 743 S,
422 720 454 745 a,
481 720 533 738 um.
569 709 629 737 Adi.
664 710 832 744 [danorum]
871 709 927 734 Nou
943 707 1080 743 protcHus,

41 788 198 816 imparatis,
216 782 434 817 improtefflsque
454 782 532 809 nobis
550 781 698 808 oboriatur.
734 780 807 817 Cous.
821 778 860 806 Id.
876 788 897 805 c.
913 787 949 813 17.
973 786 996 805 ct
1013 788 1038 814 7,
1058 788 1079 812 3.

44 823 69 843 ει
82 817 214 843 Ammian.
231 826 266 850 21,
281 826 313 848 ις.
338 824 361 844 et
373 820 417 850 26,
432 822 453 847 8.

84 858 93 877 l
108 858 131 878 M
144 859 159 878 i>
169 859 186 879 R
197 859 245 879 OV
257 851 296 880 i'D
306 860 365 885 VS,
384 861 407 885 a,
425 861 480 879 um.
513 850 574 878 Adi.
609 851 787 885 [οῗπρονὸητσς]
823 851 955 882 Ina-auius,
974 853 1016 885 qui
1030 860 1080 876 uon

40 888 185 922 pracuidet,
204 888 268 923 quod
277 889 396 924 futurum
408 886 450 921 est.
492 888 548 914 Cic.
562 896 612 923 pro
624 887 711 921 Ligar.
728 894 756 921 17
775 895 796 912 c.
809 894 822 918 ς
848 885 984 912 Necess'itas
1004 895 1079 920 quac·

44 964 75 984 vt
94 958 270 994 improuidos,
291 965 461 993 incauto-sque
475 959 600 985 vniuerso
612 958 686 984 timul
700 957 781 984 effiiso
794 962 895 983 terrore
910 964 1079 991 opprimeret,

45 1000 89 1020 otc.
161 994 271 1021 Consilii
289 994 456 1031 improuidus
468 994 559 1021 Tacit.
574 993 640 1020 Hist.
655 1002 676 1026 3,
691 995 730 1026 56.
801 992 894 1019 Futuri
914 993 1078 1028 improuidus

43 1028 84 1055 1d.
99 1029 165 1055 Hist.
180 1038 198 1060 i,
212 1034 249 1061 88,
263 1037 286 1062 ς.
357 1030 423 1056 Mali
439 1029 513 1056 rudis
532 1035 557 1056 et
573 1028 739 1064 improuidus
754 1027 820 1054 Plin.
836 1030 874 1060 36,
888 1036 909 1059 3.
977 1029 1078 1063 Impro-

0 1075 2 1086 ·
43 1063 122 1090 vidus
135 1064 220 1091 futuri
232 1064 381 1092 certaminis
397 1066 528 1092 Romanus
541 1064 664 1091 veniebat
676 1064 736 1090 Liu.
749 1065 793 1095 26,
807 1071 832 1095 9.
884 1063 988 1090 Pcc‘tora
1004 1065 1077 1098 Virg.

43 1099 108 1126 Aen.
123 1108 146 1132 2,
159 1108 216 1126 200.
1065 1102 1068 1106 '

6 1136 7 1139 ’
42 1133 132 1160 dentur
151 1135 216 1161 Plin.
227 1135 306 1170 Epist.
320 1145 349 1168 4,
362 1145 398 1162 22.

40 1167 118 1195 vidae
131 1170 218 1196 noblis
231 1171 343 1205 caligine
355 1170 471 1199 liberati.

39 1210 129 1239 ceptus
148 1205 268 1239 caligine.

64 1245 86 1275 4
98 1245 121 1264 M
132 1245 173 1266 rr.
184 1247 203 1267 o
215 1240 257 1268 vf
265 1247 284 1267 D
295 1247 329 1268 B.
364 1241 431 1268 Adu.
466 1240 647 1276 [ἀπρονοήτως]
689 1242 791 1267 incaute
810 1247 834 1267 et
853 1242 922 1267 clam.
960 1241 1019 1267 Liu.
1035 1249 1078 1276 27,

467 1135 544 1172 Apul.
558 1136 622 1161 Met.
636 1143 651 1161 2
670 1141 734 1161 extr.
758 1142 784 1169 p.
798 1139 849 1165 128,
861 1139 888 1165 38
913 1135 963 1160 Vix
980 1136 1078 1170 impro-

525 1171 556 1197 Et
569 1178 582 1202 3
602 1178 627 1205 p.
642 1177 694 1205 137,
706 1177 732 1197 21
754 1169 923 1204 Improuidae
936 1171 1020 1197 nociis
1035 1170 1078 1197 dc-

37 1318 164 1343 gamque‚
186 1316 211 1338 et
232 1318 317 1339 totam
334 1321 416 1348 paene
435 1311 637 1347 Rempublicam
657 1312 687 1338 in
706 1320 828 1348 praeceps
847 1311 960 1339 dederat.

38 1344 171 1374 Columel.
191 1349 217 1380 6,
237 1349 273 1374 16.

33 1404 38 1411 .
58 1414 64 1419 .
76 1386 85 1405 1
95 1387 120 1408 M
130 1387 144 1406 Ρ
153 1388 172 1408 R
183 1389 202 1409 o
214 1388 235 1407 ν
248 1389 258 1409 1
268 1388 314 1409 DE
324 1388 346 1407 N
355 1389 376 1409 T
385 1388 395 1408 1
405 1389 444 1415 A,
462 1391 503 1409 ae.
527 1382 549 1410 f.
585 1382 704 1410 Tertull.
718 1382 779 1410 adu.
792 1383 874 1410 Marc.
887 1391 912 1416 2,
924 1391 954 1415 23
977 1383 1078 1417 Impro-

35 1414 154 1443 videntia
168 1417 305 1444 sententias
317 1423 429 1444 vertere.

18 1454 21 1474 J
73 1457 83 1476 1
93 1458 117 1477 M
130 1457 145 1477 Ρ
155 1459 173 1478 R
183 1459 202 1479 o
212 1459 231 1478 v
243 1454 305 1480 ἵεν
315 1460 343 1485 s,
371 1461 402 1486 a,
423 1462 477 1480 um.
514 1451 576 1479 Adi.
611 1453 668 1480 Cic.
681 1453 759 1479 Acad.
775 1461 801 1486 i,
819 1462 852 1486 29
876 1454 1076 1488 Nonnunquam

22 1486 145 1521 'quidem
163 1487 272 1514 eandem
287 1488 441 1520 fortunam,
465 1488 538 1528 quod
554 1486 649 1518 efficiat
669 1488 751 1515 multa
769 1489 913 1524 improuisa
932 1488 1010 1521 haec,
1030 1498 1076 1515 nec

34 1521 141 1557 opinata
156 1523 242 1554 nobis,
257 1530 366 1558 propter
379 1524 565 1550 obscuritatem
577 1524 826 1559 ignorationemque
837 1526 981 1551 causarum.
1019 1524 1076 1551 No-

31 1565 67 1589 va
81 1566 121 1583 res
140 1563 215 1593 atque
228 1559 374 1593 improuisa
387 1558 483 1594 pupilli
498 1558 630 1585 calamitas
648 1559 799 1592 nuntiatur,
818 1566 864 1586 etc.
894 1560 949 1586 Cic.
964 1561 1040 1586 Verr.
1057 1568 1076 1591 1,

33 1600 83 1625 133.
120 1593 193 1629 Conf.
214 1594 252 1621 Id.
267 1593 299 1620 de
314 1595 388 1620 Orat.
405 1603 415 1620 1
442 1603 463 1620 c.
481 1602 516 1620 22.
607 1594 654 1621 Vis
673 1594 819 1630 improuisa
838 1595 886 1621 leti
904 1596 972 1633 Hor,
986 1596 1074 1622 Carm.

1002 1312 1077 1348 Conf-

35 1636 61 1659 2,
76 1636 108 1660 13,
122 1636 159 1661 19.

33 1663 150 1697 viorque
169 1663 245 1698 pestis
263 1665 325 1691 fuit.

72 1705 82 1723 1
92 1705 115 1724 Μ
129 1706 142 1724 Ρ
154 1705 173 1725 R
181 1706 200 1725 O
209 1706 229 1724 v
239 1701 253 1726 1'
261 1707 308 1727 SE.
338 1699 405 1726 Adu.
432 1699 446 1734 [
452 1701 479 1725 ἐκ
490 1699 523 1726 r}
535 1698 647 1734 οἷφανές]
679 1701 715 1726 Ex
727 1701 858 1736 improuiso
866 1722 875 1734 ‚
889 1702 925 1727 Ex
937 1704 1075 1736 inopinato.

32 1732 115 1759 Plaut.
129 1734 215 1761 Truc.
230 1744 256 1767 2,
270 1743 297 1770 7,
309 1743 321 1767 3
347 1736 403 1769 Qu
418 1741 497 1768 amat,
516 1736 627 1770 nequit,
647 1735 713 1770 quin
728 1736 809 1762 nihili
823 1736 863 1769 lit,
882 1743 961 1771 atque
977 1738 1075 1771 impro-

33 1768 89 1794 vise
103 1769 220 1803 partibus
233 1771 359 1805 expoliet.
396 1770 515 1797 Tertull.
528 1771 587 1798 adu.
602 1772 683 1796 Marc.
697 1780 722 1803 2,
738 1780 772 1798 12.
965 1776 974 1792 ¹

68 1810 111 1829 1M
122 1810 137 1830 i>
148 1811 167 1829 R
177 1811 305 1832 OVISO.
340 1805 408 1832 Adu.
445 1806 520 1832 Idem.
555 1806 612 1831 Cic.
628 1805 696 1831 Phil.
710 1814 747 1838 12,
759 1815 771 1837 3
796 1806 851 1831 Cur
864 1804 916 1830 hoe
933 1806 1073 1839 tempore?
1090 1815 1125 1841 45
1138 1810 1244 1840 Suqton,
1257 1807 1364 1841 August.
1386 1816 1407 1833 c.
1423 1816 1460 1838 {4-
1496 1813 1519 1830 et
1539 1804 1629 1831 lustin.
1642 1811 1664 1835 8,
1683 1808 1708 1835 6,
1725 1811 1747 1834 8.
1773 1815 1826 1831 cum
1843 1808 1904 1833 Not.
1917 1809 2032 1836 Bernecc,

31 1846 78 1864 cur
91 1844 142 1864 tam
157 1839 322 1875 improuiso?
351 1849 397 1867 cur
415 1845 467 1865 tam
488 1845 595 1874 repente
615 1840 684 1874 pacis
705 1840 740 1865 est
752 1839 821 1865 faCta
833 1839 951 1864 mentio?
1022 1840 1073 1864 Im—

31 1873 141 1908 prouiso
155 1873 182 1899 id
196 1875 294 1901 fecerat
307 1874 366 1901 Liu.
378 1881 424 1908 27,
437 1881 476 1904 28·
548 1874 699 1908 Improuiso
719 1873 816 1899 accessit
835 1873 907 1899 aliud
924 1873 1073 1899 incommo-

30 1907 95 1935 dum
113 1909 185 1935 Caes.
199 1909 263 1936 Bell.
276 1910 337 1936 Ciu.
350 1918 373 1942 3,
386 1918 427 1942 70.
496 1909 647 1945 improuiso
660 1909 781 1944 oppressit
799 1914 940 1941 tyrannum
953 1909 1009 1935 Cic.
1017 1908 1070 1935 Off.

29 1951 55 1975 2,
68 1949 91 1974 81
115 1953 137 1970 c.
156 1953 192 1976 23.
262 1946 301 1971 De
319 1944 483 1980 improuiso,
510 1952 534 1971 et
551 1946 588 1972 Ex
610 1945 760 1979 improuiso
780 1944 860 1970 Plaut.
876 1944 944 1970 Rud.
957 1953 985 1977 4,
1006 1953 1029 1976 ς,
1048 1953 1070 1969 2.

32 1979 101 2006 Ter.
117 1980 198 2006 Andr.
212 1988 238 2011 2,
253 1989 276 2012 2,
291 1989 326 2012 23.
363 1987 387 2007 ει
405 1989 429 2012 2,
442 1988 465 2012 ς,
483 1982 508 2005 6.

31 2014 108 2041 Verr.
124 2025 129 2040 ι
150 2024 170 2041 c.
185 2024 226 2048 43.
263 2015 316 2042 vid.
339 2021 383 2041 DE
405 2021 428 2041 et
444 2022 498 2042 Ex.

50 2065 51 2070 =
68 2057 78 2076 1
89 2056 114 2076 M
124 2057 138 2076 Ρ
147 2057 166 2077 R
178 2052 197 2077 x?
207 2057 225 2076 D
234 2057 252 2077 E
260 2058 282 2077 N
291 2058 305 2078 s
313 2070 322 2082 ,
346 2051 422 2076 entis.
463 2049 524 2076 Adi.
561 2047 678 2085 [ἄφρωῃ
693 2048 798 2083 οἷγνσῖἆν]
851 2049 910 2075 Non
927 2047 1072 2084 prouidens,

29 2085 152 2120 insciens,
170 2089 223 2118 ita,
242 2093 271 2112 vc
285 2085 408 2113 interdum
420 2085 449 2112 de
463 2086 600 2113 hominibus
611 2085 680 2121 [ατί]-
699 2087 780 2112 cautis
794 2091 818 2111 et
831 2083 949 2120 prouidls
961 2083 1071 2116 dicatur,

24 2120 73 2158 sed
89 2123 133 2156 qui
150 2124 279 2158 ignorent,
298 2121 363 2157 quod
373 2121 441 2157 scire
459 2131 507 2147 non
521 2120 621 2156 pqffimt
634 2131 644 2150 ;
669 2120 793 2147 interdum
813 2119 842 2146 de
861 2120 916 2151 his,
939 2122 981 2154 qui
999 2120 1072 2153 culpa

41 2165 72 2183 ua
89 2156 154 2191 quod
166 2163 286 2192 poterant
304 2164 327 2184 et
345 2157 461 2183 debebant
474 2157 558 2192 scire,
575 2155 694 2191 nesciunt.

49 2200 81 2218 to
95 2193 170 2223 Rose.
188 2193 276 2220 Amet.
292 2201 315 2218 21
340 2194 412 2219 Haec
428 2192 533 2223 onmia,
550 2191 668 2223 Iudices,
686 2189 854 2225 imprudente
868 2189 898 2214 L.
914 2188 983 2214 Sulla
1000 2188 1070 2213 faeta

47 2227 80 2253 sse
98 2234 170 2254 certo
183 2229 245 2254 scio.
287 2228 361 2264 Conf.
381 2227 419 2254 Id.
433 2229 511 2254 Verr.
525 2235 544 2259 4
564 2235 585 2252 c.
600 2235 640 2259 ²4·
710 2225 803 2258 Nepos
823 2231 859 2257 17,
873 2231 897 2254 2,
917 2231 930 2248 2
956 2224 1020 2255 Qio
1033 2222 1071 2248 fa-

30 2262 102 2289 &mn
117 2263 166 2293 cst,
187 2269 214 2290 vt
228 2271 319 2290 omnes
338 2264 480 2298 imparatos
493 2260 724 2295 imprudentesque
741 2258 895 2285 offenderet.
967 2258 1068 2293 Impru-

28 2297 106 2324 dente
125 2304 204 2332 atque
217 2299 371 2333 inopinante
383 2298 502 2324 Curione
513 2296 584 2322 Caes.
598 2296 626 2322 B.
640 2296 670 2321 C.
683 2303 711 2327 2,
723 2303 743 2326 3.
846 2293 915 2320 Ter.
928 2293 993 2319 Hec.
1007 2301 1030 2326 ς,
1043 2301 1071 2326 4,

18 2156 48 2266 W&

83 399 175 421 imre.
185 397 204 418 o
215 399 227 418 s
239 397 254 418 Ρ
266 389 312 418 ἐκ
323 399 349 418 E.
386 391 454 419 Adu.
489 389 660 428 [δυσημέρως]
680 394 753 432 *Non
762 390 884 428 prospere.
921 388 1024 415 Colum.
1040 399 1056 419 1,
1071 399 1079 416 1
1105 398 1119 424 5

1099 578 1128 597 ιο
1145 570 1212 595 nihil
1228 569 1323 604 pudet,
1346 569 1537 609 inuerecundus,
1559 570 1700 604 prrsrrflae
1717 572 1827 606 frontis.

45 755 94 786 ῃοη
113 745 235 786 dgfejtfiif.
273 747 340 774 Geli.
354 755 387 779 13,
402 749 436 774 26
455 747 498 773 Ne
512 755 563 780 qua
576 746 604 772 in
616 753 644 772 re
658 745 766 772 aduersa
783 750 808 771 et
821 743 955 778 repemina
969 744 1080 771 incursio
1101 753 1126 779 ις
1146 748 1199 773 Att.
1214 755 1240 781 7,
1257 756 1280 773 2.
1317 746 1385 773 Add.
1398 746 1436 772 ld.
1450 755 1498 780 pro
1513 746 1616 773 Cluent.
1637 756 1658 772 c.
1674 751 1707 777 18.

295 1096 463 1135 ¹Improuida
481 1101 534 1126 tela
551 1106 576 1126 et
596 1107 685 1132 caeca,
699 1098 810 1134 paffiue:
837 1099 905 1133 Quae
922 1108 968 1124 non
979 1106 1078 1134 praem-
1095 1115 1126 1141 25
1143 1102 1199 1129 vin.
1220 1110 1246 1133 1,
1282 1120 1288 1127 .

39 1280 75 1308 27
109 1273 205 1310 Neque
226 1285 276 1312 pro
295 1278 391 1304 veteris
416 1276 555 1312 prudentia
574 1276 648 1303 ducis
662 1295 669 1308 ‚
698 1283 751 1303 tam
774 1276 926 1311 improuide
944 1277 970 1303 se
991 1277 1078 1303 Colle·
1093 1293 1125 1317 30

1094 1470 1122 1495 ὃς
1141 1455 1284 1483 dentissinie
1302 1456 1435 1492 postulare
1455 1456 1511 1483 Cic.
1526 1455 1578 1482 Off.
1595 1464 1613 1488 i,
1626 1460 1662 1486 88.

265 1630 406 1664 Comparat,
441 1629 587 1656 Tac.Ann.
603 1638 626 1663 2,
641 1637 709 1665 47,i
733 1632 795 1663 Qio
811 1630 998 1666 improuifinr,
1019 1639 1074 1665 gra·
1089 1647 1126 1673 40
1140 1634 1255 1660 militem
1276 1634 1383 1669 quidem
1401 1633 1499 1659 habere
1518 1631 1621 1662 voluit,
1639 1631 1686 1657 nisi
1707 1631 1844 1667 pudicum.

745 2157 777 2182 In
794 2155 881 2181 honam
893 2160 992 2189 partem
1013 2154 1070 2179 Cic.
1089 2164 1118 2190 55
1136 2166 1205 2191 quae
1219 2156 1353 2191 quondam
1363 2156 1449 2181 viruit
1463 2156 1604 2189 impudice.

1521 162 1788 205 [ΜΡ

1148 250 1227 283 poss‘et
1247 249 1330 284 impia
1364 250 1472 277 Mollire
1491 250 1629 278 Thracum
1653 251 1767 286 pectora.
1857 257 1945 284 Genae
1964 258 2082 294 impubes
2102 262 2174 291 Ouid

1148 287 1211 325 Met.
1227 294 1250 318 3,
1264 294 1323 325 422..
1396 287 1466 312 ldciu
1483 287 1546 313 fast.
1561 295 1586 319 2,
1600 295 1644 319 239
1669 287 1739 314 Nam
1754 289 1820 315 Puer
1835 291 1970 326 impubes,
1989 302 2013 322 ct
2028 297 2110 324 adhuc
2129 285 2184 327 nori

1146 321 1219 347 vtilis
1234 330 1328 353 aruns,
1365 322 1437 347 Vnus
1457 322 1488 348 dc
1502 322 1582 349 Fabia
1601 328 1677 357 gente
1693 323 1803 350 relictus
1816 333 1878 352 erat.
1948 331 2100 364 ιῃψιὼῑυη,
2120 344 2185 369 puc-

1145 365 1236 383 rorum
1255 357 1372 383 Sci-ibon.
1389 364 1439 385 128.

2103 182 2189 222 1018

1184 399 1226 418 1Μ
1242 399 1256 418 1³
1268 397 1389 432 VBES'C
1402 398 1448 418 EN
1461 399 1473 418 S
1486 412 1494 424 ‚
1517 393 1592 420 entis.
1631 392 1690 420 Adi.
1729 392 1821 427 [μήπω
1841 393 1919 430 ἧέῖῗὶν]
1961 400 2024 426 Plin.
2045 410 2090 435 23,
2110 412 2127 439 7
2152 405 2182 432 de

1145 427 1279 488 capr-fico,
1300 428 1434 454 Corticcm
1447 429 1503 453 eius
1516 429 1736 463 iiupubesccntem
1752 438 1816 464 puer
1836 430 1950 465 impubis
1971 434 1987 458 fi
2004 435 2122 465 dcsraflo
2141 449 2182 467 ra.

1145 472 1190 488 mo
1222 463 1321 489 etraliat
1335 463 1469 493 dentibus,
1492 471 1537 489 cle.
1568 468 1587 490 ι’.
1604 466 1778 501 pubescentem,
1799 465 1833 492 ad
1844 470 2010 494 maturitatem
2024 474 2172 502 acccdsmem

1144 498 1274 524 Harduin.
1289 499 1514 524 intumescentem.
2174 496 2182 504 ⁶

1185 541 1190 558 1
1202 541 1226 560 M
1240 541 1254 559 l’
1265 532 1283 559 V
1292 541 1311 560 D
1320 541 1336 561 E
1346 541 1366 560 N
1377 541 1389 560 S
1398 553 1407 566 ‚
1426 534 1500 560 cutis.
1538 533 1598 560 Adi.
1636 534 1813 571 [εἶναι’χυντος,
1828 533 1938 570 oc'ruidris,
1951 537 2070 573 κυνῶπης]
2106 544 2182 578 Qem

1883 573 1940 599 Cic.
1959 573 2037 600 Acad.
2132 598 2138 604 ,
2174 600 2180 605 ,

1145 606 1240 631 Vtrum
1254 605 1335 639 igitur
1348 613 1394 631 nos
1408 603 1588 638 impudentes,
1613 606 1656 638 qui
1673 605 1725 632 labi
1745 606 1866 633 volumus
1880 618 1885 633 :
1910 616 1943 634 an
1962 609 2002 635 illi
2022 585 2171 645 arissiigantes

1146 640 1192 675 qui
1209 640 1258 666 fibi
1273 640 1444 674 persuaserint
1460 640 1523 666 scire
1536 641 1562 666 sc
1577 641 1644 666 solos
1657 643 1747 669 omnia
1761 643 1770 668 3
1833 643 1950 670 Audacia
1963 645 2100 679 impudens
2115 634 2183 675 Tcrl

1146 677 1241 704 licaut.
1256 685 1281 708 2,
1295 685 1315 708 3,
1330 685 1368 708 72.
1440 675 1504 701 Auis
1528 675 1635 702 Pliaedr.
1651 686 1674 707 1,
1693 685 1714 709 3.
1784 677 1984 713 Intemperantia
2003 681 2185 715 impudentior

1146 712 1348 738 adolescentium
1363 711 1418 737 Cic.
1433 710 1486 737 Off.
1501 719 1520 743 i,
1535 720 1572 742 ¹23
1592 720 1614 737 c.
1628 719 1664 744 35.
1767 713 1872 740 Litcrae
1892 715 2125 749 iinpudentissimac
2142 719 2182 745 Id.

1149 783 1154 787 ι
1655 782 1661 787 .
1681 783 1685 786 Ι
1736 782 1741 787 .
1776 749 1832 774 Cic.
1847 749 1928 776 Ture.
1942 760 1967 783 3,
1983 755 2015 777 26
2041 752 2082 779 13st
2095 760 2182 781 autem

1147 783 1285 817 impudens
1298 782 1396 808 Lucius
1416 791 1537 809 moerore=
1552 783 1576 808 se
1594 783 1772 814 conllc1cntis,
1792 784 1863 818 quod
1883 785 2013 819 imperare
2030 796 2084 814 non
2105 790 2183 817 liceat

1145 818 1245 844 liberis.
1316 817 1482 843 Mendacium
1504 817 1574 843 ldeiu
1588 827 1636 852 pro
1650 818 1753 845 Clucnt.
1772 822 1815 848 168
1834 829 1855 845 c.
1869 822 1913 846 60.
1984 822 2051 849 Ter.
2066 824 2184 859 Andr.4,

1145 863 1163 884 i,
1181 863 1206 879 ιο
1226 853 1301 880 Tum
1316 853 1533 887 impudentilliiua
1548 862 1640 879 eorum
1654 854 1747 880 Oratio
1760 853 1804 880 est.
1858 855 1897 881 Id.
1907 856 1971 883 Eun.
1985 866 2004 889 3,
2017 866 2038 890 ς,
2050 867 2087 893 49
2105 861 2182 888 Tum

1144 888 1268 923 equidem
1287 888 1354 914 istud
1374 890 1410 915 Os
1432 895 1505 914 tuum
1529 889 1681 922 impudens,
1707 889 1798 916 videre
1817 890 1930 917 nimium
1950 893 2054 919 vellem.
2126 896 2182 924 Cic.

44 921 104 948 dam
119 922 203 949 fatalis
216 923 380 963 improuidos
394 923 533 950 hominum
545 929 645 949 mentes
658 922 805 957 occupauit.
814 921 875 947 Liu.
889 929 930 953 22,
944 922 1078 961 19tltaque
1094 933 1129 951 20
1144 926 1221 951 Verr.
1236 933 1255 956 ι,
1271 932 1318 961 i4o
1339 933 1360 950 c.
1376 933 1406 956 54
1427 924 1492 950 Satis
1507 924 1629 958 grandem
1643 925 1796 957 Pecuniam,
1815 931 1840 952 et
1854 927 1914 952 satis
1929 928 2109 963 impudentem
2125 932 2185 965 ess'e,

1143 963 1161 986 i.
1181 961 1309 995 quaesitu·
1328 959 1492 994 impudentia,
1512 969 1554 986 uec
1567 960 1706 994 pojx'ulari,
1725 969 1768 986 nec
1779 964 1860 996 accipi
1872 962 1953 996 pqffit.
1999 966 2090 1000 Nempe
2110 968 2183 1001 quod

1144 1002 1201 1022 erat
1219 997 1264 1021 vix
1284 994 1334 1020 HS.
1350 995 1518 1029 quadraginta
1532 995 1666 1027 millium,
1681 1001 1838 1029 transegerat
1853 997 1903 1023 HS.
1921 998 2040 1026 ducentis
2054 1001 2184 1030 millibus.

1181 1037 1225 1057 ΚΜ
1236 1037 1251 1056 P
1264 1036 1283 1055 V
1293 1037 1311 1056 D
1322 1049 1328 1055 Α
1347 1037 1367 1056 Ν
1378 1038 1414 1056 Ti
1427 1038 1463 1062 Α,
1496 1038 1534 1056 ae.
1570 1031 1590 1055 f.
1627 1028 1768 1063 [airaldi-m,
1787 1032 1952 1067 α’ναιχυντία]
1996 1037 2183 1065 Inuerecundia.

1143 1066 1201 1093 Cic.
1216 1067 1292 1092 Vcrr.
1305 1074 1326 1098 3,
1340 1073 1386 1098 ης
1407 1066 1480 1100 Quid
1494 1065 1525 1092 ad
1539 1064 1604 1091 hanc
1618 1065 1808 1100 impudentiam
1823 1067 1883 1092 addi
1899 1068 1980 1102 potest
1993 1070 2002 1095 3
2040 1072 2080 1098 Sic*
2093 1072 2125 1099 de
2137 1074 2184 1100 Di.

1389 1102 1498 1136 Trogus
1511 1102 1576 1136 apud
1588 1101 1653 1127 Plin.
1669 1109 1705 1132 11,
1720 1109 1750 1133 52
1774 1101 1891 1127 Candida
1910 1110 1968 1136 pars
1987 1107 2050 1131 oculi
2069 1114 2184 1142 extenta,

1141 1143 1231 1164 notam
1246 1137 1424 1172 impudentiae
1437 1137 1523 1163 habet.
1596 1136 1652 1163 Cic.
1669 1145 1718 1171 pro
1733 1136 1811 1162 Doni.
1828 1145 1871 1163 101
1895 1138 1936 1163 An
1948 1147 1997 1172 ego
2011 1146 2106 1168 tantam
2121 1153 2184 1170 ocu-

1144 1173 1232 1199 lorum
1245 1171 1435 1207 impudentiam
1451 1171 1548 1198 habere
1561 1171 1651 1207 poffim
1660 1192 1668 1205 ‚
1692 1178 1720 1198 vt
1734 1172 1848 1198 videam.
1919 1173 2084 1208 Impudentia
2098 1178 2184 1213 impu-

1144 1208 1202 1235 dica
1223 1207 1261 1234 ld.
1283 1209 1314 1233 de
1329 1210 1419 1243 Arusp.
1433 1209 1509 1242 Rcsp.
1525 1217 1541 1233 1.
1635 1207 1800 1242 impudentia
1820 1214 1898 1242 atque
1916 1208 2007 1236 adacia
2025 1211 2108 1238 fretus
2127 1213 2183 1241 Cic.

1142 1251 1194 1280 pro
1208 1243 1287 1269 Flacc.
1307 1253 1328 1269 c.
1345 1251 1378 1275 ις.
1450 1243 1573 1269 Nancisci
1586 1243 1792 1279 impudentiam,
1817 1244 1869 1269 vid.
1885 1251 2077 1273 NANCISCOR.

1181 1286 1191 1305 1
1201 1285 1225 1304 M
1237 1286 1250 1304 Ρ
1259 1285 1279 1304 ν
1288 1285 1306 1304 D
1316 1286 1332 1305 E
1345 1285 1365 1304 N
1380 1284 1401 1304 T
1412 1285 1428 1305 r.
1437 1285 1465 1304 R.
1502 1279 1568 1305 Adu.
1606 1277 1735 1313 [οἰναίδην]
1771 1279 1838 1306 Ter.
1850 1279 1931 1306 Andr.
1945 1290 1972 1314 4,
1986 1289 2008 1313 ς,
2024 1284 2053 1308 16
2081 1281 2184 1310 Mirum

1142 1323 1224 1346 vcro,
1240 1314 1406 1349 impudenter
1419 1314 1515 1340 mulier
1535 1314 1552 1340 fi
1568 1314 1631 1341 facit
1645 1313 1780 1341 meretrix.
1852 1315 1907 1341 Cic.
1922 1315 1954 1341 de
1968 1316 2073 1343 Amicit.
2083 1323 2116 1351 84
2135 1318 2184 1345 Sed

1142 1350 1262 1385 plerique
1278 1350 1414 1381 Peruerse,
1436 1358 1468 1375 ne
1487 1349 1570 1376 dicam
1589 1350 1772 1384 impudenter,
1794 1350 1908 1376 amicum
1927 1349 2025 1378 habere
2045 1352 2123 1379 talem
2137 1363 2185 1380 vo-

1142 1386 1214 1416 lunt,
1234 1385 1323 1420 quales
1337 1385 1383 1420 ipsi
1398 1386 1445 1411 csse
1458 1394 1511 1410 non
1524 1386 1635 1419 poss'unt.

1729 1385 1899 1420 impudenter
1920 1386 2006 1413 facere
2023 1387 2096 1414 Idem
2111 1390 2183 1419 Fam.

1142 1431 1165 1453 5,
1185 1430 1222 1447 iz.
1292 1421 1472 1455 impudentius
1494 1420 1532 1447 Id.
1554 1429 1586 1452 9,
1606 1429 1648 1447 22.

1734 1420 1906 1455 Impudenter
1924 1430 2034 1457 rogare,
2053 1431 2076 1450 et
2095 1425 2185 1460 Impu-

1716 1457 1747 1481 Et
1761 1457 1815 1484 Att.
1830 1463 1857 1491 7,
1873 1461 1924 1487 128·
1961 1464 1984 1485 et
1996 1459 2073 1486 Verr.
2087 1468 2106 1493 4
2126 1470 2148 1486 c.
2161 1469 2184 1493 7.

1141 1492 1202 1519 Sall.
1220 1493 1322 1524 Fragm.
1344 1501 1365 1518 c.
1379 1501 1404 1524 9.

1176 1534 1221 1554 1=M
1234 1534 1248 1553 Ρ
1260 1528 1355 1554 Vni-c
1366 1533 1425 1559 vs,
1450 1536 1480 1558 a,
1506 1534 1559 1552 um.
1598 1525 1658 1551 Adi.
1695 1525 1837 1561 [οἶσελγῆς]
1874 1528 2006 1562 Impurus,
2025 1531 2124 1556 minime
2135 1537 2184 1565 pu-

1139 1563 1210 1590 dicus
1224 1573 1231 1588 :
1266 1564 1323 1589 Fere
1337 1562 1365 1589 de
1383 1564 1488 1592 Venere,
1505 1563 1545 1588 vel
1557 1559 1662 1594 incesta,
1683 1562 1723 1587 uel
1734 1565 1949 1596 praeternaturati
1967 1563 2070 1590 dicitur.
2111 1567 2186 1592 Pseu-

1141 1599 1255 1626 ‹io-Cic.
1268 1598 1362 1625 Odiau.
1383 1597 1479 1624 Audiet
1494 1597 1595 1623 Marius
1613 1596 1749 1631 impudico
1768 1597 1878 1624 domino
1896 1607 1988 1634 parere
2001 1608 2064 1633 nos,
2085 1601 2131 1634 qui
2150 1610 2184 1628 ne

1915 1634 1999 1668 Caput
2018 1635 2186 1669 impudicum

1139 1670 1198 1696 Sen.
1212 1669 1324 1704 Hippol.
1336 1676 1390 1703 707
1415 1677 1530 1694 nouercae
1540 1670 1690 1702 priuignum
1706 1670 1837 1693 tentantis.
1891 1669 1930 1693 De
1942 1669 2020 1694 eadem
2033 1670 2103 1695 modo
2117 1669 2187 1697 dixe-

1139 1711 1198 1737 rat,
1219 1705 1311 1731 Procul
1327 1703 1475 1738 impudicos
1495 1711 1607 1736 corpore
1624 1710 1637 1727 a
1652 1701 1720 1727 callo
1740 1710 1838 1727 amoue
1854 1701 1946 1728 tactus.
2017 1704 2185 1739 impudentia

1139 1739 1274 1773 impudica
1292 1739 1349 1765 Cic.
1372 1739 1403 1764 de
1424 1738 1517 1771 Arusp.
1532 1738 1606 1770 Resp.
1621 1743 1667 1769 pr.
1738 1737 1780 1762 sic
1798 1736 1826 1762 de
1844 1737 1975 1772 masculis,
1994 1742 2037 1773 qui
2055 1741 2187 1767 muliebria

1133 1777 1277 1808 patiuntur.
1318 1772 1413 1799 Catull.
1434 1780 1480 1804 3ο,
1501 1780 1522 1797 2.
1570 1770 1676 1796 Sueten.
1689 1769 1797 1803 August.
1816 1780 1837 1797 c.
1852 1779 1890 1805 71.
1937 1773 1995 1799 Vid.
2015 1775 2134 1802 Torrent.
2151 1775 2187 1803 ad

1139 1843 1218 1868 Catil.
1238 1851 1277 1874 14.
1350 1840 1476 1867 Mulieres
1496 1840 1639 1880 impudicas
1657 1840 1789 1875 complexi
1809 1841 1863 1868 Cic.
1878 1842 1906 1868 in
1923 1843 2000 1870 Catil.
2016 1852 2041 1875 2,
2062 1810 2184 1879 gaggis?

1137 1878 1236 1904 Omnes
1255 1877 1371 1912 impuri,
1390 1876 1573 1918 impudicique
1593 1875 1632 1901 Id.
1646 1876 1674 1901 in
1688 1876 1765 1902 Catil.
1780 1884 1813 1908 2,
1828 1884 1863 1908 23.
1939 1912 1945 1917 ὓ
2029 1877 2050 1917 ff
2070 1889 2087 1906 2
2123 1881 2183 1918 Obs.

1130 1920 1181 1948 pro
1199 1912 1338 1947 impudente
1352 1919 1375 1937 et
1387 1919 1525 1937 temerarm.
1560 1910 1642 1937 Plaut.
1651 1911 1717 1949 de.
1731 1919 1756 1942 2,
1770 1919 1793 1942 3,
1806 1914 1840 1937 62
1859 1911 1883 1937 O
1894 1912 1996 1939 facinus
2009 1914 2184 1950 impudicum,

1137 1949 1225 1980 Quam
1243 1947 1356 1973 liberam
1377 1948 1426 1972 ess'e
1447 1952 1585 1980 oporteat,
1605 1946 1705 1971 seruire
1723 1946 1863 1979 postulare.
1943 1950 2006 1974 Met.
2037 1950 2114 1976 Odor
2133 1953 2183 1978 im.

558 1981 614 2006 Cic.
628 1988 677 2015 pro
691 1980 868 2006 Rosc.Amer.
889 1988 911 2004 c.
925 1987 962 2012 52.
999 1986 1023 2005 et
1042 1979 1072 2005 in
1090 1991 1123 2017 50
1136 1982 1246 2016 pudicus
1270 1982 1299 2007 de
1313 1983 1489 2016 Jiilfizmcntis,
1504 1989 1580 2016 puto,
1605 1981 1668 2015 quod
1690 1980 1787 2015 obfieno
1802 1983 1913 2015 similis,
1940 1984 2056 2017 Mar5ial.
2080 1994 2124 2018 12,
2144 1995 2183 2019 32,

1136 2019 1249 2052 Compar.
1263 2017 1429 2043 Plaut.Curc.
1439 2025 1459 2049 i,
1472 2025 1526 2048 1,32
1548 2016 1605 2042 Nisi
1622 2016 1639 2041 fl
1655 2016 1689 2041 est
1704 2016 1845 2042 osculando
1860 2019 1995 2052 quippiam
2009 2021 2182 2054 impudicior.

1136 2054 1231 2088 Superl.
1247 2052 1378 2079 Cic.Phi¹.
1392 2060 1408 2078 2
1426 2060 1447 2077 c.
1463 2060 1490 2081 2⁸
1513 2052 1642 2077 Antonius
1655 2051 1880 2085 impudicissimue.
1915 2054 2006 2080 Motus
2020 2055 2182 2085 histrionum

1134 2087 1349 2122 impudiciffimus
1363 2087 1478 2113 Laetam.
1491 2090 1578 2118 6,,20.

1174 2131 1184 2149 1
1195 2129 1378 2148 MPVDICL‘.
1417 2122 1484 2147 Adu.
1521 2120 1645 2147 Ambros.
1658 2119 1689 2146 ad
1704 2120 1780 2155 Virg.
1795 2121 1869 2156 Laps.
1888 2131 1910 2149 c.
1924 2128 1938 2153 8
1957 2124 2080 2154 Pallescat
2092 2127 2182 2161 facies,

1658 2156 1776 2182 Tertull.
1795 2158 1827 2183 de
1843 2157 1910 2184 Idol.
1930 2168 1952 2186 c.
1966 2169 1983 2186 2
2009 2161 2035 2187 Si
2049 2162 2108 2196 quis
2126 2164 2183 2190 ani-

1134 2201 1206 2218 mani
1224 2192 1401 2217 commouerit
1420 2191 1563 2225 impudice.
1630 2192 1725 2226 Superl.
1756 2192 1865 2228 Eun—op.
1882 2198 1912 2226 8,
1925 2202 1953 2220 22
1978 2196 2182 2231 Impudiciffime

1136 2233 1162 2253 et
1176 2226 1354 2253 obsceniffime
1369 2227 1446 2252 vixit.

1172 2269 1214 2289 iM
1227 2268 1350 2289 PVDIC
1362 2269 1470 2294 ITIA,
1502 2271 1541 2288 ae.
1577 2261 1598 2288 f.
1638 2261 1797 2296 [εἰσέλγειοι]
1833 2262 2013 2292 Pseudo-Cic.
2032 2267 2062 2293 ad
2085 2269 2181 2298 Ostau,

1134 2298 1165 2325 Et
1179 2307 1277 2324 nomen
1289 2297 1380 2324 nobile
1395 2298 1597 2324 consceleratum
1614 2297 1799 2330 impudicitiae
1814 2297 1931 2324 dediffet.
2009 2302 2139 2335 Qiinffll.
2154 2316 2181 2340 4,

27 2328 65 2366 4b
91 2333 149 2359 Plus
163 2333 244 2359 hodie
258 2333 322 2359 boni
336 2332 389 2358 feci
403 2331 569 2367 imprudens,
586 2339 666 2365 quam
679 2330 760 2356 sciens
778 2334 837 2355 ante
852 2329 923 2355 hunc
936 2328 1010 2355 diem
1022 2338 1069 2355 vn·
1079 2340 1114 2364 60
1134 2342 1147 2359 2
1168 2334 1266 2360 Nonne
1285 2334 1386 2368 optime
1400 2341 1524 2368 patronus
1542 2339 1663 2359 occurrat
1677 2332 1750 2365 prius
1768 2333 1899 2360 conuiciis
1913 2334 2042 2369 luxuriae,
2062 2347 2180 2373 perman-

28 2395 31 2398 ,
46 2377 116 2394 uam.
152 2368 199 2395 Sed
213 2367 445 2402 inconsiderantiam
458 2373 529 2394 notat
542 2367 607 2393 Eun.
623 2375 646 2398 3,
660 2375 680 2398 i,
692 2373 728 2398 40
751 2364 830 2391 Dolet
849 2363 950 2390 dietum
968 2364 1069 2399 impru-

46 2404 100 2431 enti
113 2403 272 2430 adolescenti
285 2409 311 2430 et
322 2403 418 2430 libero.
494 2401 649 2436 Imprudens
671 2400 747 2436 culpa
772 2399 880 2435 peccaui
903 2409 962 2426 mea
984 2400 1067 2427 Plaut.

322 2439 388 2465 Non
406 2436 558 2472 imprudens
577 2435 734 2464 aduersabar
751 2436 825 2462 Idem
838 2436 910 2462 Men.
925 2444 956 2468 2,
976 2444 1005 2468 3,
1024 2437 1067 2462 66.

28 2438 103 2474 Epid.
119 2447 141 2472 ς’
161 2448 186 2471 2⁵
206 2441 251 2472 64·
805 2472 885 2506 Saepe
903 2471 1067 2506 imprudenti

26 2475 223 2510 Imprudentem
242 2472 393 2508 opprimere
410 2473 478 2499 Ter.
493 2472 574 2499 Andr.
594 2481 615 2505 1,
634 2481 657 2505 3,
674 2480 717 2499 22..

21 2510 134 2551 fortuna
148 2509 265 2536 occurrit
276 2509 375 2535 amanti
387 2508 503 2543 Propert.
518 2517 539 2541 i,
553 2516 597 2541 20,
609 2516 632 2540 3.

27 2553 56 2572 ιη
69 2553 188 2581 prooem.
202 2545 277 2571 Tota
290 2544 345 2570 vita
355 2543 452 2570 vellent
463 2543 642 2579 imprudentes
653 2543 756 2577 negotii
768 2543 808 2569 sui
821 2543 946 2578 conspici.
982 2542 1067 2577 Quin-

16 2581 83 2608 fiii.
99 2589 117 2612 t,
141 2589 150 2606 1
182 2580 247 2606 Non
265 2581 320 2605 sum
339 2578 406 2606 adeo
423 2581 546 2606 Aetatum
565 2579 734 2615 imprudens,
754 2585 783 2605 vt
800 2578 947 2605 instandum
967 2578 1067 2605 teneris

26 2616 148 2652 protinus
161 2615 254 2642 acerbe
268 2621 365 2650 putem.
434 2615 606 2650 Antiquitatis
620 2615 771 2650 imprudens
786 2614 947 2640 consuetudo
961 2614 1066 2640 Colum.

27 2660 50 2684 3,
65 2658 96 2679 18.
164 2651 224 2677 Liu.
237 2659 286 2684 34,
302 2659 318 2683 9
350 2650 520 2677 Commercio
539 2659 634 2677 eorum
653 2650 766 2685 Hispani
784 2649 964 2684 imprudentes
984 2649 1068 2675 Maris

27 2685 184 2720 gaudebant.
257 2686 368 2719 Negotii
388 2686 518 2712 Coluniel.
531 2686 612 2720 praef.
627 2694 645 2711 i.

29 2722 75 2748 Sil.
86 2729 109 2754 ς,
124 2723 177 2748 166.
220 2721 292 2756 Conf.
308 2721 460 2755 Bynckersh.
477 2721 533 2757 Obs.
548 2722 600 2748 Iur.
615 2722 683 2746 Rom.
696 2729 724 2750 2,
737 2729 772 2746 io.
842 2720 911 2746 Ter.
925 2720 990 2745 Eun.
1005 2728 1030 2751 i,
1045 2728 1068 2752 2,

27 2759 60 2790 56
91 2757 162 2783 Emit
187 2765 245 2783 eam
270 2755 343 2783 dono
367 2756 436 2783 mihi
461 2755 613 2790 imprudens
639 2755 732 2782 harum
759 2756 856 2782 Rerum
870 2775 878 2788 ,
909 2755 1068 2789 ignarusque

26 2791 158 2818 omnium.
228 2792 289 2818 Liu.
301 2801 343 2824 3ι,
364 2800 395 2826 14
423 2792 570 2827 Templum
589 2792 694 2818 Cereris
711 2791 891 2827 imprudentes
909 2790 1067 2824 Religionis,

21 2836 87 2853 neuin
99 2834 200 2854 caetera
212 2827 289 2854 turba
302 2827 405 2862 ingressi
417 2828 484 2855 sunt.
588 2828 700 2862 Compar.
718 2828 775 2853 Sen.
789 2827 821 2853 de
831 2826 918 2853 Const.
932 2826 988 2862 Sap.
1003 2836 1024 2852 c.
1038 2835 1067 2858 19

22 2862 166 2897 »Qudquid
186 2863 282 2889 horum
299 2863 332 2890 ab
350 2862 604 2898 imprudentioribus
621 2862 682 2895 fiet,
705 2862 899 2897 negligendum.

26 2905 27 2908 ’
41 2899 65 2926 d.
80 2898 158 2933 Epist.
172 2907 188 2931 9
208 2899 293 2925 Multa
306 2899 369 2925 facit
384 2900 499 2934 sapiens,
514 2908 581 2934 quae
600 2897 633 2925 ab
651 2898 890 2933 imprudentiffimis
903 2906 986 2933 aeque
1005 2897 1066 2924 fieri

45 2933 157 2961 idemus.
193 2934 266 2969 Conf.
283 2935 389 2961 Colum.
402 2944 425 2967 3,
440 2944 477 2961 ιο.
512 2942 536 2961 et
553 2944 574 2960 c.
588 2943 622 2961 20
637 2941 700 2960 extr.
851 2938 855 2939 ⁷

19 2995 23 3002 ,
63 2976 73 2995 1
84 2977 108 2996 M
120 2976 135 2996 Ρ
151 2976 169 2996 R
180 2975 330 2996 VDENTi
341 2977 377 3001 A,
405 2979 443 2996 ae.
480 2969 500 2996 f.
542 2969 671 3004 [dunelm
690 2967 804 3004 ἅζελία]
842 2968 957 3005 Inscitia,
983 2978 1064 3002 error,

19 3004 166 3040 v'nscientia.
209 3005 265 3031 Cic.
284 3005 316 3031 de
330 3006 431 3032 Inuent.
448 3015 476 3038 2,
495 3015 527 3039 95
553 3015 574 3032 c.
589 3014 615 3038 31
640 3005 821 3040 Imprudentia
839 3005 874 3032 est
894 3014 975 3040 quum
996 3006 1065 3031 sciffe

25 3040 143 3075 aliquid,
163 3041 194 3072 is,
210 3041 256 3075 qui
271 3041 400 3075 arguitur,
415 3049 499 3076 negat.

21 3076 88 3102 ‘neni
100 3076 237 3103 confertur
250 3087 256 3103 :
279 3078 354 3103 cuius
369 3083 453 3112 partes
467 3078 524 3104 sunt
536 3077 656 3109 inscitia,
675 3077 761 3109 casus,
781 3076 921 3103 neeessitas:
946 3083 972 3104 et
985 3078 1013 3103 in
1027 3077 1065 3103 af-

26 3111 171 3138 sectionem
184 3112 275 3139 animi.
341 3114 390 3140 Pei·
403 3113 608 3148 imprudentiam
623 3112 652 3138 in
665 3112 785 3139 oratione
806 3113 881 3147 saepe
894 3114 982 3139 versus
1000 3112 1065 3138 dici.

27 3155 85 3174 mus
99 3146 156 3172 Cic.
169 3146 197 3172 in
209 3147 285 3174 Orat.
299 3153 342 3181 189
362 3158 383 3175 c.
400 3151 439 3181 36.
532 3148 599 3175 Labi
611 3149 640 3174 in
652 3148 856 3183 imprudentiam
865 3168 872 3180 ,
888 3148 940 3175 vid.
951 3155 1063 3175 LABOR.

28 3182 99 3208 Ter.
114 3181 142 3206 in
155 3181 221 3215 prol.
235 3183 298 3209 Eun.
311 3192 342 3215 27
367 3184 394 3211 Si
407 3184 435 3210 id
454 3184 490 3210 est
509 3189 659 3218 peccatum,
678 3190 812 3218 peccatum
830 3184 1009 3218 imprudentia
1028 3183 1064 3210 est

26 3218 138 3257 Poie'tae.⁴
202 3218 281 3250 Quod
294 3219 367 3254 saepe
382 3228 428 3254 per
441 3220 646 3254 imprudentiam
659 3219 689 3246 fit
707 3220 764 3246 Cic.
777 3221 853 3247 Verr.
868 3229 897 3251 2,
911 3228 951 3254 57.

19 3252 60 3280 -de
75 3251 170 3292 Legib.
183 3260 209 3284 2,
220 3255 255 3292 36Ι
268 3262 290 3279 c.
304 3263 333 3288 14
359 3256 494 3290 Quidnam
507 3256 595 3290 egisset
608 3255 670 3286 ille,
691 3255 738 3290 qui
751 3256 779 3282 in
791 3255 948 3283 sacrificium
967 3256 1063 3289 cogita-

27 3294 81 3321 tam
94 3288 234 3328 libidinem
247 3289 352 3328 intulit,
370 3300 424 3326 quo
437 3301 470 3318 ne
483 3291 688 3326 imprudentiam
704 3291 811 3326 quidem
823 3291 968 3318 Oculorum
981 3291 1063 3317 adiici

0 3354 1 3362 ἵ
28 3323 67 3353 sas
80 3323 141 3350 fuit.
236 3323 292 3349 Cic.
307 3324 338 3351 de
349 3327 422 3354 Orat.
433 3336 457 3360 3,
475 3330 519 3360 ις6
538 3336 559 3353 c.
574 3335 604 3360 39
629 3327 827 3362 Nonnunquam
843 3327 959 3354 breuitas
980 3332 1062 3353 trans-

0 3384 1 3390 ,
22 3382 28 3389 .
55 3359 127 3386 lione
146 3357 300 3389 conficitur,
316 3365 345 3386 vt
362 3361 443 3396 illud,
470 3363 497 3390 Si
518 3363 599 3390 telum
618 3371 697 3389 manu
716 3363 801 3397 fugit,
818 3362 995 3398 imprudentia
1013 3362 1061 3389 teli

725 2507 784 2534 Cum
796 2508 911 2533 Genitiuo
923 2517 931 2532 .·
960 2507 1066 2533 Colum.
1083 2511 1116 2544 65

971 2863 1065 2897 Superl.
1084 2877 1117 2906 75

570 3039 639 3067 Ibid.
652 3049 682 3074 41
701 3040 880 3075 Imprudentia
891 3041 920 3067 in
933 3041 1066 3076 purgatio·
1077 3055 1110 3081 80
1129 3045 1195 3070 Met.
1210 3051 1233 3076 ς,
1250 3052 1294 3076 ¹31-
1332 3043 1385 3070 vid.
1406 3050 1451 3070 CA
1462 3049 1482 3068 v
1494 3049 1506 3068 s
1516 3050 1547 3069 A.

1021 3219 1061 3246 Id.
1081 3223 1110 3253 85
1129 3223 1157 3248 in
1170 3223 1238 3249 mala
1251 3222 1324 3248 causa
1337 3221 1489 3248 destitutum
1504 3228 1529 3247 et
1542 3221 1724 3254 impugnatum
1737 3218 1878 3254 relinquat.

1124 3258 1197 3292 gnati
1215 3257 1274 3284 Sall.
1287 3258 1390 3292 Fragni.
1402 3267 1430 3291 4,
1443 3259 1482 3290 56.

1133 2369 1202 2401 tiae,
1223 2369 1423 2403 impudicitiae,
1443 2377 1522 2403 quam
1535 2367 1660 2394 veneficii
1676 2368 1684 2393 3
1754 2367 1864 2402 Insignis
1882 2369 1950 2396 Tac.
1965 2372 2032 2399 Ann.
2048 2382 2082 2406 13,
2099 2384 2145 2409 45,
2160 2385 2180 2404 ι,

1134 2405 1161 2430 Si
1175 2404 1299 2431 dominus
1313 2405 1401 2430 seruos
1414 2403 1447 2430 ad
1460 2403 1657 2437 impudicitiam
1676 2408 1833 2438 turpemque
1846 2404 2021 2434 violationem
2040 2412 2179 2446 compellat

1132 2439 1151 2466 l.
1166 2448 1182 2466 2
1208 2440 1239 2466 D.
1255 2440 1286 2466 de
1300 2438 1351 2470 his,
1365 2440 1412 2473 qui
1427 2439 1467 2465 sui
1485 2438 1537 2465 vel.
1551 2438 1584 2465 al.
1597 2439 1650 2465 iur.

1169 2483 1179 2501 i
1188 2482 1236 2501 ΜΡ
1248 2482 1269 2501 v
1280 2481 1298 2501 D
1310 2482 1318 2500 1
1329 2481 1346 2502 c
1358 2482 1378 2501 A
1388 2482 1409 2501 T
1419 2481 1460 2501 vs
1469 2494 1476 2506 ‚
1495 2483 1519 2506 a,
1540 2484 1593 2501 um.
1629 2473 1690 2500 Adi.
1727 2473 1876 2507 stupratus,
1894 2477 1978 2511 inquit
1989 2478 2087 2506 Festus,

1168 2517 1212 2537 iM
1222 2517 1237 2536 Ρ
1250 2517 1269 2536 ν
1280 2517 1299 2536 D
1310 2517 1416 2537 oRAT
1426 2518 1485 2543 vs,
1508 2518 1539 2543 a,
1564 2514 1618 2536 um.
1657 2507 1718 2534 Adi.
1754 2509 2038 2546 Vet.1nt.1renaei3,
2051 2523 2082 2548 2,-
2107 2516 2176 2543 Vere

1130 2545 1295 2581 impuderati
1309 2552 1334 2572 et
1347 2545 1463 2573 audaces.

1168 2589 1212 2608 1M
1226 2587 1468 2608 PVDoRATE.

1130 2621 1175 2643 tur
1187 2617 1220 2642 ab
1234 2617 1293 2650 ipsis
1306 2616 1482 2651 impudorate.

1168 2659 1178 2677 1
1187 2658 1210 2677 M
1222 2657 1238 2677 Ρ
1248 2659 1269 2678 ν
1278 2658 1299 2678 G
1307 2659 1329 2677 N
1339 2659 1357 2678 o
1367 2674 1375 2687 ,
1393 2656 1445 2678 are.
1473 2651 1485 2684 [
1491 2651 1676 2686 προσπολεμέω,
1689 2650 1847 2686 &vars-aiom]
1875 2653 1906 2678 In
1919 2654 1960 2680 vel
1971 2661 2058 2682 contra
2070 2658 2176 2693 aliquem

1502 2580 1571 2606 Adu.
1607 2579 1669 2606 Vet.
1682 2580 1732 2606 Int.
1745 2579 1812 2606 Iren.
1825 2589 1854 2613 2,
1870 2588 1900 2614 14
1923 2582 1991 2609 Cum
2007 2583 2072 2611 haec
2086 2585 2176 2614 dicun-

718 2684 796 2711 Pestis
814 2690 900 2712 tantae
915 2683 1067 2719 imprudens
1078 2698 1114 2724 70
1125 2693 1254 2723 pugnare,
1273 2693 1422 2723 oppugnare.
1457 2687 1540 2713 Plaut.
1552 2686 1612 2712 Mil.
1627 2694 1653 2718 2,
1667 2694 1691 2715 2,
1705 2694 1736 2712 111
1761 2686 1802 2712 Ad
1819 2695 1879 2713 eum
1895 2688 1998 2722 vineas,
2017 2691 2175 2728 pluteosque

1131 2730 1205 2757 agam
1220 2733 1225 2748 :
1251 2731 1292 2749 res
1306 2729 1393 2757 parata
1407 2721 1458 2754 est,
1478 2721 1711 2756 impugnandoque
1725 2730 1817 2756 capere
1831 2729 1900 2749 certa
1914 2733 1955 2750 res
1968 2725 2013 2751 est.
2061 2729 2175 2756 Patriam

1131 2758 1186 2785 Cic.
1200 2758 1230 2784 in
1243 2759 1324 2785 Bruto
1345 2767 1365 2784 c.
1381 2766 1414 2791 ις.
1520 2757 1595 2783 Bello
1616 2757 1742 2783 intestino
1765 2757 1915 2792 impugnari
1934 2760 2025 2787 lustin.
2043 2770 2080 2795 22,
2101 2773 2129 2797 4,
2148 2773 2175 2792 2,

1130 2794 1289 2829 Impugnare
1303 2801 1374 2827 terga
1389 2793 1504 2820 hostium
1524 2793 1584 2818 Liu.
1598 2801 1627 2825 3,
1640 2801 1684 2827 70.
1777 2794 1934 2828 Impugnare
1952 2794 2108 2830 dignitatem
2128 2800 2176 2826 ali.

1131 2830 1206 2856 cuius
1223 2830 1295 2856 Caes.
1315 2829 1381 2857 Bell.
1395 2829 1461 2856 Gall.
1475 2834 1504 2861 8,
1522 2837 1558 2861 53.
1648 2828 1705 2854 Cic.
1719 2828 1789 2854 Fam.
1803 2834 1832 2861 8,
1851 2837 1872 2855 ii
1898 2831 2035 2865 Pompeius
2051 2840 2174 2869 tanquam

1130 2866 1267 2892 Caesarem
1284 2874 1338 2892 non
1354 2865 1506 2900 impugnet,
1526 2863 1568 2890 sed
1582 2863 1654 2898 quod
1671 2863 1712 2889 illi
1726 2872 1840 2898 acquum
1855 2871 1944 2899 putet,
1961 2868 2117 2902 constituat,
2136 2871 2175 2898 ait

1130 2901 1277 2927 Curionem
1290 2910 1416 2936 quaerere
1429 2898 1581 2926 discordias.
1622 2899 1695 2934 Conf.
1709 2899 1783 2926 Non.
1796 2908 1819 2932 ς,
1831 2902 1871 2930 68.
1942 2902 2035 2930 Horat.
2052 2905 2129 2939 Epist.
2146 2915 2172 2939 2,

1131 2945 1151 2967 i,
1164 2941 1195 2970 89
1216 2936 1313 2963 Nostra
1326 2937 1368 2962 sed
1382 2937 1534 2970 impugnat,
1555 2943 1602 2961 nos
1613 2934 1752 2969 nostraque
1770 2935 1867 2961 liuidus
1885 2936 1951 2963 odit.
2022 2940 2172 2967 Contraria.-

1129 2973 1189 2999 Liu.
1202 2980 1225 3005 ς,
1238 2981 1249 3004 3
1267 2979 1309 3007 pr.
1337 2973 1433 2999 Vtrum
1447 2972 1518 2997 enim
1531 2970 1673 2996 defenditis
1682 2990 1689 3002 ,
1706 2979 1738 2996 an
1751 2971 1909 3005 impugnatis
1923 2972 2045 3006 plebem?
2091 2977 2172 3003 Frau-

1130 3007 1207 3034 dibus
1223 3007 1372 3042 impugnari
1389 3007 1496 3033 Phaedr.
1510 3016 1532 3038 3,
1547 3016 1581 3033 10.
1675 3007 1758 3032 Causa
1775 3010 1900 3034 meritum
1915 3010 2067 3042 impugnans
2089 3012 2170 3039 Ouid.

1623 3041 1689 3068 Plin.
1706 3043 1745 3074 26,
1761 3051 1786 3068 ῐῡ
1808 3043 1851 3068 Fit
1869 3052 1933 3069 vero
1952 3050 1978 3069 et
1990 3045 2055 3071 citra
2073 3047 2172 3081 febres,

1128 3080 1350 3114 iinpugnaturque
1365 3078 1502 3105 centaurio
1515 3077 1616 3105 maiore
1632 3081 1672 3109 (vt
1685 3078 1813 3109 diximus)
1828 3083 1900 3112 poto.

1164 3122 1173 3140 1
1183 3122 1207 3141 M
1217 3122 1230 3141 P
1242 3121 1290 3141 VG
1303 3122 1322 3140 N
1337 3115 1359 3140 Ᾰ
1369 3120 1419 3140 TV
1429 3120 1459 3147 S,
1489 3122 1503 3140 a
1515 3134 1523 3146 ,
1556 3122 1610 3140 um.
1647 3113 1738 3140 Partic.
1775 3113 2021 3149 [προσπολεμηθὸς]
2070 3116 2169 3145 VJK—lu„

1127 3150 1193 3177 Plin.
1208 3158 1230 3183 ς,
1245 3158 1280 3183 24
1310 3150 1399 3177 Primo
1420 3150 1488 3176 hune
1509 3149 1552 3176 illi
1570 3149 1735 3183 impugnatus
1756 3150 1858 3173 cursum
1871 3148 1981 3175 Taurus
2002 3150 2096 3178 aufert.
2131 3155 2169 3179 De

1128 3187 1251 3222 Euphrate
1263 3188 1345 3222 fluuio
1363 3193 1387 3212 et
1403 3187 1488 3212 Tauro
1505 3192 1593 3211 monte.
1629 3182 1697 3210 Gell.
1712 3192 1731 3215 ι,
1749 3185 1765 3209 6
1783 3183 1879 3217 Turpe
1892 3184 1927 3210 est
1941 3184 2058 3216 rhetori,
2071 3187 2088 3213 fi
2101 3189 2168 3222 quid

1933 3221 2069 3248 Cretenses
2082 3223 2168 3258 impu.

1164 3300 1174 3319 1
1183 3300 1208 3319 M
1217 3300 1232 3319 P
1241 3300 1261 3318 V
1272 3299 1292 3320 G
1302 3301 1323 3319 N
1332 3301 1351 3320 Α
1363 3300 1384 3319 Τ
1395 3300 1403 3318 1
1416 3300 1435 3319 0
1446 3312 1454 3324 ,
1472 3292 1539 3318 bnis.
1576 3291 1596 3330 f}
1633 3290 1871 3330 [προσπςλὲμησις]
1896 3290 1952 3317 Cic.
1967 3292 2020 3318 Ait.
2036 3303 2063 3326 4,
2078 3302 2089 3325 3
2108 3295 2167 3330 Ipse

1126 3329 1236 3356 domum
1250 3330 1275 3355 P.
1289 3329 1374 3355 Sullae
1389 3337 1438 3363 pro
1450 3327 1536 3353 eastris
1548 3324 1597 3351 fibi
1611 3327 1642 3351 ad
1656 3333 1713 3351 eam
1727 3334 1952 3360 impugnationem
1966 3328 2097 3355 sumserat.

1162 3373 1172 3391 1
1181 3371 1205 3392 Μ
1219 3371 1233 3391 i·
1243 3371 1292 3391 vo
1302 3370 1383 3391 NAT
1394 3370 1412 3389 o
1422 3370 1439 3390 R
1448 3383 1456 3395 ,
1475 3363 1537 3388 oris.
1557 3370 1599 3387 ·m.
1635 3361 1696 3387 Liu.
1711 3368 1750 3395 27,
1765 3369 1799 3394 ις.
1835 3362 1934 3388 Gruter.
1949 3363 1980 3389 In
1993 3363 2036 3389 Ed.
2046 3364 2165 3398 Schiffer.

0 3396 2 3430 ,¹
24 3400 30 3426 ,’
64 3389 108 3421 'iffi
122 3395 231 3421 breuius
244 3394 359 3428 propriis
371 3397 463 3441 verbis
472 3399 571 3433 exponi
584 3407 640 3425 non
656 3399 757 3433 potuit,
776 3408 855 3434 quam
867 3398 902 3425 est
917 3407 969 3425 vno
984 3397 1061 3433 signi·
1075 3411 1111 3437 90
1125 3401 1221 3436 Gryph.
1235 3402 1343 3427 Gronou.
1357 3401 1448 3436 legitur
1459 3399 1647 3432 Oppugnator,
1667 3396 1732 3432 quod
1737 3396 1852 3432 seruasti!
1863 3401 1936 3424 etiam
1947 3398 2071 3425 Drakenh.

27 3428 101 3460 ficata
114 3430 247 3457 translato.

25 3489 36 3493 ,,
62 3473 72 3491 1
83 3473 106 3493 M
120 3473 135 3492 P
146 3473 165 3491 R
174 3472 194 3491 v
204 3471 222 3490 D
231 3472 246 3491 E
255 3471 278 3490 N
286 3471 358 3491 TER
366 3484 373 3492 .
410 3465 477 3494 Adu.
510 3469 523 3502 [
535 3468 649 3502 ἀνοήτως,
666 3468 782 3504 ricinos]
818 3470 906 3506 Inscie,
925 3475 948 3495 et
956 3475 1003 3504 per
1014 3472 1060 3495 im-

15 3501 190 3538 fflrudffltiam-
225 3502 321 3527 Paterc-
336 3509 356 3532 ¹,
371 3509 395 3532 2,
407 3509 423 3527 2
446 3502 546 3531 Codrus
561 3505 741 3540 imprudenter
755 3506 838 3532 rixam
853 3505 922 3532 ciens
935 3505 1060 3531 interem-

25 3541 66 3599 ὓς
79 3537 125 3599 {stig
148 3580 175 3598 ¹0
194 3537 249 3598 ἲς.
263 3535 341 3562 Acad.
356 3544 376 3568 i,
390 3545 400 3562 i
420 3536 486 3565 Illud
499 3538 678 3574 imprudenter
691 3547 792 3576 putant,
810 3548 855 3568 etc.
948 3541 1061 3575 Compar.

58 3592 65 3599 .
125 3593 131 3599 .
178 3592 186 3604 ‚

25 3606 94 3635 Ter·
110 3607 190 3634 Andr·
206 3617 225 3639 Ι,
241 3615 317 3647 1,,103
339 3607 441 3634 Inter&
453 3607 515 3636 haec
529 3611 621 3646 soror,
642 3621 721 3648 quam
735 3612 805 3646 dixi,
824 3612 856 3639 ad
871 3613 1001 3638 flammam
1020 3621 1060 3638 ac-

24 3643 91 3669 teffit
106 3643 309 3677 imprudentius.

62 3681 242 3711 mperes,
261 3679 298 3710 is,
323 3678 364 3704 vel
382 3679 558 3711 imvms,
578 3690 609 3714 e,
635 3685 677 3710 ve!
695 3682 885 3716 ιΜΡῦΒεκ,
904 3683 966 3709 eris.
997 3682 1058 3710 Adi.

24 3707 140 3746 [o'c'rnCos-,
160 3714 272 3748 α’νίελος]
315 3714 366 3748 Qi
383 3712 488 3740 nondum
508 3716 645 3751 lanuginem
665 3719 756 3753 emisit,
776 3728 836 3755 quae
849 3719 926 3754 pube,
945 3718 1038 3744 dicitur
1050 3729 1059 3743 .-

249 3573 312 3605 Qio
327 3571 481 3604 diligentius
499 3576 625 3609 cogitata,
644 3585 677 3603 eo
696 3577 764 3603 facia
782 3577 840 3603 sunt
857 3575 1059 3610 imprudentius.
1069 3589 1104 3616 95

1400 3438 1864 3465 1MPVLSOR‚1MPVsts,
1900 3432 2166 3465 vid.1Mi’i-:L1.o.

1160 3442 1382 3498 ixiiXJLLleiilz
1395 3477 1411 3496 Ε
1423 3476 1443 3495 ν
1454 3476 1466 3495 s
1476 3489 1484 3501 ,
1510 3477 1523 3495 a
1532 3488 1541 3501 ,
1567 3477 1621 3494 um.
1658 3466 1760 3493 Adiect.
1798 3467 1942 3498 Deditione
1956 3478 2063 3503 repente
2081 3471 2166 3505 sacia,

1125 3507 1305 3542 impuluerea,
1323 3513 1351 3532 vt
1370 3505 1423 3532 dici
1436 3505 1517 3537 solet,
1537 3504 1725 3538 incruentaque
1744 3501 1861 3529 νίἑὶοτίει
1879 3503 1991 3531 obuenit
2012 3505 2079 3532 Geli.
2091 3514 2121 3540 ς,
2139 3509 2164 3534 6.

1128 3543 1552 3609 νιῗῆνιξῗ·ῗκῑῐεΊ,Ῑ”ῙΜΡνΝις,
1586 3571 1742 3606 vid.stat1·m
1757 3571 1814 3609 post
1833 3580 2076 3603 inirVNiTvs.

1159 3620 1367 3646 IMPVNGO,
1403 3611 1466 3638 vnde
1498 3615 1757 3641 1ivirvNchs,
1785 3617 1814 3640 a,
1839 3618 1893 3636 um.
1937 3610 2094 3643 Crystallum
2114 3611 2163 3639 im-

1122 3649 1250 3684 pun&um
1272 3649 1350 3684 Apul.
1364 3649 1427 3675 Met.
1444 3656 1459 3674 2
1480 3657 1504 3682 p.
1521 3656 1571 3679 ¹23·
1603 3646 1647 3672 AI.
1667 3644 1827 3678 Impietum,
1846 3655 1873 3672 υ.
1891 3655 1916 3672 υ.

1160 3692 1169 3710 1
1178 3691 1203 3711 M
1214 3693 1230 3712 Ρ
1239 3692 1260 3712 V
1270 3692 1291 3710 N
1303 3692 1312 3711 1
1324 3690 1346 3711 Τ
1358 3691 1378 3711 V
1387 3692 1416 3717 S,
1439 3692 1464 3716 a,
1482 3692 1536 3709 urn.
1572 3680 1633 3707 Adi.
1669 3679 1854 3715 [ἐτιμώρητσς]
1890 3683 1949 3708 Non
1963 3684 2080 3717 punitus,
2097 3682 2161 3707 inu}-

1122 3726 1180 3753 tus,
1199 3721 1278 3753 liber,
1288 3721 1386 3757 solutus
1400 3723 1495 3754 poenis.
1532 3718 1588 3743 Cic.
1603 3718 1678 3742 Verr.
1692 3724 1720 3748 ς,
1733 3721 1777 3750 148
1804 3717 1931 3744 Poffemus
1950 3716 2014 3744 hanc
2034 3717 2160 3742 iniuriam

23 3750 78 3781 θεῖ’
97 3753 140 3784 ‘lm‘
156 3749 261 3775 nondum
281 3749 315 3775 “d
329 3748 471 3784 pubertatis
488 3758 565 3775 ⁰²²⁷²⁰5
579 3758 698 3785 peruenit.
739 3755 806 3781 Plin.
820 3764 860 3789 23,
873 3763 889 3789 7
920 3754 1055 3780 Corticem
1067 3767 1115 3787 100
1124 3755 1350 3791 ignominiamque
1365 3755 1459 3781 nostris
1473 3755 1550 3780 Rom.
1566 3752 1678 3779 inultam
1689 3752 1900 3787 impunitamque
1912 3752 2065 3779 dimittere?
2116 3751 2160 3777 Li-

23 3784 80 3810 eius
98 3785 336 3819 impubescentem,
363 3793 428 3818 puer
446 3783 562 3818 impubis
580 3786 597 3812 si
613 3786 731 3816 defi-aem
749 3799 824 3817 ramo
842 3789 960 3816 detrahat
973 3789 1057 3815 denti-

24 3817 82 3846 bus.
150 3821 223 3855 Virg.
239 3822 302 3846 Aen.
316 3829 343 3853 9,
356 3828 402 3854 752
423 3819 546 3853 Impubes
559 3821 649 3847 malae.
717 3826 774 3852 Cic,
788 3827 817 3852 in
829 3825 907 3853 Catil.
919 3836 948 3860 4,
964 3834 985 3856 ις
1006 3834 1027 3851 c.
1043 3826 1058 3850 6

22 3854 175 3891 Filiumque
192 3857 248 3882 eius
261 3857 423 3891 impuberem
440 3856 549 3889 ligatum
562 3863 575 3880 a
591 3857 710 3885 Praetore
723 3862 823 3888 miffiim
833 3882 839 3893 ,
858 3863 887 3888 in
900 3869 1001 3888 carcere
1014 3869 1059 3887 ne-

22 3890 134 3917 candum
148 3892 196 3918 effe
207 3892 285 3919 dixit-⁴.
357 3891 509 3926 Impuberes
521 3897 654 3918 armantur
668 3891 756 3921 lustin.
769 3905 790 3929 ς,
802 3900 829 3930 6,
840 3906 863 3930 3.
921 3897 992 3924 Anni
1007 3897 1057 3922 im-

22 3924 105 3960 pubes
123 3926 203 3954 Ouid.
218 3929 282 3955 Met.
298 3936 325 3960 9,
337 3929 395 3962 416.

176 3969 258 3991 voi..
278 3965 318 3992 11.

464 3928 532 3954 Hor·
544 3926 626 3961 EPOd·
640 3935 665 3961 ἱ,
677 3935 701 3960 13
721 3930 831 3965 Impube
845 3934 962 3969 Corpus,
981 3932 1058 3968 quale
1068 3942 1113 3970 105
1122 3934 1190 3960 sumi
1202 3939 1351 3967 nequeunt,
1371 3940 1454 3966 quum
1465 3930 1575 3966 opsonia
1588 3936 1671 3968 captas
1684 3931 1695 3957 3

1124 3790 1254 3817 bertatem
1267 3792 1387 3818 omnium
1402 3799 1491 3816 rerum
1509 3788 1667 3822 impunitam
1680 3792 1751 3814 tenet
1763 3788 1849 3815 virtus
1867 3788 1904 3815 Id.
1918 3790 1949 3815 de
1962 3789 2034 3814 Orat.
2051 3794 2060 3811 1
2070 3804 2078 3817 ,
2098 3788 2158 3812 226.

1123 3826 1223 3853 Scelera
1240 3827 1385 3853 multorum
1402 3824 1531 3860 impunita
1545 3824 1615 3850 ferre
1635 3823 1691 3849 Cic.
1704 3821 1780 3850 offic.
1793 3832 1826 3856 2,
1845 3830 1883 3854 28.

1123 3861 1207 3888 libera
1222 3863 1329 3889 vexatio
1344 3868 1369 3888 et
1381 3861 1496 3895 direptio
1510 3859 1643 3886 sociorum
1657 3859 1708 3885 tibi
1723 3859 1776 3886 fuit
1790 3858 1829 3886 Id.
1842 3860 1869 3886 in
1879 3857 1955 3885 Catil.
1965 3862 2028 3888 1,18.

1122 3898 1215 3924 Horat.
1230 3897 1310 3924 serm.
1330 3906 1356 3929 2,
1375 3904 1402 3930 7,
1421 3903 1463 3928 105
1499 3910 1545 3916 ·—
1579 3895 1626 3930 qui
1649 3900 1677 3921 tu
1692 3895 1865 3931 impunitior,
1882 3893 1942 3923 illa,
1978 3892 2052 3924 Quae
2074 3899 2158 3925 paruo

1977 3822 2108 3856 Impunita
2129 3829 2159 3847 ac

2075 3857 2157 3890 Congp.

1750 3932 1813 3957 Item
1830 3930 1891 3957 Liu.
1901 3935 1925 3959 3,
1937 3934 1968 3960 50
1996 3928 2058 3960 Qio
2071 3934 2158 3965 inpu-

1351 3970 1368 3993 6
1387 3967 1416 3996 N
2071 3967 2156 3989 mtior
