2479 4225
86 211 136 251 97
455 198 492 237 D
580 198 613 238 E
699 200 728 239 P

123 292 141 312 n
151 292 167 312 E
179 291 195 311 Ρ
205 292 224 313 0
234 292 301 313 '1³10
310 293 328 312 R
339 305 346 317 ,
369 286 414 312 fri.
449 286 592 319 Depotitnr
600 306 608 319 ‚
626 285 756 315 ἐπολαῦει,
774 285 852 311 61οηῖ

123 327 141 347 D
151 327 167 348 E
175 328 189 347 P
200 327 217 346 R
227 328 248 348 A
258 328 274 348 E
283 327 301 347 D
311 328 330 347 o
341 327 359 347 R
368 341 376 353 ,
403 321 451 348 ari.
488 322 615 356 [συλεύω]
652 322 730 351 Idem,
749 320 814 355 quod
824 322 982 355 Depopularl.
1018 322 1112 349 Victor

86 355 257 383 Macedoniae
275 365 350 391 agros
369 356 540 391 depraedatur
557 358 644 384 lustin.
659 364 699 388 24,
713 357 739 387 6,
752 363 774 387 3.
845 357 958 382 Omnem
977 356 1049 383 illam
1069 358 1112 384 ‹le-

86 391 275 426 praedabantur
293 392 428 426 regionem
450 392 527 427 Apul.
548 394 610 419 Met.
630 397 643 422 8
671 400 695 425 p.
713 397 764 423 215.
836 391 1019 425 Depraedandi
1039 395 1113 420 causa

87 427 207 453 accedere
225 427 241 452 l.
255 435 267 459 ς
295 428 325 453 D.
339 428 371 453 de
384 437 441 462 neg.
455 427 515 462 gest.
535 426 557 464 9.
571 437 592 460 3.

124 468 166 488 DE
175 469 189 488 Ρ
199 469 217 488 R
226 469 271 489 ΛΕ
282 469 300 488 D
309 470 328 489 A
340 470 361 489 N
370 470 399 495 s,
423 464 496 490 antis.
533 462 621 490 rame.
657 459 735 494 Vulg.
748 461 858 495 Interpr.
878 461 935 488 Iob.
951 471 995 495 24,
1008 471 1025 495 9
1049 463 1112 489 Vim

86 497 206 523 fecerunt
225 497 408 532 depraedantes
425 499 545 533 pupillos.

122 539 141 558 D
150 539 165 558 F.
175 539 190 558 Ρ
198 540 216 559 R
225 541 246 560 A
254 541 270 560 E
279 539 298 559 D
306 540 328 560 A
336 539 358 559 T
370 540 388 558 ν
400 542 412 560 s
421 553 428 565 ,
445 543 458 560 a
467 554 474 566 ‚
496 542 547 560 uin.
581 531 648 556 Part.
658 550 659 553 η
668 528 769 563 Paffiue,
789 536 818 556 vt
829 531 1003 566 Depopulaeus.
1041 531 1111 559 Dio.

86 568 157 594 Cret.
172 576 194 600 2,
211 571 239 594 16
259 570 318 601 Qia
331 569 463 603 pergebat,
479 568 532 602 agri
544 565 637 592 referti
653 565 709 599 iugi
723 574 784 599 pace
799 565 958 600 depraedati.

121 610 139 630 D
148 610 164 629 E
173 610 187 629 Ρ
196 611 213 630 R
224 611 244 630 A
253 611 268 629 E
278 610 296 629 D
306 611 326 630 A
336 611 417 636 Tio,
448 604 512 630 anis.
547 601 566 627 f.
602 600 719 626 Laetam.
732 601 845 634 Epitom.
867 612 888 628 c.
902 608 914 632 8
940 604 1017 630 More
1033 603 1112 630 latro-

85 638 151 664 cinii
166 638 333 673 depraedatio
347 646 372 666 et
386 639 493 666 vastatio
506 636 566 667 fiet,
587 635 605 661 l.
615 635 682 662 Cod.
692 636 723 662 de
736 636 815 662 lucris
828 637 1113 673 aduocat.Compulsor

83 673 202 707 arguitur
214 675 242 700 in
254 673 454 709 depraedatione
466 671 610 698 conuictus.
680 671 816 706 Augustin.
830 673 889 699 Ciu.
897 673 948 700 Dei
962 682 1000 706 22,
1012 682 1044 700 22
1063 675 1113 701 De-

85 709 219 743 praedatio
240 716 265 735 et
282 711 431 744 Captiuitas.

121 751 139 770 D
147 751 164 771 Ε
175 751 190 770 Ρ
201 751 218 771 R
228 752 248 771 A
258 751 274 770 E
283 753 300 772 D
310 748 331 771 ,ΛΖ
341 752 362 772 Τ
370 751 390 771 ο
400 751 429 775 R,
438 742 501 769 oris.
514 751 549 767 m.
565 741 667 768 Praedo.
681 742 848 769 Marcellinus
856 743 1001 778 Augustino
1009 744 1085 779 Epist.
1093 754 1111 778 4

85 779 153 811 Quis
168 780 299 807 Romanae
306 779 455 807 Prouinciae
466 777 650 811 depraedatori
664 787 717 803 non
730 779 798 805 mala
811 779 877 804 velit
888 778 953 805 belli
965 780 1024 806 iure
1036 789 1112 814 repo-

83 816 164 840 nere?
201 816 254 852 11³st
267 815 369 850 August.
382 812 459 847 Epist.
477 821 522 845 199
547 812 754 846 Depraedatores
772 819 871 848 putans.

120 857 139 877 D
147 857 164 876 E
173 858 187 876 Ρ
195 858 212 877 R
220 859 241 877 A
250 858 265 877 E
274 856 335 877 L10
347 855 365 875 R
374 867 381 880 ,
399 854 456 874 atus
468 849 538 880 sum,
559 849 606 874 fisi.
643 849 868 884 [καταμάχομοιι]
905 848 973 877 Idem
986 850 1051 886 quod
1058 850 1113 884 fim-

77 885 138 920 plex
152 886 287 917 Praelia'ri,
306 885 350 912 hoc
363 881 394 915 ⁶st
403 903 412 917 2
431 885 566 909 Dimicm-e.
602 884 668 910 Hor.
684 884 733 911 Od.
749 893 768 916 1,
781 893 806 917 9,
821 892 843 911 11

272 919 395 947 Permitte
410 918 480 944 diuis
494 925 610 951 caetera,
631 920 679 954 qui
692 919 767 946 timul

274 955 392 982 Strauere
413 960 505 980 ventos
530 963 646 988 aequore
671 954 779 982 feruido

273 990 467 1024 Depraeliantes
476 1009 485 1021 ‚
506 996 551 1016 etc.

80 1026 98 1050 i.
119 1025 194 1059 Valde
209 1026 371 1060 praeliantes,
396 1032 426 1050 vt
444 1025 610 1059 Depugnare.

119 1066 137 1086 D
146 1067 162 1087 E
170 1067 184 1086 Ρ
192 1067 210 1086 R
219 1067 239 1086 A
248 1066 265 1086 E
274 1067 341 1088 r.1A
352 1067 372 1087 T
382 1067 391 1086 1
401 1065 421 1086 o
430 1080 439 1093 ,
459 1061 526 1086 onis.
563 1061 582 1086 f.
617 1059 696 1095 Apud
706 1060 816 1086 Liuium
836 1059 878 1093 effi
896 1064 977 1087 aiunt.

119 1101 340 1122 DEPRAESEN
350 1102 416 1128 ΤΟ,
437 1099 490 1122 are.
527 1096 596 1122 Suet.
610 1095 694 1130 Calig.
713 1105 735 1122 c.
749 1101 776 1128 58
801 1096 843 1122 vbi
863 1099 917 1131 agit
934 1096 962 1122 de
977 1100 1064 1131 pueris
1081 1106 1110 1123 ex

1136 443 1150 469 ς
1178 430 1281 456 decreto
1296 431 1429 465 deprecari
1445 431 1516 457 Idem
1530 441 1577 466 pro
1590 433 1678 459 Sextio
1715 453 1721 460 .
1760 453 1766 460 .

1139 608 1298 642 ¹0scelerate
1315 609 1342 634 in
1356 607 1463 633 fratrem
1482 607 1589 640 admisi,
1609 610 1704 636 nnllam

1133 803 1158 829 ¹5
1176 792 1207 816 52
1226 784 1341 810 Nullum
1355 792 1434 817 genus
1448 784 1568 818 supplicii
1582 785 1731 820 deprecatus
1743 788 1795 819 cst,
1816 797 1900 823 neque
1915 789 2051 817 recusauit.

1542 203 1579 242 D
1681 203 1831 243 ΕΡ
2157 218 2205 260 93

1176 288 1351 323 deprecandae
1369 289 1570 318 inaleuolentiae
1589 293 1661 318 causa
1679 291 1796 318 breuiter
1813 296 2068 323 commemorandum
2089 296 2203 325 videtur-

1179 325 1234 350 Cic.
1247 324 1278 351 de
1292 324 1403 360 Republ.
1418 330 1431 349 n
1452 326 1566 360 np.Gell.
1580 329 1606 360 6,
1619 329 1646 353 16
1665 328 1748 354 Etiam
1758 328 1863 354 Claudii
1877 331 2020 364 inuidiam,
2040 332 2151 359 Gracchi
2165 342 2204 360 ca-

1176 360 1238 385 ritas
1252 360 1454 394 deprecabatur,
1480 364 1497 387 ι’.
1507 362 1667 398 propulsahat
1684 371 1707 389 et
1726 363 1876 398 defendebat.
1947 367 2085 401 Deprecari
2105 370 2204 402 pericu.

1178 394 1247 427 lum,
1267 395 1399 431 Auerfliri,
1414 397 1513 421 Precari
1531 407 1558 422 ne
1577 401 1671 424 eueniat
1689 398 1746 425 Cic.
1763 400 1836 426 Verr.
1851 407 1864 431 ς
1890 409 1910 425 c.
1925 404 1962 432 56.
2057 405 2202 430 Periculum

1838 436 1867 460 Et
1880 435 1950 461 Fam.
1967 444 2039 469 10,31
2067 439 2121 465 Nec
2134 441 2203 473 peri-

1178 466 1265 492 culum
1277 466 1312 492 est
1325 466 1420 497 vllum,
1443 466 1512 500 quod
1526 476 1573 500 pro
1587 468 1707 495 libertate
1722 474 1765 495 aut
1779 470 1906 504 refugiam
1921 478 1963 496 aut
1979 472 2109 506 deprecer.
2147 476 2202 501 Cic.

1178 500 1210 527 de
1223 503 1296 528 Orat.
1310 510 1333 534 3,
1342 509 1378 536 74
1402 511 1423 527 c.
1439 510 1471 527 20
1487 502 1632 530 Paullulum
1649 504 1771 539 equidem
1784 505 1815 531 de
1830 514 1871 531 me
1886 505 2059 540 deprecabor,
2080 516 2105 535 et
2118 517 2203 543 petam

1177 545 1192 562 a
1205 537 1299 569 vobis,
1319 543 1347 563 vt
1361 545 1406 569 ea,
1425 545 1490 576 quac
1506 537 1602 569 dicam,
1621 548 1674 565 non
1687 539 1718 566 de
1732 548 1827 567 memet
1840 541 1912 575 ipso,
1932 542 1973 567 sed
1991 543 2022 568 de
2042 552 2147 571 oratore
2164 546 2202 571 di-

1175 580 1233 598 cere
1252 573 1357 607 putetis.
1430 573 1489 597 Liu.
1503 581 1547 604 40,
1566 582 1592 606 15
1618 575 1671 608 Ego
1691 575 1708 601 fi
1748 575 1793 601 uid
1814 576 1895 610 impie
1914 577 1941 602 in
1961 584 1985 603 te
1999 585 2086 612 pater,
2106 580 2122 605 fi
2139 583 2202 614 qnid

1319 643 1323 648 .
1367 643 1372 647 ἱ
1396 642 1401 647 .
1741 619 1848 646 cprecor
1860 621 1979 646 poenam.
2035 615 2061 640 Si
2081 615 2203 644 innocens

1175 643 1247 675 sum,
1267 652 1299 669 ne
1317 642 1419 669 inuidia
1435 643 1607 677 conflagrem,
1627 654 1707 679 quum
1725 646 1836 673 crimine
1855 657 1909 674 non
1928 649 2042 682 possum,
2068 650 2202 684 deprecor.

1181 678 1260 704 Verba
1275 679 1337 714 finit
1353 680 1475 704 Demetrii
1491 678 1524 703 ad
1537 679 1677 715 Philippum
1692 688 1798 716 patrem.
1893 683 2034 717 Deprecari
2053 685 2204 720 sanguinem

1176 719 1201 738 et
1217 720 1330 739 mortem
1347 713 1548 739 innocentissimi
1563 714 1628 741 ciuis
1647 716 1701 742 Cic.
1716 718 1791 744 Verr.
1806 726 1828 749 5,
1843 726 1889 750 124
1909 727 1929 744 c.
1943 725 1988 753 47.

1177 749 1246 774 Gell.
1261 751 1297 779 16,
1310 751 1339 774 16
1361 748 1465 781 Qubus
1483 749 1633 776 seruitutem
1647 760 1702 777 mea
1715 753 1820 779 miseria
1831 752 1965 788 deprecor.
2054 721 2152 747 [mmm
2164 730 2204 758 ap.

2018 755 2074 782 Cic.
2087 757 2168 784 Tnsc.
2183 766 2206 790 2,

1302 822 1306 825 .
1344 822 1348 825 γ
1427 822 1430 825 Ι
2121 793 2207 819 Ambi-

1193 828 1234 844 uae
1246 818 1360 845 [effloms
1379 825 1401 844 et
1421 823 1634 854 interpretationis
1653 824 1708 848 olim
1722 822 1781 857 fnit
1795 824 1891 850 Catulli
1906 824 2070 859 Epigramma
2085 835 2119 860 90
2139 832 2206 863 (89)

1174 854 1295 881 Dabimus
1308 854 1371 880 illud
1381 864 1409 880 cx
1423 853 1525 881 lcfflone
1543 856 1671 892 Vqffiana,
1691 865 1714 883 et
1725 860 1927 893 interpretatione
1940 860 2021 886 Gellii
2035 864 2060 894 6,
2076 865 2113 888 16.
2155 866 2207 900 lgi-

1172 895 1216 916 tur
1229 889 1263 926 Is
1282 889 1377 924 Voffius
1389 893 1427 915 ita
1443 899 1472 916 ex
1485 892 1540 918 MS.
2071 902 2073 905 ·

1329 938 1424 966 Lesbia
1436 940 1474 966 mi
1488 940 1553 967 dicit
1567 942 1667 975 semper
1679 940 1763 973 male,
1778 949 1825 967 nec
1837 947 1902 968 tacet
1917 952 2031 978 vnquam

1369 975 1408 1000 De
1421 984 1477 1001 me:
1503 976 1597 1002 Lesbia
1609 985 1667 1007 me,
1686 976 1844 1010 dispeream,
1861 977 1909 1002 nili
1924 985 2000 1005 amat.

1328 1010 1390 1043 Qio
1405 1010 1491 1071 signo?
1511 1011 1582 1045 Quia
1595 1012 1653 1037 sunt
1665 1012 1777 1037 totidem
1790 1020 1856 1037 mea.
1888 1012 2021 1047 Deprecor
2033 1014 2108 1042 illam

1369 1045 1416 1071 Assi
1436 1055 1485 1078 ue,
1502 1055 1596 1073 verum
1608 1046 1755 1081 dispeream
1767 1046 1815 1073 nifi
1828 1055 1898 1073 amo.

1174 1098 1323 1131 Deprecor,
1337 1098 1469 1134 ficundum
1484 1100 1600 1131 Gellium,
1620 1108 1635 1126 a
1650 1099 1753 1125 Catullo
1768 1099 1870 1126 dietum
1883 1100 1918 1126 est
1931 1101 2000 1135 quali
2018 1102 2144 1138 detestor,
2165 1108 2207 1133 vel

81 1129 140 1163 Asta
153 1130 186 1155 ad
195 1130 298 1159 edendas
310 1133 337 1157 in
344 1131 420 1166 fi-cna
440 1138 527 1166 operas
539 1134 661 1158 euocatis:
686 1131 784 1158 Redire
801 1140 830 1158 ac
848 1131 1044 1166 depraesentare
1058 1133 1112 1167 spe·
1121 1157 1151 1175 2·
1175 1135 1312 1166 exsecror,
1330 1134 1373 1160 vel
1393 1134 1512 1169 depello,
1537 1135 1579 1161 vel
1598 1135 1748 1161 abominor.
1784 1150 1829 1155 —
1865 1135 1961 1162 Eadem
1979 1138 2005 1163 se
2024 1138 2110 1165 facere
2128 1141 2209 1174 dicit,

81 1165 208 1192 §taculum
222 1166 315 1193 voluit.
351 1168 393 1193 Ita
410 1167 547 1193 emendatur
559 1167 688 1193 Barthius.

117 1207 160 1227 DE
169 1207 183 1226 P
191 1207 239 1229 ΚΑ
248 1208 264 1227 Ε
273 1208 309 1229 SE
320 1208 342 1227 N
352 1209 391 1229 'm
400 1209 422 1229 Λ
432 1209 451 1228 R
460 1209 480 1228 v
489 1209 513 1228 M
526 1221 534 1233 ,
563 1202 642 1228 eadem
657 1202 762 1237 forma,
786 1211 833 1238 qua
851 1202 1097 1236 Impraesentiarum
1105 1223 1112 1234 ‚

77 1236 168 1271 legitur
189 1238 216 1261 in
236 1237 385 1273 fragmento
407 1237 526 1264 Petronii
551 1239 711 1273 Tragurium
731 1245 773 1272 74
813 1239 849 1263 Vt
873 1238 1112 1272 depraesentiarum

78 1269 214 1339 intelsliigas.
263 1274 294 1299 Et
312 1278 341 1306 58
366 1272 495 1307 Alioquin
513 1272 568 1300 iam
590 1273 644 1300 tibi
667 1272 908 1307 depraesentiarum
928 1273 1112 1306 reddidissem,

75 1315 94 1332 ι.
109 1314 137 1332 ve
158 1315 217 1342 igm.

114 1347 350 1370 DEPRANDEO
363 1363 370 1375 ,
408 1343 476 1370 vnde*
505 1350 731 1371 DEPRAnsvs
749 1363 759 1376 ,
795 1352 809 1369 a
821 1363 829 1376 ,
862 1353 916 1370 nin.

75 1385 124 1410 pro
135 1377 245 1411 prandio
258 1378 372 1405 lacrimis
389 1379 465 1414 Apul.
479 1380 544 1406 Met.
558 1388 574 1411 9
594 1388 618 1414 p.
630 1387 683 1412 235.
718 1381 761 1405 Al.
775 1378 900 1413 depensis.

76 1444 83 1450 .
109 1418 359 1446 DEPRANDVS,
379 1423 405 1447 a,
422 1424 478 1441 um.
514 1415 574 1442 Adi.
605 1422 654 1450 pro
662 1415 814 1450 famelicus,
834 1415 921 1441 Naeu.
947 1414 1014 1449 apud
1044 1415 1111 1442 Fest.

71 1453 102 1472 m
115 1447 220 1474 Oreae:
249 1451 340 1476 Daccr.
352 1451 430 1486 legit,
451 1450 585 1485 Deprandi
605 1456 692 1477 antem
710 1450 783 1476 leoni
802 1449 896 1477 subdas
915 1459 1009 1477 oreas:
1033 1457 1062 1477 ut
1075 1451 1113 1485 stt

73 1482 252 1510 Nominatiuus
264 1485 419 1519 Deprandis.

108 1524 127 1545 D
138 1524 154 1543 E
163 1525 178 1545 P
186 1526 205 1545 R
213 1526 236 1546 A
246 1527 265 1546 V
274 1527 293 1547 Ο
301 1540 310 1554 ,
338 1526 391 1548 Ere.
427 1518 576 1555 [δὶοιςρέφω,
595 1520 706 1556 ςριέῗλᾶω
714 1541 721 1553 ,
742 1519 850 1554 λωςοέω]

71 1559 362 1588 corrumpere‚.vitiare.
410 1557 479 1583 Ter.
492 1556 598 1583 Phorm.
611 1566 639 1590 4,
654 1565 681 1589 4,
696 1558 724 1583 16
750 1555 830 1582 Nihil
843 1555 879 1582 est
892 1556 1026 1590 Antipho,
1046 1566 1111 1591 qum

72 1587 141 1615 male
159 1590 290 1617 narrando
309 1591 382 1626 poffit
401 1592 579 1627 deprauarier.
650 1592 706 1618 Cic.
723 1590 755 1617 de
770 1592 827 1617 Fin.
846 1599 869 1623 3,
904 1610 911 1616 .
949 1611 955 1617 .
992 1592 1039 1617 Eas
1058 1601 1112 1618 non

71 1623 154 1650 modo
169 1625 238 1652 nihil
256 1626 382 1654 adiuuare
403 1628 535 1660 arbitror,
559 1636 646 1662 neque
659 1625 790 1653 affirmare
805 1635 859 1660 quo
881 1626 1005 1652 meliores
1023 1626 1111 1658 fimus,

68 1657 115 1698 fed
129 1660 211 1694 ipsam
226 1661 369 1696 deprauare
383 1669 512 1689 naturam.
579 1663 730 1688 Contraria:
757 1661 813 1687 Cic.
829 1660 861 1686 de
876 1661 933 1687 Fin.
947 1669 957 1686 1
976 1670 997 1686 c.
1019 1663 1035 1687 6
1060 1662 1109 1687 Sed

976 1344 1112 1379 Depranfis

70 1700 124 1725 ¹1²¹,
143 1701 171 1721 vt
189 1704 235 1729 ea,
259 1707 327 1731 quae
347 1698 481 1732 corrigere
499 1697 571 1728 vult,
591 1697 660 1723 mihi
682 1695 790 1730 quidem
812 1696 956 1730 deprauare
978 1687 1137 1722 videatur.4

71 1728 183 1757 Nimiae
194 1739 286 1757 rerum
300 1733 420 1758 omnium
433 1733 525 1767 copiae
540 1733 683 1766 deprauant
701 1731 817 1764 aliquem
831 1731 905 1755 Idem
919 1730 951 1755 de
964 1731 1034 1768 Lege
1046 1732 1109 1763 Agr.

70 1771 102 1795 2,
120 1766 162 1795 96.
233 1766 312 1793 Nihil
327 1768 363 1793 est
376 1774 428 1794 tam
439 1767 570 1798 sanetum,
588 1766 661 1799 quod
679 1765 850 1790 nonsoleant
869 1764 1007 1789 domestici
1021 1764 1110 1797 depra-

67 1806 132 1823 vare
146 1807 336 1833 nonnunquam
351 1803 406 1827 Cic.
420 1802 534 1834 Philipp.
546 1809 571 1832 1,
587 1808 626 1831 32.
698 1799 780 1825 Multi
799 1798 832 1823 ad
849 1797 1048 1831 deprauandum
1066 1808 1109 1833 pa-

67 1832 120 1865 rati
135 1833 190 1858 Cic.
206 1834 250 1866 Ep.
263 1834 295 1859 ad
309 1836 380 1860 Brut.
395 1840 430 1863 18.

105 1873 124 1893 D
134 1873 151 1893 Ε
159 1872 175 1892 P
183 1874 201 1893 R
209 1875 231 1894 A
240 1875 260 1894 v
270 1870 293 1894 Ᾰ
300 1874 322 1893 Τ
333 1875 353 1893 V
362 1876 375 1894 s
383 1887 390 1898 ,
410 1878 434 1900 a,
455 1877 508 1894 um.
545 1867 639 1894 Partic.
675 1865 881 1900 [λελωςημένος]

66 1908 202 1936 prauamm
217 1903 350 1937 corrigere
364 1904 449 1929 Varro
462 1904 493 1929 R.
506 1903 537 1929 R.
551 1911 574 1935 3,
588 1910 610 1935 ς.
666 1902 813 1936 Deprauata
823 1901 906 1928 ’facies
921 1902 1040 1929 Scribon.
1055 1913 1107 1936 101,

67 1945 119 1970 255.
174 1938 317 1972 Deprauari
335 1947 423 1966 mores
442 1939 498 1965 Cic.
516 1937 548 1964 de
568 1937 662 1972 Legib.
684 1945 715 1969 2,
736 1942 767 1967 28
794 1946 817 1964 c.
837 1944 872 1969 ις.
942 1938 1107 1972 Deprauatae

63 1973 207 2007 opiniones
227 1973 300 2000 Idem
315 1974 425 2001 Tuscul.
443 1982 471 2006 3,
507 1993 514 2000 .
552 1993 560 2000 .
629 1973 733 1999 Natura
748 1972 860 1998 alicuius
879 1972 1020 2006 deprauata
1038 1974 1106 2001 mala

67 2008 205 2043 disciplina
219 2010 275 2038 Cic.
289 2009 321 2035 de
336 2010 394 2036 Fin.
407 2018 432 2041 2,
447 2018 473 2041 33
498 2018 519 2035 c.
534 2017 565 2035 11.
594 2024 595 2027 =

65 2041 117 2069 His
130 2045 170 2070 vel
182 2044 320 2071 debilitatis
331 2045 446 2071 membris
459 2047 567 2071 vitiare:
588 2044 646 2071 Seu.
655 2043 733 2077 Epist.
749 2052 794 2069 102
813 2044 945 2078 Depraues
959 2045 1031 2077 licet,
1044 2045 1108 2071 dum

64 2079 232 2106 monstruoso
246 2085 272 2106 et
283 2080 395 2106 distorto
409 2080 537 2113 temporis
551 2078 654 2111 aliquid
669 2078 786 2112 superfit.
952 2100 956 2105 ,,

102 2121 121 2140 D
132 2121 148 2141 E
158 2121 174 2140 P
184 2121 204 2141 R
212 2122 234 2142 A
243 2122 294 2142 VA
305 2121 327 2141 T
338 2123 348 2142 1
357 2122 392 2147 ο,
412 2115 480 2141 onis.
517 2115 537 2140 f.
572 2112 725 2150 [διας-μω]
761 2115 922 2148 Deprauatio
936 2114 991 2140 oris
1005 2115 1060 2140 Cic.
1073 2114 1106 2140 de

67 2150 142 2179 Orat.
154 2158 179 2182 2,
192 2158 240 2182 252
259 2160 281 2176 c.
293 2153 337 2177 62.
407 2149 546 2177 Libidines
560 2149 671 2176 afferunt
690 2150 864 2176 articulorum
881 2150 1002 2176 omnium
1016 2150 1106 2184 depra-

922 1867 971 1899 Vt,
986 1868 1052 1894 Crus
1066 1867 1109 1894 de·
1115 1853 1149 1880 43

637 2009 788 2042 Deprauare
808 2007 963 2041 hominem,
978 2016 1027 2044 pro
1045 2011 1106 2036 Fra·
1133 2029 1149 2046 0
1169 2012 1221 2037 Pro
1240 2012 1266 2037 se
1287 2011 1454 2046 deprecatum
1473 2013 1573 2039 venire.

1174 1177 1241 1202 qnae
1259 1169 1398 1202 Lesbiam,
1418 1171 1490 1205 quod
1505 1177 1531 1196 et
1546 1169 1713 1197 malediceret
1732 1170 1757 1196 ei
1772 1171 1871 1205 palam,
1890 1173 2077 1207 respueretque
2096 1181 2121 1201 et
2137 1185 2209 1202 recu-

1174 1205 1239 1230 saret
1254 1204 1475 1240 detestareturque
1488 1205 1597 1237 affidue,
1617 1212 1642 1232 ct
1656 1212 1742 1232 tamen
1755 1214 1811 1232 eam
1825 1207 1927 1240 penitus
1942 1207 2081 1242 deperiret.
2153 1212 2209 1238 Cic,

1174 1248 1223 1273 pro
1239 1240 1350 1266 Fonteio
1365 1243 1395 1266 26
1415 1251 1436 1267 c.
1454 1250 1480 1268 12
1504 1241 1626 1268 orandus
1644 1241 1695 1267 erit
1729 1256 1773 1261 ——-
1808 1243 1846 1268 M.
1860 1243 2022 1276 Plaetorius,
2041 1251 2070 1271 vt
2088 1246 2147 1272 suos
2163 1255 2211 1273 no—

1174 1283 1222 1301 vos
1243 1275 1351 1301 clientes
1370 1276 1496 1311 (Gallos)
1519 1285 1533 1302 a
1548 1276 1621 1303 bello
1639 1276 1761 1302 faciendo
1782 1275 1926 1310 deterreat,
1950 1285 1979 1305 vt
1997 1279 2107 1307 illorum
2128 1283 2211 1309 iratos

1175 1310 1277 1336 animos
1296 1317 1376 1345 atque
1394 1311 1540 1338 horribiles
1560 1313 1672 1346 impetus
1690 1311 1852 1346 deprecetur.
1908 1315 1976 1340 Haec
1985 1314 2064 1349 fimt,
2087 1326 2147 1352 quae
2162 1324 2211 1353 pro

1174 1346 1218 1372 illa
1232 1346 1363 1372 amonendi
1371 1367 1379 1379 ,
1395 1347 1574 1383 depellendique
1584 1347 1763 1383 significatione
1774 1347 1853 1374 adhuc
1861 1350 1963 1383 prolata
1976 1353 2093 1378 nouimus.
2129 1354 2212 1388 Quare

1174 1381 1280 1407 nondum
1294 1382 1514 1443 mutoasentcntiam
1523 1402 1531 1414 ,
1546 1393 1617 1418 quam
1632 1384 1686 1408 dixi
1699 1383 1733 1409 ad
1749 1383 1857 1416 Qiinft.
1873 1392 1895 1415 3,
1914 1386 1940 1416 6,
1959 1393 1994 1417 13,
2018 1395 2065 1412 non
2078 1386 2121 1420 qffi’
2134 1390 2212 1415 locum

1173 1417 1232 1443 huic
1244 1417 1316 1443 verbo
1329 1420 1357 1443 vi
1375 1420 1412 1443 eri
1419 1437 1426 1449 ,
1443 1417 1486 1444 vbi
1505 1427 1553 1444 non
1571 1425 1594 1444 et
1607 1427 1695 1452 preces
1708 1418 1856 1444 intercedere
1864 1419 1972 1453 pqffint,
1992 1427 2020 1446 vt
2032 1424 2099 1456 apud
2110 1423 2211 1455 iudices,

1169 1453 1332 1488 populumque
1342 1453 1416 1485 adeo,
1455 1456 1531 1479 uoties
1548 1456 1621 1479 etiam
1634 1456 1687 1479 iure
1700 1452 1781 1486 nostro
1794 1457 1886 1480 crimen
1906 1454 2062 1489 depell1mus‚·
2089 1460 2127 1485 vel
2147 1459 2212 1494 apud

1175 1490 1267 1519 Deum,
1283 1498 1336 1514 cum
1349 1462 1611 1523 aliquiffdetqllamur.
1653 1490 1683 1515 V.
1697 1498 1722 1524 g.
1744 1489 1835 1522 Nepos
1849 1496 1888 1521 25,
1903 1498 1938 1521 12,
1952 1498 1968 1515 2
1989 1492 2070 1518 Cuius
2083 1495 2212 1533 Agrippae

890 1522 999 1546 Prauum
1011 1512 1149 1561 facer.·,33
1174 1526 1258 1559 generi
1266 1523 1309 1559 sua·
1322 1524 1422 1558 gratia,
1439 1533 1486 1559 qua
1499 1527 1523 1549 is
1536 1524 1603 1558 apud
1616 1524 1738 1559 Caqfizrem
1750 1526 1847 1556 valuit,
1865 1533 1923 1550 cum
1941 1533 2038 1559 augere
2051 1529 2211 1561 posseffiones

1174 1559 1254 1592 poss'et
1267 1560 1338 1590 suas,
1355 1564 1455 1584 tantum
1476 1559 1562 1584 abfuit
1581 1568 1596 1584 a
1608 1558 1750 1592 cupiditate
1763 1559 1902 1592 pecuniae,
1919 1566 1949 1585 vt
1967 1561 2039 1588 nulla
2056 1563 2085 1588 in
2103 1573 2133 1590 re
2153 1566 2211 1591 vsus

1174 1593 1204 1619 lit
1219 1602 1248 1618 ea
1262 1597 1348 1628 gratia
1361 1595 1490 1628 Agrippae
1501 1592 1568 1627 opud
1578 1593 1711 1629 Cacfizrem,
1723 1594 1772 1618 nifi
1786 1594 1815 1619 in
1829 1593 1996 1627 deprecandis
2005 1598 2132 1630 perillum
2146 1600 2212 1625 ami-

1174 1635 1265 1653 corum
1281 1628 1406 1661 periculis
1419 1634 1464 1654 aut
1477 1628 1661 1654 incommodis.
1715 1627 1862 1663 Igitur-fine
1874 1627 1973 1654 auctore
1990 1638 2012 1656 et
2030 1630 2120 1666 α’κύρως
2131 1635 2214 1668 quua-

1173 1669 1232 1694 tur,
1255 1665 1298 1697 qui
1305 1661 1362 1697 post
1374 1662 1534 1697 doffiffimum
1548 1664 1605 1688 licet
1619 1664 1766 1693 Graeuium,
1785 1662 1864 1694 dicat,
1883 1663 2010 1696 Magnum
2023 1666 2145 1700 Reipubl.
2164 1671 2212 1695 im-

1173 1698 1274 1723 minere
1294 1698 1456 1731 periculum,
1476 1697 1524 1722 nifi
1545 1698 1614 1723 Deus
1632 1697 1785 1730 deprecetur
1803 1704 1829 1723 et
1845 1705 1965 1725 auertati
1990 1699 2038 1733 nist
2047 1700 2074 1734 st
2087 1703 2160 1736 forte
2179 1703 2213 1730 ad

1172 1741 1286 1766 magnum
1300 1733 1367 1758 illum
1381 1732 1578 1767 deprecatorem
1590 1731 1697 1764 nostrum
1715 1739 1739 1757 et
1753 1731 1907 1767 παράκλητον
1925 1734 2053 1769 referatur
2068 1737 2117 1763 Dei
2132 1741 2212 1774 appel·

1171 1767 1243 1791 latio.
1437 1765 1458 1805 fl
1483 1776 1496 1799 3
1534 1769 1593 1793 Non
1614 1765 1647 1799 est
1665 1773 1725 1802 opus
1743 1776 1806 1793 noua
1811 1767 2012 1803 significatione,
2032 1778 2061 1797 vt
2065 1768 2213 1809 stt‘Depre-

1171 1800 1226 1826 cari
1241 1800 1315 1833 idem,
1329 1811 1359 1827 ac
1376 1806 1472 1828 ueniam
1490 1801 1636 1828 deliflorum
1654 1811 1758 1838 rogare,
1778 1811 1839 1841 quae
1855 1807 1918 1829 enim
1937 1804 1983 1830 huc
1998 1806 2160 1842 reflrunucr,
2180 1809 2214 1835 ad

1171 1836 1333 1873 alterutram,
1358 1838 1399 1863 vel
1414 1838 1448 1863 cni
1466 1844 1594 1872 utramque
1618 1837 1676 1864 adeo
1694 1841 1818 1864 rationum
1855 1838 2015 1874 ropoJitarum
2034 1845 2212 1871 accommodari

1166 1869 1275 1904 poſjunt.
1324 1872 1372 1901 Vt,
1388 1872 1444 1899 Cic.
1458 1873 1510 1898 Att.
1525 1881 1557 1905 11,
1572 1875 1589 1898 6
1615 1874 1652 1907 Q
1663 1874 1781 1899 Fratrem
1800 1882 1832 1899 au
1853 1874 1881 1899 io
1900 1875 2050 1907 profecium
2069 1878 2096 1903 in
2110 1880 2193 1905 Asiam
2203 1899 2212 1913 ,

1170 1911 1200 1931 vt
1212 1905 1412 1939 deprecaretur,
1432 1909 1542 1942 culpam,
1562 1915 1605 1934 aut
1613 1910 1718 1944 salutem
1730 1919 1738 1933 :
1758 1908 1822 1943 quod
1833 1918 1886 1934 cum
1899 1910 2010 1944 Pompeio
2016 1912 2116 1947 fuiſjbt.
2171 1916 2211 1942 ld,

1170 1940 1284 1974 Philipp.
1298 1949 1319 1974 ς,
1333 1950 1345 1973 3
1372 1951 1393 1968 c.
1410 1951 1419 1968 1
1447 1944 1537 1969 Pacem
1556 1943 1613 1969 vult
1628 1944 1666 1969 M.
1679 1943 1831 1969 Antonius?
1858 1952 1930 1969 arma
1943 1952 2038 1978 ponat,
2056 1954 2146 1982 roget,
2166 1949 2209 1976 de.

1170 1983 1306 2009 precetur,
1326 1978 1459 2003 neminem
1473 1978 1628 2012 aequiorem
1642 1986 1684 2003 me
1696 1978 1820 2012 reperiet.
1892 1979 1979 2005 Valer.
1995 1981 2104 2009 Maxim.
2118 1993 2146 2017 4,
2159 1993 2185 2019 7,
2200 1994 2209 2012 1

1615 2013 1672 2039 Vni.
1685 2013 1802 2039 Borrich.
1821 2012 1920 2039 Vindio.
1940 2021 1968 2049 p.
1985 2025 2012 2048 53
2025 2017 2080 2052 seq.
2153 2021 2210 2048 Cic.

1170 2046 1260 2072 Partit.
1280 2055 1302 2073 c.
1317 2055 1348 2079 39
1374 2048 1432 2074 Erit
1445 2048 1538 2074 iisdem
1553 2048 1692 2081 aequitatis
1705 2047 1840 2073 sententiis
1855 2054 1946 2074 contra
1964 2052 2135 2080 acerbitatem
2152 2065 2211 2082 ver-

1169 2081 1266 2107 borum
1280 2082 1486 2116 deprecandum,
1504 2086 1523 2109 2¹.
1535 2081 1642 2118 rogandi
1659 2082 1768 2115 iudices,
1786 2091 1815 2108 ηε
1834 2083 1909 2109 verba
1927 2086 2054 2114 acerbiora
2071 2091 2134 2126 legis
2153 2091 2212 2118 huic

1163 2115 1242 2151 faesio
1256 2119 1389 2151 applicent.

1208 2157 1226 2176 D
1234 2158 1273 2177 ΕΡ
1283 2159 1301 2178 R
1311 2159 1327 2178 E
1336 2158 1352 2177 C
1361 2159 1381 2178 A
1392 2160 1412 2178 N
1423 2159 1436 2178 s
1444 2172 1453 2184 ,
1469 2152 1546 2178 antis.
1575 2152 1669 2179 Partic.
1703 2152 1781 2187 Vulg.
1796 2153 1907 2188 Interpr.
1917 2155 1982 2182 Gen.
1998 2159 2035 2190 16,
2044 2166 2060 2184 2
2081 2160 2149 2185 Cum
2162 2161 2210 2188 ille

66 2185 189 2216 >rationes
207 2185 264 2213 Sen.
277 2187 323 2220 Ep.
338 2194 382 2219 24.
405 2210 408 2212 .
452 2186 509 2212 Cic.
523 2185 555 2212 de
565 2185 625 2212 Ein.
639 2194 666 2218 5,
681 2192 709 2217 35
728 2186 759 2211 In
773 2184 870 2219 quibus
889 2184 907 2211 fi
925 2191 1047 2219 peccetur
1060 2185 1107 2211 Di-
1114 2205 1143 2231 33
1169 2187 1344 2221 acquiesceret
1360 2187 1525 2221 deprecanti:
1557 2194 1580 2213 et
1591 2188 1671 2215 Sirac.
1683 2193 1724 2220 28,
1738 2197 1750 2214 2
1774 2189 1931 2222 Deprecanti
1946 2199 2049 2225 peccata
2064 2195 2210 2225 soluentur.

66 2220 196 2246 ssortione
207 2226 234 2247 et
245 2221 431 2256 deprauatione
445 2221 566 2256 quadam,
578 2227 624 2247 aut
637 2228 711 2247 motu
720 2240 730 2253 ,
749 2221 850 2247 statuue
861 2220 987 2246 deformi.
1036 2221 1105 2247 Con-

65 2255 234 2286 suetudinum
249 2256 403 2291 deprauatio
415 2257 471 2283 Cic.
480 2257 512 2283 de
525 2256 618 2291 Legib.
633 2263 654 2289 1,
668 2265 710 2290 29.
780 2257 943 2291 Deprauatio
955 2262 981 2282 et
992 2256 1105 2283 foeditas

63 2290 207 2325 turpificati
221 2291 305 2319 animi
316 2293 390 2319 Idem
402 2292 454 2319 Off.
468 2301 491 2325 3,
505 2300 551 2325 105
568 2302 589 2318 c.
604 2301 643 2325 29.
713 2292 744 2317 Et
755 2291 783 2318 in
798 2291 886 2318 Pax-tit.
900 2299 946 2326 127
967 2301 989 2318 c.
1002 2299 1034 2327 37
1054 2293 1104 2318 De-

65 2326 155 2353 fensor
171 2332 258 2354 autem
274 2327 307 2355 de
325 2337 355 2355 ea
371 2337 450 2363 quam
469 2328 611 2363 proposui,
632 2327 764 2362 aequitate
784 2328 898 2354 nitatur:
926 2333 952 2354 et
973 2336 1004 2354 ea
1020 2337 1104 2362 quum

65 2362 152 2396 secum
171 2363 263 2394 faciat,
284 2373 338 2390 non
357 2373 401 2396 re,
421 2363 464 2390 sed
478 2364 667 2398 deprauatione
680 2362 759 2389 verbi
778 2364 805 2389 se
822 2363 912 2398 vrgeri
931 2369 1065 2398 queratur.

101 2403 119 2423 D
127 2404 145 2424 E
154 2405 168 2424 1²
176 2405 195 2425 R
204 2405 226 2425 A
234 2405 255 2425 v
264 2406 285 2426 A
294 2405 315 2426 T
324 2406 341 2426 Ε
350 2419 357 2426 .
394 2399 462 2426 Adu.
500 2401 647 2435 Deprauate
670 2404 696 2425 et
717 2404 841 2434 corrupte
857 2399 992 2432 iudicare,
1018 2402 1036 2425 i.
1053 2408 1102 2425 non

63 2430 131 2461 refie
143 2433 198 2460 Cic.
213 2434 244 2461 de
258 2435 315 2470 Ein.
331 2443 352 2467 1,
362 2442 390 2469 7¹
411 2444 433 2461 c.
448 2443 483 2461 21.

63 2494 68 2498 .
99 2475 144 2506 DE
154 2475 170 2495 1⁷
178 2477 197 2496 R
206 2477 228 2497 A
237 2477 256 2496 V
265 2471 288 2497 A
296 2477 346 2498 'ro
354 2477 389 2503 R,
409 2471 474 2497 oris.
503 2478 544 2496 m.
573 2469 651 2505 Apud
663 2469 772 2496 Liuium
788 2468 831 2503 {Ue
845 2469 948 2496 dicitur.

100 2507 399 2538 DERREOEA‘rvs,
423 2506 475 2532 vid.
495 2511 711 2537 DEPRETio,
728 2514 763 2531 as.

101 2545 119 2565 n
128 2546 145 2574 ιε
154 2546 169 2566 Ρ
179 2546 198 2566 R
208 2538 225 2567 ιέ
235 2547 252 2568 c
261 2547 281 2567 ο
291 2548 311 2568 R
320 2561 329 2573 ‚
355 2547 412 2567 atus
430 2542 485 2567 snm
495 2560 503 2572 ,
535 2540 583 2566 ari.

63 2576 164 2608 χομοιι]
203 2577 333 2611 Duplicrm
346 2580 398 2602 vim
410 2576 496 2603 habet:
522 2582 565 2602 aut
579 2578 643 2602 enim
656 2585 710 2602 cum
723 2573 833 2611 respefsu
845 2574 879 2601 ad
892 2584 956 2606 cum,
973 2579 1016 2611 qui
1030 2585 1102 2612 roga-

62 2613 122 2642 tur,
133 2611 264 2646 fignificat
278 2612 403 2646 precando
422 2615 553 2646 impetrare
569 2614 672 2643 conari,
691 2617 721 2637 vt
739 2611 901 2645 deposcere:
929 2618 972 2636 aut
991 2610 1103 2647 rqlpec‘lu

58 2647 182 2678 petentis,
194 2647 310 2680 precibus
322 2649 435 2678 amoliti,
457 2653 486 2672 vt
501 2646 640 2680 depellere.
677 2648 713 2672 De
721 2650 808 2681 priori
820 2649 916 2672 ratione
923 2649 1006 2679 prius.
1058 2648 1102 2672 Ve-

61 2678 183 2705 hementer
197 2684 309 2715 precari.
359 2681 405 2706 Te
425 2681 548 2706 lacrimae
565 2681 654 2706 fratris
672 2680 843 2714 deprecantur
861 2680 916 2706 Cic.
932 2681 1003 2707 Fam.
1023 2689 1055 2713 4,
1076 2688 1101 2714 7.

61 2714 130 2741 Adii.
145 2714 182 2740 ib.
197 2718 220 2745 6,
235 2718 251 2741 6
262 2729 264 2731 ·
277 2725 298 2741 c.
311 2721 362 2740 not.
377 2716 477 2740 Manat.
547 2715 603 2740 Cic.
618 2715 674 2748 post
686 2715 762 2740 redit.
775 2714 807 2741 ad
821 2715 946 2748 Qiirit.7
965 2716 999 2740 At
1012 2724 1054 2741 me
1071 2717 1100 2741 C.

61 2747 162 2776 Pisonis
176 2750 268 2783 generi
278 2750 332 2776 mei
343 2749 433 2776 diuina
446 2748 574 2784 quaedam
589 2756 614 2774 et
629 2749 745 2775 inaudita
758 2749 901 2775 aucloritas
913 2756 993 2783 atque
1005 2750 1101 2783 virtus,
1115 2738 1133 2766 7
1163 2751 1275 2777 mififfet.

60 2783 204 2818 fratrisque
219 2786 272 2812 mei
284 2785 429 2812 miserrimi
447 2791 525 2818 atque
538 2784 637 2818 optimi
657 2784 826 2818 quotidianae
845 2784 983 2816 lacrimae,
1003 2785 1102 2811 sordes-

61 2827 112 2853 que
125 2819 248 2853 lugubres
262 2829 275 2846 a
290 2821 366 2847 vobis
380 2820 529 2854 deprecatae
544 2819 618 2850 sunt,
636 2821 653 2844 i.
668 2820 782 2845 Reditum
797 2819 860 2845 mihi
878 2828 908 2844 ac
924 2817 1101 2850 restitutionem

59 2858 263 2889 impetrauerant.
314 2856 383 2881 Add.
398 2856 435 2882 ib.
452 2865 473 2882 c.
488 2857 512 2881 6.
582 2854 638 2880 Cic.
652 2855 729 2880 Verr.
743 2862 766 2886 ς,
802 2873 809 2880 .
846 2873 852 2879 .
889 2853 965 2879 Tum
979 2853 1099 2888 depreca-

60 2889 134 2916 bitur
147 2899 159 2916 a
174 2890 267 2921 vobis,
286 2896 342 2917 tum
356 2891 434 2916 etiam
447 2899 495 2924 pro
509 2891 555 2916 suo
568 2889 626 2915 iure
640 2889 787 2916 contendet.

62 2925 140 2952 Nunc
155 2926 354 2960 ,proficiscemur
371 2926 401 2952 ad
419 2927 540 2960 reliqua,
558 2925 576 2951 fi
591 2933 670 2958 pauca
687 2931 747 2952 ante
762 2924 861 2951 erimus
879 2933 894 2950 a
906 2924 983 2951 vobis
996 2925 1098 2952 Iudices

61 2960 200 2995 deprecati.
275 2962 448 2996 Deprecatum
470 2961 546 2987 venit
565 2960 598 2987 ad
618 2968 676 2993 mc,
698 2966 727 2987 vt
746 2960 794 2987 libi
809 2960 971 2995 ignoscerem
990 2961 1046 2988 Cic.
1066 2961 1098 2988 de

62 2996 166 3023 Amicit.
183 3007 204 3023 c.
220 3005 252 3023 11.
323 2997 378 3023 Cic.
391 2996 423 3023 de
431 2997 500 3031 Lege
514 2997 576 3030 Agr.
590 3005 615 3027 2,
631 3005 663 3026 92
682 3005 703 3022 c.
717 2998 749 3028 36
772 2995 1000 3029 Qemadmodum
1015 3006 1098 3031 quum

60 3031 196 3066 petebam,
216 3032 283 3059 nulli
301 3041 344 3059 me
359 3033 436 3059 vobis
451 3032 570 3058 au8tores
584 3032 686 3065 generis
703 3033 756 3057 mei
770 3031 986 3063 commendarunt
1001 3043 1006 3058 :
1031 3033 1064 3059 fic
1078 3033 1096 3059 fi

841 2888 915 2915 Idem
929 2890 1003 2916 Verr.
1017 2899 1029 2922 3
1051 2899 1072 2915 c.
1085 2898 1099 2923 5
1113 2903 1145 2933 75
1162 2900 1181 2921 1,
1196 2900 1221 2924 9.

1168 2222 1228 2247 Liu.
1241 2230 1283 2256 37,
1298 2225 1314 2248 6
1335 2223 1508 2257 Deprecantes
1522 2232 1570 2257 pro
1583 2223 1692 2250 Aetolis.
1762 2224 1870 2259 Quin&
1887 2233 1927 2259 11,
1941 2235 1963 2259 3,
1977 2236 2018 2260 103
2042 2229 2116 2256 Nam
2134 2231 2162 2258 jd
2183 2238 2210 2259 et

1167 2257 1264 2284 leniter
1276 2257 1450 2290 admirantes,
1471 2265 1496 2285 et
1510 2259 1618 2285 interim
1636 2259 1721 2285 subita
1739 2259 1921 2294 indignatione
1943 2262 2016 2290 velut
2035 2267 2210 2300 pauca-entes,

1167 2299 1193 2319 et
1206 2293 1387 2327 deprecantes,
1404 2297 1422 2319 i.
1436 2295 1586 2327 amolientes,
1603 2294 1759 2330 repellentes,
1778 2295 1899 2323 facimus.

1203 2335 1222 2355 D
1231 2335 1248 2354 E
1257 2336 1272 2355 P
1281 2336 1299 2355 R
1309 2336 1325 2355 E
1336 2336 1352 2356 c
1360 2337 1382 2355 Α
1391 2337 1412 2356 Τ
1421 2336 1440 2355 ν
1449 2336 1462 2355 S
1471 2349 1480 2362 ‚
1500 2338 1524 2361 a,
1545 2339 1598 2355 um.
1633 2330 1726 2361 Partic.
1763 2331 1816 2366 Q!
1834 2332 1984 2360 vehementer
2003 2322 2117 2369 expetiit)
2151 2338 2206 2365 Cic.

1110 2378 1145 2404 60
1167 2363 1199 2389 de
1215 2365 1289 2391 Orat.
1304 2373 1388 2395 2‚.201
1412 2373 1433 2390 c.
1447 2373 1484 2397 49
1510 2365 1608 2391 Omnia
1627 2366 1728 2400 semper
1746 2374 1795 2400 pro
1814 2367 1962 2394 amicorum
1981 2371 2121 2403 periculis,
2138 2373 2206 2400 nihil

1166 2408 1283 2439 vnquaui
1297 2408 1345 2433 pro
1360 2400 1442 2434 seipso
1456 2400 1617 2434 deprecatus.
1689 2401 1838 2435 ApuLMet.
1852 2411 1869 2435 9
1889 2412 1914 2437 p.
1926 2411 1969 2438 ¹²7
1994 2405 2071 2432 Diras
2085 2406 2207 2434 deuotio.

1164 2443 1220 2496 1ῐ-ιυεῐεῃ
1223 2443 1337 2497 Ιιῖῐιιοιτιιῖιίἴίἱ
1339 2434 1484 2497 ¹{lriiprecata
1504 2444 1580 2463 vxor.
1617 2436 1711 2471 Paffiuc
1725 2437 1801 2472 Apul.
1814 2438 1878 2464 Met.
1893 2447 1915 2465 ιι
1942 2449 1967 2473 p.
1981 2447 2033 2474 270
2058 2441 2205 2475 Deprecato

1201 2513 1220 2532 D
1230 2513 1246 2532 E
1255 2513 1269 2532 Ρ
1280 2513 1296 2531 R
1306 2513 1322 2533 E
1333 2512 1350 2533 C
1361 2514 1383 2533 A
1391 2514 1412 2533 T
1422 2513 1440 2533 0
1449 2514 1467 2533 R
1475 2526 1484 2538 ,
1511 2506 1575 2532 bris.
1610 2515 1646 2532 m.
1681 2507 1695 2540 [
1708 2503 1802 2536 dennis,
1820 2506 1968 2540 παραιτητῆς
1979 2509 1993 2542 ]
2029 2510 2080 2545 Qaei
2095 2517 2144 2546 Pro
2162 2522 2203 2540 720

623 2541 789 2575 [ἔκλα-κρέα),
815 2540 993 2575 παραιτέομαι,
1014 2540 1101 2566 κατεύ-
1125 2552 1157 2584 63
1164 2541 1311 2576 deprecatur
1325 2545 1430 2568 veniam.
1466 2542 1522 2568 Cic.
1535 2550 1584 2575 pro
1599 2542 1680 2567 Corn.
1697 2540 1778 2566 Balbo
1792 2549 1827 2572 42
1848 2542 1936 2567 Potuit
1949 2544 2031 2577 magis
2047 2547 2079 2571 de
2093 2555 2121 2572 re
2133 2548 2204 2575 iudi.

1164 2585 1237 2608 care,
1259 2585 1337 2610 quam
1349 2586 1431 2611 quum
1444 2576 1477 2602 ad
1492 2577 1608 2602 vestrum
1625 2575 1753 2601 iudicium
1770 2575 1840 2601 ciues
1852 2577 2018 2610 ampliffimos
2033 2580 2148 2615 legauit,
2167 2590 2203 2610 te.

1164 2612 1212 2638 stes
1226 2612 1304 2637 huius
1317 2612 1400 2642 iuris,
1420 2612 1491 2636 vitae
1505 2610 1668 2642 laudatores,
1683 2610 1794 2643 periculi
1809 2610 2006 2644 deprecatores?
2059 2616 2132 2644 Idem
2153 2628 2203 2653 pro

1164 2647 1257 2672 Flacco
1271 2655 1281 2672 1
1301 2646 1440 2680 Sperabam
1454 2644 1554 2670 Iudices
1568 2644 1678 2671 honoris
1691 2646 1779 2679 potius
1793 2645 1822 2672 L.
1836 2646 1921 2673 Flacci
1940 2657 1982 2674 me
1999 2649 2149 2679 adiutorem
2161 2655 2202 2681 fu-

1163 2688 1267 2711 turum,
1287 2690 1365 2715 quam
1386 2680 1551 2706 miseriarum
1570 2679 1777 2714 deprecatorem.
1849 2682 1903 2708 Cic.
1924 2692 1973 2717 pro
1984 2685 2053 2719 Lege
2067 2688 2160 2716 Manil.
2173 2698 2202 2722 3-

1164 2725 1185 2742 c.
1206 2725 1233 2742 12
1263 2718 1352 2749 Qium
1371 2716 1403 2742 ad
1422 2724 1482 2741 eum
1504 2724 1588 2749 vsque
1609 2715 1637 2740 in
1650 2715 1822 2749 Pamphiliam
1837 2717 1946 2752 Legatos
1966 2708 2201 2760 deprecatoresqu{

1345 2751 1418 2777 Idem
1432 2752 1484 2776 Att.
1499 2758 1530 2781 11,
1546 2755 1559 2779 8
1585 2750 1700 2784 Qiintus
1713 2751 1782 2777 mitit
1793 2751 1880 2779 filium
1892 2763 1945 2780 non
1960 2755 2044 2783 solum
2056 2758 2096 2784 sui
2110 2759 2199 2794 depre-

1162 2788 1294 2817 catorem,
1315 2785 1358 2812 scd
1376 2786 1456 2812 etiam
1475 2785 1650 2812 accusatorem
1664 2787 1726 2812 mei.
1768 2787 1837 2813 ΛΜ.
1850 2788 1922 2815 Ideni
1936 2791 2008 2817 Fani.
2023 2801 2048 2825 2,
2062 2802 2094 2826 13.
2122 2803 2145 2821 et
2165 2804 2190 2822 ι’

1161 2828 1186 2852 ις
1207 2829 1228 2846 e.
1243 2828 1294 2846 not.
1304 2822 1406 2847 Manut.
1472 2821 1526 2854 Ego
1539 2821 1607 2855 apud
1621 2822 1754 2848 consulem
1770 2823 1921 2857 deprecator
1934 2825 2108 2863 defensorque
2122 2814 2200 2858 vobi}

1160 2855 1240 2882 adero
1254 2857 1312 2882 Liu.
1325 2859 1366 2889 36,
1379 2864 1415 2889 35.
1488 2857 1526 2882 Eo
1543 2857 1712 2891 deprecatore
1731 2858 1831 2893 aliquid
1848 2859 1989 2894 impetrare
2001 2864 2072 2890 Caes.
2086 2866 2150 2892 Bell.
2164 2868 2196 2893 G,

1292 2891 1334 2918 Vfi
1349 2892 1561 2926 deprecatoribus
1574 2892 1646 2918 Idem
1659 2895 1685 2925 6,
1700 2902 1726 2926 4.
1798 2895 1958 2929 Deprecator
1971 2898 2138 2927 fortunarum
2151 2903 2197 2929 ali-

1161 2927 1249 2957 cuins,
1264 2934 1314 2962 pro
1329 2929 1455 2954 Seruatore
1471 2928 1527 2954 Cic.
1543 2937 1592 2961 pro
1605 2929 1689 2955 Plane.
1703 2937 1748 2955 102
1768 2929 1825 2956 Nec
1844 2940 1887 2956 me
1902 2932 1986 2958 solum
2001 2933 2197 2969 deprecatorem

1158 2962 1328 2989 fortunarum
1341 2969 1461 2996 tuarum,
1481 2963 1524 2989 sed
1539 2964 1663 2990 comitem
1678 2964 1830 2999 sociumque
1847 2966 2000 3000 profitebor.

1194 3004 1213 3024 D
1223 3005 1239 3024 E
1251 3005 1265 3024 Ρ
1276 3005 1295 3024 R
1305 3005 1377 3026 ECA
1388 3005 1409 3024 Τ
1421 3006 1500 3029 iux,
1525 2999 1582 3024 icis.
1619 3000 1638 3026 f.
1676 3001 1802 3026 Asconius
1823 3001 1851 3027 in
1867 3003 1941 3029 Verr.
1957 3012 1977 3035 1,
1993 3012 2023 3036 14
2048 3014 2070 3031 c.
2084 3013 2098 3038 ς
2124 3007 2194 3034 Sabi.

1158 3033 1200 3060 nis
1214 3034 1435 3069 deprecatricibus
1450 3040 1588 3069 parentum
1601 3034 1700 3061 bellum
1712 3036 1922 3071 maritorumque
1935 3038 2039 3065 finitum
2053 3040 2097 3067 est.
2138 3044 2192 3069 Ver.

62 3067 128 3101 quid
142 3067 292 3102 deliquero,
313 3068 399 3095 nullae
413 3069 471 3094 sunt
492 3068 636 3101 imagines,
656 3076 723 3101 quae
736 3075 778 3092 me
795 3076 808 3093 a
823 3067 900 3093 vobis
915 3067 1095 3102 deprecentur.
1113 3085 1145 3111 30
1157 3069 1217 3096 edit.
1230 3069 1428 3096 Precatricibus.
1465 3070 1584 3096 Tertull.
1599 3069 1658 3097 adu.
1670 3072 1751 3097 Marc.
1765 3081 1793 3104 4,
1807 3080 1831 3098 12
1852 3074 2000 3100 Humanam
2020 3077 2133 3110 opponit
2149 3087 2194 3104 ne-

59 3103 142 3129 Plaut.
155 3103 223 3129 Afin.
238 3103 340 3138 Prolog.
354 3112 367 3136 ς
390 3103 468 3130 Nunc
482 3103 500 3129 fi
517 3103 598 3129 vultis
616 3103 749 3137 deprecari
767 3102 829 3129 huic
844 3103 914 3133 seni,
933 3113 965 3130 ne
979 3104 1095 3138 vapulet,

61 3138 160 3168 Remur
173 3139 308 3173 impetrari
321 3140 399 3180 posse.
476 3140 506 3165 In
516 3139 568 3165 hoc
584 3145 610 3164 te
624 3137 750 3173 deprecor
762 3148 809 3170 ne,
829 3146 875 3165 etc.
896 3138 951 3165 Cic.
961 3140 1032 3166 Fam.
1043 3145 1095 3172 8,1.

61 3173 110 3199 Pro
129 3174 219 3208 aliquo
238 3173 276 3201 Id.
290 3173 322 3201 ad
336 3175 407 3201 Brut.
421 3175 466 3209 Ep.
481 3183 517 3201 12.
594 3174 649 3201 Cic.
667 3174 724 3209 post
735 3173 813 3200 redit.
825 3173 858 3200 ad
872 3174 972 3208 Qiirit.
987 3178 1004 3201 6
1029 3176 1094 3202 Non

63 3209 132 3235 enim
144 3218 192 3243 pro
205 3218 264 3236 meo
278 3210 380 3243 reditu,
397 3216 425 3236 vt
439 3219 488 3245 pro
501 3209 802 3271 Pssopiliinobilissi111i
815 3209 932 3236 hominis
947 3210 1094 3237 adolescen-

65 3247 103 3271 tes
117 3243 182 3276 filii,
200 3245 314 3272 etmulti
326 3251 460 3280 praeterea
475 3255 522 3279 cog

64 3277 135 3305 Fam.
146 3287 182 3312 η,
195 3289 229 3313 24
247 3281 376 3308 Nondum
393 3281 472 3315 legati
489 3281 638 3314 redierant,
660 3291 726 3316 quos
746 3282 867 3314 Senatus,
881 3290 935 3307 non
957 3281 989 3308 ad
1003 3291 1092 3316 pacem

63 3312 255 3348 deprecandam,
273 3316 317 3342 sed
330 3318 363 3343 ad
378 3316 584 3343 denuntiandum
600 3317 708 3349 bellum,
716 3317 831 3343 miserat.
903 3317 958 3343 Cic.
973 3316 1004 3343 de
1018 3318 1093 3344 Orat.

63 3356 87 3379 3,
100 3355 116 3379 9
142 3349 228 3381 Qum
240 3351 296 3378 Sibi
311 3361 366 3378 non
379 3352 540 3379 incolumem
553 3353 705 3385 fortunam,
721 3352 764 3379 sed
780 3352 891 3378 exilium
906 3359 931 3378 et
945 3353 1034 3387 fugam
1049 3353 1091 3379 de-

62 3388 289 3420 precaretur-,effe
301 3388 431 3420 coaflum,
444 3395 473 3415 vt
485 3388 540 3415 vita
551 3389 662 3423 seipsum
676 3388 802 3422 priuaret.
871 3387 945 3414 Idem
959 3398 1008 3423 pro
1022 3389 1093 3416 Sulla

62 3425 97 3452 72
117 3427 138 3444 c.
146 3419 179 3444 26
200 3419 281 3452 Qmm
293 3423 437 3450 multorum
451 3422 494 3450 hic
506 3424 589 3450 vitam
602 3433 617 3451 a
630 3425 660 3450 L.
668 3424 738 3450 Sulla
750 3423 917 3458 deprecatus?

62 3455 96 3481 122
114 3455 208 3485 altera,
227 3462 293 3493 qaam
311 3459 418 3485 diximus
429 3459 613 3496 significatione
624 3460 728 3486 Precari
747 3466 771 3485 ct
785 3459 944 3493 Deprecari,
956 3459 1019 3495 fient
1035 3469 1091 3486 con-

59 3491 160 3518 traria:
180 3487 483 3529 Oqu1d.exPont01,2,;9
504 3495 585 3530 Saepe
597 3504 691 3530 precor
709 3500 838 3527 mortem,
856 3501 969 3521 mortem
985 3504 1092 3530 quoque

61 3523 188 3564 deprecqr
202 3524 281 3550 ldeffl·
302 3544 305 3549 ‹
367 3530 422 3556 Cic.
435 3531 463 3556 in
477 3531 554 3557 Catil.
569 3539 589 3564 1,
603 3538 638 3565 27
658 3531 736 3557 Nunc
750 3535 777 3557 vt
792 3539 806 3557 a
818 3539 860 3556 me
874 3531 899 3556 P.
913 3532 944 3558 C.
961 3531 1091 3565 quandam

61 3568 144 3594 prope
167 3559 260 3600 iustam
285 3562 381 3593 patriae
405 3566 601 3600 querimoniam
619 3566 730 3593 detester
750 3575 778 3592 ac
800 3566 939 3600 deprecer,
963 3567 1091 3600 percipite

60 3596 156 3629 quaeso
177 3595 332 3629 diligenter,
355 3606 419 3632 quae
436 3601 530 3628 dicam,

60 3631 197 3657 Caesarem
208 3650 215 3661 ‚
234 3630 359 3673 Anfeaffll
379 3633 551 3669 deprecantes.
620 3638 803 3664 Calamitatem
819 3637 851 3664 ab
870 3638 922 3664 sese
941 3638 996 3664 Cic.
1012 3639 1088 3664 Verr.

60 3674 82 3698 ¹5
97 3673 140 3706 ¹37
163 3675 184 3692 (Ἰ
199 3668 242 3692 ⁶0·
267 3677 286 3706 13
299 3668 410 3706 amoliri,
424 3677 446 3695 et
459 3673 572 3706 precibus
589 3673 742 3709 propulsare.
818 3674 955 3699 Auaritiae
975 3674 1088 3700 crimina

58 3700 179 3729 laudibus
193 3702 364 3736 fi‘ssgahffisssss
387 3705 404 3728 ί·
417 3704 542 3742 depellere,
558 3714 581 3734 et
593 3711 630 3735 ita
649 3718 733 3740 orare,
748 3714 779 3734 vt
792 3718 821 3734 ne
834 3711 890 3743 quis
902 3718 993 3734 auarus
1005 3708 1088 3741 existi-

57 3743 136 3763 metur
144 3757 152 3769 ,
166 3736 213 3771 sed
224 3741 303 3773 magis
308 3737 424 3778 frugalis
439 3740 574 3769 Cic-Verr.
587 3752 609 3776 2,
627 3752 671 3777 192
691 3754 712 3770 c.
722 3749 763 3779 78.
833 3745 931 3770 Ennius
942 3744 1007 3778 apud
1019 3743 1087 3770 Gell.

59 3773 86 3803 6,
101 3774 129 3797 ι6
154 3773 209 3806 Ego
220 3781 279 3799 cum
295 3782 367 3799 meae
381 3779 450 3800 Vitae
463 3783 571 3810 parcam,
589 3779 669 3806 letum
684 3780 794 3806 inimico
808 3778 941 3813 deprecor.

58 3810 111 3845 ‘5¹1¹
126 3807 197 3848 Caes·
210 3808 238 3834 Β·
250 3808 282 3834 G·
297 3816 324 3843 7,
337 3818 395 3848 40-ι
453 3809 517 3836 Non
532 3819 659 3847 mortem,
680 3816 721 3841 sed
735 3814 797 3841 dum
811 3815 887 3841 Darii
905 3823 998 3849 corpus
1018 3817 1086 3849 sepe-

59 3840 133 3874 liant,
149 3843 304 3870 dilationem
316 3851 409 3870 mortis
422 3843 590 3879 deprecantur
607 3850 696 3877 Iustin.
711 3860 743 3883 11,
758 3859 784 3883 9,
798 3860 827 3884 14
846 3851 887 3877 vbi
904 3850 1021 3886 duplicem
1034 3861 1085 3877 vim

57 3875 138 3916 babet..
206 3879 302 3919 Munus
319 3880 429 3914 aliquod
447 3880 576 3921 Qlin&{l·
589 3891 614 3915 2,
629 3893 664 3911 12.
734 3886 834 3912 Odium
854 3888 968 3913 summae
986 3888 1084 3922 impro-

57 3909 148 3937 bitatis
160 3915 323 3941 excusatione
336 3917 451 3942 summae
465 3916 588 3943 stultitiae
601 3919 656 3946 Cic.
671 3930 718 3954 pro
730 3922 842 3948 Caecina
856 3930 886 3954 30
911 3931 932 3948 c.
949 3931 979 3948 11.
1043 3922 1082 3949 Id.

208 3990 289 4013 v01..
324 3987 365 4016 11.

558 3246 579 3272 ti
591 3252 669 3280 atque
682 3244 787 3278 affines,
804 3245 936 3280 deprecati
950 3248 1016 3273 sunt.
1053 3246 1092 3273 Id.
1110 3260 1123 3286 8
1155 3247 1237 3274 eadem
1251 3252 1388 3278 varietate,
1405 3256 1476 3287 quom
1488 3251 1515 3273 in
1531 3247 1602 3274 verbo
1622 3248 1783 3284 obstruamus.

1042 3423 1062 3461 ff
1077 3433 1090 3450 2
1128 3429 1229 3463 omenti
1241 3429 1392 3461 precatione.

1010 3781 1085 3806 Mor·
1095 3798 1141 3816 100
1150 3781 1340 3816 deprecationis
1353 3779 1498 3808 arbitrabar
1512 3778 1584 3808 fore,
1604 3776 1651 3804 hac
1666 3777 1871 3805 accendebantur
1885 3779 1927 3805 illi
1942 3782 2032 3814 magis.

1149 3817 1179 3843 ad
1196 3819 1308 3843 Herenn.
1319 3826 1339 3849 ι,
1352 3822 1377 3846 18
1396 3826 1416 3841 c.
1426 3823 1447 3840 11
1465 3812 1626 3839 Constitutio
1639 3812 1674 3839 est
1687 3813 1771 3847 prima
1786 3813 1937 3849 deprecatio
1952 3815 2104 3848 defensoris,
2121 3826 2181 3843 cum

1148 3854 1303 3879 accusatoris
1316 3849 1508 3878 insimulatione
1521 3848 1671 3875 coniuntfla.

1148 3888 1302 3914 cendiorum
1315 3884 1541 3920 deprecationibus
1553 3884 1760 3910 conscribuntur.
1795 3886 1818 3911 h.
1831 3895 1849 3911 e.
1870 3891 1946 3912 certis
1959 3888 2039 3912 ven-bis
2058 3897 2116 3922 φωρ
2128 3895 2185 3913 vim

1147 3924 1251 3950 habeant
1263 3922 1390 3948 auci-tendi
1401 3921 1515 3946 incendia
1531 3922 1561 3946 ab
1575 3920 1681 3947 aedibus.

56 3955 105 3983 pro
118 3946 198 3975 Balbo
207 3955 235 3982 ¹18
258 3959 279 3976 c.
292 3958 309 3986 7
328 3951 463 3985 Qiiddam
476 3952 507 3979 de
522 3954 655 3981 communi
662 3956 819 3985 conditione
832 3957 953 3985 omnium
966 3958 1083 3986 nostrum
1093 3976 1137 4002 105
1149 3957 1298 3994 ignoscendi
1312 3956 1421 3992 petenda
1434 3956 1512 3983 venia
1525 3956 1562 3983 est
1575 3956 1632 3984 Cic.
1643 3955 1734 3983 Partit.
1755 3965 1777 3983 c.
1790 3964 1831 3991 37.

1157 3105 1294 3132 cessitatem
1313 3105 1383 3140 quali
1398 3105 1610 3140 deprecatricem.

1191 3147 1211 3167 D
1220 3148 1236 3167 Ε
1245 3149 1260 3168 Ρ
1269 3148 1287 3167 R
1297 3148 1313 3167 E
1325 3147 1342 3167 c
1354 3148 1377 3168 A
1386 3148 1407 3168 T
1417 3142 1436 3168 ὁ
1446 3148 1463 3167 R
1473 3149 1483 3167 1
1491 3149 1511 3167 v
1521 3149 1534 3167 s
1542 3161 1550 3173 ‚
1577 3150 1608 3174 a,
1639 3150 1693 3168 um.
1729 3141 1788 3168 Adi.
1825 3143 1883 3169 Vet.
1909 3144 2020 3179 Interpr.
2045 3154 2055 3172 1
2075 3146 2190 3175 Maccab.

1158 3184 1196 3209 10,
1209 3185 1245 3211 24
1264 3176 1380 3203 Scribam
1392 3182 1417 3202 et
1432 3185 1480 3210 ego
1492 3176 1547 3203 illis
1561 3177 1642 3203 verba
1656 3177 1843 3211 deprecatoria.

1192 3218 1211 3237 D
1220 3219 1236 3238 E
1247 3219 1262 3238 P
1273 3219 1292 3238 R
1300 3219 1316 3239 Ε
1326 3219 1342 3239 c
1351 3219 1373 3238 A
1380 3219 1401 3238 T
1411 3219 1420 3238 1
1431 3217 1450 3237 O
1460 3232 1468 3244 ,
1489 3212 1556 3238 onis.
1583 3213 1603 3238 f.
1639 3210 1731 3246 [δέησις
1738 3234 1746 3246 ,
1758 3214 1911 3248 παραίτησις]
1946 3215 2101 3250 Deprecandt
2111 3215 2188 3250 ostio,

1827 3249 1883 3275 Cic.
1900 3251 1951 3276 Att.
1965 3259 2002 3282 10,
2039 3270 2044 3276 .
2081 3270 2087 3276 .
2126 3252 2191 3280 Non

1154 3292 1197 3309 me
1209 3283 1316 3310 hercule
1328 3283 1507 3317 deprecationi
1521 3283 1604 3309 locus.
1674 3283 1746 3309 Idem
1760 3292 1809 3317 pro
1823 3285 1854 3310 C.
1865 3285 1954 3311 Rabir.
1976 3294 1996 3311 c.
2010 3294 2027 3317 9
2047 3286 2117 3312 Huic
2129 3289 2189 3322 qui-

1155 3318 1216 3345 dem
1235 3318 1336 3347 adferet
1361 3319 1477 3353 aliquam
1496 3318 1706 3353 deprecationem
1725 3319 1837 3353 periculi
1854 3326 1920 3346 aetas
1939 3320 1992 3346 illa.
2063 3322 2118 3348 Cic.
2138 3332 2188 3357 pro

1153 3354 1256 3381 Cluent.
1269 3360 1282 3385 8
1301 3364 1321 3381 c.
1336 3363 1348 3386 3
1367 3354 1512 3388 Aggrediar
1525 3354 1557 3381 ad
1570 3353 1669 3379 crimen
1682 3363 1741 3380 cum
1756 3354 1801 3380 illa
1814 3354 2003 3389 deprecatione,
2016 3356 2127 3390 Iudices,
2135 3368 2187 3393 qua

1154 3390 1224 3416 mihi
1239 3391 1338 3425 saepius
1354 3389 1487 3416 Vtendum
1501 3390 1550 3415 effe
1563 3389 1699 3423 intelligo,
1716 3389 1764 3422 fic,
1777 3396 1805 3415 vt
1819 3399 1860 3415 me
1872 3391 1983 3416 audiatis
1992 3410 2001 3423 ,
2021 3399 2067 3418 etc.
2089 3396 2106 3419 i.
2117 3395 2187 3420 vehe-

1463 3424 1535 3451 Idem
1550 3433 1598 3458 pro
1611 3425 1685 3451 Rosc.
1700 3425 1775 3451 Com.
1791 3427 1828 3457 46
1847 3434 1868 3451 c.
1883 3427 1911 3450 16
1931 3426 1986 3459 Qu
1998 3427 2076 3453 semel
2090 3437 2105 3454 a
2117 3429 2188 3456 veri.

1152 3467 1205 3487 tate
1219 3461 1333 3492 deflexit,
1354 3461 1396 3487 hic
1409 3469 1462 3487 non
1479 3461 1580 3487 maiore
1592 3460 1722 3494 religione
1736 3460 1766 3486 ad
1781 3460 1936 3494 periurium,
1945 3470 2022 3496 quam
2035 3463 2067 3489 ad
2081 3465 2187 3491 menda-

1154 3497 1223 3523 cium
1238 3497 1346 3531 perduci
1360 3496 1504 3522 consueuit.
1560 3496 1627 3529 Quis
1643 3496 1714 3523 enim
1727 3495 1909 3529 deprecatione
1921 3496 2031 3523 deorum
2051 3508 2106 3525 non
2126 3510 2187 3527 con-

1152 3533 1276 3559 scientiae
1290 3533 1341 3559 fide
1354 3532 1554 3558 commonetur?
1581 3531 1733 3565 Deprecatio
1747 3530 1857 3556 deorum
1869 3530 1902 3564 es?
1915 3535 1942 3558 in
1954 3533 2006 3558 illis
2018 3535 2186 3571 iurandi'for.

1152 3570 1242 3600 mulis,
1267 3568 1292 3595 Si
1311 3569 1391 3594 sciens
1411 3567 1491 3599 fallo,
1511 3573 1567 3592 tum
1584 3573 1611 3592 tu
1625 3575 1666 3591 me
1679 3566 1794 3599 Iupiter,
1812 3572 1857 3591 etc.
1927 3566 1992 3594 Non
2005 3568 2051 3595 ille
2066 3569 2186 3604 depreca-

632 3602 725 3629 Tacit.
745 3603 812 3629 Ann.
832 3611 841 3628 1
851 3610 860 3628 1
892 3602 1091 3628 Circumlistunt
1110 3619 1142 3644 93
1152 3604 1226 3646 tione
1238 3603 1319 3630 rediit
1330 3604 1385 3630 Cic.
1400 3603 1456 3637 post
1470 3602 1548 3628 redit.
1562 3601 1595 3627 ad
1608 3602 1706 3634 Qiirit.
1716 3608 1732 3634 7
1752 3609 1774 3627 c.
1786 3609 1798 3632 3
1820 3600 1849 3627 de
1862 3602 1958 3635 Mario,
1977 3606 1993 3630 i.
2021 3607 2184 3640 applicatione

1149 3648 1289 3665 clausorum·

1361 3639 1441 3665 Dirae
1464 3637 1673 3672 deprecationes,
1695 3642 1745 3670 pro
1768 3637 1999 3671 Imprecationibus,
2024 3643 2052 3665 in
2075 3643 2164 3669 malum
2174 3652 2184 3668 .-

1151 3674 1216 3700 Plin.
1226 3679 1289 3707 28‚2
1308 3674 1395 3709 Defigi
1411 3674 1517 3709 quidem
1531 3673 1595 3699 diris
1609 3670 1833 3705 deprecationibus
1841 3682 1920 3699 nemo
1932 3683 1985 3700 non
1999 3677 2101 3703 metuit.
2136 3679 2183 3703 Re-

1150 3710 1244 3745 cusatio
1264 3716 1289 3736 et
1300 3712 1427 3736 amolitio:
1448 3708 1559 3735 Inertiae
1574 3706 1781 3740 deprecationem
1801 3706 1897 3735 habere
1909 3710 1979 3736 Hirt.
1995 3710 2058 3736 Bell.
2073 3712 2104 3737 G.
2120 3717 2148 3744 8,
2163 3721 2181 3738 1.

1151 3745 1259 3779 Qun&
1274 3746 1301 3771 in
1315 3747 1432 3772 Prooem.
1448 3753 1456 3770 1
1479 3743 1525 3769 Sed
1539 3750 1590 3776 qua
1606 3750 1638 3767 ex
1652 3742 1725 3768 causa
1743 3743 1892 3770 faciliorem
1912 3745 1978 3771 mihi
1991 3747 2095 3772 veniam
2108 3756 2182 3774 meae

2103 3782 2180 3808 Aufr.

1739 3849 1804 3875 Plin.
1820 3855 1858 3881 28,
1872 3859 1887 3876 2
1908 3852 1991 3877 Etiam
2011 3852 2121 3885 parietes
2141 3853 2180 3877 in-

1753 3920 1792 3946 Ad
1812 3921 1867 3947 eius
1886 3921 1949 3947 fac'li
1968 3924 2178 3955 deprecationem

1879 3958 2024 3992 Recujatio,
2043 3964 2064 3983 et
2077 3956 2178 3991 repuffio

1431 3991 1458 4019 N
2079 3992 2177 4029 accusa-
