2479 4225
41 161 115 207 609
426 149 457 188 F
546 150 583 188 A
669 148 697 188 S

16 268 19 271 .
40 243 142 273 molliter
158 242 273 275 accipiat.
444 235 464 273 q
487 246 498 263 2
534 237 636 269 Faselus
651 238 690 263 vel
703 236 820 263 Pliaselus
840 235 919 268 (nam
931 232 972 258 hic
984 241 1074 267 quoque

40 281 140 307 variant
151 275 207 302 boni
218 275 277 302 libri
279 274 298 308 ⁵>
317 274 440 309 legumen,
460 272 523 309 quod
537 275 609 309 Lulgo
621 282 734 299 coeamus
741 273 831 307 joham
843 290 850 302 ,
862 269 887 305 Ji
903 269 1000 294 Bonam
1016 277 1074 301 por-

41 315 124 341 cinam
143 317 190 342 ain¹
202 310 346 336 Turcicam
367 308 433 335 atico.
499 308 556 334 isid.
587 308 665 335 Index
684 318 748 333 mem
769 305 921 340 rusticorum.
988 304 1076 329 Viitar

9 351 15 355 ⁴
42 348 145 376 Colum.
159 354 189 378 2,
204 354 247 377 10,
260 354 287 377 4.
342 343 437 370 Pallad.
453 344 521 378 Sept.
533 353 568 370 12.
593 351 616 370 ct
630 342 717 374 061³,
730 351 750 374 3.
821 338 952 366 Columel.
968 347 1012 369 10,
1028 346 1074 372 377

43 382 170 418 Etgrauis
188 379 304 415 atriplici
323 379 455 413 consurgit
475 379 552 414 longa
571 379 673 406 faselus.
729 377 804 404 MSS.
819 374 931 401 fasellus.

43 419 137 452 Georg.
150 425 170 449 1,
183 424 233 450 227
259 415 289 442 Si'
299 424 363 441 vero
378 415 527 449 viciamque
542 416 624 447 seres,
644 414 778 448 vilemque
793 410 910 437 faselum.

52 467 55 475 ι
80 458 172 480 FASE
183 457 202 477 o
214 458 229 476 1.
240 458 258 477 v
271 458 298 481 s,
312 451 338 486 s.
361 458 375 477 P
385 458 403 477 11
416 457 436 476 Α
449 458 461 477 s
471 458 486 476 i—:
496 458 513 476 o
524 458 540 476 1.
550 458 568 476 v
579 458 606 481 s,
627 450 644 476 i.
666 458 702 475 m.
757 445 864 481 Qaeasitzc
876 447 998 470 minutum
1013 444 1077 470 fase-

43 490 97 518 lum
116 487 199 519 dicas,
223 495 298 523 genus
312 494 334 513 ct
347 489 356 512 i
369 486 424 522 sum
444 487 574 522 legumini]
586 484 663 517 illud,
687 485 726 510 cui
738 482 814 508 fabae
827 490 912 506 nomen
924 483 951 505 in
964 481 1078 515 loquendi

40 524 84 562 int
95 521 306 558 vulgarisole·1nus
317 493 439 552 viguere,
466 524 536 548 cuius
554 520 617 547 cum‘
627 521 717 546 teneris
728 517 830 552 fiIJ'quis
838 516 933 552 seniina
946 518 1078 542 immatura

34 558 193 599 ⁴adqui-solet,
217 557 281 593 quod
297 560 362 592 repit
375 558 504 583 cluniculis
515 556 548 582 ad
561 557 695 591 longurios.

41 593 146 622 Milium
160 599 185 620 et
200 593 321 626 panicum
335 592 384 619 hoc
400 599 518 627 tempore
532 590 687 620 demetitur,
708 596 761 622 quo
776 587 886 614 fasc-olus
901 586 933 612 ad
946 587 1028 612 escam
1042 587 1079 613 se-

40 630 116 662 titur.
142 637 143 644 ¹
187 628 254 654 Pliu.
269 637 306 660 12,
319 636 335 662 7
360 628 464 656 Seiuine
477 637 490 654 a
504 628 626 660 iunipero
639 623 732 650 distant
747 623 864 657 paruulis
879 621 979 656 siliquis
990 642 998 654 ,
1016 631 1078 656 qua-

40 664 76 692 les
89 664 117 690 in
129 662 234 690 faseoli‘s
246 663 377 690 videmus.
449 663 522 698 Apic.
536 668 558 693 8,
572 663 588 687 6
598 668 641 695 pr.
668 661 773 694 Coqucs
789 668 847 684 cuin
865 657 992 692 phaseolis
1007 667 1078 692 para-

31 699 115 728 'tariis
134 699 157 735 JI
171 702 258 734 potius
278 709 306 725 ex
320 700 399 735 felici
417 696 555 727 conieffura
571 693 678 728 Lista-i,
709 694 867 729 parietariis.
1024 692 1044 728 ὅ]
1065 703 1080 720 2

36 771 145 805 ,liinilef
157 779 184 796 111
193 780 329 804 pampinos
343 775 497 805 torquetur,
516 770 534 794 i.
547 768 695 798 clauiculas,
709 765 804 792 ἕλικας.
840 765 967 791 Caeterum
981 764 1080 798 phasio-

42 807 101 838 lon,
118 805 279 840 phenolion,
296 805 430 841 phaselion
444 805 497 830 alii.
558 803 647 828 Verum
654 807 772 837 putamus
786 800 937 836 phaseolon.

78 847 319 874 ἘΑεειιΝνς,
339 838 772 874 a,uin.s.PHAsE1-1st.
809 835 870 863 Adi.
912 836 946 862 Vt
961 834 1025 861 Plin.
1040 844 1080 868 23,

41 884 61 911 4
78 875 243 903 Phaselimun
256 878 356 909 oleum,
369 885 397 902 ex
413 875 514 911 Χῖα-[1111.

75 918 226 939 ΓΑςῙΛΝ
240 920 261 939 Α
279 915 342 939 auis.
387 909 446 936 Vid.
466 915 510 935 PH
523 914 692 936 AsiANA.

58 953 92 979 ,Ρ
105 954 241 981 Assvs‚
276 947 328 974 vid.
348 951 513 972 FATEOR.

74 989 222 1010 rAsrin
234 990 284 1015 io,
304 987 352 1011 EA
365 986 506 1008 s'riniv
518 986 560 1011 M,
594 978 648 1005 vid.
668 985 685 1005 r
697 983 821 1005 Asrvs
838 982 888 1012 pro
903 976 1028 1012 Superbia.

76 1024 93 1044 F
103 1025 124 1044 A
133 1026 145 1045 S
154 1026 191 1045 Ti
203 1024 223 1045 G
235 1027 244 1045 1
253 1025 274 1044 V
283 1024 305 1043 M
313 1036 322 1050 ‚
343 1016 360 1042 i.
379 1024 405 1042 n.
442 1013 630 1050 [μετεώρατον]
665 1013 782 1041 Altitudo
795 1022 824 1038 ac
830 1013 962 1048 Jiaemmitas
975 1014 1081 1039 alicuius

38 1056 77 1080 rei
95 1055 135 1079 vel
158 1057 238 1088 operis
250 1064 258 1078 :
292 1062 322 1079 etc
340 1051 439 1078 videtur
458 1053 627 1087 cognationem
652 1048 772 1085 quandam
791 1058 845 1075 cum
867 1048 942 1074 Fastu
966 1047 1078 1081 habmffi'.

39 1123 109 1150 dinis
121 1124 226 1157 fastigio
239 1122 366 1158 oppidum
379 1122 527 1158 cingebant.
597 1120 665 1147 Ata-0
678 1129 731 1146 cum
745 1119 892 1146 Altitudine
900 1123 1014 1146 conuenit
1024 1139 1030 1148 .
1050 1126 1079 1146 vt

37 1161 110 1186 etiam
131 1158 284 1194 profundum
298 1165 373 1185 notet.
464 1158 538 1191 Virg.
553 1156 649 1190 Georg.
663 1164 687 1186 2,
702 1161 744 1185 288
777 1155 894 1182 Forsitan
907 1161 932 1181 et
945 1155 1080 1181 scrobibus

40 1202 105 1229 quae
119 1194 167 1221 sint
178 1194 296 1228 fastigia,
315 1202 440 1229 quaeras,
465 1196 482 1219 i.
503 1201 573 1229 quam
583 1190 710 1227 profundi
722 1191 823 1217 debcant
837 1189 888 1223 effu
959 1191 1080 1223 Seruius,

39 1229 195 1264 fastigium,
219 1233 316 1265 inquit,
343 1235 369 1256 et
388 1230 503 1255 summae
521 1234 547 1253 et
567 1227 636 1253 imae
649 1227 729 1261 partis
743 1228 875 1261 possiunus
893 1225 995 1257 dicere,
1015 1226 1078 1253 licut

41 1264 128 1296 Altum
140 1270 166 1291 et
177 1274 248 1292 mare
259 1272 284 1291 et
305 1265 406 1291 caelum
421 1264 532 1290 dicimus
545 1269 591 1289 etc.

39 1331 41 1335 ¹
81 1304 105 1331 ι’,
129 1300 176 1338 Sed
188 1302 353 1336 peculiariter
375 1300 470 1326 dicitur
492 1299 520 1325 de
534 1298 631 1335 summa
639 1304 714 1333 parte
726 1297 903 1333 aedificiorum.

60 1335 194 1370 astigium,
213 1336 329 1363 aedificii
344 1337 484 1363 summum.
573 1334 629 1360 Cic.
644 1333 697 1360 Off.
712 1342 739 1365 3,
759 1342 785 1365 33
802 1342 823 1359 c.
842 1341 858 1367 7
889 1332 938 1359 Sed
951 1334 1079 1367 quoniam

0 1386 2 1391 ·
36 1372 118 1412 ,ogeri
128 1371 251 1404 inchoato
260 1392 268 1404 ,
288 1381 370 1407 prope
382 1377 469 1398 tamen
482 1368 613 1401 absoluto,
633 1375 758 1404 tanquam
766 1368 899 1403 fastigium
909 1368 1080 1402 imponimus.

0 1419 8 1446 s
47 1407 224 1469 ergidAerg..⁵‚
238 1410 297 1442 442'
315 1408 347 1435 Et
361 1407 464 1441 fastigia
478 1405 584 1440 suspicit
595 1404 679 1431 vrbis.
752 1405 887 1431 Culminis
900 1404 995 1431 summi
1009 1404 1081 1430 fasti-

44 1450 108 1477 gia„
141 1452 168 1469 .i
189 1452 197 1469 1
218 1463 224 1469 .
239 1452 270 1476 2,
288 1449 346 1477 438.

0 1490 5 1505 z
23 1502 28 1509 ,
43 1478 156 1512 ,Operum
165 1478 269 1513 fastigia
284 1478 448 1514 speeiantur,
471 1476 642 1504 fundamenta
663 1476 744 1502 latent
773 1475 906 1509 Qiiiieiil.
921 1476 948 1501 in
961 1484 1079 1509 prooem.

38 1520 60 1548 Ι,
73 1521 100 1546 4-
170 1514 255 1541 Τοᾶὶὶ
269 1514 374 1549 fastigia
385 1514 482 1540 summi
513 1513 587 1545 Virg.
602 1512 666 1537 Aen.
681 1519 712 1543 2,
733 1519 787 1543 302.
878 1512 964 1539 Aurea
977 1511 1081 1545 fastigia

38 1548 130 1583 templi
158 1550 240 1576 Ouid.
258 1551 322 1577 Met.
336 1558 377 1582 15,
396 1552 454 1585 672.
541 1548 616 1581 virg.
629 1547 694 1572 Aen.
708 1555 740 1578 2,
759 1552 806 1581 758
843 1546 918 1572 Ilicet
932 1547 1000 1580 ignis
1013 1547 1079 1573 edax

38 1583 138 1611 sumnia
151 1585 183 1611 ad
194 1585 299 1620 fastigia
312 1591 394 1612 vento
429 1582 566 1610 Voluitur.

976 1298 1062 1324 Festus
1071 1318 1079 1330 ‚

35 1661 67 1680 vt
77 1655 156 1681 media
161 1655 215 1689 Jint
227 1654 344 1690 altiffima
353 1675 361 1687 ‚
380 1657 497 1689 utrinque
510 1653 670 1688 aequabiliter
683 1652 786 1687 defluere
799 1661 862 1687 aqua
874 1651 984 1685 caelestis
993 1653 1082 1688 pqffit,

31 1688 200 1730 sefsionesque
212 1700 292 1716 omnet
305 1691 374 1717 illius
381 1690 436 1724 Jint
449 1689 616 1725 trimigulares
686 1688 743 1714 Cic.
756 1688 788 1714 de
803 1689 877 1714 Orat.
885 1696 897 1720 3
912 1697 933 1715 c.
943 1691 979 1722 46
1005 1689 1083 1722 Capi-

37 1724 100 1764 tolii
114 1725 247 1759 fastigium
261 1726 326 1753 illud
335 1746 342 1758 ,
362 1732 388 1751 ct
402 1730 563 1751 caeterarum
576 1723 681 1750 aedium
694 1732 748 1749 non
761 1723 890 1757 venustaS,
902 1723 944 1749 sed
953 1724 1082 1749 necessitas

38 1760 93 1793 ipsa
105 1760 233 1787 fabricata
246 1762 289 1787 est.
344 1761 414 1787 Nam
429 1769 487 1786 cuin
502 1760 560 1785 ess'et
577 1758 666 1785 habita
678 1759 765 1789 ratio,
786 1767 864 1792 quem
880 1758 911 1783 ad
924 1758 1034 1783 niodum
1048 1767 1080 1784 ex

36 1834 75 1855 tas
90 1831 225 1856 consecuta
240 1831 291 1862 est,
311 1837 340 1856 vt
353 1831 432 1855 etiam
446 1829 464 1854 fi
480 1829 508 1854 in
523 1827 596 1853 caelo
609 1827 779 1856 statueretur,
801 1826 849 1851 vbi
862 1825 951 1851 imber
964 1826 1012 1851 css'e
1025 1834 1080 1851 non

34 1865 131 1899 posset,
160 1865 259 1897 nullam
282 1864 334 1890 fine
358 1864 465 1898 fastigio
489 1861 644 1895 dignitatem
667 1860 821 1886 habiturum
846 1860 923 1885 fuisse
945 1860 1078 1886 videatur.

35 1899 92 1926 Cic.
104 1898 135 1925 ad
150 1900 200 1932 Qu.
216 1899 257 1925 Fr.
271 1908 301 1930 3,
322 1907 346 1928 1,
366 1907 384 1930 4
427 1896 584 1923 Absolutum
601 1895 701 1921 offendi
720 1896 748 1921 in
769 1894 879 1921 aedibus
898 1895 951 1921 tuis
964 1896 1079 1927 teetum,

36 1934 107 1970 quod
124 1935 198 1969 supra
211 1934 346 1960 conclauia
358 1932 410 1960 tibi
434 1941 488 1959 non
510 1931 644 1967 placuerat
667 1931 716 1956 effe·
738 1930 885 1956 multorum
901 1931 1078 1966 fastigiorum.

8 2039 9 2042 Ἴ
32 2006 265 2043 ΡΙαναΙυινηῘΙίοι-α,
284 2012 314 2031 vt
325 2009 353 2031 in
365 2007 516 2031 armentario
528 2004 570 2029 illo
592 2004 690 2028 Veneto.
848 1999 868 2038 fl
889 2012 908 2035 4
945 2003 1080 2028 Peculsori-

36 2049 74 2071 ter
85 2040 191 2076 Fastigii
208 2044 303 2067 nomine
322 2043 392 2067 venit
412 2041 457 2066 illa
471 2039 552 2075 frons
570 2038 738 2073 triangularis
755 2034 817 2062 te&
837 2037 932 2062 aedium
946 2037 1081 2073 sacrarum

44 2077 81 2109 ‘el
90 2078 152 2104 aliar
163 2077 366 2113 magnificarum,
386 2078 413 2102 in
427 2085 474 2110 qim
488 2073 629 2106 exornanda
642 2076 669 2099 in
676 2075 771 2108 primis
782 2072 951 2099 architee'iara
964 2073 1080 2104 elaborat,

39 2086 240 2148 {inmispiciuui
255 2112 279 2149 s.
301 2113 462 2139 Frontonem
479 2115 570 2137 vocant
589 2108 677 2140 hodie,
703 2109 794 2134 Graeci
813 2108 924 2140 α’έτωμα.
980 2110 1017 2134 De
1035 2108 1080 2135 hoc

41 2148 141 2182 Vitruu.
153 2157 165 2181 3
177 2155 242 2175 extr.

41 2181 185 2219 pertinmffe.
255 2183 463 2215 Cic.Phil.2,11o
477 2189 543 2207 ct111
557 2189 617 2214 c.43
639 2179 779 2211 Puluinar,
797 2179 979 2211 simulacrum,
999 2179 1079 2205 Falli-

44 2218 131 2281 }illm,
146 2219 275 2246 flaminem
285 2239 292 2251 ‚
310 2221 441 2254 coniungit
455 2220 480 2243 in
493 2216 624 2243 honoribus
636 2215 735 2251 Cufis?
748 2214 857 2240 habitis:
891 2214 957 2250 quod
969 2214 1081 2241 declarat

12 2275 13 2278 ,
67 2254 114 2282 lor.
125 2263 151 2287 4,
165 2262 188 2289 2,
202 2263 228 2287 91
255 2265 307 2281 cum
323 2254 465 2288 Fastigiuni
486 2253 514 2279 in
527 2252 608 2278 domo
622 2258 709 2277 uocat:
745 2257 768 2276 et
776 2253 888 2285 pertinet
902 2251 949 2277 huc
956 2250 1080 2286 somnium

12 2308 13 2312 ,
41 2289 182 2325 Calpurniae
195 2290 322 2326 Caesaris,
342 2289 408 2325 apud
420 2290 527 2315 Sueten.
536 2297 556 2313 c.
566 2292 592 2317 81
617 2296 670 2313 cum
683 2286 826 2320 imaginata
834 2285 879 2318 est,
898 2286 996 2313 collabi
1010 2286 1081 2312 fasti-

0 2335 13 2347 *
35 2323 109 2359 giu'm
117 2325 218 2352 domus.
262 2325 463 2361 Vid.Casaubon.
520 2322 707 2351 Seruarunthoc
718 2323 764 2348 alii
778 2321 900 2356 Caesares.

0 2377 1 2381 =
40 2359 159 2387 Claud.c.
169 2369 197 2396 17
218 2361 291 2388 Inter
299 2360 404 2388 hostilia
415 2359 497 2395 spolia
505 2358 759 2385 naualeiucoronam
773 2357 880 2391 fastigio
894 2356 1023 2384 Palatinae
1038 2357 1084 2383 do—

0 2404 6 2432 1
37 2404 93 2422 mus
106 2396 179 2423 iuxta
191 2397 305 2423 ciuicam
338 2394 467 2433 (Augusti
485 2393 599 2427 instituto
622 2393 659 2419 ibi
672 2393 836 2428 fizspcnfiim)
865 2392 931 2419 fixit.
1003 2394 1082 2420 Plura

0 2433 2 2438 ⁸
35 2433 89 2458 viri
99 2430 167 2458 dosii
179 2432 213 2458 ad
225 2433 276 2458 Cic.
291 2434 308 2459 l.
316 2442 337 2458 c.
409 2433 441 2458 In
460 2431 504 2456 hoc
520 2428 636 2462 Fastigio
658 2432 754 2463 eiusque
775 2428 937 2460 Acroteriis,
966 2428 1009 2455 vbi
1027 2428 1081 2454 vid.

27 2465 143 2500 statuae,
163 2467 298 2503 quadrigae
312 2474 357 2493 etc.
1004 2464 1079 2500 Conf.

35 2506 57 2529 ‘1‘
64 2509 84 2529 R
92 2510 104 2537 1
110 2509 127 2529 c
136 2509 157 2528 11
167 2508 186 2528 o
196 2509 215 2528 R
224 2509 244 2527 v
253 2509 287 2527 11.

33 2538 106 2565 ribus
115 2537 242 2572 publicis,
267 2537 352 2572 quales
370 2535 448 2563 adhuc
466 2537 550 2571 plures
567 2535 716 2570 superfluit,
745 2544 770 2560 υ.
783 2544 808 2571 g.
829 2538 934 2562 omnium
951 2538 1035 2570 prima
1052 2539 1080 2561 in

33 2574 186 2599 Gruteriano
210 2571 331 2607 thesauro.
404 2572 459 2597 Huc
482 2570 616 2607 referimus
636 2573 722 2597 merito
744 2570 893 2597 Exceffiiros
916 2571 1079 2605 templorum

34 2607 171 2642 fastigium
184 2607 276 2633 titulos
301 2606 366 2633 Plin.
379 2607 471 2641 Paneg.
484 2614 516 2640 ‚¹4
527 2626 536 2638 ,
559 2615 585 2639 4.
622 2608 640 2632 i.
663 2608 701 2632 ita
713 2607 752 2632 lon
772 2616 814 2639 01,
841 2613 870 2632 vt
887 2616 926 2633 eos
939 2609 983 2633 uix
994 2610 1080 2641 capiat

33 2642 98 2669 illud
105 2640 251 2679 fastigium.
321 2642 379 2669 Val.
393 2643 462 2670 Max.
477 2644 503 2674 6,
516 2650 542 2674 9,
557 2649 570 2674 5
596 2640 624 2666 de
637 2642 730 2677 Qinto
780 2643 840 2673 tulo,
866 2642 974 2668 Nomen
983 2642 1038 2667 eius
1051 2642 1081 2667 in

34 2678 190 2713 Capitolino
204 2678 284 2704 titulo
299 2677 422 2712 fulgeret.

34 2714 233 2749 conformatione
246 2712 293 2747 est,
318 2720 348 2739 vt
368 2711 512 2746 Fastigium
530 2710 629 2737 dicatur
649 2712 780 2736 inclinatio
792 2713 953 2745 cuiuscunque
963 2711 1036 2745 plani
1048 2709 1083 2736 ad

16 2772 22 2777 .
33 2758 198 2791 quemcunque
213 2750 345 2785 angulum,
364 2748 503 2774 ἀει-[11111111.
575 2746 662 2772 Varro
676 2746 746 2771 R.R.
764 2754 783 2777 1,
801 2754 841 2780 14,
855 2754 867 2771 2
892 2746 963 2772 Foffa
972 2745 1009 2772 ita
1022 2745 1080 2771 ido-

16 2794 99 2818 cauea,
119 2784 145 2810 *fi
157 2793 266 2811 omnem
279 2793 383 2819 aquam,
397 2791 463 2818 quae
477 2790 491 2808 e
504 2781 577 2808 caelo
590 2782 679 2813 venit,
698 2781 815 2815 recipere
831 2780 929 2815 potest,
949 2786 994 2807 aut
1008 2781 1079 2807 fasti-

15 2819 109 2857 ‘agium
121 2819 216 2854 habet,
236 2826 265 2846 vt
276 2826 350 2846 exeat
365 2818 487 2850 efundo‚
506 2820 522 2844 i.
540 2816 712 2847 decliuitatem,
732 2826 778 2851 qua
792 2817 891 2852 diff-inat.
962 2816 1080 2849 Id.1,20,

18 2858 51 2891 “5
76 2855 248 2891 Speetandum
257 2876 266 2888 ,
286 2865 339 2890 quo
354 2855 459 2889 fastigio
472 2853 501 2884 fit
514 2852 620 2880 fundus.
691 2853 721 2878 In
737 2853 893 2886 confragoso
902 2852 974 2878 enim
987 2861 1015 2878 ac
1028 2852 1079 2879 dif-

37 2891 103 2921 fieili
120 2891 184 2918 haec
210 2891 361 2925 (iumenta)
391 2890 540 2917 valentiora
561 2887 714 2923 parandum.
787 2889 860 2914 Hanc
871 2886 1083 2924 significationem

35 2925 170 2960 illustrauit
183 2928 259 2953 Gron.
273 2926 307 2952 ad
317 2926 380 2952 illud
394 2927 517 2957 Liu.1‚38
537 2923 630 2951 Infima
642 2924 715 2950 vrbis
729 2923 786 2950 loca
805 2939 850 2944 --
870 2923 966 2950 cloacis
973 2923 1079 2959 fastigio

0 2967 1 2973 ¹
40 2961 357 2998 (omilfizrl'raepositioiie)
382 2962 409 2988 in
423 2960 552 2988 Tiberini
566 2959 651 2986 11116115
664 2959 747 2985 siccat.
818 2960 890 2986 Caes.
912 2960 940 2986 B.
955 2960 985 2986 C.
1002 2968 1011 2985 1
1021 2980 1029 2992 ‚
1050 2967 1080 2992 25

39 2997 192 3031 Praeruptus
206 2999 278 3024 locus
290 3004 360 3029 erat,
382 2997 415 3024 ab
435 2996 535 3031 oppido
554 3002 642 3022 autem
663 2994 760 3021 decliui
779 2994 886 3030 fastigio
905 2994 1030 3030 vergebat
1051 2996 1080 3021 in

413 2465 472 2491 Vici.
488 2473 543 2500 ug.
557 2464 623 2490 Plin.
637 2471 681 2496 35,
697 2472 732 2489 12.
768 2466 798 2489 it.
812 2466 856 2496 36,
870 2472 883 2496 5
902 2471 947 2490 etc.

44 3136 78 3164 ad
90 3137 233 3171 orientem,
252 3139 352 3167 leniore
369 3140 489 3167 submissa
506 3138 621 3172 fastigio.
677 3138 746 3165 Add.
761 3140 784 3169 6,
800 3148 834 3172 4,
856 3147 892 3172 19.
966 3139 1037 3166 Caes.
1053 3139 1082 3165 B.

44 3174 76 3200 C·
91 3180 167 3212 ².’.¹0
199 3175 225 3199 in
236 3174 403 3211 'descriptione
423 3175 539 3212 melfi-uli,
565 3174 725 3201 Columellas
739 3174 809 3201 inter
821 3175 847 3200 se
861 3174 990 3209 capreolis
1002 3174 1080 3200 molli

43 3208 152 3249 fastigio
169 3207 225 3240 (ad
234 3212 343 3249 angulum
356 3218 451 3238 acutum
465 3210 558 3245 valde)
580 3211 751 3244 coniungunt.

0 3253 2 3258 ⁸
43 3249 193 3285 vimentum
204 3243 334 3285 fastigium
346 3247 444 3274 habens
459 3247 486 3273 in
501 3246 577 3280 pedes
597 3246 678 3272 denos
698 3246 795 3280 digitos
809 3245 897 3272 binos.
969 3247 1026 3272 Huc
1045 3255 1082 3273 re-

0 3286 2 3304 ’.
44 3280 146 3306 tulerim
161 3278 286 3306 notabilem
297 3283 372 3308 locum
391 3283 509 3309 Lucretii
524 3292 552 3315 4,
568 3288 613 3314 825
637 3283 671 3308 Vt
685 3282 805 3316 proferre
819 3282 876 3308 via'i
889 3283 1014 3308 Proceros
1029 3282 1083 3315 pas-

45 3316 86 3342 sus
108 3314 127 3348 (
148 3312 265 3354 affinius)
296 3316 356 3356 ideo
372 3318 475 3353 fastigia
493 3319 561 3353 posse
575 3318 698 3344 Surarum
711 3326 740 3344 ae
753 3316 884 3347 feminum
898 3317 1009 3352 pedibus
1023 3318 1082 3343 fun-

0 3381 1 3387 1
44 3350 103 3390 data
118 3359 133 3384 p
146 3357 219 3375 icari.
290 3351 396 3386 Fastigia
408 3355 437 3380 id
448 3352 480 3387 esl
489 3360 577 3389 parte:
589 3352 769 3390 angustiffimae
786 3360 809 3379 et
825 3351 1031 3388 corztrac‘i‘iffimae
1044 3353 1083 3379 fe-

0 3393 5 3408 }
44 3394 164 3427 ¹¹¹.²¹¹.¹¹¹¹¹?
192 3391 215 3428 ct!
225 3383 255 3410 ab
267 3386 344 3412 altera
352 3394 423 3422 parte
436 3390 552 3416 surarum
563 3388 663 3425 poffimt
682 3389 775 3424 plicari
788 3396 829 3425 ope
838 3390 971 3426 poplitum.

0 3425 2 3446 Γ
43 3422 121 3456 stigia
136 3421 176 3463 (nc
182 3428 214 3461 aa
220 3419 333 3461 sormam
340 3427 430 3456 Bonus,
442 3434 512 3460 quam
526 3425 559 3451 ad
567 3424 644 3459 situm
653 3428 791 3460 pertinent.
863 3426 914 3451 Hic
931 3426 998 3450 locus
1009 3424 1083 3460 facit

0 3476 3 3480 ν
43 3457 78 3485 ad
89 3457 174 3483 melius
187 3455 367 3490 intellig-endum
378 3467 458 3486 nomen
473 3460 624 3495 Fastigatus‚
642 3461 671 3486 de
684 3470 729 3496 quo
741 3470 805 3486 mox.
877 3461 955 3487 Surae
965 3463 1082 3496 utrinque

0 3506 1 3511 ¹
42 3490 247 3531 fastigataeſj⁴{²f
261 3491 361 3516 sursum
374 3493 406 3518 ad
417 3504 491 3529 genu,
512 3504 535 3522 et
548 3496 582 3523 ad
604 3497 680 3523 talum
693 3496 785 3531 infra:
821 3496 921 3522 femina
935 3502 1030 3522 tantum
1045 3499 1082 3522 in-

0 3546 2 3563 :
37 3528 104 3565 fra:
142 3527 246 3560 fastigia
259 3534 408 3553 concurrunt
418 3532 444 3554 in
456 3540 525 3566 genu.

47 3562 89 3597 effe
101 3563 253 3597 Fastigiuni.

47 3598 161 3626 liomines.

697 3530 717 3567 q
738 3534 754 3558 6
791 3533 910 3558 Diximus
923 3532 1080 3558 altitudinem

138 3634 143 3639 .
183 3633 190 3639 ἢ
234 3597 297 3624 Plffl·
317 3598 378 3637 Pf'ffl·
396 3605 437 3629 52,
458 3607 473 3625 2
507 3602 561 3640 *Tu
580 3602 690 3630 delubra
703 3612 756 3629 non
772 3603 819 3629 nili
833 3603 989 3629 adoraturus
1002 3602 1083 3628 intras

49 3649 94 3654 --
120 3634 159 3660 Slc
175 3635 219 3666 fitv
242 3639 271 3674 Y(
290 3634 340 3659 Del
360 3633 488 3660 summum
505 3643 572 3664 mter
585 3638 706 3665 homines
720 3639 854 3673 fastigium
868 3639 972 3665 seruent
992 3637 1082 3671 (tibi)

48 3679 107 3712 eum
119 3666 228 3696 deorum
243 3669 297 3704 lpse
311 3677 363 3694 ΠΟΠ
377 3667 488 3702 adpetfls·
562 3674 652 3701 Variat
664 3675 744 3705 locus,
770 3682 798 3700 vt
813 3684 841 3700 ex
856 3675 1021 3701 Swartziana
1033 3673 1083 3699 edi-

1 3718 3 3722 ·
45 3711 111 3732 tione
123 3712 240 3740 apparet:
263 3704 320 3747 'fid
331 3704 375 3731 hoc
397 3711 479 3729 maner
499 3705 583 3740 vbique
607 3709 740 3743 fastigium
762 3709 814 3736 dici
834 3710 947 3736 honorem
961 3708 1083 3744 summum

48 3742 152 3781 Deorum
166 3747 189 3767 et
201 3741 333 3767 hommum.

26 3809 29 3817 ἱ
49 3777 142 3816 pri-uati
156 3775 272 3802 hominis
292 3776 413 3810 implere.
484 3775 544 3801 Liu.
558 3785 634 3813 2³²7
665 3781 729 3807 Non
749 3787 802 3807 tam
820 3781 852 3807 ad
872 3780 1001 3807 honorem
1017 3780 1084 3810 eins,

51 3819 95 3838 eiu
106 3812 206 3839 curatio
220 3812 300 3839 altior
312 3811 417 3846 fastigio
433 3811 478 3836 suo
493 3810 550 3836 data
567 3811 616 3842 est,
635 3814 733 3842 faetum
775 3826 855 3852 quam
874 3815 907 3842 ad
926 3816 1085 3843 ivoniiniam

6 3839 9 3873 ἶ
52 3846 201 3883 Consulum.
273 3849 304 3873 Et
340 3867 347 3874 .
385 3867 391 3873 .
428 3846 551 3872 Eiusdem
568 3846 665 3880 fastigii
683 3836 757 3878 ciuis’.
846 3837 984 3882 Vellei?2‚
1006 3854 1040 3884 69
1074 3860 1083 3877 1

49 3881 80 3908 In
92 3883 224 3910 consulare
236 3882 371 3917 fastigium
384 3882 534 3918 proueffiis.
606 3881 696 3916 Nepos
711 3893 741 3917 23
754 3906 762 3918 ‚
782 3896 827 3919 14,
847 3896 863 3914 2
894 3888 952 3914 Pari
975 3872 1083 3922 fastig'io

1002 375 1077 408 Virg.
1104 382 1117 407 5

784 551 917 578 Columel.
931 559 970 582 11,
991 560 1022 583 2,
1043 559 1076 585 72
1097 561 1125 578 ιο

41 737 167 775 Isopyron
180 734 415 775 aliqiiiphaliolon
432 739 542 764 vocant,
572 731 698 765 quoniam
716 731 831 762 folium,
858 726 930 763 quod
948 728 983 754 est
1007 729 1080 755 aniso
1100 740 1123 765 ¹5

40 1088 113 1119 Caes.
127 1089 154 1115 R.
169 1090 205 1128 G..
215 1096 240 1123 7,
254 1090 287 1120 69
312 1087 431 1127 Reliquis
447 1096 478 1112 ex
494 1085 618 1112 onmibus
632 1085 748 1118 partibus
756 1084 836 1110 colles
856 1098 901 1103 -——
921 1084 979 1118 pari
991 1084 1078 1110 altitu·
1096 1099 1124 1125 25

646 1264 744 1289 Similia
758 1263 831 1289 habet
844 1262 878 1288 ad
893 1262 956 1288 Aen.
971 1271 986 1288 2
996 1282 1003 1294 ‚
1022 1267 1077 1296 758.
1097 1278 1128 1302 30

1116 1338 1118 1341 ’
1143 1334 1215 1370 idque
1224 1328 1312 1369 pafflm
1325 1344 1341 1360 a
1361 1336 1426 1360 uiris
1446 1331 1528 1359 doliis
1540 1330 1644 1368 saelum
1664 1330 1742 1356 docet.

435 1441 616 1469 Delubrorum
638 1439 743 1474 fastigia
785 1440 867 1467 Ouid.
891 1441 956 1466 Met.
978 1449 987 1466 i
997 1459 1003 1471 ,
1025 1448 1079 1474 373.
1095 1451 1123 1477 33

778 1590 791 1614 3
832 1580 965 1608 Τεξῖονιιιη
979 1585 1005 1608 in
1017 1583 1084 1608 acdi-

35 1618 80 1646 ὄπι·
95 1620 158 1646 illud
167 1630 258 1656 genus,
282 1620 346 1655 quod
358 1629 404 1646 non
417 1620 517 1654 planum
532 1615 579 1651 est,
598 1616 646 1652 sed
663 1619 690 1643 in
706 1617 825 1651 partibus
844 1616 960 1652 oppositis
977 1617 1126 1653 dccliae,40

36 1800 148 1829 vti-aque
162 1797 224 1822 tec‘ti
237 1802 310 1830 parte
324 1804 392 1830 aqua
405 1794 588 1823 delaberetur3
624 1793 767 1818 vtilitatem
781 1792 983 1825 templifastigii
997 1792 1081 1824 digni.
1091 1802 1125 1827 45

38 1972 130 2005 Nempe
143 1969 430 2005 aedificationi-longiori
440 1966 538 2004 poſjiint
547 1974 594 2002 pro
608 1975 656 1993 vno
669 1976 757 2002 magno
765 1965 893 2002 fastigato
906 1966 972 1992 teilo
986 1969 1080 2001 imponi
1095 1979 1127 2004 50

314 2149 368 2174 Hoc
375 2145 483 2184 fastigii
495 2155 570 2182 genus
581 2146 671 2171 Romae
684 2143 718 2170 ad
729 2143 840 2169 diuinum
853 2144 966 2170 honorem
979 2143 1080 2170 videtur
1094 2149 1123 2174 55

972 2322 1080 2348 Sueton.
1094 2323 1129 2347 60

359 2501 410 2526 Hic
422 2499 484 2526 idem
500 2501 566 2525 locus
579 2498 769 2534 inscriptionum
774 2498 829 2533 siue
841 2500 969 2526 titulorum
987 2502 1014 2525 in
1028 2508 1080 2535 ope·
1097 2503 1128 2535 65

1137 2748 1211 2783 plene
1229 2746 1362 2786 consentiet
1374 2755 1427 2771 cum
1446 2746 1557 2772 Varrone
1570 2750 1594 2769 et
1605 2752 1631 2769 re
1644 2742 1706 2777 ipsa·

1156 3356 1260 3380 eruatio.

1034 3389 1053 3415 F
1056 3397 1080 3414 ³-
1094 3396 1129 3420 90
1137 3354 1310 3425 ‚ligvmrentum
1329 3388 1359 3415 ab
1373 3389 1417 3415 hoc
1431 3390 1506 3413 initio
1519 3388 1592 3413 etiam
1605 3393 1687 3411 rerum
1700 3381 1821 3420 gestarum
1834 3378 1951 3415 quoddam
1959 3376 2108 3403 breuiarium
2118 3374 2189 3401 Fasti

308 3563 375 3587 Hinc
394 3566 547 3600 transfertur
561 3567 595 3593 ad
606 3566 718 3594 honoret}v
732 3574 754 3592 et
767 3569 834 3593 velut
849 3570 1004 3593 eminentiam
1017 3570 1083 3592 inter
1096 3570 1127 3596 95
1147 3567 1246 3593 storum
1277 3567 1315 3593 Id.
1330 3568 1401 3593 Fam.
1417 3574 1445 3598 5,
1468 3574 1504 3592 12.

404 3740 444 3766 Sic
456 3739 523 3765 idt’m'
533 3741 597 3769 Plin.
611 3745 688 3779 Epist.
703 3754 728 3777 2,
745 3754 753 3772 1
786 3745 925 3772 Summum
946 3744 1082 3779 fastigium
1093 3749 1139 3767 100
1149 3743 1213 3770 ibid.
1230 3752 1256 3776 1,
1276 3746 1334 3778 657.

1511 146 1543 185 F
1634 145 1672 183 A
1756 145 1781 184 S
2112 146 2182 182 610

1140 235 1296 261 altitudinem
1309 237 1386 262 animi
1396 238 1515 269 pertinet.
1576 233 1698 261 peculim-1·
1712 234 1807 258 ratione
1826 233 1972 268 dignitatem
1988 235 2081 269 regiam
2097 238 2168 257 notat
2178 242 2186 256 .-

1139 273 1191 296 viil.
1208 270 1434 298 oar-thadoni&
1450 280 1473 304 p.
1483 276 1531 302 813.
1567 269 1630 306 quod
1638 268 1710 304 forti·
1723 266 1754 300 2st
1762 271 1941 300 azanorioncea,
1955 269 2186 303 qaam-*aplicamur

1143 315 1167 331 11.
1183 317 1209 339 4.
1365 304 1385 342 q
1413 314 1428 339 7
1466 305 1607 340 Falligiuni
1617 324 1624 337 ,
1645 303 1707 329 Idem
1721 302 1784 338 quod
1798 303 1878 328 Genus
1889 323 1897 334 ‚
1918 304 1979 338 quod
1986 304 2050 339 soler
2064 310 2093 330 vt
2106 304 2186 329 altius

1143 341 1257 376 quadam
1270 339 1434 375 coifiderari,
1454 341 1654 375 comprehendens
1667 339 1713 375 Jiih
1728 338 1756 374 se
1775 347 1812 369 eo,
1832 346 1890 372 quac
1906 338 2033 366 inferiora
2051 342 2076 364 in
2089 338 2186 375 scholi!

1145 384 1273 402 vocantur.
1347 377 1424 402 Varr.
1439 376 1470 401 ile
1484 377 1514 403 R.
1524 378 1555 403 R.
1570 385 1588 407 1,
1602 379 1618 402 6
1644 376 1727 409 Igitur
1742 381 1823 407 quum
1836 373 1886 398 tria
1899 381 1993 405 genera
2008 370 2054 400 sint
2070 383 2083 399 a
2099 373 2185 408 specie

1144 411 1269 445 iimplicia
1282 421 1404 446 agrorum
1414 430 1420 441 ‚
1445 418 1490 437 etc.
1571 412 1590 437 E
1605 410 1701 446 quibus
1714 409 1800 436 tribus
1812 407 1924 442 fastigiis
1937 408 2095 442 simplicibus
2104 429 2112 441 ‚
2138 415 2184 434 etc.

1144 448 1228 473 Paullo
1238 446 1307 482 post,
1336 448 1445 481 Propter
1466 445 1527 472 haee
1547 448 1599 473 tria
1624 445 1726 480 fastigia
1749 445 1868 476 formae,
1893 442 2044 469 discrimina
2058 443 2185 477 quaedam

1145 482 1210 509 liunt
1223 484 1367 515 sationum.
1434 482 1474 508 Sic
1489 483 1562 516 Virg.
1578 483 1642 508 Aen.
1656 490 1681 514 1,
1702 482 1750 513 346
1783 479 1833 506 Sed
1853 479 1953 505 summa
1973 479 2063 512 sequar
2083 479 2186 513 fastigia

1145 528 1232 544 rerum
1242 539 1250 550 ‚
1263 520 1359 554 summa
1372 520 1465 552 capita.
1681 521 1694 546 8
1731 515 1843 550 Fastigia
1855 516 2017 541 Grammattci
2033 514 2131 548 quitiam
2144 524 2185 539 uo-

1144 561 1201 579 cant
1216 555 1358 586 Accentus,
1380 552 1431 579 vni.
1447 553 1518 578 locus
1533 552 1669 578 Diomedis
1684 552 1706 577 h.
1716 561 1740 577 υ.
1778 557 1800 577 et
1813 549 1871 576 aad.
1881 549 2001 576 Martian.
2011 548 2118 582 Capella
2133 549 2184 580 L.3

1144 599 1168 624 p.
1177 592 1220 615 60.
1293 590 1427 616 Hafflenus
1440 587 1472 613 de
1488 587 1628 616 inueniris.
1643 596 1710 613 nunc
1723 587 1754 613 de
1770 585 1875 620 fastigio
1888 584 2037 615 videamus,
2056 584 2103 618 qui
2115 583 2186 609 locus

1143 625 1209 658 apud
1225 625 1338 651 Graecos
1351 621 1538 658 περίπροσῳδὶῶν
1551 622 1704 657 appellatur.
1756 637 1800 641 —-
1819 621 1906 647 omnis
1915 619 2061 647 modulatio
2071 628 2102 645 ex
2116 618 2186 644 fasti-

1144 661 1194 695 giis
1214 659 1391 693 (altitudine)
1408 667 1504 685 vocum
1518 659 1697 693 grauitateque
1711 657 1880 691 componitur
1893 663 1937 682 etc.
2012 656 2042 681 Et
2064 664 2088 689 p.
2103 657 2133 686 63
2143 660 2186 689 pr.

1143 698 1270 722 Accentus
1283 696 1379 730 partim
1391 694 1503 728 Fassigia
1516 702 1639 720 vocamus
1648 713 1655 725 ,
1674 694 1744 727 quod
1758 693 1896 719 literarum
1912 689 2039 725 capitibus
2058 697 2187 725 apponan-

1144 738 1202 764 tur,
1219 732 1314 766 partim
1328 731 1472 756 cacumina.
1527 731 1607 756 Etiam
1623 731 1664 754 illa
1672 728 1875 764 ima-figurarum
1888 729 2035 758 inclmatio,
2053 725 2188 760 fastigium

1144 765 1192 800 est,
1211 768 1280 802 quale
1293 774 1339 799 ης
1353 766 1467 792 dicimus.
1536 767 1567 791 Et
1580 768 1684 800 antiqua
1697 764 1850 799 circumflexi
1856 763 1944 799 figura
1959 764 1980 788 Λ
1992 761 2142 796 fastigium,
2159 759 2188 786 de

1143 812 1190 838 quo
1205 812 1231 828 n.
1240 811 1258 835 4
1271 802 1380 828 diximus
1389 821 1396 833 ,
1416 800 1506 836 refert.

1179 844 1195 864 F
1204 844 1226 863 Α
1237 844 1250 864 s
1261 844 1282 864 T
1293 844 1300 863 1
1312 843 1333 863 G
1343 844 1352 862 Ι
1361 844 1380 863 O
1388 856 1397 869 ,
1415 838 1461 867 vel,
1470 835 1533 871 quod
1539 838 1630 862 certius
1637 834 1722 870 ficere
1737 835 1835 865 Portae,
1848 839 1871 859 et
1885 833 2001 868 analogia
2014 830 2089 858 Verbi
2103 829 2188 856 Vesti—

1144 882 1194 908 go,
1225 876 1255 899 it.
1277 872 1368 906 Litigo
1381 872 1550 907 probabilius,
1575 877 1590 897 r
1600 878 1620 897 Λ
1630 878 1641 897 s
1652 877 1672 895 T
1683 870 1694 894 ῑ
1707 875 1725 895 0
1738 876 1773 901 0,
1797 873 1849 895 are.
1901 867 2041 903 [καμυφόω,
2062 865 2187 899 diruam]

1144 911 1294 935 Acuminare
1305 928 1312 939 ‚
1339 914 1362 933 et
1377 906 1445 943 quasi
1457 906 1626 943 iizfasligium
1643 908 1737 941 erigere
1757 911 1800 930 aut
1809 904 1933 940 formare.
2022 903 2088 928 l'lin.
2108 907 2149 933 18,
2170 909 2188 935 7

1144 945 1286 971 Frumenta
1298 943 1387 970 hieme
1404 943 1431 969 in
1446 943 1527 969 herba
1543 943 1615 972 sunt,
1645 949 1729 966 verno
1754 946 1875 974 tempore
1897 938 2051 972 fastigantur
2068 938 2096 963 in
2109 936 2190 970 stipu-

1144 980 1205 1006 lam.
1260 980 1301 1007 Sic
1319 976 1385 1006 refle
1405 979 1485 1005 Har-d.
1542 979 1586 1004 Al.
1601 976 1776 1010 fastigiantur.
1848 973 1887 1000 ld.
1903 983 1951 1006 24,
1966 982 1993 1005 19
2012 973 2031 999 s.
2046 978 2083 1002 118
2112 972 2189 999 Folia

1144 1016 1199 1041 eius
1215 1015 1243 1041 in
1256 1015 1362 1049 reliquo
1375 1013 1440 1040 orbe
1458 1014 1484 1040 in
1498 1014 1644 1039 exilitatem
1658 1011 1820 1044 fastigantur.
1875 1009 1916 1034 Sic
1936 1019 1964 1034 ex
1983 1011 2083 1042 optitiiis
2104 1009 2189 1034 Libris

1143 1050 1226 1077 H-ml.
1279 1052 1323 1078 Al.
1336 1049 1510 1083 fastigiantur.
1580 1047 1746 1081 Fastigetque
1760 1045 1784 1071 se
1798 1043 1918 1070 molliter
1942 1044 2011 1069 Mela
2027 1052 2046 1073 1,
2061 1053 2087 1076 4.
2130 1042 2189 1068 lf'iil.

1145 1087 1177 1121 Is:
1197 1084 1260 1119 Voffi
1295 1085 1365 1112 Mela
1379 1094 1404 1118 2,
1421 1094 1428 1111 1
1454 1084 1511 1111 Post
1533 1083 1642 1118 spatiosa
1668 1081 1773 1107 modice
1811 1078 1930 1105 aullatim
1953 1079 1978 1104 se
2001 1079 2053 1112 ipsa
2077 1077 2189 1112 fastigat.

1144 1121 1257 1156 Metaph.
1294 1116 1736 1155 Dignitatuminlignibusfastigari
1753 1115 1778 1142 Si
1799 1114 1999 1148 on.Epist.7,9.
2064 1114 2188 1139 Martian.

1144 1157 1250 1191 Capella
1263 1165 1274 1188 3
1288 1165 1312 1191 p.
1323 1166 1353 1189 59
1379 1157 1413 1183 Vt
1427 1156 1563 1190 fastigetur
1574 1153 1653 1188 longa
1669 1152 1811 1186 breuisque
1825 1150 1898 1182 fuat,
1927 1152 1945 1175 i.
1955 1146 2066 1185 fastigio
2080 1148 2104 1176 h.
2118 1157 2138 1174 e.
2150 1157 2190 1174 ac-

1143 1201 1213 1219 centu
1234 1199 1339 1218 notetur.
1931 1190 1951 1205 ⁵³

1181 1233 1197 1254 F
1211 1235 1231 1254 Α
1243 1236 1255 1254 s
1267 1234 1288 1254 Τ
1303 1234 1342 1254 IG
1353 1234 1374 1253 A
1384 1234 1425 1253 NS
1435 1246 1442 1258 ‚
1465 1226 1494 1252 is.
1531 1224 1624 1252 Partic.
1683 1222 1729 1249 Sil.
1744 1229 1774 1254 ς,
1795 1228 1826 1254 ςο
1857 1219 2028 1254 Mediamque
2042 1227 2088 1253 per
2100 1218 2191 1244 aluum

1144 1263 1242 1290 Sensim
1255 1263 1375 1298 fastigans
1385 1282 1392 1295 ‚
1413 1262 1555 1296 comprefl‘a
1568 1259 1703 1287 cacumina
1715 1258 1806 1284 neeiit.
1850 1259 1868 1282 i.
1887 1258 2001 1287 Aeacus,
2021 1258 2047 1280 in
2060 1252 2191 1290 angustum

1142 1299 1299 1326 contrahens.
1354 1298 1399 1326 Ad
1411 1307 1477 1333 quem
1491 1299 1568 1323 locum
1581 1295 1786 1330 Drakenburgius
1793 1291 1896 1326 Fastigo
1902 1290 1978 1325 finci
1992 1291 2085 1325 copiose
2098 1296 2191 1321 tuetur,

1830 1328 1950 1361 Fulgent.
1964 1326 2078 1358 Mythol.
2092 1333 2101 1351 1
2117 1334 2141 1359 p.
2155 1326 2190 1351 26

1143 1370 1273 1403 Hyalinae
1287 1370 1427 1397 cauitatein
1440 1368 1562 1404 sphaerae
1575 1367 1645 1393 offeo
1659 1365 1780 1399 fastigans
1799 1363 1887 1397 tigillo
1902 1361 2035 1395 versabat,
2068 1364 2086 1387 i.
2101 1360 2192 1396 sphae-

1143 1416 1198 1432 ram
1212 1409 1317 1432 vitream
1332 1404 1459 1432 manubrio
1474 1403 1532 1437 offeo
1545 1400 1692 1436 instrut'l'am
1706 1404 1732 1426 in
1745 1401 1821 1426 altum
1833 1405 1926 1425 tenens.

1179 1448 1356 1468 FASTIGA
1368 1447 1389 1467 T
1401 1447 1460 1472 vs,
1472 1439 1535 1473 siue,
1549 1437 1613 1474 quod
1625 1437 1722 1473 quidam
1736 1435 1834 1466 habent,
1851 1436 2146 1463 FAsTioiATvs‚
2165 1438 2190 1462 a,

1143 1486 1197 1503 um.
1234 1478 1301 1504 Part.
1343 1477 1393 1508 Vt,
1413 1475 1499 1502 Collis
1513 1475 1608 1500 leniter
1620 1472 1752 1506 fastigatus
1766 1470 1831 1505 apud
1845 1469 1916 1495 Caes.
1930 1468 1958 1494 B.
1972 1468 2004 1494 G.
2019 1476 2048 1498 2,
2061 1472 2084 1496 8.
2120 1465 2189 1492 Add.

1143 1513 1182 1539 Id.
1200 1511 1266 1539 ibid.
1280 1523 1306 1547 4,
1321 1519 1358 1546 17.
1431 1512 1462 1538 Et
1474 1510 1506 1536 de
1519 1510 1546 1536 Β.
1561 1510 1590 1536 C.
1606 1517 1627 1539 2,
1640 1517 1677 1534 10.
1750 1507 1861 1541 Liu.-38,
1877 1512 1910 1539 27
1940 1503 2023 1529 Collis
2038 1503 2066 1529 in
2080 1501 2191 1528 modum

1144 1554 1230 1575 metae
1243 1548 1271 1574 in
1285 1555 1392 1574 acutum
1405 1555 1514 1574 acumen
1526 1554 1540 1572 a
1562 1544 1647 1571 fundo
1668 1542 1727 1569 satis
1748 1542 1801 1568 lato
1820 1540 1964 1575 fastigatus.
2036 1537 2192 1564 Diademate

1144 1584 1244 1610 crinein
1257 1583 1399 1617 Fastigatus
1414 1591 1455 1608 eas
1487 1580 1577 1607 Sidon.
1590 1580 1678 1606 Carm.
1693 1587 1707 1604 2
1716 1598 1723 1610 ,
1745 1586 1767 1609 ς.
1839 1575 1995 1602 Consulares
2008 1571 2192 1611 fastigatisliini

1145 1619 1183 1646 Id.
1197 1619 1276 1655 Epist.
1291 1628 1310 1651 1,
1322 1627 1346 1651 9.
1419 1617 1458 1644 Ad
1471 1625 1557 1644 arcem
1570 1613 1770 1649 fastigatiffimae
1786 1610 1922 1637 felicitatis
1935 1608 2043 1634 euee'tus
2069 1606 2108 1633 ld.
2123 1606 2191 1632 ibid.

1145 1664 1172 1687 2,
1186 1664 1207 1687 3.
1280 1652 1430 1687 Pyramides
1442 1654 1498 1678 sunt
1512 1658 1596 1678 turres
1611 1650 1744 1683 fastigatae
1762 1646 1844 1672 Solin.
1860 1652 1916 1676 c.3;
1931 1649 1996 1669 extr.
2065 1641 2134 1667 Id.c.
2143 1641 2191 1667 vlt.

1143 1692 1175 1717 ln
1187 1699 1239 1725 qua
1253 1689 1369 1723 pauxilla
1382 1688 1458 1715 aedes
1472 1686 1630 1722 ignobiliter
1642 1683 1675 1710 ad
1687 1683 1792 1708 culmen
1804 1680 1932 1714 fastigata.
1988 1677 2065 1703 Plura
2086 1676 2193 1711 inferio-

1141 1729 1180 1752 ris
1192 1728 1283 1750 aetatis
1295 1725 1402 1758 exempla
1413 1723 1465 1748 dat.
1534 1718 1661 1747 Drakenb.
1675 1717 1709 1744 ad
1722 1715 1768 1742 Sil.
1783 1723 1810 1748 ς,
1825 1722 1857 1747 50
1894 1720 1917 1739 et
1930 1721 1997 1748 quem
2012 1714 2036 1738 is
2048 1711 2135 1738 laudat
2147 1712 2192 1739 Sav

1141 1768 1204 1785 varo
1220 1759 1254 1783 ad
1265 1759 1355 1784 Sidon.
1370 1766 1392 1789 3,
1407 1759 1432 1782 6.
1858 1783 1864 1789 ι

1178 1799 1194 1818 F
1203 1799 1247 1818 As
1256 1799 1277 1817 T
1286 1800 1296 1818 1
1305 1799 1326 1818 G
1336 1798 1387 1818 AT
1396 1798 1422 1817 is.
1458 1789 1527 1815 Adii.
1564 1788 1640 1814 Idem.
1677 1785 1754 1821 Apud
1769 1783 1923 1811 Bo'e'thium.
1962 1802 1968 1808 .
2006 1801 2014 1808 .

1177 1824 1246 1852 FAS
1262 1832 1284 1852 T
1296 1834 1304 1852 1
1314 1832 1335 1852 G
1346 1832 1397 1851 AT
1409 1830 1445 1851 10
1455 1845 1463 1856 ,
1484 1825 1550 1850 anis.
1572 1823 1592 1849 f.
1647 1821 1714 1848 Plin.
1731 1829 1768 1855 17,
1783 1830 1813 1853 14
1837 1818 1941 1846 Calami
1954 1817 2076 1844 exacutio
2090 1815 2191 1842 medul-

1143 1860 1196 1887 lam
1209 1870 1241 1887 ne
1255 1861 1351 1891 rudem
1387 1861 1462 1887 tenui
1476 1865 1563 1886 tamen
1580 1858 1664 1885 fistula
1680 1857 1799 1891 detegat,
1824 1861 1853 1881 vt
1872 1854 2004 1888 fastigatio
2019 1852 2074 1877 leui
2087 1852 2192 1877 descen-

1142 1896 1185 1922 dat
1198 1905 1282 1923 cuneo
1291 1917 1299 1929 ,
1318 1895 1404 1923 tribus
1418 1905 1472 1922 non
1485 1895 1600 1929 amplior
1613 1893 1713 1928 digitis.
1785 1890 1866 1917 Kena
1878 1888 2044 1922 fastigatione
2060 1887 2190 1913 clausulae

1142 1932 1220 1966 Apul.
1235 1933 1307 1959 Flor.
1322 1941 1337 1958 2
1352 1933 1439 1966 p.216.
1494 1930 1572 1957 Dedit
1583 1929 1678 1964 quidem
1699 1926 1886 1960 Fastigiatione
1904 1923 2012 1951 Elmenh.
2026 1922 2074 1959 fid
2085 1922 2191 1959 sinetur

1143 1967 1154 1993 i
1166 1966 1241 2000 αόιζίῖε
1252 1975 1309 1993 ante
1321 1976 1336 1992 a
1348 1970 1375 1993 in
1389 1966 1464 1993 MSS.
1478 1972 1501 1991 rt
1510 1965 1604 2000 priscis
1617 1962 1772 1989 editionibus.

1181 2008 1197 2027 F
1208 2010 1229 2029 A
1240 2010 1252 2029 s
1261 2010 1282 2029 T
1294 2008 1314 2028 0
1325 2010 1337 2029 S
1346 2008 1366 2028 V
1374 2009 1387 2028 S
1396 2021 1405 2034 ,
1425 2000 1478 2027 vitl-
1492 2007 1508 2026 F
1518 2007 1539 2026 A
1548 2008 1560 2026 S
1570 2007 1591 2026 T
1600 2007 1619 2026 V
1629 2007 1641 2026 s
1651 2019 1659 2031 ,
1674 2005 1722 2034 pro
1737 1997 1904 2032 Arrogantia.

1180 2043 1197 2063 F
1209 2045 1229 2064 A
1238 2047 1250 2064 s
1260 2045 1280 2064 T
1291 2045 1311 2064 v
1321 2045 1333 2064 S
1342 2057 1350 2070 ,
1371 2044 1399 2067 a,
1419 2045 1474 2064 um.
1510 2036 1570 2062 Adi.
1613 2033 1770 2061 Attributum
1785 2032 1880 2058 dierum
1891 2029 1959 2064 apud
1972 2030 2107 2059 Romanos,
2127 2027 2192 2063 quod

1143 2072 1296 2100 declararum
1309 2073 1392 2099 verbis
1404 2072 1532 2099 Varronis
1547 2071 1578 2097 de
1591 2070 1621 2096 L.
1631 2071 1661 2095 L.
1678 2076 1700 2101 5,
1715 2077 1733 2101 4
1747 2077 1769 2102 p·
1780 2076 1810 2100 50
1818 2073 1862 2101 pr·
1890 2065 1952 2091 Dies
1967 2064 2050 2094 Fasti,
2071 2073 2116 2098 per
2125 2072 2191 2098 quos

1142 2108 1311 2135 Praetoribus
1323 2109 1416 2134 onmia
1429 2107 1510 2134 verba
1522 2106 1574 2133 fine
1588 2104 1692 2140 piaculo
1706 2103 1765 2129 licet
1780 2103 1840 2129 fari.
1893 2115 1936 2121 -
1956 2100 2061 2127 Nefasti
2071 2106 2191 2133 perquos

1143 2143 1199 2170 dies
1211 2145 1284 2170 nefas
1297 2144 1348 2170 fari
1360 2149 1518 2177 praetorem.
1578 2142 1636 2172 Do,
1653 2140 1737 2171 Dico,
1758 2137 1869 2165 Addico.
1926 2137 2019 2170 Itaque
2039 2144 2093 2161 non
2108 2134 2192 2168 potest

1142 2180 1194 2214 agi.
1251 2180 1358 2209 Necess'e
1372 2179 1407 2204 est
1420 2179 1512 2212 aliquo
1526 2186 1621 2204 eorum
1635 2176 1675 2202 vti
1694 2174 1795 2207 verbo,
1815 2182 1874 2200 euni
1894 2172 1950 2206 lege
1969 2170 2033 2206 quid
2049 2169 2191 2205 peragitur.

1144 2214 1223 2249 Qiod
1238 2215 1256 2241 si
1271 2222 1327 2241 tum
1342 2215 1494 2249 imprudens
1507 2213 1534 2239 id
1552 2213 1664 2239 verbum
1686 2210 1771 2237 emisit
1807 2224 1852 2228 —
1871 2206 1999 2242 piaculari
2019 2205 2104 2232 hostia
2123 2205 2192 2232 faeta

1143 2252 1245 2285 piatur:
1281 2251 1298 2278 si
1311 2250 1424 2285 prudeus
1446 2250 1531 2281 dixit,
1554 2250 1591 2282 Q
1607 2247 1711 2275 Mucius
1725 2243 1871 2279 abnegabat
1889 2252 1952 2269 eum
1973 2242 2091 2276 expiari,
2118 2247 2143 2267 et
2162 2246 2191 2267 vt

1144 2287 1276 2321 impium,
1296 2296 1351 2312 non
1365 2287 1432 2320 poss'e
1445 2285 1558 2312 dicebat.
1628 2282 1745 2310 intercisi
1759 2281 1813 2307 dies
1826 2287 1872 2306 etc.
1927 2280 1995 2313 Qae
2006 2281 2069 2303 enim
2084 2277 2192 2312 hucper-

1145 2326 1226 2349 tinent
1239 2326 1288 2349 iam
1304 2322 1430 2354 dedimus,
1459 2330 1515 2347 voce
1528 2326 1544 2346 F
1553 2327 1606 2347 As.
1678 2320 1715 2345 De
1728 2316 1828 2343 Diebus
1842 2313 1922 2341 Fastis
1941 2320 1966 2340 et
1978 2313 2094 2340 Nefastis
2111 2313 2192 2338 eadem

1142 2361 1234 2393 reperit
1256 2364 1285 2393 p.
1304 2364 1329 2393 p.
1345 2366 1365 2390 ς,
1378 2365 1395 2392 7
1410 2367 1433 2391 p.
1448 2365 1491 2390 54,
1504 2364 1542 2383 21.
1613 2353 1718 2381 Nefasti
1737 2352 1792 2379 dies
1807 2350 1880 2377 iidem
1895 2350 2011 2385 nonsmzt
2025 2348 2191 2375 Comitiales.

1143 2395 1205 2421 Liu.
1223 2403 1243 2426 1,
1259 2402 1287 2426 19
1309 2396 1336 2419 in
1352 2395 1446 2419 Numae
1460 2390 1601 2425 institutit,
1621 2389 1694 2416 Idem
1708 2387 1821 2414 nefastos
1836 2386 1891 2412 dies
1905 2385 2036 2419 fastosque
2044 2384 2191 2417 fecit,q11ia

1144 2429 1288 2464 aliquando
1300 2429 1369 2455 nihil
1385 2437 1445 2455 cum
1458 2427 1557 2462 populo
1570 2426 1612 2460 agi
1621 2425 1688 2452 vtile
1702 2425 1823 2450 futurum
1837 2427 1900 2448 erat.
1969 2421 2037 2446 Hinc
2050 2421 2135 2446 Varro
2144 2419 2190 2444 l.e.

1144 2475 1169 2500 p.
1184 2473 1225 2498 50,
1239 2473 1251 2490 2
1283 2464 1450 2491 ἡκεν-1331105
1466 2464 1521 2489 dies
1535 2469 1557 2488 et
1572 2461 1695 2488 Nefastos
1714 2460 1803 2486 medios
1819 2455 1974 2493 Coniitiales
1987 2456 2111 2489 explicat:
2147 2455 2191 2488 qui

1144 2508 1225 2536 nempe
1237 2500 1271 2526 ad
1288 2499 1372 2533 Fastos
1378 2503 1525 2535 pertinent,
1552 2499 1611 2524 licet
1631 2506 1679 2522 non
1700 2504 1781 2521 omnes
1801 2491 1869 2524 Fasti
1882 2492 1937 2524 Jrnt
1954 2490 2027 2516 iidem
2046 2490 2192 2515 comitiales.

1141 2537 1318 2573 intelliguntur
1331 2537 1389 2562 haec
1396 2537 1496 2570 plenius
1508 2543 1537 2559 ex
1558 2531 1718 2559 Kaleiztlariis
1736 2530 1866 2562 antiquis,
1897 2535 1922 2552 v.
1957 2545 1962 2551 .
1983 2526 2027 2551 illo
2048 2523 2190 2557 Maffeiano

1143 2573 1208 2608 quod
1215 2572 1355 2607 publicauit
1368 2577 1391 2596 et
1405 2574 1584 2604 interpretatus
1597 2565 1630 2600 est
1644 2568 1672 2592 P.
1687 2566 1846 2591 Mamaeam.
1897 2563 1924 2587 A
1942 2561 1970 2586 de
1983 2561 2059 2586 locum
2072 2561 2192 2590 Suetonii,

1142 2617 1213 2642 quem
1236 2607 1322 2632 damus
1345 2609 1371 2631 in
1394 2610 1469 2636 ΒΑΚ
1482 2611 1491 2629 1
1503 2611 1515 2629 s
1536 2612 1561 2628 n.
1579 2611 1602 2628 2.
1674 2599 1746 2635 Quid
1760 2596 1792 2631 esi
1805 2597 1875 2624 hodie
1889 2596 1954 2631 apud
1966 2595 2086 2627 Festum,
2110 2594 2192 2621 Fastis

1145 2641 1239 2667 diebus
1252 2640 1366 2666 iucunda
1384 2639 1437 2665 fari
1457 2637 1568 2669 licebat,
1599 2635 1706 2662 nefastis
1724 2633 1852 2669 quaedam
1871 2641 1926 2658 non
1945 2631 1998 2658 fari
2016 2630 2126 2657 licebat:
2162 2633 2190 2656 in

578 2673 598 2712 fl
620 2683 633 2708 ς
667 2677 707 2702 Ab
722 2676 766 2701 illa
786 2677 953 2709 fastigiorum
963 2679 991 2701 in
1004 2675 1080 2701 teH‘is
1093 2687 1128 2714 70
1144 2679 1213 2702 vocis
1228 2675 1342 2701 iucunda
1354 2676 1415 2700 latet
1427 2673 1494 2701 haud
1504 2673 1573 2699 dubie
1586 2671 1687 2703 (11111913,
1708 2670 1772 2706 quod
1783 2667 1911 2704 respondet
1922 2668 2079 2694 Varroniano
2086 2665 2192 2692 omnia:

1138 2713 1241 2746 priores
1254 2710 1313 2736 duae
1326 2712 1414 2737 literae
1434 2711 1466 2736 Iu
1485 2714 1615 2743 corruptae
1632 2706 1751 2733 videntur
1764 2715 1792 2731 ex
1812 2705 1852 2730 Pr.
1869 2703 1914 2728 hoc
1933 2700 1966 2734 est
1984 2701 2118 2728 Praetori:
2154 2703 2193 2727 ita

1776 2738 1859 2766 Ouid.
1872 2737 1937 2764 Fast.
1952 2746 1971 2770 1,
1986 2744 2022 2771 47
2055 2737 2102 2763 Ille
2121 2736 2193 2762 nefa-

1144 2782 1195 2808 stus
1209 2788 1276 2813 erit,
1297 2791 1343 2816 per
1361 2790 1440 2815 quein
1453 2780 1503 2807 tria
1518 2778 1599 2805 verba
1612 2777 1736 2803 silentur:
1771 2774 1858 2802 Fastus
1877 2774 1944 2806 erit,
1970 2782 2018 2807 per
2035 2781 2114 2807 quem
2133 2772 2192 2806 lege

1143 2817 1236 2844 licebit
1249 2817 1300 2851 agi.
1374 2818 1451 2843 Porro
1464 2822 1494 2842 vt
1507 2814 1575 2840 docet
1590 2813 1649 2839 Liu.
1665 2821 1681 2845 9
1690 2833 1697 2844 ,
1711 2813 1747 2844 46
1778 2811 1826 2837 Cn.
1840 2809 1947 2836 Flauius
1962 2808 2046 2835 scriba
2059 2818 2088 2834 ac
2104 2807 2193 2834 deinde

1095 2859 1126 2886 75
1144 2853 1246 2884 aedilis,
1265 2856 1306 2878 vti
1319 2852 1399 2878 ciuile
1410 2852 1467 2883 ius,
1487 2849 1632 2885 repositum
1651 2849 1679 2874 in
1693 2846 1874 2909 penetralibus
1889 2844 2060 2879 pontificum,
2086 2843 2192 2877 euulga-

1143 2889 1198 2920 vit,
1217 2891 1256 2915 ita
1269 2888 1347 2914 fastos
1359 2896 1449 2923 quoque
1462 2886 1530 2919 dies,
1538 2885 1657 2919 similiter
1670 2894 1694 2910 αι
1714 2893 1765 2909 eum
1778 2882 1841 2909 diem
1855 2882 1989 2907 occultatos
1998 2880 2104 2915 populo,
2124 2879 2193 2905 circa

1143 2925 1234 2951 forum
1249 2924 1277 2950 in
1289 2923 1351 2950 albo
1365 2923 1518 2958 proposuit,
1539 2927 1581 2952 vt,
1598 2920 1703 2955 quando
1716 2918 1773 2952 lege
1786 2918 1828 2952 agi
1841 2918 1937 2952 posset,
1957 2916 2076 2942 sciretur.
2135 2915 2191 2941 Cic.

1143 2964 1193 2995 pro
1207 2961 1366 2992 Muraen.2;
1380 2968 1402 2985 c.
1418 2968 1439 2985 11
1472 2958 1554 2984 Posset
1568 2957 1611 2991 agi
1623 2956 1680 2990 lege
1693 2964 1739 2981 nee
1752 2963 1800 2986 ne,
1820 2953 1901 2988 pauci¹
1914 2951 2048 2986 quondam
2062 2949 2191 2980 sciebant;

1144 2996 1223 3022 fastos
1237 2996 1309 3022 enim
1322 2995 1403 3029 vulgo
1415 3003 1470 3020 non
1483 2993 1628 3020 habebant:
1663 2996 1737 3018 erant
1756 2990 1784 3016 in
1803 2997 1896 3022 magna
1917 2987 2051 3022 potentia,
2070 2986 2117 3020 qui
2130 2994 2190 3012 con-

43 3031 231 3065 longitudinem
246 3034 360 3068 passuum
374 3033 479 3060 circiter
498 3032 560 3058 DC.
651 3030 720 3057 lbid.
734 3039 763 3062 2,
783 3039 819 3063 24
859 3031 900 3058 Est
919 3032 1012 3065 iugum
1035 3047 1081 3051 —
1098 3031 1129 3056 80
1144 3031 1315 3063 sulebantur,
1340 3040 1355 3056 a
1368 3030 1464 3064 quibus
1484 3030 1563 3056 etiam
1575 3028 1648 3059 dies,
1671 3033 1796 3061 tanquam
1815 3034 1829 3052 a
1847 3023 2000 3052 Chaldaeis,
2024 3020 2189 3055 petebantur.

43 3071 153 3100 Vtraque
167 3076 197 3094 ex
208 3075 277 3103 1²³¹*te
290 3076 461 3104 praeruptum
480 3083 525 3087 —‘
546 3065 589 3093 sed
606 3067 695 3102 Plfflllo
709 3072 796 3093 tamen
810 3067 912 3094 leniore
926 3067 1032 3101 fastigio
1046 3066 1080 3093 ab
1144 3069 1270 3095 Inuentus
1286 3067 1322 3092 est
1337 3066 1420 3093 scriba
1433 3064 1542 3100 quidam
1555 3065 1603 3091 Cn.
1618 3063 1741 3094 Flauius,
1765 3060 1814 3096 qui
1842 3074 1887 3079 —
1908 3057 2014 3092 fingulis
2029 3055 2121 3082 diebus
2135 3056 2190 3081 edi-

45 3110 76 3128 ea
89 3106 160 3136 parte
173 3108 215 3129 etc.
283 3107 359 3132 Cui-t.
373 3107 404 3135 6,
417 3107 447 3135 6,
462 3112 490 3135 23
525 3103 666 3138 Praerupta
679 3111 756 3137 rupes
772 3109 827 3129 erat
855 3118 901 3123 —
924 3112 975 3138 qua
994 3102 1082 3137 vergit
1145 3103 1252 3130 scendos
1271 3102 1350 3129 fastos
1370 3101 1470 3136 populo
1493 3099 1670 3135 proposuerit.
1733 3111 1777 3116 -
1790 3094 1891 3129 'Itaque
1914 3093 1977 3120 irati
2002 3091 2190 3126 Iurisconficlti,

1145 3138 1218 3174 quod
1231 3140 1289 3165 sunt
1301 3138 1399 3169 veriti,
1423 3147 1456 3163 ne
1476 3136 1582 3163 dierum
1600 3135 1704 3162 ratione
1726 3131 1878 3167 peruulgata
1899 3134 1924 3156 et
1937 3128 2058 3162 cognita,
2079 3126 2132 3165 sine
2145 3126 2189 3165 sua

1143 3183 1224 3209 opera
1240 3175 1295 3207 lege
1309 3174 1388 3207 posset
1402 3174 1445 3208 agi
1457 3181 1502 3199 etc.
1592 3170 1658 3197 Plin.
1675 3179 1715 3202 33,
1736 3177 1746 3194 1
1777 3167 1806 3192 de
1825 3166 1904 3192 eodem
1927 3166 2028 3192 Flauio.
2046 3161 2189 3189 l'ublicatis

823 3211 930 3237 Vitruu.
946 3218 980 3245 7,
995 3219 1004 3236 1
1035 3211 1080 3236 Pa-
1092 3211 1122 3240 85‘
1145 3210 1238 3237 diebus
1259 3209 1347 3241 fastis,
1375 3218 1441 3244 quos
1466 3207 1579 3243 populus
1602 3216 1616 3233 3
1639 3205 1727 3240 paucis
1752 3202 1902 3238 principum
1926 3198 2049 3235 quotidie
2073 3196 2187 3232 petebat.

1144 3246 1214 3275 Adai.
1229 3246 1285 3272 Cic.
1300 3246 1353 3272 Att.
1368 3248 1394 3277 6,
1408 3254 1418 3271 1
1447 3245 1490 3271 vbi
1503 3244 1558 3271 dies
1571 3241 1666 3277 agendi
1679 3246 1760 3267 vocat.
1832 3238 1900 3263 Hinc

1180 3288 1196 3308 F
1205 3289 1227 3308 Α
1236 3290 1249 3309 S
1260 3288 1283 3308 T
1295 3289 1320 3314 1,
1340 3289 1427 3307 orum.
1447 3281 1486 3308 Pl.
1522 3280 1563 3306 vel
1582 3285 1598 3304 F
1608 3285 1630 3304 A
1639 3283 1651 3303 S
1660 3283 1681 3303 T
1691 3283 1710 3302 V
1721 3283 1733 3302 S
1743 3295 1750 3306 ‚
1768 3283 1841 3300 uum.
1862 3282 1897 3299 m.
1935 3270 2016 3300 Liber,
2031 3271 2057 3295 in
2072 3275 2118 3304 quo
2130 3277 2188 3294 con-

1143 3321 1239 3344 tinetur
1252 3317 1345 3344 dierum
1352 3315 1494 3353 fastorum,
1513 3312 1680 3350 nefastorum,
1693 3309 1860 3348 filiorumque
1873 3315 1896 3334 et
1904 3304 2070 3347 profzfloram
2084 3310 2129 3329 etc.
2149 3302 2189 3345 ob·—

1313 3354 1345 3380 Et
1363 3362 1416 3379 cum
1437 3349 1640 3387 magistratuum,
1658 3346 1807 3383 praesertim
1828 3343 1954 3378 Consulum
1974 3339 2114 3366 nominibus
2127 3348 2189 3364 annz

1143 3425 1261 3459 habuere,
1288 3424 1345 3451 adeo
1366 3431 1395 3450 vt
1416 3423 1502 3450 Fassos
1522 3420 1671 3448 consulares
1687 3420 1726 3445 vel
1739 3417 1825 3444 Fastos
1830 3415 1980 3449 simpliciter
1994 3411 2022 3437 de
2034 3409 2189 3451 illo-recensu

1143 3461 1213 3487 breui
1227 3458 1414 3496 magistratuum
1429 3466 1451 3485 et
1465 3467 1547 3485 rerum
1561 3456 1682 3482 dixerint.
1753 3453 1808 3479 Cic.
1823 3452 1877 3477 Att.
1890 3457 1917 3481 4,
1931 3453 1943 3477 8
1962 3448 1992 3473 In
2000 3445 2189 3488 codicillorum

1145 3496 1217 3522 fastis
1229 3497 1382 3523 futurorum
1395 3494 1530 3521 consulum
1543 3492 1648 3528 paginas
1660 3489 1746 3517 habere
1760 3486 1891 3521 Cae—finem,
1911 3485 2049 3517 Pompezum
2057 3501 2064 3513 ‚
2078 3479 2190 3514 Craſjum

1145 3531 1259 3567 accusat,
1287 3535 1305 3557 i.
1325 3532 1410 3557 multis
1423 3533 1472 3556 iam
1479 3530 1586 3565 futuros
1600 3527 1744 3563 Consulatus·
1758 3519 1892 3556 destinasti.
1962 3517 2132 3544 Enumeratio
2152 3517 2191 3542 fa-

1576 3563 1614 3590 Id.
1630 3571 1677 3596 pro
1695 3560 1762 3586 Sext.
1777 3566 1804 3590 33
1840 3553 1965 3582 Consules
1983 3562 2037 3580 non
2058 3552 2140 3579 modo
2156 3560 2189 3578 ex

1147 3603 1294 3635 memoria,
1320 3602 1364 3629 sed
1384 3602 1464 3628 etiam
1478 3609 1509 3627 ex
1523 3600 1594 3626 fastis
1612 3593 1759 3624 Euellendi.
1850 3590 1972 3630 Eximere
1993 3589 2048 3616 dies
2069 3588 2100 3615 de
2118 3587 2190 3628 fastis

1146 3637 1185 3663 Id.
1201 3639 1279 3664 Verr.
1296 3647 1317 3669 2,
1331 3646 1370 3670 132
1390 3647 1411 3664 c.
1425 3644 1460 3669 53.
1533 3637 1612 3663 Ferre
1628 3633 1674 3659 hos
1688 3627 1805 3656 consules
1819 3627 1868 3654 vlli
1881 3625 1941 3653 fasti
1955 3625 2072 3661 possunt?
2106 3623 2146 3650 Id.
2162 3631 2190 3649 1n

1147 3673 1233 3699 Pison.
1243 3682 1271 3704 30
1284 3681 1345 3705 (.13.
1417 3672 1504 3699 Fastos
1513 3677 1642 3697 memores
1651 3667 1717 3693 dixit
1740 3665 1807 3690 Hor.
1815 3661 1866 3690 Od.
1880 3671 1902 3694 3,
1916 3668 1955 3696 17,
1968 3671 1995 3695 4.
2031 3666 2055 3687 et
2068 3670 2095 3694 4,
2112 3668 2151 3692 14,
2163 3667 2191 3690 4.

1149 3708 1216 3734 Pic'ti
1229 3708 1290 3734 falli
1313 3707 1395 3735 Ouid.
1404 3708 1470 3734 Fast.
1483 3716 1502 3739 1,
1516 3716 1548 3733 11.
1570 3706 1654 3731 ornati
1666 3700 1796 3727 coloribus.
1867 3698 2001 3732 Signantes
2013 3703 2131 3736 tempora
2150 3693 2190 3719 Id.

1405 3744 1508 3777 Signata
1522 3747 1640 3774 tempora
1653 3736 1724 3764 fastis
1758 3735 1796 3762 Id.
1809 3734 1874 3761 ibid.
1888 3743 1917 3764 2,
1938 3741 1964 3767 7.
2036 3732 2092 3757 Cic.
2115 3729 2189 3755 susc.

1151 3788 1169 3810 Ι,
1184 3782 1215 3809 68
1236 3788 1257 3805 c.
1271 3785 1301 3809 28
1334 3779 1434 3806 Lunam
1448 3778 1596 3804 acci-ctione
1618 3779 1644 3801 et
1657 3771 1836 3799 diminutione
1850 3769 1960 3796 luminis
1974 3767 2044 3802 quafi
2064 3764 2190 3804 fastorum

1148 3820 1284 3841 notantem
1301 3820 1327 3840 et
1347 3814 1532 3848 significantem
1552 3810 1617 3837 dies.
1695 3809 1781 3834 Honor
1799 3806 1885 3833 diuino
1900 3808 2047 3840 proximus,
2061 3802 2085 3833 Jz
2105 3806 2190 3823 nomen

1149 3853 1177 3876 in
1194 3847 1274 3883 Fastis
1291 3849 1478 3885 adscriberetur.
1555 3846 1612 3873 Cic.
1626 3843 1656 3871 ad
1671 3844 1743 3870 Brut.
1754 3850 1777 3876 15
1794 3852 1818 3877 p.
1835 3843 1879 3874 136
1908 3841 1962 3874 Ego
1978 3838 2047 3878 enim
2062 3835 2094 3860 D.
2108 3834 2191 3859 Bruto

1150 3886 1279 3916 liberato,
1304 3884 1368 3911 cun‘f
1386 3884 1536 3914 laerissiinus
1556 3881 1602 3908 ille
1624 3879 1726 3907 ciuitati
1744 3878 1798 3905 dies
1818 3876 1957 3906 illuxisset,
1992 3871 2115 3904 idemque
2132 3867 2191 3892 casu

48 3916 215 3953 (dignitatis)
242 3919 311 3945 stetit
324 3919 353 3945 in
364 3925 476 3954 Vtraque
491 3918 611 3945 fortuna:
646 3917 689 3945 vbi
707 3920 741 3945 ad
761 3923 954 3958 magnitudinem
978 3930 1001 3950 et
1013 3925 1083 3950 velut
1098 3928 1141 3955 105
1152 3922 1226 3949 Bruti
1239 3920 1418 3950 natalis-effen
1439 3917 1561 3952 decretu,
1586 3922 1615 3945 vt
1634 3916 1665 3943 111
1683 3915 1763 3943 Fastis
1782 3913 1814 3942 acl
1832 3922 1895 3940 eum
1912 3911 1982 3937 diem
2000 3906 2075 3933 Bruti
2093 3911 2191 3929 nomeu

197 3956 281 3982 vot.
316 3955 358 3982 11·

1302 3957 1328 3982 H
1341 3955 1357 3982 h
1379 3955 1396 3982 h
1410 3955 1427 3982 h
2094 3937 2190 3964 adscri-
