2479 4225
303 200 363 239 355
663 180 699 221 E
785 176 834 218 M
920 176 955 215 O
1773 168 1807 209 Ε
1889 170 1938 210 Μ
2018 169 2053 210 Ο
2353 173 2417 222 356

305 275 356 300 Att.
372 283 379 300 ι
404 278 416 301 8
451 270 529 304 Quod
541 278 571 296 ea
590 269 704 296 emtione
717 274 742 294 et
759 276 805 294 nos
819 266 884 292 bene
897 262 982 288 emiss‘e
996 260 1105 287 iudicati
1120 262 1213 287 sumus.
1265 259 1322 286 Me·
1382 259 1465 287 tuitus
1478 263 1617 295 opponitur.
1652 259 1727 286 Varr.
1741 257 1773 284 dc
1787 258 1817 283 R.
1833 258 1864 283 R.
1875 266 1895 289 3,
1911 267 1936 290 2,
1949 267 1977 285 η
2006 258 2059 285 Hic
2076 266 2167 292 aprum
2189 256 2260 291 glans
2273 264 2354 291 quum
2374 265 2418 290 pa-

306 310 356 335 lin,
370 294 422 334 (jis,
437 315 475 342 ap,
494 307 561 332 Suet,
578 306 648 331 Caes,
662 315 683 331 c,
698 314 736 336 50.
807 302 871 327 Care
890 299 956 324 Hor.
970 296 1048 330 Epist.
1064 305 1085 328 2,
1100 305 1117 326 1,
1131 302 1180 327 238.
1251 295 1321 321 Male
1384 297 1431 322 scit
1445 297 1564 328 emticia,
1580 295 1643 321 facit
1659 296 1796 329 pinguem:
1816 293 1871 318 illic
1887 294 2015 326 gratuita,
2030 294 2135 320 exilem.
2171 292 2239 319 Ibid.
2256 299 2292 325 17,
2305 294 2322 317 6
2341 291 2420 318 Salsa·
2443 297 2448 304 '

306 352 389 370 emere
421 345 439 367 ι’.
462 343 547 367 Nimio
559 350 640 366 emere.
676 341 730 366 Cic.
744 340 796 363 Att.
809 344 834 367 2,
847 343 864 366 4
891 331 960 358 Mihi
972 332 1085 357 maxime
1103 332 1199 365 placet,
1212 338 1241 355 ca
1255 339 1320 364 quae
1384 338 1479 357 menta.
1552 331 1677 357 Emticius
1695 331 1782 356 seruus
1799 329 1902 354 Petron.
1923 337 1944 354 c.
1961 337 2006 363 47.
2028 331 2159 365 opponitur
2179 327 2254 353 domi
2270 333 2340 353 nato.
2377 328 2419 354 Sic

306 379 371 405 male
387 362 454 403 e’mta
467 377 537 406 sunt,
551 375 634 402 reddi.
670 373 741 408 Cous.
760 372 837 397 Plaut.
849 368 927 394 Most.
939 375 961 398 3,
974 375 996 398 2,
1013 375 1059 393 112.
1094 365 1215 392 Drakenb.
1230 365 1263 391 ad
1276 366 1320 391 Sil.
1385 367 1512 392 Emticius
1549 366 1624 393 miles
1651 366 1737 402 suerit
1773 366 1945 391 Mercenarius
1958 384 1968 397 ,
1999 374 2066 400 quem
2100 363 2187 390 Festus
2220 369 2269 389 EM
2282 368 2418 388 TIVVM
2441 363 2444 368 ’

306 423 322 445 4
354 415 410 443 ..56¹
478 413 507 437 1„
526 412 595 437 diem
611 411 677 442 Nep,
697 416 735 439 25,
755 415 780 438 9,
801 412 821 436 ς.
873 402 937 428 Plin.
952 402 1028 436 Epist.
1048 411 1057 427 1
1073 403 1119 428 vlt.
1160 401 1235 434 Rogo
1249 410 1322 426 cures
1347 411 1361 437 5
1383 402 1499 436 appellat.
1546 431 1549 434 ,

306 433 395 482 qitaiiti
412 456 523 481 aequum
543 447 578 472 est
590 451 668 471 emat:
695 443 729 468 ita
744 448 802 466 eum
821 437 960 463 dele&abit
979 438 1079 467 emiffe,
1093 445 1141 471 ego
1153 436 1204 462 tibi
1220 435 1323 462 debitu-
1422 443 1472 462 EM
1480 443 1546 469 Ax,
1570 437 1630 463 ficis.
1668 436 1728 463 Adi.
1765 433 1911 469 [uim-rimis]
1949 434 2000 468 Qti
2017 435 2135 461 libentius
2154 431 2215 466 iusto
2234 435 2308 465 emit,
2326 431 2419 459 emendi

306 492 348 509 rus
373 482 390 508 ss
403 483 565 516 praediolum
575 478 653 509 istud,
665 476 734 510 quod
747 473 942 500 commendatur
954 472 1008 499 istis
1022 472 1136 503 dotibus,
1151 478 1202 497 tarn
1217 471 1324 497 salubri·
1385 472 1507 506 cupidior.
1544 472 1600 498 Cic.
1620 472 1647 498 in
1666 471 1755 498 Parad.
1778 473 1802 501 6,
1821 479 1834 502 3
1865 470 1928 495 Non
1948 469 1996 495 ess'e
2012 470 2152 504 cupidum,
2171 468 2280 502 pecunia
2298 467 2346 494 est:
2364 476 2420 494 non
2455 491 2458 497 ,

306 503 450 544 tercuierit
480 524 507 543 vt
520 513 691 550 poenitentiae
703 511 789 536 locum
801 517 854 534 non
866 508 1016 543 relinquat,
1038 511 1055 533 i.
1080 509 1142 533 Tam
1154 505 1216 539 iusto
1231 510 1324 541 pretio.
1386 509 1434 532 ess‘e
1450 515 1581 539 emacem,
1597 507 1710 541 vetitigal
1731 506 1774 532 est.
1829 506 1929 532 Patrem
1944 504 2057 530 familias
2076 511 2181 539 oportet
2200 503 2248 529 esse
2266 502 2419 535 vendacem,
2475 537 2477 539 v

306 555 421 587 Argento
440 538 485 578 libi
505 553 615 584 aliquem
628 547 707 573 Plaut.
721 545 787 570 Afin.
802 553 822 576 1,
836 552 859 576 3,
872 546 916 576 46.
987 542 1122 569 Beneficiis
1140 551 1218 576 quem
1237 550 1324 567 emere
1386 551 1439 568 non
1458 550 1571 568 emacem
1586 543 1652 569 Cato
1664 543 1695 569 R.
1710 543 1741 568 R.
1756 551 1776 567 c.
1790 549 1814 567 2.
1869 540 1950 566 Ouid.
1962 538 1993 564 de
2008 540 2070 565 Arte
2084 542 2142 566 Am.
2155 548 2175 571 1,
2189 547 2235 571 421
2261 538 2369 565 Institor
2386 538 2421 566 ad
2442 543 2446 549 ’
2478 551 2479 554 ’

306 589 377 614 Idem
392 588 458 614 Afin-
472 597 491 617 Ι,
506 595 523 618 1,
538 592 575 617 57.
647 580 767 607 Dimidio
787 580 871 606 carius
890 578 993 613 aliquid
1007 586 1085 612 quam
1106 577 1256 603 aestimatur
1270 578 1325 603 Cic.
1342 588 1370 607 10
1387 578 1522 604 dominam
1543 577 1633 603 veniet
1655 577 1796 604 discine‘tus
1821 583 1944 602 emacem.
2015 574 2086 601 Nam
2103 585 2161 601 cum
2181 575 2240 600 effet
2257 574 2422 608 pecuniosus,
2443 585 2459 590 ³

307 633 355 658 pro
369 625 453 649 Domo
475 623 515 648 sua
536 627 579 651 1¹5·
649 616 711 642 Pide
730 615 798 641 bona
816 615 897 641 Plaut.
917 613 993 640 Most.
1013 622 1037 645 3,
1058 621 1077 644 1,
1100 621 1155 645 140.
1228 613 1327 646 Magno
1387 621 1465 639 nemo
1485 612 1533 638 illo
1553 613 1639 638 minus
1657 613 1709 639 fuit
1729 620 1819 643 emate,
1840 612 1927 637 minus
1946 609 2097 636 aedificator
2113 611 2183 645 Nep.
2204 611 2256 636 Att.
2277 618 2299 635 c.
2312 617 2342 642 25
2361 612 2420 636 init.

308 660 363 685 Cic,
377 660 449 684 vers,
462 666 483 688 3,
501 664 555 687 ¹44·
608 651 688 678 Ouid.
702 650 733 676 de
747 651 810 676 Arte
823 650 883 676 Aru.
898 658 923 682 2,
940 651 991 675 626
1020 650 1106 683 Atque
1121 648 1218 674 emitur
1231 657 1326 681 magno
1387 649 1453 674 Pers.
1471 656 1494 677 2,
1507 656 1519 679 3
1547 647 1612 673 Non
1626 653 1653 673 tu
1668 657 1745 681 prece
1758 647 1840 682 poscis
1855 646 1937 672 emaci
1951 647 2025 678 Quae
2036 644 2084 670 nifi
2099 645 2209 672 seductis
2225 653 2339 679 nequeas
2352 653 2423 671 com-

307 695 344 720 nil
380 693 424 718 niti
443 692 507 725 poss'e
525 688 608 722 loqui.
676 685 790 712 Minimo
806 685 885 717 emit,
915 684 966 710 uid.
994 689 1137 710 MINOR.
1175 684 1247 719 Conf.
1270 685 1325 710 Cic.
1386 684 1492 710 mittere
1516 682 1593 709 diuis.
1630 683 1718 709 Preces
1741 691 1840 708 emaces
1853 681 1993 717 sacrificia,
2012 680 2099 716 quibus
2113 680 2229 709 redimere
2245 681 2358 716 culpam,
2378 686 2424 707 aut

310 715 361 756 Atti
374 737 405 759 13,
419 735 455 757 29.
523 724 587 750 Plin.
602 731 636 752 12,
651 730 667 756 7
695 722 771 754 Piper
789 720 904 754 pondere
922 719 1032 749 emitur,
1046 724 1073 745 vt
1092 728 1185 745 aurum
1199 726 1224 745 et
1237 728 1327 753 argen-
1385 728 1459 745 emere
1479 719 1625 745 commodum
1640 720 1727 744 volunt
1742 718 1858 744 homines.

306 772 368 790 tum.
431 761 486 786 Sen.
500 759 531 785 de
545 758 633 786 Benef.
647 766 670 789 2,
684 765 693 782 1
723 755 805 782 Nulla
818 764 858 781 res
874 756 958 781 carius
972 754 1086 786 constat,
1098 763 1177 789 quani
1190 763 1255 788 quae
1268 756 1327 781 Prc-
1344 763 1370 789 ¹5
1421 761 1470 781 ΕΜ
1480 761 1501 780 Α
1511 761 1526 780 c
1536 752 1548 780 ἰ
1559 761 1608 780 ΤΑ
1619 761 1631 779 S
1641 773 1648 785 ,
1674 753 1731 779 atis.
1755 753 1774 778 f.
1810 752 1857 787 [τὸ
1877 750 2002 785 ὦνητικδν]
2044 751 2141 777 Vitium
2158 754 2254 782 emacis,
2288 749 2422 777 Columel.

307 799 376 824 cibus
395 802 461 821 emta
481 795 524 820 est.
593 793 659 818 Ter.
674 792 702 817 in
721 791 787 826 prol.
801 792 865 816 Hec.
881 798 912 824 57
942 790 1065 824 Mihique
1084 796 1112 816 vt
1130 790 1226 816 discere
1244 798 1326 816 nouas
1386 798 1415 821 4,
1427 797 1440 821 3
1461 789 1594 822 Quosdam
1607 789 1730 814 emacitas
1744 787 1774 813 in
1787 788 1928 819 armentis,
1945 785 2072 822 quosdam
2087 792 2189 812 exercet
2202 786 2230 812 in
2244 786 2424 821 comparandi}

305 831 419 867 expediat
433 830 535 864 posthac
549 828 635 854 Pretio
650 833 730 853 emtas
743 835 810 853 mco.
851 826 900 851 Vbi
912 826 1044 857 Donatus,
1059 826 1148 851 Pretio
1161 834 1239 857 meo,
1253 825 1326 851 aesti-
1386 825 1524 858 mancipiis
1539 834 1614 851 cura:
1634 825 1665 850 de
1679 822 1784 849 tuendis
1803 823 1875 849 nulla
1889 832 1951 849 cura
1967 823 2058 856 tangit.
2112 820 2178 847 Plin.
2191 821 2268 855 Epist.
2282 831 2306 855 3,
2319 829 2336 856 7
2361 821 2424 848 Erat

305 868 416 894 matioue
429 874 443 891 a
456 874 497 890 me
509 864 576 890 facia
585 883 593 895 ,
606 870 731 898 quantum
749 861 839 888 aedilis
857 860 938 888 daret.
1008 860 1176 887 Titiuillitio
1191 870 1244 887 non
1258 869 1326 887 eme-
1386 859 1538 893 φιλόκαλος,
1557 861 1637 894 Vsque
1650 859 1682 885 ad
1696 859 1840 884 emacitatis
1853 858 2091 892 reprehenlionem.

303 903 361 929 rim.
390 920 396 926 .
424 921 430 926 .
455 920 462 932 ,
531 899 631 932 Quinti
649 898 741 933 quanti
755 898 820 924 bene
833 896 946 927 emitur,
958 895 1031 930 quod
1044 897 1141 922 necesse
1155 896 1191 922 est
1204 897 1258 922 Cic.
1272 897 1325 922 Att.
1423 901 1501 921 EMO
1511 903 1547 922 Dl
1558 901 1574 921 c
1587 903 1606 921 v
1616 902 1628 921 s
1639 915 1647 927 ‚
1666 904 1696 927 a,
1716 903 1769 919 um.
1789 893 1849 920 Adi.
1871 894 2026 920 Emodicum
2044 894 2130 920 fertur
2145 890 2272 919 cohibere
2289 897 2425 920 tumorem
2451 886 2455 898 ⁸

302 946 339 969 12,
352 945 387 968 23.
456 936 559 963 Virtute
578 934 668 960 Claud.
689 934 765 960 Cons.
783 933 853 959 Hon.
873 940 895 964 3,
917 935 966 960 188.
1038 931 1094 958 Cic.
1109 931 1161 958 Off.
1175 940 1198 964 3,
1212 939 1242 964 59
1259 941 1280 957 c.
1298 941 1328 966 ¹4
1337 938 1372 957 20
1388 930 1486 957 Macer.
1500 938 1540 966 ap.
1559 931 1649 958 Barth.
1662 930 1729 957 Adu.
1746 937 1783 960 ιι,
1798 937 1840 954 20.
1862 931 1879 955 ί.
1898 929 2061 955 immodicum.

301 973 369 999 Emit
382 971 461 997 homo
476 969 584 1004 cupidus
599 975 623 996 et
635 969 749 1003 locuples
757 968 851 999 Tanti,
865 966 956 1002 quanti
969 965 1076 998 Pythius
1089 967 1185 993 voluit.
1241 968 1330 1000 Qian-
1428 972 1445 992 Ε
1455 972 1479 992 Μ
1489 973 1507 993 o
1516 973 1534 992 D
1546 973 1562 992 E
1572 973 1591 993 R
1600 972 1619 992 O
1629 973 1664 998 R,
1683 965 1730 992 firi.
1765 964 1809 990 Ad
1826 964 2013 991 moderationem
2027 963 2169 999 perducere.
2205 962 2254 989 Ille
2272 962 2352 990 dolor
2367 971 2427 990 vex·-

300 1014 328 1035 to
342 1007 451 1036 minoris
462 1006 520 1040 le.
534 1005 635 1031 duobus
650 1005 714 1030 locis
726 1004 754 1030 in
768 1003 784 1030 l.
798 1003 890 1029 Iulian.
902 1002 934 1028 D.
943 1001 974 1027 de
988 1001 1088 1029 aetion.
1101 1008 1162 1028 emt.
1235 1003 1328 1029 Emere
1390 1000 1432 1028 bis
1445 1001 1635 1028 emoderandus
1649 1001 1700 1028 erit
1715 1000 1796 1027 Ouid.
1810 1000 1885 1026 Rem.
1900 1001 1960 1026 Am.
1974 1009 1999 1025 v.
2012 1008 2063 1031 130.

301 1044 416 1077 aliquem
429 1041 562 1068 beneficiis
574 1041 655 1066 Plaut.
670 1040 736 1066 Asin.
751 1048 770 1071 1,
787 1047 806 1071 1,
822 1046 861 1072 57.
915 1038 1040 1071 Aliquem
1058 1037 1134 1064 donis
1149 1037 1208 1063 Liu.
1221 1040 1263 1070 36,
1289 1058 1295 1064 .
1321 1058 1328 1064 .
1428 1042 1445 1061 Ε
1455 1036 1587 1064 MODxJL
1597 1037 1710 1069 0R‚5ri.
1727 1036 1791 1069 Dep.
1813 1035 1947 1069 [ἓπαυλέω]
1961 1033 2113 1061 Modulando
2120 1031 2370 1069 perficerestdfinem
2377 1041 2427 1061 mo·
2459 1068 2461 1071 Ι

302 1079 425 1112 Aliquem
438 1078 493 1103 vita
506 1077 578 1109 Virg.
594 1076 657 1102 Aen.
669 1084 694 1108 9,
709 1077 765 1100 206.
821 1075 912 1099 Emere
924 1072 1025 1107 aliquid
1046 1073 1073 1098 in
1087 1073 1239 1107 publicum,
1258 1076 1277 1100 i.
1294 1075 1330 1100 Ea
1391 1071 1482 1101 dulari.
1518 1072 1600 1099 Ouid.
1615 1074 1706 1099 Amor.
1722 1080 1740 1102 1,
1755 1079 1774 1103 1,
1788 1079 1817 1102 3ο
1841 1071 1915 1097 Musa
1928 1079 1974 1104 per
1986 1069 2104 1097 vndenos
2118 1067 2292 1095 emodulanda
2304 1068 2392 1103 pedes.

302 1115 362 1149 lege,
376 1121 403 1139 vt
414 1112 533 1147 publicum
539 1112 599 1147 fiat.
625 1111 685 1136 Liu.
700 1120 745 1144 44,
760 1112 787 1136 16
816 1109 995 1142 Lanienasque
1009 1114 1034 1134 et
1048 1109 1166 1135 tabernas
1179 1108 1331 1135 coniunetas
1342 1114 1374 1141 25
1426 1113 1476 1133 EM
1485 1115 1503 1134 o
1511 1115 1530 1134 1)
1539 1115 1560 1135 ν
1570 1115 1583 1133 L
1596 1116 1616 1135 Α
1626 1115 1647 1134 T
1656 1115 1665 1133 1
1675 1114 1693 1133 O
1701 1127 1710 1140 ,
1731 1114 1747 1133 E
1757 1113 1782 1133 M
1792 1113 1811 1133 0
1820 1112 1838 1132 D
1849 1113 1869 1130 V
1880 1113 1895 1132 L
1905 1113 1926 1132 A
1936 1112 1958 1132 Τ
1969 1111 1988 1131 0
1998 1113 2018 1132 R
2026 1125 2034 1137 ‚
2050 1105 2117 1141 apud
2133 1104 2226 1130 Boeth.
2263 1123 2269 1130 .
2307 1123 2314 1130 .

303 1149 330 1175 in
351 1148 484 1182 publicum
503 1148 579 1172 emit:
614 1145 795 1180 basilicamque
813 1143 960 1170 faciendam
985 1145 1097 1170 curauit.
1136 1143 1204 1170 Add.
1223 1153 1263 1177 39,
1283 1153 1328 1177 44.
1426 1149 1442 1169 E
1454 1149 1508 1169 ΜΟ
1521 1149 1634 1175 L10R‚
1658 1143 1703 1169 iri.
1725 1143 1789 1176 Dep.
1817 1141 1934 1175 [ἒξώᾶω]
1970 1141 2027 1168 Cum
2038 1143 2162 1167 molimine
2174 1147 2197 1166 et
2208 1139 2289 1166 labore
2303 1139 2427 1175 expellere.
2454 1158 2455 1161 ,

303 1184 441 1211 Custodem
455 1182 533 1209 Ouid.
549 1182 579 1207 de
595 1182 657 1207 Arte
671 1182 729 1207 Am.
741 1189 764 1212 3,
776 1182 832 1209 652.
884 1179 1003 1206 citharas
1017 1180 1084 1206 Hor.
1097 1179 1178 1206 Serm.
1196 1188 1220 1210 2,
1234 1189 1257 1212 3,
1272 1189 1328 1212 104.
1392 1177 1458 1210 Cels.
1469 1187 1499 1211 4,
1513 1181 1530 1204 6
1550 1179 1578 1205 de
1586 1178 1738 1214 pleuritide,
1756 1176 1892 1204 Interdum
1904 1176 1968 1202 sicca
1981 1176 2049 1202 tussis
2064 1177 2115 1209 est,
2132 1184 2198 1210 quae
2210 1173 2279 1201 nihil
2293 1175 2441 1202 emolitur.

302 1220 362 1246 Stat.
376 1217 464 1245 Theb.
479 1226 504 1249 9,
518 1219 547 1249 56
581 1216 718 1242 Periurum
737 1215 855 1242 diadema
874 1221 951 1249 peto,
964 1223 1017 1249 quo
1030 1214 1132 1241 Gaudia
1153 1215 1218 1241 tanti
1255 1216 1330 1242 Emta
1391 1214 1502 1240 Vrinam
1517 1223 1597 1240 manu
1613 1214 1678 1240 Cels.
1695 1221 1722 1247 7,
1737 1215 1767 1239 26
1776 1220 1821 1248 pr.
1865 1212 1997 1238 Columel.
2011 1217 2035 1244 8,
2047 1219 2071 1245 ς,
2083 1221 2108 1238 21
2133 1212 2202 1237 Dum
2216 1219 2258 1236 eas
2276 1211 2428 1237 amaritudo
2452 1217 2457 1225 ⁵

303 1255 387 1280 mihi?
456 1253 586 1278 Generum
601 1250 648 1277 fibi
668 1256 693 1278 te
711 1257 780 1277 emat
790 1250 895 1283 Thetys
911 1251 1034 1276 omnibus
1053 1250 1129 1276 vndis
1144 1251 1218 1284 Virg.
1232 1251 1330 1285 Georg.
1391 1255 1480 1283 cogat,
1496 1258 1542 1283 per
1558 1258 1634 1277 nares
1653 1249 1761 1276 emoliri
1781 1247 1892 1283 pituitae
1911 1249 2040 1274 nauseam.
2096 1246 2219 1275 Maliendi
2234 1245 2312 1281 finem
2327 1246 2428 1280 facere,
2451 1248 2454 1255 ¹

304 1299 325 1322 1,
339 1298 372 1322 31.
441 1287 495 1314 Cic.
511 1289 586 1313 Verr.
601 1295 624 1318 3,
640 1295 688 1319 144
701 1295 722 1312 c.
736 1289 769 1312 62
795 1285 946 1320 Aliquando
965 1286 1060 1312 desinat
1073 1295 1102 1311 ea
1115 1286 1140 1311 se
1154 1292 1245 1320 putare
1261 1287 1328 1320 poti'e
1345 1291 1378 1315 30
1390 1286 1528 1311 molitiones
1540 1285 1575 1311 ad
1591 1288 1682 1311 exitum
1695 1283 1829 1319 perducere
1848 1281 1889 1316 est.
1925 1283 2006 1309 Plaut.
2020 1282 2110 1310 Bacch.
2123 1293 2151 1316 4,
2166 1291 2189 1315 ς,
2203 1291 2213 1308 1
2237 1282 2361 1308 Insanum
2374 1290 2428 1308 ma-

302 1333 404 1356 emere,
423 1332 488 1357 quae
500 1323 552 1356 ipse
566 1322 665 1355 semper
679 1321 771 1348 habuit
788 1321 907 1353 venalia,
920 1321 1027 1353 Fidem,
1041 1321 1241 1354 Iusiurandum,
1256 1321 1330 1347 Veri-
1390 1329 1472 1354 gnum
1495 1320 1596 1347 molior
1619 1321 1757 1354 negotium
1775 1324 1934 1353 metuoque,
1947 1325 1975 1345 vt
1988 1318 2067 1345 hodie
2087 1318 2176 1353 poffim
2198 1317 2345 1344 emolirier.
2380 1315 2429 1345 Sed

300 1366 395 1391 tatem,
408 1357 546 1390 Officium,
559 1357 734 1390 Religionem.
805 1358 887 1383 Plaut.
899 1357 981 1384 Trin.
994 1367 1022 1390 4,
1036 1365 1058 1389 3,
1071 1365 1107 1390 49
1142 1356 1211 1383 Nam
1229 1365 1278 1391 ego
1293 1362 1328 1383 ta·
1391 1355 1448 1382 Sen.
1464 1356 1555 1390 Agant.
1574 1361 1625 1391 478
1653 1356 1733 1383 Venti
1746 1355 1846 1384 fretum
1858 1354 2037 1386 emoliuntur,
2052 1357 2071 1381 ι’.
2089 1355 2223 1381 moliuntur
2243 1359 2266 1379 et
2281 1358 2429 1381 commouent
2444 1364 2447 1373 ¹

301 1395 399 1420 lentum
417 1399 536 1419 mutuum
555 1392 627 1428 quod
648 1391 785 1423 dederam,
810 1393 910 1419 talento
925 1392 1070 1418 ,Inimicum
1089 1391 1156 1418 mihi
1177 1392 1245 1423 emi,
1265 1392 1330 1418 ami·
1387 1391 1549 1420 yehementcr.

301 1439 360 1456 cum
379 1428 495 1455 vendidi.
567 1428 647 1454 Plaut.
668 1426 762 1461 Amph.
800 1447 807 1453 .
845 1447 850 1454 .
886 1428 962 1454 Noui
982 1432 1008 1453 te
1026 1426 1162 1453 hominem
1180 1427 1328 1458 molestum,
1425 1432 1582 1454 EMOLIM
1594 1433 1754 1460 ENTVM,
1774 1427 1794 1455 i.
1813 1437 1839 1455 n.
1877 1427 2012 1460 Molimen,
2035 1426 2131 1462 opera,'
2150 1434 2211 1461 quae
2229 1425 2327 1460 negotio
2352 1424 2430 1450 a1icui

299 1465 380 1500 quiue
400 1473 467 1490 emas
487 1463 623 1496 Litigium.
694 1462 791 1488 Lucan.
806 1471 828 1494 3,
840 1464 872 1495 56
906 1462 1030 1496 Namque
1048 1463 1131 1489 asserit
1149 1462 1226 1489 vrbes
1269 1463 1330 1490 Sola
1345 1469 1374 1495 35
1390 1462 1556 1498 impmditur,
1570 1469 1620 1498 pro
1639 1471 1684 1497 quo
1703 1467 1832 1499 occupauit
1842 1462 1901 1498 fere
1920 1462 1998 1489 libros
2010 1462 2227 1488 emolumentum.
2264 1459 2336 1486 Caes.
2351 1459 2379 1485 B.
2395 1459 2432 1495 G.¹

299 1502 394 1529 fames,
405 1500 551 1532 emiturque
565 1498 659 1524 Metus.
732 1498 849 1530 Propert.
861 1506 881 1528 3,
894 1499 932 1529 16,
945 1505 978 1523 22
1004 1498 1082 1523 Talis
1095 1499 1168 1525 Mors
1188 1499 1274 1533 pretio
1287 1499 1331 1525 vet
1390 1505 1410 1528 1,
1428 1506 1460 1531 34
1496 1497 1593 1532 Neque
1606 1498 1751 1524 exercitum
1769 1498 1822 1525 fine
1840 1507 1935 1532 magno
1951 1503 2099 1523 commeatu
2112 1502 2191 1531 atque
2205 1495 2387 1522 emolumento
2399 1494 2430 1521 in
2447 1510 2450 1511 ν

301 1536 330 1562 sit
342 1535 448 1561 emenda
461 1533 536 1559 mihi.
607 1533 682 1567 Spem
696 1532 783 1566 pretio
798 1541 851 1558 non
864 1540 923 1557 emo
944 1532 1012 1558 Ter.
1025 1532 1098 1558 Adel.
1113 1541 1139 1565 2,
1154 1542 1177 1566 2,
1191 1542 1222 1559 11.
1287 1533 1329 1560 Ad
1389 1542 1473 1559 vnum
1492 1533 1580 1559 locum
1600 1532 1755 1560 contrahere
1775 1534 1852 1568 posse.
1888 1534 1929 1561 Sic
1950 1530 2093 1564 Js‘it‘lorius,
2111 1536 2155 1568 qui
2173 1531 2386 1568 Emolumentum
2404 1536 2445 1556 et.

301 1571 442 1597 Sententias
451 1568 569 1595 emendas
583 1568 676 1594 dedifl‘e
690 1567 827 1601 pecuniam
847 1566 902 1593 Cic.
915 1575 963 1601 pro
976 1567 1080 1593 Cluent.
1095 1576 1144 1593 101.
1388 1567 1520 1603 impensam
1525 1567 1671 1604 fignificare
1683 1569 1819 1601 contendit,
1834 1575 1858 1594 et
1868 1570 2019 1600 utilitatem,
2038 1569 2099 1594 Var.
2109 1566 2177 1593 Lea.
2190 1577 2229 1598 22,
2242 1575 2285 1594 10;
2303 1571 2327 1591 et
2339 1564 2428 1601 Daurjfi

337 1612 482 1634 EMTVS,
499 1612 529 1635 a,
548 1613 601 1629 um.
637 1603 727 1629 Partic.
765 1601 883 1635 [ὤνητδς]
924 1603 972 1634 Vt,
986 1603 1035 1628 Pax
1054 1609 1123 1629 emta
1142 1602 1218 1629 donis
1238 1604 1328 1638 ingen·
1392 1604 1419 1629 F.
1438 1602 1541 1636 Vrsinus
1567 1609 1592 1629 et
1610 1604 1865 1639 alii‚quossequitur
1881 1604 2002 1630 Cellarius
2025 1603 2192 1629 molimento.
2230 1600 2308 1627 Nthil
2327 1600 2427 1627 videtur

302 1640 372 1667 tibus
386 1640 481 1664 Lucan.
498 1647 535 1670 10,
547 1646 601 1671 107.
671 1638 753 1663 Decus
773 1645 885 1670 perenne
903 1638 1003 1671 ingenti
1021 1638 1092 1664 clade
1105 1644 1206 1664 emtum
1231 1639 1372 1670 Claud.40
1388 1639 1475 1664 melius
1491 1638 1675 1664 emolimento.
1711 1640 1793 1665 Etiam
1814 1640 1891 1666 Varr.
1913 1639 1944 1664 R.
1960 1639 1992 1664 R.
2006 1646 2028 1670 2,
2043 1647 2083 1670 14,
2098 1647 2108 1664 1
2132 1646 2196 1663 nunc
2216 1635 2341 1671 legendum
2351 1641 2424 1670 puto,

303 1677 334 1702 de
350 1675 400 1700 Piis
418 1673 602 1712 fratribusl48.
653 1671 750 1698 Federa
767 1678 835 1697 emta
848 1672 936 1698 multis
949 1672 1064 1699 cladibus
1078 1673 1150 1699 Idem
1164 1674 1240 1700 Cons.
1257 1676 1330 1702 Hon.
1391 1673 1449 1700 Nec
1471 1672 1502 1699 de
1518 1674 1614 1700 cocleis
1634 1682 1662 1700 ac
1678 1673 1791 1708 gliribus
1811 1683 1927 1709 quaero,
1947 1673 2019 1707 quod
2038 1674 2172 1707 reliquum
2189 1671 2233 1697 est.
2253 1670 2422 1705 nequeenim

305 1720 330 1743 4,
347 1718 401 1744 435.
472 1708 603 1733 Iudicium
629 1713 727 1732 emtum
750 1707 1011 1741 constupratumque,
1035 1709 1088 1734 vid.
1116 1714 1328 1735 CONSTVPRO.
1390 1717 1513 1742 magnum
1532 1709 1734 1735 emolimentum
1753 1710 1798 1736 est.
1840 1710 1905 1736 Non
1923 1708 1987 1735 istuc
2006 1717 2059 1735 tam
2078 1708 2186 1743 simplex
2206 1707 2256 1737 est,
2274 1705 2360 1740 inquit
2373 1706 2425 1739 Ap-

304 1748 391 1774 Emtae
407 1743 610 1781 mercedibus-ac
623 1742 688 1768 viles
701 1750 795 1776 operae
808 1742 911 1767 Petron.
927 1751 949 1781 c.
962 1751 1012 1769 122.
1081 1744 1216 1769 Pulmcnta
1232 1743 1330 1769 labori·
1390 1743 1462 1775 pius,
1477 1752 1556 1776 quam
1580 1749 1609 1769 tu
1630 1750 1704 1777 putas
1723 1751 1769 1771 etc.
1806 1746 1857 1770 Hic
1878 1747 1951 1770 etiam
1966 1742 2097 1779 fluHuant
2118 1747 2185 1770 inter
2201 1742 2386 1768 molimentum
2403 1745 2428 1765 et

305 1781 351 1806 bus
368 1787 434 1805 emta
454 1780 519 1804 Hor.
535 1778 612 1811 Epist.
629 1782 694 1809 1,18‚
707 1782 749 1809 48.
819 1776 892 1803 Idem
906 1777 981 1816 Epist.
1001 1787 1019 1809 1,
1037 1786 1064 1810 2,
1077 1785 1103 1809 53
1133 1778 1229 1812 Sperne
1248 1778 1331 1804 Volu-
1390 1777 1597 1803 emolumentum
1612 1779 1681 1804 libri.
1717 1779 1931 1805 Emolumentum
1945 1779 2014 1804 nobis
2029 1778 2159 1805 ViHoriur
2173 1777 2338 1813 perfitafirat.
2376 1776 2429 1802 Nee

303 1822 397 1849 pinitus,
414 1820 488 1838 nocet
509 1820 577 1838 emta
595 1812 688 1837 dolore
707 1812 836 1845 voluptas.
908 1812 963 1837 Cic.
984 1812 1014 1838 de
1027 1813 1062 1838 N.
1074 1813 1107 1839 D.
1121 1820 1143 1843 3,
1158 1820 1195 1845 74
1220 1812 1332 1846 Reliqua
1341 1818 1374 1844 45
1391 1811 1556 1845 dub1'to‚quin
1571 1812 1638 1837 Gell.
1653 1821 1684 1843 11,
1700 1821 1723 1844 13
1735 1813 1774 1846 fic
1787 1812 1969 1848 legendumfit‚
1995 1814 2030 1838 Vt
2050 1813 2290 1843 confideraremus,
2304 1820 2372 1845 quae
2388 1810 2440 1837 vis.

302 1858 367 1884 quae
380 1857 409 1873 cx
420 1854 490 1872 emto
501 1853 546 1871 aut
558 1846 675 1877 vendito,
690 1853 734 1872 aut
748 1846 889 1879 conducto,
901 1854 943 1872 aut
957 1847 1042 1873 locato
1060 1852 1149 1873 contra
1164 1846 1242 1873 fidem
1257 1847 1331 1873 fiunt.
1392 1845 1517 1880 quodque
1537 1846 1736 1872 emolimentutn
1758 1847 1815 1873 eius
1840 1847 1982 1873 sententiae
2002 1847 2081 1873 foret.
2115 1848 2187 1883 Vulg.
2208 1846 2429 1872 emolumentum.

301 1887 389 1912 hunus
405 1884 435 1908 de
450 1881 547 1915 lapide,
558 1880 629 1919 serui
642 1889 690 1904 non
709 1881 781 1919 valde
798 1881 856 1906 boni
870 1883 981 1916 elogium.
1019 1882 1148 1908 Columel.
1163 1891 1185 1914 3,
1200 1891 1212 1913 3
1234 1882 1282 1908 Vel
1299 1883 1331 1908 de
1391 1881 1446 1915 Ipse
1463 1891 1518 1906 mox
1538 1885 1732 1916 interpretatur,
1751 1882 1817 1917 quid
1836 1881 1950 1908 efficiant
1966 1882 2047 1908 verba
2067 1882 2139 1908 haec.
2199 1881 2272 1908 Idem
2287 1889 2322 1913 13,
2335 1886 2348 1910 8
2363 1886 2429 1906 extr.

302 1920 386 1954 lapide
404 1918 511 1943 noxium
531 1917 597 1949 polle
610 1922 757 1946 comparari
770 1920 852 1947 putat.
890 1916 967 1948 Lapis
980 1923 1058 1941 autem
1071 1919 1137 1942 locus
1150 1920 1256 1941 eminens
1268 1923 1331 1947 erat,
1391 1915 1471 1947 Qtod
1490 1915 1611 1940 homines
1632 1917 1724 1949 ignaui
1745 1926 1774 1943 ac
1788 1917 1884 1943 desides
1897 1926 1983 1943 mores
1996 1923 2021 1943 et
2040 1918 2211 1943 emolimenta
2233 1917 2317 1951 (vulg.
2330 1915 2430 1941 emolu-

301 1964 324 1982 et
343 1962 455 1989 tanquam
469 1949 612 1987 suggestus,
636 1949 698 1974 vnde
712 1954 802 1982 praeco
817 1949 980 1981 praedicabat
994 1956 1067 1982 atque
1087 1949 1213 1974 vendebat.
1268 1949 1330 1976 Inde
1390 1951 1494 1977 menta)
1510 1948 1692 1983 philosophiae
1706 1951 1734 1975 in
1747 1951 1853 1983 linguae
1865 1953 2062 1985 verborumque
2074 1958 2141 1977 artes
2156 1956 2351 1977 conuerterent.
2386 1951 2429 1978 Sic

301 1992 389 2017 Emtos
404 1989 434 2013 de
448 1987 531 2020 lapide
545 1985 679 2014 tribunos,
690 1990 719 2008 vt
737 1983 823 2017 struas
843 1984 939 2007 venales
958 1982 1025 2007 dixit
1042 1983 1209 2016 contumeliose
1230 1982 1285 2007 Cic.
1300 1983 1328 2008 in
1343 1990 1375 2014 50
1390 1982 1457 2006 Vell.
1471 1982 1523 2007 Pat.
1542 1991 1561 2014 1,
1576 1990 1614 2016 17,
1628 1990 1643 2008 (³
1668 1983 1766 2018 Lipsius
1781 1985 1906 2019 legendum
1924 1987 2033 2019 ceintit,
2071 1986 2159 2011 Huius
2178 2000 2223 2005 —
2242 1985 2338 2011 saeculi
2357 1984 2428 2021 inge-

302 2026 385 2052 Pisou.
401 2032 426 2055 35
440 2032 460 2048 c.
477 2029 508 2054 ¹3-
536 2028 558 2046 et
577 2021 656 2046 Plaut.
668 2018 757 2044 Bacch.
777 2026 803 2050 4,
817 2025 841 2051 7,
857 2024 885 2050 ¹7
903 2018 932 2044 In
946 2025 977 2042 eo
995 2017 1051 2050 ipso
1065 2017 1145 2042 adstas
1160 2016 1262 2050 lapide,
1280 2017 1328 2043 vbi
1389 2017 1496 2042 niorum
1513 2016 1697 2043 similitudines
1712 2020 1893 2053 congregantis
1909 2025 1934 2044 et
1952 2020 1981 2044 in
2001 2019 2116 2046 studium
2134 2027 2180 2054 par
2192 2026 2218 2046 et
2232 2020 2259 2046 in
2273 2021 2429 2051 emolimen.
2472 2019 2474 2023 ’

302 2069 396 2095 praeco
411 2057 547 2093 praedicat.
572 2054 705 2081 Turnebus.
776 2053 879 2078 Emtum
898 2059 920 2077 ct
935 2052 1053 2078 Paratum
1067 2052 1111 2078 hoc
1129 2052 1252 2084 differunt
1264 2052 1330 2087 apud
1388 2057 1462 2082 tum,
1480 2054 1498 2076 i.
1516 2053 1602 2077 volunt
1620 2052 1683 2078 idem
1701 2053 1826 2085 homines,
1840 2060 1863 2079 et
1883 2053 1946 2079 idem
1966 2056 2121 2081 emoliuntur.
2157 2055 2204 2083 Sed
2217 2057 2259 2082 hic
2270 2059 2344 2083 etiam
2357 2051 2436 2084 emoss¹
2475 2059 2479 2069 ⁴

301 2095 503 2129 Jnr1sconjul205,
518 2090 581 2127 quod
598 2093 624 2116 in
643 2098 714 2115 emto
732 2094 848 2122 paratum
869 2087 945 2113 inest:
972 2087 999 2112 in
1019 2093 1109 2121 parato
1129 2096 1182 2113 non
1203 2087 1330 2114 continuo
1387 2086 1536 2112 Iumentum
1548 2087 1655 2120 obtinet,
1674 2091 1732 2114 item
1750 2098 1777 2114 ue
1793 2097 1819 2120 2,
1835 2096 1886 2121 105,
1901 2097 1920 2120 4
1941 2089 2012 2115 Anni
2029 2090 2085 2116 eius
2104 2090 2202 2118 aestiua
2214 2100 2295 2126 vsque
2314 2093 2342 2118 in
2354 2088 2422 2120 men-⁵

303 2138 401 2158 emtum
417 2128 576 2154 continetur:
600 2125 682 2151 veluti
700 2124 717 2150 fi
739 2123 812 2158 quiS‚
827 2132 893 2157 quae
913 2123 1010 2156 prioris
1024 2123 1113 2149 vxoris
1128 2123 1201 2148 causa
1220 2123 1328 2155 emisset,
1387 2122 1442 2148 sem
1455 2122 1630 2149 Decembrem
1648 2098 1790 2158 perduint,
1807 2125 1931 2150 immanis
1951 2125 2160 2153 emolumentum
2179 2127 2266 2153 fecere
2286 2127 2419 2156 victoriae.

305 2165 443 2201 posteriori
457 2163 533 2189 vxori
546 2160 700 2189 tradidiss'et3
721 2167 762 2184 eas
779 2167 820 2184 res
835 2167 896 2184 eum
916 2157 1068 2192 posterioris
1087 2159 1177 2184 vxoris
1192 2159 1265 2184 causa
1285 2168 1327 2193 pa·
1341 2166 1370 2192 53
1386 2159 1416 2183 In
1434 2157 1474 2183 his
1489 2158 1608 2193 profeHo
1626 2160 1736 2185 omnibus·
1756 2166 1798 2185 aut
1817 2160 2019 2187 emolimentum
2036 2161 2163 2197 legendum
2184 2161 2233 2195 qli,
2251 2163 2316 2198 quod
2331 2158 2422 2190 reflari:

302 2202 407 2231 muiss'e,
427 2208 479 2225 non
498 2198 598 2228 emiss'e,
613 2195 716 2221 constat.
761 2193 878 2227 Ideoque
898 2194 1019 2227 quamuis
1039 2194 1148 2220 maritus
1172 2194 1327 2228 posterioris
1380 2199 1460 2228 pum,
1480 2200 1524 2219 aut
1542 2194 1751 2220 emolumentum
1772 2204 1797 2221 eo
1813 2196 1887 2231 Jicnsu
1907 2195 2065 2231 capiendum,
2081 2207 2126 2233 quo
2144 2195 2269 2230 diximus,
2287 2201 2328 2224 cui
2344 2205 2426 2224 tamen
2465 2207 2469 2222 ι

303 2237 393 2264 vim-js
407 2235 480 2261 causa
492 2233 559 2259 nihil
572 2231 680 2261 emerit3
700 2237 784 2256 tamen
796 2228 938 2260 tradendo,
950 2238 1017 2263 quae
1031 2230 1105 2262 prior
1118 2228 1257 2261 habuerit,
1271 2230 1326 2256 eius
1384 2231 1514 2263 quantitas
1529 2230 1638 2263 Syllabae
1655 2230 1772 2265 secundae
1786 2231 1816 2256 ab
1827 2233 1902 2257 initio
1920 2231 2075 2266 aduersatur.
2114 2234 2193 2259 Vnum
2206 2232 2318 2258 addimus
2331 2233 2422 2260 lustin.
2462 2226 2467 2234 Ἰ

302 2273 375 2299 causa
395 2276 481 2305 parata
495 2270 559 2294 sunt.
597 2268 662 2292 Haec
680 2265 806 2299 leianus
825 2264 842 2290 l.
857 2272 893 2298 47
913 2263 963 2300 §.1
985 2263 1016 2290 de
1029 2265 1117 2299 Legat.
1134 2272 1159 2290 et
1180 2264 1266 2290 fideic.
1280 2266 1326 2291 111.
1385 2272 1411 2296 9,
1425 2271 1490 2299 tpr.
1518 2264 1621 2291 Bellum
1640 2266 1690 2291 toti
1704 2266 1830 2292 Graeciae
1844 2266 1943 2292 inferre
1961 2266 2064 2292 statuit:
2083 2267 2114 2293 ad
2127 2268 2202 2293 cuius
2219 2266 2422 2295 emolimentum
2461 2260 2462 2299 l

302 2310 370 2334 Hinc
390 2314 466 2332 anatem
484 2314 530 2330 non
547 2301 580 2335 cst
600 2301 755 2337 exstulpcnda
782 2299 924 2333 dffereaeztia
942 2299 1027 2325 horum
1047 2300 1174 2326 verborum
1190 2306 1327 2334 perpetuas
1385 2304 1447 2333 (pro
1463 2301 1605 2332 emolum.)
1618 2301 1723 2335 egregie
1736 2302 1868 2336 pertinere
1881 2308 1968 2333 ratus,
1980 2301 1998 2327 fi
2007 2301 2160 2333 Byzantium
2175 2308 2221 2327 etc.
2267 2301 2297 2327 L.
2313 2309 2341 2334 19
2354 2301 2421 2328 Cod.

295 2343 343 2380 sed
357 2343 401 2368 hoc
412 2341 478 2366 modo
491 2339 632 2371 indicatur,
647 2336 708 2372 quod
727 2339 753 2361 in
771 2336 815 2362 hac
827 2338 930 2361 materia
944 2336 1087 2371 Legaeorum
1108 2341 1207 2361 emtum
1227 2336 1326 2362 dicatur
1342 2335 1377 2360 60
1384 2333 1523 2361 Theodos.
1543 2337 1575 2362 de
1593 2337 1718 2371 operibus
1737 2336 1864 2371 publicis,
1882 2337 1924 2363 vbi
1936 2337 2058 2369 iubentur,
2074 2337 2122 2371 qui
2136 2337 2231 2363 volunt
2251 2345 2316 2370 opus
2334 2336 2422 2370 publi-

300 2379 412 2408 mulstrt,
426 2374 487 2401 illud
500 2382 570 2400 cuam
590 2376 611 2398 ei
630 2372 737 2407 intelligi
751 2377 882 2406 paratum:
899 2370 945 2405 sed
956 2377 1073 2404 paratum
1088 2374 1160 2397 etiam
1175 2371 1242 2405 dici,
1262 2370 1328 2407 quod
1384 2378 1446 2396 cum
1459 2370 1567 2404 moliri,
1587 2372 1631 2398 hoc
1646 2382 1696 2399 non
1711 2372 1800 2408 facere
1819 2372 1959 2398 contractis
1978 2372 2112 2399 veteribus
2121 2371 2321 2403 emolimentis,
2338 2374 2356 2396 i.
2374 2381 2421 2398 mo-
2460 2379 2466 2403 χ

300 2415 356 2440 olim
370 2419 456 2438 emtum
465 2430 472 2441 ,
485 2413 505 2435 ei
517 2408 603 2435 deinde
620 2407 738 2433 traditum
757 2406 931 2442 affignotumue
942 2405 987 2439 fit.
1023 2407 1125 2441 Alioqui
1138 2407 1257 2432 Paratum
1270 2406 1325 2440 fine
1383 2405 1526 2439 liminibus,
1539 2407 1685 2443 motibusque
1697 2407 1754 2434 adeo
1767 2414 1862 2442 operum
1875 2415 1983 2434 veterum
1995 2408 2074 2433 adhuc
2084 2406 2221 2441 stantibus.
2256 2406 2418 2434 Emolumen-

299 2448 371 2474 clubio
390 2449 464 2472 [tillus
478 2452 563 2479 patet,
582 2449 605 2469 et
619 2444 718 2479 generis
731 2439 877 2478 nomenvest,
894 2447 992 2467 emtum
1006 2451 1063 2468 vero
1077 2442 1177 2478 formae
1186 2442 1210 2478 s
1225 2442 1325 2478 speciei.
1384 2441 1419 2467 tis
1431 2442 1527 2477 quidem
1541 2445 1592 2469 lac.
1608 2443 1723 2480 Gothofr.
1730 2442 1777 2478 sed
1788 2449 1870 2469 tamen
1887 2443 1916 2468 ab
1930 2442 2081 2469 emoliendo
2095 2443 2146 2478 ipse
2158 2442 2264 2469 deriuat.

336 2489 352 2509 13
363 2489 384 2508 Μ
395 2489 415 2507 Τ
426 2488 433 2508 1
445 2487 479 2510 0,
500 2479 565 2504 anis.
587 2478 608 2504 f.
643 2476 795 2516 [α’γεζρασῶι,
812 2476 868 2506 ‹⁴5er,
886 2474 986 2510 ὄνησις]
1023 2477 1077 2503 Cic.
1097 2478 1149 2504 Att.
1163 2486 1200 2510 12,
1214 2486 1233 2509 3,
1252 2477 1325 2511 Quid
1424 2482 1441 2502 E
1453 2483 1618 2510 MOLLIO,
1639 2481 1686 2505 ire.
1725 2477 1925 2513 [ἔκμαλθακόῳ
1943 2477 2115 2512 ε’)ιμαλοίττω]
2152 2477 2220 2505 Idem
2235 2476 2301 2513 quod
2312 2475 2419 2510 ΜοΗὶνε,

302 2518 411 2545 Caesar?
438 2523 489 2542 tres
513 2513 591 2539 habet
610 2511 788 2538 conditiones:
813 2519 858 2538 aut
876 2512 1005 2538 emtiones
1025 2512 1059 2539 ob
1079 2512 1193 2545 hastam,
1209 2520 1253 2539 etc.
1295 2515 1326 2540 In
1340 2510 1548 2548 65etfr18ione
1568 2520 1611 2540 aut
1627 2512 1772 2549 sabastiane
1790 2515 1857 2539 malle
1878 2513 1984 2540 reddere.
2022 2514 2080 2540 Liu.
2096 2522 2138 2548 37,
2175 2533 2182 2539 .
2220 2533 2227 2540 .
2263 2513 2369 2539 Humor
2382 2520 2422 2539 ar-

302 2551 460 2580 emtionibus
480 2549 601 2575 consensu
621 2547 686 2573 fiunt
703 2547 877 2586 obligationes
898 2547 977 2573 Gaius
997 2547 1014 2574 l.
1028 2556 1043 2574 2
1057 2548 1088 2574 D.
1109 2548 1141 2575 de
1160 2548 1214 2575 obl.
1232 2553 1257 2574 et
1276 2548 1327 2575 ael.
1388 2556 1447 2579 cus,
1465 2548 1625 2582 fundasque,
1643 2555 1669 2575 et
1682 2549 1829 2575 iaculorum
1841 2555 1943 2575 amenta
1956 2549 2115 2575 emollierat.
2177 2547 2304 2575 Emollire
2323 2538 2423 2580 alussm,

304 2587 431 2615 Emtionis
444 2585 539 2613 verbo,
557 2584 597 2609 lex
611 2582 749 2608 duodecim
768 2582 917 2608 tabularum
931 2591 1036 2609 omnem
1054 2584 1242 2610 alienationem
1258 2593 1328 2610 com-
1385 2584 1482 2610 Laxare
1497 2590 1519 2609 et
1530 2585 1614 2610 lenire.
1651 2584 1715 2611 Plin.
1732 2593 1772 2617 20,
1786 2593 1802 2618 9
1828 2584 1925 2611 Aluum
1940 2584 2036 2610 leniter
2048 2584 2151 2611 emollit
2164 2584 2275 2618 lapsana.
2319 2582 2422 2617 Empla-

303 2624 377 2658 plexa
391 2621 439 2651 cst,
459 2623 495 2646 ait
506 2618 661 2656 Pomponzl.
676 2626 705 2650 29
719 2616 741 2653 ᾗ.
758 2626 767 2643 1
782 2617 813 2644 D.
830 2617 861 2643 de
873 2618 928 2644 stat.
943 2618 1021 2645 liber.
1043 2620 1131 2654 ltaque
1150 2619 1328 2646 animaduerte-
1385 2618 1468 2645 strum
1487 2619 1677 2646 emolliendum
1692 2620 1796 2647 adiecilo
1816 2627 1903 2646 aerato
1921 2620 1987 2646 Cels.
2002 2625 2025 2652 8,
2040 2628 2066 2652 4.
2139 2619 2267 2645 Emollire
2284 2618 2426 2646 hominem

300 2668 328 2685 re
347 2655 378 2690 cst
392 2658 534 2682 Varronem
553 2654 726 2692 acquisitionem
740 2662 828 2678 omnem
842 2653 964 2679 emtionis
982 2653 1055 2680 verbo
1069 2655 1280 2690 comprehendere,
1294 2655 1326 2681 de
1385 2654 1447 2680 Liu.
1460 2662 1504 2689 27,
1518 2664 1539 2687 3.
1595 2655 1666 2682 Idem
1682 2661 1718 2688 38,
1732 2664 1768 2688 49
1798 2656 1917 2690 Degener
1931 2661 1956 2681 et
1970 2655 2103 2681 emollitus
2115 2655 2275 2681 amoenitate
2287 2653 2361 2680 Aliae
2375 2653 2422 2680 ho-

305 2695 335 2720 R.
350 2694 379 2718 R.
396 2701 417 2721 2,
431 2700 467 2721 10,
480 2699 497 2722 4
516 2691 546 2728 In
567 2687 724 2727 emtionibus
743 2687 877 2727 dominum
897 2689 1044 2722 legitimum
1063 2691 1105 2716 sex
1125 2691 1180 2716 fere
1193 2699 1233 2717 res
1248 2691 1325 2725 perfi-
1337 2696 1373 2724 70
1385 2689 1438 2716 stiS.
1510 2690 1590 2717 Ouid.
1603 2699 1634 2717 cx
1649 2692 1732 2717 Ponto
1745 2699 1770 2724 2,
1784 2699 1810 2723 9,
1823 2696 1856 2724 48
1893 2690 1982 2723 Adde,
1997 2690 2069 2725 quod
2083 2690 2208 2724 ingenuas
2222 2689 2339 2716 didicisse
2357 2689 2421 2716 fide-

306 2729 390 2756 ciunt:
411 2728 427 2752 ti
446 2725 618 2763 hereditatem
626 2722 809 2762 iustaiiradutz
830 2723 846 2749 li
856 2743 863 2755 ‚
878 2730 905 2750 vt
923 2724 1028 2757 debuit,
1042 2726 1175 2759 mancipio
1192 2725 1226 2752 ab
1239 2735 1271 2752 eo
1285 2736 1325 2752 ac·
1384 2725 1447 2752 liter
1459 2732 1526 2752 artes
1539 2726 1647 2753 Emollit
1660 2735 1763 2758 mores,
1778 2735 1825 2752 nec
1841 2725 1899 2752 finit
1914 2727 1962 2752 ess'e
1977 2726 2057 2753 feros.
2117 2725 2207 2753 Tacit.
2221 2726 2249 2751 in
2261 2725 2322 2752 Vita
2332 2724 2421 2758 Agric.

307 2764 389 2797 cepit,
403 2771 416 2787 a
430 2770 481 2795 quo
495 2760 550 2786 iure
568 2758 642 2784 ciuili
655 2764 754 2792 potum
771 2765 814 2798 aut
828 2758 845 2784 si
859 2759 886 2784 in
905 2759 962 2786 iure
975 2760 1054 2791 cellit,
1067 2761 1110 2786 cui
1123 2761 1210 2794 potuit
1222 2761 1324 2794 cedere,
1385 2769 1418 2792 11,
1432 2763 1449 2786 6
1485 2762 1544 2787 Plus
1564 2768 1651 2788 tamen
1670 2762 1787 2789 ferociae
1807 2762 1957 2790 Britanniae
1976 2762 2143 2796 praeferunt,
2161 2766 2190 2788 vt
2211 2769 2278 2795 quos
2300 2759 2421 2787 nondum

307 2805 332 2825 et
345 2798 390 2824 vbi
404 2796 430 2822 id
444 2795 573 2829 oportuit3
594 2799 636 2819 aut
649 2793 665 2819 fi
680 2794 723 2818 vsu
739 2799 820 2828 ccp153
839 2800 882 2820 aut
896 2794 912 2820 fi
933 2803 946 2820 e
965 2796 1059 2829 praeda
1072 2795 1119 2822 sub
1133 2804 1232 2822 corona
1245 2797 1325 2827 emit;
1384 2796 1461 2829 longa
1481 2805 1530 2830 pax
1544 2798 1701 2824 emollierat.
2420 2806 2426 2809 ’
2439 2819 2445 2829 ,Ἴ

306 2841 396 2861 tumuc
411 2840 468 2857 cum
484 2831 509 2856 in
524 2830 599 2855 boni>-
614 2828 760 2868 sectionem·
773 2831 843 2855 cuius
857 2829 959 2869 publico.-
981 2832 1061 2857 venit.
1132 2831 1257 2865 Mancupi
1272 2840 1325 2857 em-
1422 2837 1439 2856 E
1449 2837 1473 2855 M
1485 2837 1504 2857 ο
1516 2839 1556 2858 L1.
1568 2831 1658 2859 fnvs
1668 2852 1676 2865 ,
1698 2841 1728 2864 a,
1754 2841 1807 2858 um.
1844 2831 1904 2858 Adi.
1941 2831 2113 2866 [μαλθακὴ]
2150 2830 2216 2858 Idem
2239 2830 2304 2864 quod
2324 2827 2445 2887 MoHis.‘

307 2869 346 2895 tio
356 2889 363 2899 ‚
384 2866 435 2893 vid.
457 2873 478 2891 :u
492 2872 511 2891 Α
521 2872 538 2890 x
550 2872 566 2904 c
576 2871 613 2890 131¹
623 2871 644 2889 s.
713 2864 791 2903 Abire
812 2864 843 2891 ab
865 2872 979 2892 emtione
999 2867 1016 2893 l.
1030 2874 1047 2902 7
1064 2865 1118 2903 §.6
1138 2867 1170 2892 D.
1189 2866 1220 2892 de
1234 2866 1324 2900 paelis.
1340 2867 1373 2896 75
1385 2865 1512 2899 Antiquae
1524 2866 1596 2892 edne.
1632 2867 1691 2893 Liu.
1705 2875 1747 2900 34,
1761 2875 1798 2901 47
1821 2867 1910 2893 Labor
1923 2875 1948 2893 et
1961 2867 2043 2893 aestus
2057 2865 2181 2893 emollida
2194 2870 2219 2892 et
2232 2865 2312 2891 fluida
2328 2874 2422 2900 corpo-
2437 2890 2442 2899 x

308 2900 509 2939 Enuiouelfacia
526 2902 580 2926 Cic.
594 2908 640 2933 pro
655 2900 755 2924 Caccm.
771 2908 798 2934 17
812 2910 831 2926 c.
849 2903 872 2927 6.
1385 2909 1415 2927 ra
1430 2900 1567 2927 Gallorum
1586 2907 1611 2927 et
1624 2902 1734 2928 minime
1749 2903 1874 2937 patientia
1887 2902 1958 2935 sitis,
1977 2911 2059 2937 quum
2078 2902 2203 2928 decedere
2221 2909 2307 2935 pugna
2323 2901 2455 2936 coegifs¹²¹

2454 2926 2456 2958 l

345 2945 423 2964 [MT
436 2935 473 2962 1”1·
486 2942 504 2961 o
520 2955 526 2966 ‚
545 2940 593 2960 arc.
631 2936 709 2960 Emere
726 2935 882 2974 ‚frequentem
909 2946 982 2963 emere
1002 2937 1090 2972 solere.
1125 2937 1191 2965 Plin.
1209 2946 1265 2970 33,1
1280 2944 1324 2972 pr.
1387 2936 1439 2967 set,
1453 2943 1497 2961 etc.
1533 2935 1590 2969 Post
1604 2938 1704 2963 Froben.
1721 2938 1802 2965 editur
1821 2938 1929 2965 Mollia:
1943 2937 2017 2973 forte
2029 2936 2161 2963 Emollita.

306 2977 345 3002 Ita
365 2974 432 2998 cniiu
456 2977 501 3000 <vt
520 2970 631 3004 opinor)
657 2978 810 3009 commercia
828 2971 912 2997 vilitus
933 2973 1015 3006 gratia
1034 2973 1140 3001 inuenta
1159 2973 1225 2999 alios
1247 2973 1327 2999 coriis
1422 2977 1501 2996 ΕΜΟ
1513 2977 1554 2997 LL
1569 2979 1575 2996 1
1590 2979 1618 3004 s,
1640 2982 1663 2998 e.
1700 2973 1760 2999 Adi.
1802 2973 1878 3000 Valde
1896 2975 1985 2998 mollis.
2020 2972 2115 2998 Auien.
2138 2992 2144 2998 .
2165 2991 2171 2997 .
2192 2972 2230 2998 Hi
2247 2972 2327 3000 celeri
2339 2972 2421 3000 emol-

304 3010 403 3040 boum,
418 3007 482 3033 alios
498 3006 585 3037 ferro,
606 3011 765 3045 captiuisque
785 3005 860 3032 rcbus
874 3007 995 3033 emtitass'e
1013 3008 1101 3034 tradit.
1158 3008 1287 3035 Columel.
1302 3013 1326 3041 8,
1386 3005 1423 3032 les
1437 3012 1546 3032 currunt
1560 3008 1623 3041 pede
1643 3009 1743 3042 semper
1755 3017 1852 3035 arenaS.
1880 3007 1938 3034 Vid.
1953 3007 2041 3034 Barth.
2054 3006 2121 3033 Adu.
2135 3012 2175 3039 28,
2190 3011 2225 3034 16-

307 3055 344 3077 19,
358 3048 373 3070 6
401 3042 499 3070 Tcrnis
512 3042 583 3076 saepe
597 3040 710 3067 denariis
731 3041 841 3074 ungulos
861 3043 990 3069 emtitatos
1004 3044 1101 3070 turdos.
1154 3044 1244 3071 Tacit.
1258 3044 1324 3070 Ann.
1347 3039 1379 3066 80
1425 3048 1443 3068 E
1454 3048 1506 3067 Mo
1518 3049 1532 3067 1.
1542 3049 1583 3068 Li]
1593 3050 1605 3069 s
1616 3048 1657 3069 cs)
1668 3064 1676 3075 ,
1695 3043 1762 3070 Cels.
1777 3052 1799 3076 ς,
1814 3049 1841 3074 28
1861 3043 1921 3069 Sine
1934 3042 1986 3068 vlla
1999 3043 2027 3068 vi
2043 3042 2130 3068 clauus
2146 3043 2297 3070 emollescit.

305 3090 349 3114 14,
370 3088 414 3112 41,
436 3087 456 3111 3.
1424 3075 1562 3104 ΕΜὸιο.
1600 3078 1667 3104 Idem
1686 3088 1715 3104 oc
1738 3080 1813 3105 Molo.
1850 3080 1917 3105 Pers.
1937 3080 1963 3110 6,
1982 3079 2013 3104 26
2043 3078 2184 3109 Granaria,
2198 3079 2235 3105 fas
2250 3079 2301 3112 est,
2318 3078 2420 3106 Emole.

344 3122 357 3141 1-1
368 3122 389 3140 M
401 3123 412 3140 s
422 3123 429 3140 1
440 3122 460 3140 T
470 3120 489 3140 A
499 3120 515 3138 R
526 3119 541 3138 13
555 3132 561 3143 ‚
580 3112 677 3151 quidam
694 3113 714 3151 lc
731 3117 776 3151 im!
789 3110 855 3146 apud
868 3111 949 3138 Plaut.
961 3113 1044 3140 Calin.
1062 3123 1087 3146 2,
1101 3122 1123 3147 ς,
1138 3123 1168 3147 39
1200 3114 1264 3140 Non
1279 3123 1328 3148 ego
1387 3114 1406 3137 ι’.
1424 3113 1528 3139 exhauri
1540 3113 1647 3139 molendo
1660 3121 1683 3140 et
1696 3113 1831 3140 liberaliter
1845 3113 2019 3149 impendendo,
2032 3119 2061 3138 vt
2076 3114 2181 3148 explicat
2195 3114 2295 3150 C'qsaub.

306 3150 370 3177 istud
385 3149 494 3176 verbum
509 3148 621 3173 cuititcni
634 3148 714 3173 titiuil
730 3153 788 3172 itio.
824 3147 892 3172 Certe
907 3150 943 3173 ita
961 3149 1044 3174 laudat
1057 3150 1144 3176 Festus
1153 3150 1330 3176 voceTitiuil-
1425 3153 1442 3173 E
1452 3154 1474 3173 Μ
1484 3146 1503 3174 ὅ
1515 3154 1530 3173 L
1544 3146 1611 3175 ῒΤν
1621 3156 1633 3174 s
1643 3169 1650 3181 ,
1670 3157 1697 3180 a,
1719 3158 1772 3174 um.
1794 3150 1886 3176 Partic.
1921 3150 2011 3182 Veget.
2026 3156 2048 3180 3,
2064 3157 2096 3182 24
2120 3149 2263 3177 Emolitum
2278 3149 2419 3177 hordeum.
2442 3154 2443 3158 ¹

307 3187 406 3216 litium,
432 3192 453 3211 et
470 3183 585 3218 Fulge-nt.
605 3184 691 3217 expos.
710 3183 784 3209 serm.
807 3188 858 3208 ant.
871 3191 897 3208 n.
911 3191 950 3208 20.
985 3184 1032 3211 Sed
1052 3186 1127 3212 Gran.
1148 3184 1256 3212 emiffim
1268 3183 1328 3220 :P‘Zst
1424 3189 1476 3210 EM
1488 3182 1533 3210 (31.
1541 3182 1708 3210 V'MENTV
1718 3191 1758 3214 M,
1788 3184 1806 3211 i.
1840 3194 1867 3210 n.
1910 3184 2073 3217 [ω’φὲλημοι,
2101 3185 2268 3220 §amm-nux]
2314 3186 2421 3212 Vtilitae

303 3224 371 3248 altos.
438 3253 448 3259 u
1343 3215 1372 3244 85
1388 3227 1459 3253 quam
1473 3226 1546 3254 opera
1559 3226 1582 3244 et
1594 3219 1674 3245 labore
1688 3218 1817 3253 quaefitam
1832 3223 2004 3254 impetramus,
2024 3229 2070 3244 non
2089 3220 2119 3245 ab
2137 3212 2297 3253 e‘mol'iendo,
2310 3220 2361 3255 (id
2395 3229 2420 3246 ο.

341 3263 355 3282 1:
368 3264 388 3281 iu
398 3263 418 3281 Τ
428 3263 446 3281 v
458 3261 476 3280 R
490 3260 525 3280 10
540 3274 548 3285 ‚
575 3256 621 3279 ire.
658 3253 670 3285 [
682 3254 812 3292 ⁴u‘yopounlw
825 3254 837 3287 ]
873 3253 958 3280 Varro
978 3253 1009 3279 de
1031 3255 1061 3281 R.
1075 3255 1105 3281 R.
1128 3264 1144 3282 2
1173 3264 1292 3290 prooem.
1310 3257 1328 3281 6
1385 3257 1438 3279 tius
1451 3254 1649 3280 emolimentum
1663 3253 1717 3288 est)
1725 3255 1772 3289 std
1784 3255 1812 3280 ab
1825 3254 1965 3281 emolcndo
1978 3252 2088 3286 dietum,
2103 3256 2166 3290 qnod
2176 3256 2256 3282 breuis
2269 3256 2353 3283 modus
2367 3226 2421 3290 5:511-

307 3292 440 3324 Propterca
460 3290 529 3325 quod
549 3295 574 3315 tc
594 3293 775 3315 cutturicntem
794 3289 821 3314 in
839 3297 942 3323 campos
961 3290 1064 3316 Macros
1083 3290 1216 3318 adducunt
1233 3291 1327 3318 crebro
1386 3289 1454 3315 labae
1465 3299 1509 3316 mo
1521 3290 1624 3315 indicat.
1660 3290 1742 3316 Plaut.
1756 3289 1837 3316 Trin.
1851 3299 1873 3322 3,
1885 3299 1909 3320 2,
1922 3293 1952 3319 68
1980 3291 2009 3316 Et
2024 3290 2040 3315 li
2054 3290 2106 3316 sine
2119 3291 2181 3318 dote
2194 3292 2313 3322 duxeris,
2327 3291 2378 3317 tibi
2388 3290 2420 3317 stt

306 3326 388 3361 pedes.
1387 3325 1594 3351 emolumentum
1610 3324 1735 3356 honoris,
1749 3325 1817 3350 mihi
1830 3325 1900 3359 quod
1916 3325 2065 3357 obieeient,
2078 3325 2134 3352 sict:
2154 3331 2172 3353 i.
2189 3334 2217 3353 ru
2234 3327 2290 3353 inde
2306 3327 2361 3352 bene
2375 3335 2420 3353 au·
2441 3330 2444 3331 ⁷

344 3369 349 3387 1
367 3369 387 3386 :u
399 3368 486 3389 Tou,
505 3360 567 3386 bris.
588 3369 622 3385 m.
658 3358 810 3394 [ἐγορκτνῖς]
847 3361 897 3395 Qci
915 3363 980 3386 emit.
1017 3360 1072 3387 Cic.
1093 3361 1144 3389 Off,
1164 3371 1184 3394 3,
1203 3371 1229 3395 51
1259 3371 1281 3388 c,
1300 3370 1328 3388 η
1387 3360 1450 3386 dios.
1523 3360 1647 3390 Artibus,
1660 3361 1764 3394 inquit,
1779 3360 1892 3386 honestis
1913 3360 2010 3386 Nullus
2032 3361 2059 3386 in
2074 3362 2138 3388 vrbe
2157 3362 2246 3395 locus,
2262 3362 2333 3388 nulla
2347 3370 2418 3388 emo·
2450 3382 2451 3387 ,

308 3397 350 3422 Nc
365 3396 426 3429 quid
442 3397 549 3421 omnino
561 3394 632 3429 quod
645 3395 769 3421 venditor
780 3395 863 3427 norit,
876 3402 961 3423 emtor
980 3396 1091 3430 ignoret.
1129 3397 1200 3423 Idem
1214 3396 1326 3430 Philipp.
1343 3394 1503 3425 9olumenta
1522 3395 1643 3422 laborum
1674 3396 1790 3421 quenal.
1809 3404 1831 3427 3,
1850 3404 1886 3421 21.
1920 3396 2011 3421 lustin.
2026 3406 2049 3427 9,
2065 3405 2083 3429 ι,
2099 3406 2119 3423 2.
2192 3399 2248 3425 Cic.
2268 3398 2299 3424 de
2315 3398 2373 3424 Fin.
2395 3405 2418 3429 1,
2439 3391 2451 3408 ζ’

309 3439 333 3461 2,
349 3439 380 3463 97
400 3431 513 3455 Omnino
531 3431 607 3456 vllius
622 3431 661 3456 rei
675 3439 752 3456 nemo
767 3430 817 3455 suit
830 3437 930 3462 emtor,
954 3432 997 3457 cui
1009 3431 1123 3458 defuerit
1137 3433 1179 3458 hic
1192 3432 1327 3458 venditor.
1388 3438 1414 3462 53
1433 3439 1454 3455 c.
1469 3433 1497 3456 16
1532 3431 1642 3465 Plusque
1662 3430 1689 3456 in
1711 3431 1764 3464 ipsa
1785 3431 1883 3457 iniuria
1903 3430 2054 3457 detrimenti
2073 3432 2123 3463 est,
2135 3442 2214 3468 quam
2233 3433 2262 3459 in
2281 3432 2322 3459 his
2338 3432 2418 3459 rebus
2436 3450 2449 3462 m

311 3466 339 3490 Itt
353 3465 403 3503 Oti]
418 3473 438 3495 3,
451 3473 481 3495 54
493 3475 514 3503 c.
529 3474 551 3495 13
589 3466 615 3491 Si
632 3464 681 3491 hoc
701 3466 844 3491 emtoribus
857 3466 979 3493 venditor
995 3475 1049 3493 non
1062 3467 1168 3494 dixerit,
1239 3465 1327 3493 Emto-
1387 3466 1652 3500 emolumenti,quae
1665 3467 1803 3500 pariuntur
1816 3466 1921 3492 iniuria.
1978 3467 2049 3493 Idem
2062 3467 2093 3494 de
2102 3469 2159 3495 Fin.
2172 3477 2195 3501 3,
2207 3472 2240 3501 69
2254 3477 2275 3494 c.
2290 3476 2323 3494 22
2341 3468 2418 3494 Eme·
2440 3460 2449 3486 ⁴*

312 3507 365 3525 rem
380 3499 492 3524 luautcni
510 3500 629 3526 inducere
641 3500 733 3526 dicitur
745 3510 784 3526 res
804 3502 869 3527 Hor.
883 3501 964 3527 serm.
984 3510 1004 3534 1,
1016 3510 1040 3533 2,
1054 3507 1091 3532 88.
1161 3502 1327 3529 Dedecorum
1387 3500 1501 3527 lumenta
1534 3507 1559 3526 et
1591 3501 1748 3527 detrimenta
1780 3510 1847 3535 quae
1872 3501 2027 3535 ὠφελήματα
2053 3510 2078 3529 et
2100 3504 2253 3537 βλοὲμματσι
2279 3503 2418 3537 appellant.
2431 3498 2447 3511 '''

312 3533 436 3567 pretiosus
456 3540 538 3558 emtor
551 3534 618 3560 Idcni
633 3536 718 3561 Cartn.
734 3544 755 3567 3,
764 3538 787 3566 6,
801 3544 838 3566 32.
857 3539 874 3562 i.
893 3536 1052 3568 Incestuum,
1066 3544 1095 3563 vt
1107 3540 1144 3562 ait
1157 3539 1253 3564 Acron.
1272 3538 1327 3571 Qli
1388 3536 1700 3562 DEMANDATVM
1748 3537 1827 3562 EST
1873 3537 1934 3562 VT
1975 3538 2114 3565 CCCCX
2158 3538 2303 3566 PONDO
2346 3539 2418 3564 AR·
2434 3537 2437 3539 ’

313 3567 438 3594 dedecora
446 3587 453 3597 ‚
474 3571 491 3592 ι’.
512 3568 642 3595 Adulteria
654 3579 747 3604 magno
761 3572 845 3604 pretio
859 3571 939 3603 emit,
952 3574 1033 3605 inquit
1046 3572 1201 3606 Porphyrio.
1256 3574 1328 3599 Bona
1344 3575 1376 3601 95
1389 3571 1411 3596 G
1420 3572 1437 3596 Ε
1445 3571 1526 3597 ΝΤῙ
1561 3572 1579 3596 Ε
1615 3572 1631 3597 Ρ
1641 3572 1663 3596 V
1672 3572 1689 3596 Β
1698 3571 1718 3597 L
1726 3572 1737 3597 Ι
1745 3573 1765 3597 C
1774 3573 1782 3596 1
1791 3571 1806 3597 S
1842 3572 1889 3598 ΡΟ
1897 3573 1922 3598 P.
1960 3573 1980 3599 R
1990 3574 2013 3599 O
2022 3575 2059 3600 M.
2096 3575 2151 3600 EM
2159 3575 2182 3601 O
2190 3575 2211 3601 L
2219 3575 2239 3598 V
2247 3574 2276 3600 M
2285 3574 2303 3599 Ε
2311 3574 2374 3600 NT
2382 3574 2393 3599 1
2401 3573 2417 3599 S
2432 3569 2441 3602 τ’

311 3611 383 3629 mens
397 3611 441 3627 nec
456 3601 641 3633 commodatur,
653 3613 697 3630 nec
712 3606 817 3638 emitur,
829 3614 854 3632 et
866 3612 939 3640 puto,
951 3605 969 3631 li
981 3607 1079 3633 venalis
1096 3608 1169 3641 esset,
1184 3617 1238 3635 non
1249 3608 1330 3636 habe·
1390 3607 1448 3639 QV
1458 3606 1505 3632 ΑΕ
1541 3607 1557 3631 Ρ
1566 3606 1587 3632 R
1596 3607 1617 3632 A
1627 3607 1644 3631 E
1653 3606 1682 3632 T
1690 3607 1708 3631 E
1717 3607 1738 3632 R
1749 3606 1837 3632 ITIS
1878 3607 1968 3633 TEM
1977 3610 2022 3634 ΡΟ
2031 3610 2052 3635 R
2061 3610 2071 3635 1
2079 3610 2128 3636 BV
2138 3609 2152 3636 S
2192 3609 2248 3642 QV
2258 3610 2279 3634 A
2289 3609 2307 3634 Ε
2315 3609 2329 3634 S
2337 3609 2367 3634 T
2375 3608 2418 3634 0-

310 3644 349 3665 ret
364 3643 489 3662 cmtorcm
509 3637 651 3677 Seth-Epist.
667 3647 704 3672 27.
1389 3642 1462 3667 RES
1504 3641 1795 3667 RECEPISSENT
1839 3643 1857 3667 P
1869 3642 1891 3668 R
1905 3643 1928 3668 O
1942 3644 1963 3668 V
1979 3644 2030 3670 IN
2044 3646 2065 3671 C
2078 3646 2090 3671 1
2103 3646 2124 3671 A
2139 3645 2167 3671 M
2210 3644 2438 3670 SVRLEVA->

349 3680 395 3699 EM
409 3678 455 3698 'ra
468 3678 518 3700 lx,
539 3680 602 3710 icis..
614 3674 631 3696 t.
664 3673 769 3700 Modest.
793 3676 820 3701 in
841 3676 858 3702 l.
879 3677 995 3702 Herenn.
1011 3676 1042 3702 D.
1061 3676 1093 3702 de
1115 3678 1193 3704 exiiet.
1211 3684 1237 3705 et
1257 3678 1326 3713 dupl.
1390 3675 1512 3703 RENT
1537 3677 1655 3710 Inscript.
1726 3676 1835 3703 Fructus
1854 3684 1932 3712 atque
1946 3681 2150 3706 emolumentum
2163 3679 2218 3705 Cic.
2232 3681 2307 3706 Verr.
2320 3688 2343 3712 3,
2372 3699 2379 3705 .
2409 3676 2418 3705 .’
2435 3700 2446 3713 ,

312 3707 405 3743 postul.
426 3708 514 3745 Qunu
529 3712 621 3730 emti-ix
635 3711 889 3746 nonprouocaiierit.
925 3712 1009 3738 Paullo
1022 3709 1092 3745 post:
1112 3713 1190 3739 Nihil
1204 3715 1328 3748 proponi,
1389 3712 1483 3738 Dicere
1502 3711 1602 3746 aliquid
1623 3711 1659 3737 ob
1679 3712 1885 3738 emolumentum
1905 3714 1976 3740 suum
1995 3715 2066 3741 Idem
2084 3723 2132 3749 pro
2152 3715 2224 3740 Font.
2241 3723 2278 3749 17.
2348 3710 2436 3745 Boni‘,
2450 3712 2457 3719 '¹

312 3752 358 3770 cur
372 3748 475 3768 euitrtci
489 3740 609 3780 aduersus
622 3741 782 3780 venditorem
793 3745 864 3785 aelio
877 3755 931 3772 non
944 3752 1082 3779 competat.
1336 3746 1463 3772 100nullo
1482 3747 1660 3772 emolumento
1680 3747 1852 3780 impelluntur
1871 3750 1899 3774 in
1914 3749 2033 3776 fraudem
2052 3750 2090 3776 Id.
2103 3757 2151 3783 pro
2164 3750 2259 3776 Milon.
2272 3753 2310 3780 232.
2365 3750 2417 3775 Lu-

348 3785 395 3804 ΕΜ
407 3783 473 3802 'rio
485 3783 502 3801 N
514 3782 613 3817 Aris,
631 3784 653 3800 c.
673 3776 730 3801 Αὼ.
764 3778 936 3815 [αγοραςικός]
971 3781 1150 3816 Qasr-equuus
1162 3780 1194 3814 est
1208 3786 1234 3807 in
1248 3787 1329 3809 emtio-
1389 3788 1450 3807 cret.
1467 3790 1489 3813 ς,
1506 3785 1553 3815 167
1590 3782 1664 3814 Qud
1687 3783 1756 3807 enim
1781 3783 1988 3817 immortalibus,
2013 3792 2091 3819 atque
2114 3783 2196 3810 beatis
2223 3779 2314 3811 Gratia
2330 3784 2418 3810 nostra

309 3814 380 3839 nibus
394 3820 415 3838 rt
429 3809 777 3872 pr·o{1·r1fjtto‚11b111bonorum.
814 3814 904 3847 Legunt
918 3819 1068 3851 antiquiores
1079 3816 1151 3842 editt.
1188 3817 1242 3843 Cic.
1258 3819 1328 3844 Fam.
1390 3822 1467 3850 queat
1480 3816 1602 3849 largirier
1616 3817 1804 3844 emolumenti?
1875 3821 2022 3854 Proponere
2041 3820 2248 3846 emolumentum
2261 3820 2341 3846 alicui
2362 3819 2419 3846 Cic.
2460 3814 2461 3817 ¹

311 3857 338 3882 7,
351 3857 383 3880 29
403 3849 464 3890 Quo
495 3844 601 3887 quidem
616 3844 632 3869 fi
653 3851 718 3885 mter
734 3854 779 3884 yos
793 3847 861 3872 senes
874 3850 1024 3887 emtionales
1037 3851 1127 3878 venale
1141 3852 1328 3887 proscripserit.
1391 3859 1439 3885 pro
1452 3851 1526 3876 Font.
1543 3859 1579 3883 19.
1648 3852 1714 3878 Laus
1731 3854 1841 3888 suscepta
1855 3855 1906 3881 fine
1918 3856 2096 3882 emolumento
2109 3863 2138 3880 ac
2157 3857 2275 3889 praemio
2299 3855 2372 3882 Idem
2384 3854 2417 3881 de
2456 3848 2465 3876 ἰ

311 3884 383 3911 Seda
403 3881 513 3909 lirim-10
525 3880 581 3906 inde
596 3878 627 3912 est
643 3880 922 3924 Coc-innonateffijvd.
937 3886 1023 3911 Groeu.
1390 3887 1464 3912 Orat.
1485 3894 1510 3917 2,
1532 3888 1590 3918 346.
1657 3887 1842 3917 Emolumento
1864 3892 1911 3916 effe
1930 3891 2008 3917 alicui
2042 3890 2081 3915 Id.
2099 3889 2131 3915 de
2150 3892 2223 3917 Orat.
2238 3900 2245 3917 1
2271 3900 2303 3924 34
2322 3900 2342 3916 c.
2356 3886 2381 3920 8:
2393 3893 2417 3915 ἑὲ

346 3925 363 3946 E
375 3926 396 3944 n
408 3924 429 3944 'r
441 3923 450 3943 1
460 3922 475 3942 c
485 3925 494 3942 1
505 3922 524 3943 v
537 3923 564 3946 s.
588 3923 619 3946 a,
643 3923 695 3941 um.
730 3915 790 3942 Adi.
823 3916 942 3951 [ωνητδε]
977 3921 1027 3955 Qu*
1043 3927 1121 3949 emtus
1140 3920 1188 3956 cst,
1210 3925 1251 3950 cui
1263 3922 1327 3950 Gra·
1337 3929 1381 3957 105
1388 3919 1459 3948 Fam.
1478 3927 1509 3956 7,
1529 3929 1564 3949 ιο.
1760 3923 1780 3960 5
1806 3934 1823 3953 2.
1863 3926 2075 3954 Emolumentum
2110 3929 2182 3953 estam
2214 3911 2300 3954 volunt
2334 3921 2418 3951 notare

2287 3959 2417 3997 impensam
