2479 4225
0 0 121 66 rw*-
144 0 147 5 “

8 181 174 247 Ι,ιίόι
273 155 278 161 ⁴
396 148 398 152 Ι
485 176 502 217 1
593 178 636 218 N
723 177 748 217 S

57 3241 62 3244 ”
106 3239 173 3266 Plin.
188 3245 213 3269 9,
224 3233 283 3269 46.’

38 3320 46 3329 ⁴
78 3326 81 3336 ,κ
107 3319 139 3339 ra
160 3309 290 3338 insuuita,
314 3309 481 3336 contemserit
499 3315 577 3343 atque
596 3307 761 3343 despexerit}

68 3698 71 3699 .
110 3672 141 3689 αι·
154 3670 234 3699 tegere
244 3661 384 3697 fignificat.
420 3662 506 3687 Varro
520 3659 552 3688 de
565 3663 595 3689 R.
613 3664 644 3690 R.
657 3673 683 3697 2,
696 3674 713 3698 9

85 264 152 302 ‚Ilici
165 264 391 301 Scriptom,quod
402 265 431 292 ab
443 266 503 292 aliis
521 266 621 293 aedibus
633 267 740 302 undique
753 265 870 303 seiunfla
887 264 967 301 effi’nt.
998 266 1057 294 Vid.
1072 268 1137 294 Gon.

85 302 140 340 fil.
152 301 186 327 ad
197 302 300 328 Petron.
314 311 334 326 c.
348 309 387 334 95.
409 308 432 328 rt
445 301 479 338 Is.
497 301 562 336 VQffi
576 302 609 328 ad
622 303 712 328 lustin.
725 310 763 335 32,
776 311 800 332 2,
813 311 834 328 2.

131 344 140 362 1
151 344 173 364 N
183 343 196 363 S
207 342 252 363 Vl.
261 343 283 362 A
291 343 309 363 R
319 344 327 362 1
338 343 359 362 V
369 344 381 363 S
391 357 399 369 ‚
419 337 438 363 i.
474 346 509 364 m.
548 337 707 371 [ἓνοικολόγος
729 338 808 364 Gloss'.
827 337 874 363 Gr.
898 336 954 362 Lat.
979 337 1135 373 νησοφύλαξ]

94 372 197 402 Insulae
209 370 317 398 urbanae
335 372 363 398 de
383 381 430 408 qua
443 382 467 398 n.
483 381 495 405 3
511 372 659 408 ΡναςῙι“ξῗιι;
673 380 695 399 et
713 373 780 408 quasi
792 372 890 398 villicus
901 371 1008 406 quidam.
1063 375 1136 400 Pom-

95 406 158 443 pon.
179 406 208 433 in
220 407 237 432 I.
256 406 273 433 ti
293 407 345 440 ita,
362 407 394 434 de
407 409 462 434 Vsu
481 414 507 434 et
522 407 702 440 habitatione,
717 409 849 435 Dominus
870 407 1038 441 proprietatis
1057 410 1137 435 ctiam
1158 412 1172 439 5

96 443 186 471 inuito
197 442 395 470 vfiifrue‘tuario
413 443 455 470 vel
472 444 579 470 vsuario
593 444 704 470 fundum
719 444 760 470 vel
775 443 849 469 aedes
868 451 914 475 per
930 442 1082 470 saltuarium
1095 446 1138 471 vel

95 477 252 507 insularlum
273 478 404 505 custodire
423 479 530 514 poterit.
567 481 709 516 Intelligit,
724 479 819 515 Infidae
837 476 964 510 custodem.
1000 480 1073 515 Cous.
1087 481 1140 507 Sa!-

95 513 174 541 muth.
188 514 222 539 ad
235 514 369 541 Panciroll.
382 514 490 550 Deperd.
503 522 523 540 t.
537 524 564 546 ³5
575 522 601 550 p.
614 523 655 549 78.
693 515 779 542 Reins.
797 513 876 540 Inscr.
894 521 914 545 ι,
928 518 975 545 138.
997 522 1019 540 ct
1034 515 1050 540 l.
1065 524 1077 547 ς
1091 515 1113 553 §.
1130 525 1138 542 1

95 549 157 582 Dig.
172 548 204 575 de
217 549 278 576 Inst.
291 549 348 576 Aet.
361 556 386 576 ee
398 550 416 576 1.
430 559 449 583 4
462 551 493 577 D.
507 550 539 576 de
553 551 633 585 praes.
648 550 724 585 vigil.
759 548 835 585 Apud
845 549 949 574 Petron.
963 558 983 575 c.
997 559 1025 583 95
1045 552 1142 578 Insula-

95 585 152 612 tics
170 585 291 620 intelligit
312 586 432 612 Graeuius
452 586 485 612 ad
498 586 555 612 Cic.
571 595 620 621 pro
640 586 712 614 Cael.
730 594 752 613 c.
766 591 784 620 7
803 593 851 610 non
870 584 1005 620 insidat-um
1022 585 1141 620 custodi-5,
1155 598 1184 616 10
1203 588 1290 613 cares?
1325 586 1394 613 Asld.
1414 586 1452 613 ld.
1468 585 1543 611 Adel.
1565 594 1585 615 2,
1602 594 1623 617 ε,
1640 591 1674 616 38.

89 619 139 657 scd
149 619 326 654 conduflores,
344 623 364 648 i.
383 623 529 657 inquilinos.

112 659 115 666 ¹
135 661 174 682 IN
184 661 361 688 SVLAR18‚
382 665 405 683 e.
431 656 492 683 Adi.
529 655 700 691 [νησιωτικδς]
735 654 809 690 Qtod
822 652 855 688 qs}
874 654 980 690 infidae,
994 662 1017 682 et
1032 656 1065 682 ad
1076 657 1142 693 infit-

97 691 147 718 Iam
162 693 281 726 pertinet.
318 692 354 718 Ex
369 691 458 718 Plinio
476 693 608 723 laudatur,
621 691 678 725 Qii
690 690 792 726 primus
812 689 950 716 insularem
972 692 1094 719 morbum
1114 693 1143 719 in

98 725 194 753 vrbem
214 726 329 754 inuexit.
363 727 410 754 Sed
429 734 503 763 negat
516 727 596 755 Index
608 726 747 754 Harduini.
781 726 912 752 Ammian.
943 727 1000 753 Nec
1014 728 1142 762 strepente

97 761 171 793 vllo,
192 770 240 788 nec
259 761 415 795 obsistente,
435 763 545 789 insulari
560 771 645 797 poena
663 761 768 789 multati
787 763 863 796 sunt,
883 765 900 787 i.
922 763 1098 797 Diportationc
1116 766 1142 789 in
1158 767 1183 793 ¹3
1203 764 1274 790 drmn
1288 765 1363 790 aliter
1375 770 1398 789 et
1413 765 1490 795 legera
1504 770 1525 788 et
1539 761 1698 798 distinguere.

97 797 212 832 infidam.
249 796 323 833 Confi.
336 798 408 824 Idem
422 800 464 829 26,
478 806 517 830 29.
536 805 559 824 et
574 805 608 831 ις,
624 805 663 833 27.
700 796 803 824 Duelor
815 797 915 837 ferr-eus
932 798 1051 825 insularis
1064 801 1143 825 Po‘eta

96 832 179 860 Phall.
194 833 282 859 Carni.
297 841 327 865 32
343 833 388 860 ubi
404 833 473 869 conf.
488 834 581 869 Scalig.
594 841 624 868 p.
640 843 695 868 ¹94·
747 833 849 860 Domus
866 833 985 860 insularis
999 834 1141 861 Cassiodor.

98 876 138 900 12,
152 876 185 901 24
204 868 233 894 de
243 867 315 901 statu
325 869 490 909 *Veneriorum
505 868 575 895 illius
587 871 715 905 temporis.
783 867 912 895 Insulares
925 871 982 895 item
992 870 1056 906 stant
1073 871 1143 897 Tem-

94 905 137 940 pli
149 901 257 937 custodes
268 903 360 931 lustin.
374 913 412 937 32,
425 914 448 937 2,
461 913 485 931 2.
517 904 575 931 Vid.
595 910 719 931 INSVLA
735 912 760 930 n.
772 913 800 937 4.

1607 176 1747 216 IN
1838 177 1883 218 Τ

1197 275 1244 303 per
1256 266 1369 294 mediam
1389 266 1478 293 aluum
1498 266 1630 300 virginem
1643 264 1740 292 nudam
1754 265 1856 294 insuere
1875 283 1920 288 —
1941 273 2002 296 tune
2021 284 2066 290 -—
2085 270 2239 300 insutitium

1197 310 1224 330 et
1238 303 1353 329 fartilem
1368 302 1466 330 asinum
1479 312 1620 336 exponere.

1237 346 1300 365 1Ns
1313 344 1332 364 v
1345 345 1367 364 Τ
1379 345 1437 368 VS,
1455 338 1491 363 1¹13.
1520 343 1555 364 nr.
1594 336 1670 371 Apul.
1689 336 1752 362 Met.
1770 343 1787 370 7
1817 336 1893 363 Mille
1910 347 2004 366 aurcos
2022 340 2110 368 insutu
2130 342 2241 370 laciniae

1199 380 1360 400 contexerat.
1401 373 1458 399 Vul.
1478 373 1582 399 bflmenh.
1599 371 1734 407 1iv⁷12-nd.p.
1748 381 1802 406 ²4⁰·

1238 409 1351 436 1N3x71’
1360 415 1414 435 HR.
1441 408 1507 434 Adu.
1545 407 1637 443 [ἴς-ιδε,
1651 407 1753 440 vasuh]
1789 409 1808 432 i.
1830 407 1968 434 Praeterea:
2003 410 2059 437 Cic.
2076 412 2147 439 Fam.
2165 422 2198 444 17,
2214 416 2241 440 16

1201 445 1272 471 Nam
1287 454 1320 471 nc
1335 450 1359 470 te
1374 444 1473 478 fugiat,
1488 444 1563 469 latin>
1578 444 1683 478 insuper
1700 443 1834 477 Epicurus.
1885 442 1953 468 Ter.
1966 444 2028 470 Eun.
2043 455 2070 478 4,
2086 456 2104 478 3,
2125 457 2135 479 3
2167 450 2242 482 Qlin

1201 481 1281 507 etiam
1314 481 1420 514 insuper
1442 479 1537 510 scelus,
1555 480 1691 513 postquam
1724 477 1874 504 ludificatus
1907 478 1942 503 est
1971 479 2117 514 virginem,
2144 486 2241 510 vestem

1202 525 1309 542 omnem
1325 517 1418 542 misere
1432 514 1547 541 discidit.
1605 513 1710 546 1L1d.3‚
1722 521 1749 548 7,
1764 522 1790 540 12
1817 514 1856 539 Au
1869 512 2019 547 poenitebat
2034 516 2125 550 flagitii
2136 538 2143 549 ‚
2159 526 2184 545 te
2197 528 2243 545 air

1203 551 1277 578 &ore
1296 552 1367 586 quod
1383 551 1479 577 seciss'et
1493 549 1656 582 adolescens,
1675 551 1702 575 ni
1722 550 1849 576 miserum
1869 550 1975 583 insuper
1992 549 2069 576 etiam
2091 554 2157 585 patri
2175 554 2243 580 indi.

1850 581 1870 621 ἢ
1890 592 1906 610 2
1940 585 2049 619 Insuper
2069 586 2178 620 habere,
2198 597 2244 624 [ιι-ο

1204 624 1354 659 Nrgngre,
1373 631 1399 648 ca
1407 622 1506 657 forma,
1521 629 1567 659 qua
1579 620 1683 645 dicimus
1692 617 1843 652 posthabere.
1879 620 2036 653 Papinianus
2047 621 2074 647 in
2090 622 2105 647 Ι.
2121 622 2245 651 heredem

1205 659 1236 684 Ι).
1250 659 1282 684 dc
1298 657 1423 691 lns‚quae
1435 663 1463 683 vt
1476 656 1591 689 indignis
1600 655 1773 687 ausc-tuntur‚
1792 653 1924 681 Heredem
1934 674 1942 687 ,
1963 656 2010 690 qui
2029 657 2110 683 sciens
2125 657 2245 686 defuncti

1203 693 1351 720 vindictam
1365 693 1472 727 insuper
1490 690 1599 721 habuit,
1619 690 1719 717 fructus
1738 698 1828 716 omnes
1848 691 1985 717 restituere
1999 692 2143 729 cogendum
2159 694 2246 720 existi—

1204 729 1285 755 maui.
1319 729 1361 756 Sic
1383 728 1472 755 habent
1492 726 1630 753 Pande-Hae
1650 727 1813 753 florentinae.
1850 727 1909 752 Non
1931 730 2019 762 ignoro
2037 736 2118 754 tamen
2137 729 2246 755 Halonn-

1435 793 1446 799 .
1742 760 1814 786 Idem
1829 761 1856 786 in
1871 761 1887 787 Ι.
1902 762 1960 788 sunt
1974 763 2100 796 personae
2114 763 2146 789 D.
2162 763 2192 790 de
2208 774 2249 791 re-

1203 799 1303 834 ligiosis
1323 805 1348 826 et
1368 799 1496 825 sumtibus
1514 797 1655 829 sunctum,
1675 795 1823 830 Eudo-nque
1843 797 1903 822 sunt
1921 797 1949 823 in
1967 799 2056 830 socio,
2075 799 2121 833 qui
2142 799 2169 825 in
2188 799 2247 826 sun-

1204 835 1268 861 dum
1282 841 1452 861 conmiuuem
1465 833 1553 860 inuito
1573 833 1643 859 socio
1663 839 1798 858 mortuum
1815 831 1916 858 inferre
1935 832 2000 859 vult.
2056 834 2125 860 Nam
2140 842 2250 870 propter

1204 870 1337 905 publicam
1356 869 1512 901 militatem,
1534 878 1567 895 ne
1585 868 1713 902 insepulta
1733 867 1859 893 cadauera
1878 867 2007 898 iacerent,
2031 869 2146 896 {trinam
2166 871 2248 898 ratio-

1205 915 1265 932 nem
1287 905 1392 939 insuper
1410 905 1537 932 habemus
1551 924 1557 935 ‚
1588 913 1654 938 quae
1674 912 1866 938 nonuunquam
1885 903 1913 929 in
1933 904 2063 938 ambiguis
2083 906 2248 941 religionum

2162 185 2243 225 1152

135 946 176 965 IN
186 946 199 966 S
210 946 230 966 V
240 946 256 965 L
266 945 311 966 ΕΝ
322 947 353 966 Sl
364 945 394 972 s,
414 949 436 966 e.
463 939 524 966 Adi.
562 940 644 966 Solin.
657 949 679 966 c.
694 946 789 975 54pr:
807 937 849 965 Ab
868 938 986 966 insulensi
1007 945 1036 967 vt
1055 941 1142 967 conse·
1155 945 1189 966 20
1205 941 1402 976 quaestionibus
1421 941 1512 967 omitti
1530 940 1621 967 solent.
1658 940 1700 967 Sic
1714 938 1793 965 pand.
1810 939 1875 964 flor.
1901 939 1974 975 Coris.
1989 940 2054 978 Gell.
2070 949 2088 971 1,
2103 951 2136 973 μ).
2151 949 2173 968 et
2188 951 2215 975 4,
2229 951 2247 968 1.

99 983 183 1009 quens
204 974 257 1007 est,
275 973 307 1001 ad
328 976 516 1002 continentem.
553 976 594 1002 Sic
607 975 709 1010 Salmas.
728 977 772 1011 qui
789 974 922 1010 intelligit.
936 981 1013 1002 terra.
1052 977 1098 1002 Sed
1109 978 1142 1003 αΙ.

100 1010 334 1072 (ἰτέίςῖέῖξ.ΞἮΜ)χ
347 1010 396 1038 hac
415 1017 505 1038 autem
523 1010 610 1038 insula
628 1011 721 1037 Indiae
738 1010 876 1047 continens
895 1010 938 1037 est.
975 1011 1143 1046 Consequens

99 1054 115 1072 e
136 1055 389 1112 isssv’na'nvs,
407 1090 438 1114 a,
458 1090 512 1109 um.
545 1080 604 1108 Adi.
641 1080 714 1107 Seru.
733 1082 761 1106 in
777 1069 930 1114 Virg.'Aen.
951 1086 972 1111 8,
991 1090 1031 1112 725
1060 1083 1143 1109 Carae

96 1115 214 1143 'insiilani
231 1115 326 1149 populi
340 1116 459 1145 fuerunt.
494 1118 578 1144 Pacat.
593 1117 684 1150 Paneg-
698 1114 809 1142 Theod.
824 1125 845 1142 c.
861 1124 896 1147 23.
933 1117 1013 1144 Gloss.
1028 1119 1086 1144 Vet.
1103 1119 1144 1144 In·
1155 1127 1186 1153 ²5
1206 1119 1338 1145 cumulata
1356 1118 1460 1145 videbis
1491 1118 1602 1151 Insuper
1620 1116 1668 1142 esse
1688 1114 1746 1143 aliis
1766 1114 1826 1140 alia.

100 1151 199 1182 sulani,
219 1152 336 1180 νησιῶται.

96 1190 97 1194 ’
135 1193 146 1212 1
155 1193 177 1212 N
186 1193 199 1213 s
209 1193 229 1212 v
239 1192 255 1212 L
264 1193 286 1212 A
296 1193 317 1213 Τ
326 1193 348 1213 ν
357 1193 370 1213 s
380 1207 389 1220 ,
408 1196 423 1214 a
431 1207 440 1220 ,
459 1196 513 1214 um.
534 1186 596 1213 Adh
631 1185 708 1220 Apul.
731 1184 763 1212 de
779 1185 882 1212 Mundo
894 1193 957 1213 extr.
984 1186 1144 1213 Audiuimus

98 1221 238 1255 regiones,
263 1230 330 1256 quae
348 1224 421 1257 prius
439 1223 544 1249 fuerant
563 1222 743 1251 continentes,
767 1220 916 1256 hospitibus
935 1230 1014 1258 atque
1036 1223 1145 1249 aduenis

99 1256 224 1283 fluffibus
236 1256 369 1284 insulatas.
405 1258 479 1293 Conf.
494 1257 631 1292 Augustin.
646 1257 707 1283 Ciu.
722 1257 771 1282 Dei
785 1266 813 1290 4,
827 1266 848 1283 ε.

1204 977 1283 1012 Apul.
1297 977 1382 1003 Miles.
1398 986 1416 1009 4
1435 986 1460 1011 p.
1472 984 1525 1009 ¹54·
1562 977 1616 1001 Has
1630 981 1653 1000 et
1666 975 1731 1000 alias
1743 976 1882 1009 geminatas
1895 975 2086 1009 praepositiones
2100 980 2248 1013 coniungen-

1206 1013 1251 1039 das
1268 1016 1323 1039 vult
1342 1014 1458 1039 Muretus
1475 1013 1535 1038 Var.
1551 1010 1619 1036 Left.
1638 1019 1672 1042 11,
1691 1019 1728 1043 ¹7·
1767 1009 1840 1043 Conf.
1860 1010 1962 1036 Taubm.
1984 1014 2010 1036 in
2030 1011 2110 1037 Plaut.
2130 1014 2213 1039 Mne.
2229 1022 2248 1044 ι,

1206 1058 1229 1081 2,
1249 1053 1288 1078 82.
1437 1045 1457 1083 ff
1478 1055 1490 1079 3
1527 1047 1577 1072 Pro
1592 1046 1683 1079 super,
1695 1045 1735 1070 vel
1752 1045 1888 1078 Dqsnpers-
1912 1045 2042 1072 Columel.
2059 1055 2093 1078 12,
2108 1055 2137 1079 39
2169 1049 2247 1075 Tum

1205 1084 1311 1118 insuper
1323 1090 1415 1110 cannas
1429 1089 1537 1117 ponere.
1595 1081 1700 1107 Lucret.
1715 1081 1741 1111 6,
1756 1087 1802 1111 190
1829 1080 1882 1105 Aut
1901 1080 1947 1105 vbi
1962 1089 2008 1114 per
2021 1090 2129 1115 magnos
2146 1090 2249 1110 montes

1900 1115 2024 1148 Imposita
2041 1118 2147 1151 insuper
2166 1116 2249 1146 Aetna

1205 1155 1279 1189 Virg.
1297 1155 1361 1180 Aen.
1377 1163 1401 1186 3,
1415 1161 1473 1188 379.
1509 1152 1582 1189 Conf.
1601 1150 1692 1179 Tacit.
1704 1150 1795 1176 Germ.
1814 1156 1848 1182 ις,
1870 1156 1891 1182 ς.
1916 1156 1939 1175 et
1957 1150 2016 1176 Liu.
2032 1160 2100 1184 21,1,
2172 1156 2250 1180 Dein-

1205 1198 1276 1225 ceps,
1291 1193 1330 1216 uel
1349 1190 1468 1216 Continue
1480 1188 1534 1222 fiue
1554 1189 1713 1214 Continerzter
1723 1184 1855 1221 figmficat
1870 1185 2094 1213 Suet.Vitell.c.2
2114 1188 2177 1214 Mox
2190 1199 2250 1216 cum

1207 1225 1322 1253 Claudio
1342 1225 1474 1260 principe,
1488 1224 1553 1250 duos
1572 1223 1678 1256 insuper
1696 1221 1845 1248 ordinarios
1866 1221 2036 1254 Consulatus,
2053 1223 2250 1258 Censuramque

1206 1261 1284 1295 gellit.
1356 1261 1463 1294 Insuper
1481 1268 1577 1294 quam,
1593 1265 1621 1284 vt
1641 1259 1741 1284 Praeter
1763 1265 1848 1292 quam:
1883 1255 1943 1282 Liu.
1958 1265 1998 1289 23,
2013 1265 2030 1292 7
2045 1265 2087 1293 pr.
2111 1258 2160 1285 Illa
2182 1260 2251 1286 insu-

134 1298 229 1319 1Nsv
239 1298 256 1318 L
266 1300 307 1320 os
317 1300 359 1320 vs
370 1313 380 1326 ,
396 1301 426 1326 a,
446 1302 501 1320 um.
538 1292 599 1319 Adi.
637 1294 728 1320 Plenus
752 1293 850 1329 insulis.
887 1293 1019 1320 Ammian.
1041 1302 1086 1325 23,
1108 1299 1142 1324 18.
1156 1307 1188 1331 30
1208 1306 1270 1331 per,
1284 1304 1446 1337 quam'quae
1458 1294 1533 1329 pacia
1546 1299 1635 1324 erant,
1655 1293 1773 1318 facinora
1787 1292 1915 1325 Campani
1927 1292 2079 1319 ediderunt:
2104 1303 2163 1321 nam
2178 1304 2251 1329 prae-

96 1325 173 1354 Idem
192 1336 236 1360 22,
255 1336 287 1354 11.

135 1369 178 1389 IN
191 1369 349 1396 SVsts‚
368 1371 400 1396 a,
414 1365 469 1390 uns.
497 1362 559 1390 Adi.
596 1362 726 1397 [dudm-os,
744 1361 836 1398 ἄχαρις
854 1364 932 1391 Gloff.
952 1364 1009 1390 Lat.
1030 1364 1145 1398 Graec.]

98 1398 203 1425 Fatuus.
241 1399 374 1425 Donatus:
394 1399 522 1431 Insumns,
536 1399 598 1425 Sine
615 1399 666 1425 sale
685 1405 711 1425 et
729 1399 870 1433 sapientia,
896 1405 941 1426 aut
954 1400 1015 1426 Sine
1034 1400 1097 1426 saltu
1117 1407 1144 1426 et

96 1433 234 1461 facilitate.
270 1433 352 1460 Plaut.
372 1433 441 1461 Rud.
456 1443 477 1465 2,
491 1437 518 1466 6,
531 1443 566 1466 33.
621 1434 691 1461 Ter.
705 1434 770 1460 Eun.
790 1443 812 1467 ς,
828 1444 851 1468 9,
864 1444 895 1467 ⁴9
924 1436 1020 1462 Fatuus
1040 1435 1091 1466 est,
1105 1435 1144 1461 in-

97 1469 194 1501 finistis,
208 1468 311 1501 tardus,
323 1468 408 1496 stertit
427 1470 571 1504 noctesque
590 1475 616 1496 et
637 1469 702 1496 dies.

97 1503 147 1531 Sed
166 1505 213 1538 qui
231 1505 287 1531 eius
305 1505 345 1530 rei
362 1506 495 1532 rationem
518 1505 647 1539 quandam
667 1505 757 1531 conati
775 1506 850 1538 sunt,
869 1514 1006 1541 artemque
1026 1507 1144 1533 tradere:

95 1539 132 1567 fic
146 1539 233 1566 insulsi
249 1530 418 1572 exstiterimt,
432 1546 460 1567 vt
474 1540 543 1568 nihil
558 1540 632 1566 aliud
650 1548 760 1573 eorum,
773 1541 821 1567 nili
839 1541 894 1576 ipsa
915 1542 1040 1568 insultitas
1060 1542 1146 1568 ridea-

97 1579 154 1602 tur.
208 1574 283 1602 Idem
298 1576 382 1602 Tusc.
397 1585 416 1606 1,
431 1585 454 1606 15
468 1585 490 1602 c.
504 1581 518 1605 8
545 1576 595 1602 Sed
612 1582 641 1602 tu
660 1576 730 1602 mihi
749 1576 849 1603 videris
862 1584 888 1604 et
901 1577 1053 1611 Epicharmi
1066 1578 1145 1609 acuti,

98 1619 147 1637 nec
165 1610 254 1637 insulsi
275 1610 408 1644 hominis,
422 1618 450 1637 vt
470 1611 567 1642 Siculi,
587 1611 743 1638 sententiam
764 1613 848 1646 sequi.
919 1613 974 1640 Cic.
995 1615 1046 1639 Att.
1069 1622 1102 1646 13,
1122 1621 1146 1645 31

100 1647 126 1672 O
140 1646 229 1680 gulam
240 1646 378 1673 insulsam:
398 1647 478 1681 pudet
491 1656 534 1673 mc
549 1647 638 1681 patris.

96 1681 200 1708 tionem
212 1681 368 1708 Consulatus
382 1681 515 1710 bimestris
529 1683 633 1710 summo
653 1691 712 1709 cum
726 1688 829 1710 terrore
839 1683 996 1715 hominum,
1010 1690 1035 1720 et
1049 1685 1145 1710 insulsa

98 1726 160 1743 cum
179 1717 368 1751 efflagitatione
386 1718 559 1745 transtulerit.
628 1719 742 1754 Compar.
769 1719 889 1745 Tertull.
910 1719 942 1745 ad
964 1720 1076 1746 Nation.
1096 1729 1114 1751 1,
1133 1728 1146 1752 3

99 1752 276 1791 Soloecismus
288 1758 314 1779 et
327 1753 448 1780 insulsior
461 1753 554 1788 figura.
624 1754 720 1788 Superl.
738 1754 915 1781 Insulsiffimus
929 1755 1147 1789 improbissimus-

97 1796 152 1822 que
164 1787 201 1814 est
214 1788 329 1814 Martial.
344 1797 380 1821 12,
394 1792 430 1822 331
465 1787 642 1816 Insulsissimus
656 1789 692 1815 est
706 1789 789 1816 homo
803 1790 889 1816 Catul.
905 1798 942 1824 17,
960 1798 990 1816 12.

137 1830 147 1848 1
158 1829 181 1849 N
192 1829 204 1848 s
213 1830 259 1850 vi.
268 1830 281 1850 s
290 1823 363 1850 ῑΤΑ
372 1831 402 1856 s,
421 1824 480 1850 atis.
503 1825 523 1852 f.
536 1858 542 1864 ·
558 1824 678 1858 [οῑφυΐα]
714 1826 822 1863 [nepita.
860 1825 916 1850 Cic.
931 1826 985 1849 Att.
998 1832 1033 1854 13,
1046 1831 1080 1854 29
1105 1824 1145 1848 De
1152 1835 1185 1860 45

97 1857 185 1884 hortis
200 1866 232 1884 ex
250 1858 303 1884 tuis
322 1858 407 1889 literis
426 1866 558 1892 cognom,
576 1865 601 1884 et
620 1857 767 1892 Chrysippo
788 1867 817 1883 m
833 1858 913 1888 villa,
927 1859 1000 1883 cuius
1019 1857 1146 1882 insulsita—

35 1891 45 1927 ]
66 1913 69 1915 .
96 1897 153 1919 tem
165 1892 232 1919 bene
246 1902 354 1923 noram,
368 1893 450 1919 video
466 1892 549 1923 nihil,
562 1897 608 1918 aut
625 1901 706 1926 pauca
725 1898 833 1919 mutata.
870 1893 968 1918 Insulsa
985 1891 1145 1927 placere'non

90 1927 182 1964 solent.
202 1927 268 1955 reste
279 1930 362 1964 igitur
374 1934 398 1953 et
412 1926 509 1961 venuste
522 1926 693 1953 insulsitatem
710 1928 802 1954 tribuit
815 1928 907 1960 villae,
920 1937 980 1963 quae
993 1928 1060 1954 nihil
1076 1927 1147 1954 habe·-

97 1968 153 1996 νει,
164 1972 210 1990 cur
224 1964 322 1998 placere
340 1961 425 1998 pqfflet.
457 1964 587 1989 Insulsum
605 1966 669 1988 enim
686 1962 736 1995 egli,
751 1964 828 1989 Nullo
838 1963 894 1997 sale
911 1963 1046 1988 conditum.
1070 1962 1145 1997 Cous.

97 1998 173 2025 Idem
187 1998 255 2025 ibid.
269 2005 292 2031 ς,
305 2006 336 2024 11.
371 2000 413 2025 Sic
426 2007 475 2032 pro
487 1996 652 2024 Rabir.Post.
665 2000 695 2029 36
721 1999 777 2024 Iam
789 1998 871 2024 nostis
884 1997 1054 2023 insulsitatem
1066 1998 1146 2023 Grae·
1159 2009 1190 2033 50
1209 2000 1306 2033 Regnis
1326 1999 1438 2024 alicuius
1459 1998 1593 2031 insurgere
1622 1994 1703 2021 Ouid.
1719 1996 1783 2021 Met.
1797 2002 1822 2027 9,
1836 2004 1901 2028 444.

99 2043 200 2060 corum.
256 2033 339 2060 Plaut.
352 2033 411 2059 Mil.
424 2041 447 2065 3,
458 2041 481 2065 3,
495 2040 508 2065 ς
535 2032 667 2064 Stultitia,
680 2027 844 2066 insipientia,
858 2032 1048 2065 insulsitasque.
1103 2033 1146 2057 In-

98 2069 198 2096 sulsitas
212 2074 238 2095 et
252 2068 392 2094 insolentia
404 2074 529 2102 tanquam
544 2068 645 2095 insania
656 2068 787 2094 orationis
800 2068 857 2094 Cic.
870 2068 898 2094 in
914 2068 997 2094 Bruto
1011 2077 1032 2093 c.
1046 2070 1082 2096 82.

134 2112 144 2130 ι
157 2110 179 2130 Ν
190 2111 202 2130 s
211 2110 232 2129 v
242 2111 258 2130 L
267 2111 280 2131 s
289 2111 316 2130 E.
342 2103 411 2130 Adu.
448 2103 568 2137 [οὲφυῶς]
605 2103 777 2138 Imprudenter
790 2111 813 2129 et
830 2106 920 2139 inepte.
955 2103 1012 2130 Cic.
1027 2102 1059 2128 ad
1072 2102 1147 2129 Caes.

98 2139 177 2174 Epist.
191 2140 263 2166 Fam.
277 2148 289 2165 2
303 2146 344 2174 ap.
358 2140 432 2166 Nou.
447 2148 467 2171 1,
481 2147 524 2172 141
550 2138 599 2166 Sed
613 2139 650 2165 ita
663 2139 765 2165 locutus
777 2139 872 2165 insulse
885 2138 938 2171 est,
950 2144 981 2164 vt
993 2138 1092 2164 mirum
1106 2138 1148 2163 Se-

98 2182 176 2202 natus
194 2175 348 2202 conuicium
365 2175 508 2208 exceperit.
559 2175 617 2200 Cic.
630 2174 663 2200 de
676 2174 751 2201 Orat.
771 2182 797 2205 2,
810 2183 858 2201 εει.

99 2219 135 2244 15,
149 2220 176 2244 4.
247 2210 345 2237 Insulse
362 2216 389 2237 et
405 2209 516 2237 absurde
536 2210 613 2245 Apul.
627 2209 705 2244 Apol.
720 2219 745 2243 p.
759 2211 820 2240 296.
892 2208 1006 2242 Compar.
1024 2207 1093 2232 Gell.
1109 2208 1147 2245 16,

99 2255 125 2273 12
146 2245 226 2274 Nihil
239 2246 322 2281 potest
336 2246 391 2272 dici
409 2245 541 2272 insulsius.
609 2245 706 2280 Superi.
732 2244 801 2275 Geli.
816 2251 854 2275 12,
865 2251 879 2268 2
909 2243 969 2268 Hoc
982 2241 1063 2268 etiam
1076 2240 1149 2268 addi-

98 2282 139 2309 dit
157 2281 327 2308 insulfiffime.
418 2305 422 2308 .

136 2325 148 2344 1
156 2325 179 2345 N
188 2323 201 2343 s
209 2324 255 2344 vl.
264 2322 286 2344 T
295 2323 334 2346 0.,
358 2319 592 2345 ῙΝενιΤΑΤιο,
616 2317 808 2340 1NvaTVRA
818 2332 826 2345 ‚
852 2311 905 2339 uid.
929 2318 1060 2339 1NSIL10.
1068 2330 1086 2346 ,

113 2357 118 2362 ·
135 2359 282 2383 INSVM,
302 2359 344 2381 es,
364 2350 418 2382 est,
438 2350 496 2376 esse.
533 2349 643 2383 [ἴναμι]
679 2350 710 2375 In
731 2350 816 2383 aliqua
835 2356 862 2373 re
875 2345 937 2387 *affin
973 2348 1056 2374 Plaut.
1077 2345 1188 2379 Rud.60
1209 2351 1371 2388 Coy1f,1dem
1386 2351 1463 2376 verr,
1477 2358 1500 2381 ς,
1515 2356 1561 2383 ¹07
1575 2357 1652 2382 c,41.

98 2396 128 2421 4,
142 2397 171 2421 4,
185 2396 234 2421 144
264 2385 354 2412 Credo
366 2385 466 2419 Edepol
483 2385 562 2411 inesse
575 2385 634 2410 auri
650 2388 676 2410 et
692 2383 795 2418 argenti
817 2382 932 2416 largiter.
1004 2383 1109 2409 Lucret.
1125 2390 1147 2413 3,

97 2432 160 2456 1093
189 2422 247 2449 Nee
265 2421 382 2448 deuitari
400 2420 483 2446 letum
506 2425 568 2453 pote
588 2419 655 2453 quin
675 2418 810 2445 obeamus.
846 2419 996 2449 Praeterea,
1012 2418 1148 2444 versamur

98 2458 217 2489 ibidem,
233 2463 311 2491 atque
330 2457 450 2482 insumus
469 2455 560 2489 vsque.
632 2454 701 2481 Ter.
716 2455 780 2480 Eun.
800 2463 820 2486 1,
835 2462 852 2486 1,
868 2462 893 2487 14
912 2455 956 2480 .In
970 2462 1062 2480 amore
1083 2453 1146 2479 haee

94 2494 194 2521 omnia
207 2493 296 2519 insunt
307 2491 388 2518 vitia:
409 2490 534 2521 iniuriae,
545 2496 592 2516 etc.
644 2489 719 2516 Idem
734 2489 814 2516 Andr.
827 2497 851 2522 ς,
863 2498 889 2522 2,
904 2492 932 2515 16
958 2489 1060 2515 Tristis
1074 2490 1146 2514 seue-

99 2530 164 2557 ritas
183 2528 249 2555 inest
269 2528 298 2553 in
318 2526 409 2558 vultu,
424 2532 502 2559 atque
522 2526 551 2551 in
570 2524 659 2551 verbis
679 2524 752 2551 fides.

99 2564 182 2598 Digni
196 2569 284 2590 autem
296 2563 356 2589 sunt
368 2561 502 2594 amicitia,
519 2560 616 2596 quibus
628 2561 657 2587 in
669 2560 728 2595 ipsis
745 2560 812 2587 inest
832 2561 976 2593 causa,cur
989 2559 1146 2594 diligantur.

100 2599 170 2628 Add.
184 2600 254 2633 Nep.
268 2606 296 2633 7,
310 2607 329 2629 1,
342 2606 370 2631 4.
405 2597 487 2624 Plaut.
503 2596 571 2623 Rud.
586 2604 609 2629 ς,
622 2605 645 2628 2,
659 2605 702 2631 27.
769 2596 837 2623 Inest
851 2596 954 2630 pinum
968 2596 996 2622 in
1009 2595 1056 2622 hac
1069 2595 1144 2621 tabu-

101 2636 127 2662 la
139 2635 209 2662 Ter.
223 2635 289 2667 Eun.
302 2642 325 2666 3,
339 2640 361 2666 ς,
376 2635 414 2664 36.
484 2632 565 2658 Plaut.
580 2632 649 2658 Rud.
661 2642 689 2664 4,
704 2640 729 2664 z,
743 2640 773 2658 21
798 2632 968 2658 Thes-‘iurum
983 2629 1026 2657 hic
1041 2640 1090 2665 ego
1105 2631 1145 2656 ina

102 2671 152 2697 esse
165 2678 235 2696 reor.
306 2669 375 2695 Ter.
389 2667 464 2694 Adel.
479 2675 502 2700 ς,
516 2676 538 2699 3,
552 2669 582 2699 36
621 2668 706 2694 Multa
725 2668 755 2693 in
773 2666 883 2693 homine
897 2668 996 2693 Demea
1015 2666 1085 2700 signa
1104 2667 1145 2692 in-

102 2707 177 2739 sunt,
196 2714 228 2731 ex
249 2704 347 2739 quibus
361 2703 515 2730 coniedlura
533 2702 615 2731 facile,
628 2702 665 2728 sit.

101 2742 127 2768 Is
146 2740 215 2767 mihi
234 2740 333 2767 candor
353 2739 428 2765 inest.
500 2737 639 2765 Columbis
659 2737 725 2764 inest
743 2737 853 2772 quidam
870 2737 971 2772 gloriae
997 2732 1147 2763 intelletffiis

101 2776 171 2804 Plin.
187 2785 225 2808 10,
239 2780 279 2808 36.
350 2774 439 2802 Nobis
451 2773 517 2800 inest
530 2774 585 2808 spes
598 2773 681 2800 Plaut.
695 2773 770 2808 Capt.
785 2781 809 2805 2,
824 2782 843 2806 1,
858 2781 894 2806 53.
929 2773 995 2799 Plin.
1009 2773 1036 2798 in
1053 2774 1146 2806 Paneg.

104 2821 127 2838 c.
147 2817 174 2842 88
214 2811 266 2839 Cui
284 2810 342 2845 plus
361 2810 496 2841 inuidiae,
520 2818 599 2843 quarn
619 2808 825 2844 pulchritudinis
842 2808 917 2835 inest.
968 2808 1042 2844 Conf.
1062 2808 1145 2834 Ouid.

104 2848 196 2874 Amor.
208 2855 233 2880 3,
247 2855 269 2879 3,
282 2855 324 2880 34.
345 2853 368 2871 et
380 2846 471 2872 Tacit.
487 2845 555 2871 Hist.
569 2854 598 2878 4,
612 2853 651 2877 27,
666 2846 690 2871 6.
865 2841 885 2881 ff
906 2852 919 2870 2
952 2844 1146 2879 Definitionibus

910 2175 941 2199 Et
954 2174 1008 2199 Att.
1022 2181 1050 2204 4,
1065 2174 1103 2198 16.
1123 2178 1147 2197 et
1162 2180 1190 2205 53

1206 2457 1317 2483 tilenam
1338 2456 1412 2483 illam
1425 2456 1511 2485 suam,
1526 2460 1573 2480 etc.

1205 2492 1285 2526 Epist.
1303 2500 1342 2518 ιο.

824 2525 880 2551 Cic.
900 2524 932 2550 de
945 2525 1054 2550 Amicit.
1076 2533 1098 2550 c.
1119 2532 1143 2549 ει
1156 2529 1188 2561 63

738 2702 806 2729 Inest
820 2702 896 2728 huic:
914 2702 1030 2728 Martial.
1046 2710 1086 2734 147
1101 2708 1187 2737 14370
1206 2706 1339 2732 surratum
1352 2703 1449 2730 millies
1464 2710 1570 2728 nomen.

1207 1332 1291 1358 sectos
1305 1332 1421 1364 socium,
1442 1338 1487 1357 etc.
1560 1329 1668 1362 Insuper
1680 1327 1730 1359 his,
1741 1334 1788 1362 pro
1802 1329 1902 1353 Praeter
1915 1328 1980 1354 haec.

1207 1368 1318 1402 Insuper
1333 1366 1373 1393 his
1383 1387 1391 1399 ,
1406 1366 1491 1400 campi
1505 1365 1578 1400 quod
1591 1373 1638 1391 rex
1652 1363 1732 1390 habet
1747 1363 1800 1396 ipse
1813 1362 1932 1388 Latinus.

1245 1411 1254 1429 l
1264 1410 1283 1428 N
1294 1410 1307 1429 S
1316 1409 1336 1428 V
1349 1409 1363 1429 Ρ
1375 1410 1391 1429 E
1400 1409 1418 1428 R
1426 1409 1447 1428 A
1457 1408 1472 1428 Β
1483 1400 1517 1427 IL
1527 1408 1536 1427 1
1546 1408 1558 1427 S
1567 1419 1575 1433 ,
1599 1409 1622 1426 e.
1653 1399 1719 1425 Adi.'
1756 1398 1768 1431 [
1781 1397 1913 1432 u’n'rriyws,
1933 1397 2110 1433 οἶνυπέρβλητσ(
2124 1401 2136 1434 ]
2179 1400 2252 1436 Qffld

2020 1329 2090 1363 Virg.
2100 1330 2164 1356 Aen.
2179 1339 2205 1364 9,
2220 1333 2249 1357 61

782 1470 786 1474 Ι
1201 1439 1320 1475 superari
1332 1447 1381 1464 non
1396 1436 1491 1473 potest,
1505 1443 1527 1462 et
1543 1436 1647 1463 domari.
1683 1435 1750 1473 Plinz
1765 1433 1844 1473 Epist.
1860 1441 1925 1474 1‚'22
1950 1434 2117 1474 Rogauitque
2126 1441 2154 1461 vt
2167 1435 2250 1462 medi-

755 1470 812 1496 Cic.
827 1470 859 1496 de
871 1472 945 1497 Orat.
967 1480 988 1502 2,
1008 1478 1054 1505 257
1074 1480 1095 1496 c.
1111 1480 1143 1505 54
1159 1483 1187 1509 35
1206 1483 1251 1500 cos
1268 1473 1462 1500 consuleremus
1477 1472 1508 1498 de
1524 1473 1622 1498 summa
1634 1469 1807 1496 valetudinis:
1829 1475 1856 1494 vt
1871 1472 1889 1494 u
1904 1469 1962 1495 esset
1976 1470 2254 1505 1nsuperabilis,spon-

1207 1516 1233 1535 te
1244 1511 1331 1536 exiret
1343 1518 1357 1534 e
1370 1509 1435 1535 vita.
1504 1508 1591 1533 Genus
1606 1504 1784 1540 insuperabile
1803 1504 1873 1530 bello
1898 1504 1974 1538 Virg.
1988 1506 2052 1531 Aen.
2067 1515 2095 1538 4,
2110 1515 2155 1538 40.
2210 1508 2252 1533 [n-

1207 1545 1371 1580 superabile,
1390 1543 1464 1579 Qod
1470 1541 1622 1578 pertransiri
1635 1551 1683 1566 non
1696 1539 1777 1576 potest
1785 1547 1848 1574 prae
1864 1540 1997 1566 altitudine
2010 1547 2053 1566 am
2066 1543 2172 1568 locorum
2186 1540 2253 1576 d'ffi·

1207 1583 1309 1607 czdtate.
1347 1580 1406 1606 Liu.
1422 1588 1461 1611 21,
1476 1588 1500 1610 23
1521 1577 1663 1604 Constabat
1675 1585 1729 1602 non
1743 1582 1794 1602 tam
1808 1574 1881 1601 bello
1894 1581 1994 1608 motos,
2009 1584 2087 1610 quani
2100 1576 2254 1612 longinqui-

1207 1622 1258 1642 tate
1285 1616 1361 1648 viae,
1382 1613 1609 1649 insuperabilique
1635 1612 1744 1646 Alpium
1769 1610 1887 1637 transitu.
1941 1610 2015 1637 Idem
2034 1610 2102 1637 ibid.
2123 1621 2144 1638 c.
2163 1614 2203 1644 36.
2229 1619 2254 1639 cc

709 1647 783 1673 Ideni
798 1648 869 1674 Fam.
884 1657 922 1681 10,
936 1657 964 1680 24
995 1649 1035 1675 Ad
1047 1649 1187 1684 cogita-40
1206 1652 1274 1678 Gell.
1294 1660 1317 1683 13
1328 1671 1336 1683 ,
1358 1660 1376 1677 ι,

1243 1693 1284 1712 1rxv
1294 1695 1307 1713 s
1316 1693 1336 1710 v
1348 1693 1362 1712 ι’
1374 1692 1390 1712 Ε
1399 1692 1418 1711 R
1427 1691 1446 1710 A
1458 1681 1492 1710 ni
1502 1690 1518 1709 L
1530 1690 1538 1708 1
1550 1688 1573 1708 'r
1584 1690 1600 1710 E
1609 1689 1639 1708 R.
1667 1681 1735 1708 Adu.
1771 1679 1910 1714 Augustin.
1923 1679 1956 1711 de
1969 1680 2030 1706 Ciu.
2043 1680 2095 1706 Dei
2115 1687 2138 1712 ς,
2159 1685 2172 1711 8
2203 1681 2255 1708 Dei

1206 1722 1319 1757 potestas
1332 1719 1546 1754 insuperabiliter
1558 1727 1604 1752 per
1617 1717 1710 1743 cuneta
1722 1717 1877 1749 porrigitur.

1243 1765 1253 1783 1
1263 1764 1284 1783 N
1294 1764 1306 1782 s
1321 1763 1338 1781 v
1351 1763 1365 1782 Ρ
1376 1763 1391 1781 F.
1404 1762 1419 1779 κ
1432 1756 1483 1779 AT
1495 1760 1512 1774 x*
1525 1760 1538 1778 s
1548 1771 1556 1784 ,
1574 1762 1603 1781 a,
1623 1760 1677 1776 um.
1697 1750 1757 1776 Adi.
1794 1751 1875 1775 Corn.
1888 1749 1957 1775 Gall.
1972 1749 2010 1776 El.
2026 1758 2046 1782 1,
2059 1757 2085 1782 33
2120 1750 2256 1778 Toleran.

1207 1792 1244 1818 tia
1257 1799 1347 1817 rerum
1357 1809 1365 1821 ‚
1384 1787 1527 1822 Spernebat
1541 1786 1647 1812 cunetas
1661 1786 1809 1818 insuperata
1828 1785 1922 1810 minas.

1243 1832 1253 1850 1
1265 1833 1285 1851 N
1295 1832 1307 1850 s
1316 1830 1336 1849 ν
1345 1831 1363 1850 R
1373 1829 1393 1849 G
1404 1830 1423 1849 ο
1432 1841 1439 1852 ,
1461 1821 1577 1852 surrexi,
1594 1821 1682 1847 cetum
1691 1840 1700 1852 ,
1721 1823 1774 1846 ere.
1813 1820 1988 1854 [ὧι-αἴρομαι,
2002 1820 2168 1855 gundream]
2193 1821 2253 1847 Con-

1205 1866 1249 1885 tra
1261 1859 1376 1895 surgere,
1388 1860 1461 1884 etiam
1473 1856 1502 1883 tle
1513 1859 1670 1888 inmzimatir,
1684 1864 1742 1890 quae
1758 1864 1781 1879 υ.
1794 1864 1818 1889 g.
1827 1854 1985 1889 prospecsum
1997 1855 2141 1890 impediunt.
2178 1857 2253 1891 Virg.

1207 1895 1273 1921 Aen.
1288 1903 1314 1927 9,
1328 1903 1361 1926 34
1386 1892 1526 1919 Tenebras
1546 1892 1682 1924 insurgere
1699 1890 1804 1923 campis.
1875 1890 1944 1915 Pone
1965 1895 2067 1924 tergum
2082 1891 2145 1917 deae
2162 1892 2253 1918 saxum

1208 1931 1321 1963 insurgit
1339 1928 1416 1962 Apul.
1433 1927 1518 1953 Miles.
1535 1935 1551 1952 2
1570 1936 1594 1960 p.
1611 1929 1659 1951 116.
1732 1925 1816 1950 Altius
1835 1929 1915 1958 atque
1935 1925 2014 1950 altius
2031 1925 2114 1952 verba
2135 1926 2254 1953 dicuntur

1208 1965 1344 1998 insurgere
1366 1962 1497 1995 Qunffil.
1512 1967 1535 1993 8,
1548 1970 1577 1994 4,
1591 1969 1631 1995 27.
1702 1960 1791 1985 Altior
1810 1959 1946 1994 insurgens
1968 1960 2044 1994 Virg.
2059 1962 2124 1987 Aen.
2145 1969 2176 1993 ιι,
2191 1965 2252 1996 697.

1992 1996 2066 2028 Virg.
2089 1998 2151 2021 Aen.
2173 2005 2195 2029 5,
2209 2004 2254 2030 289

1209 2035 1290 2061 Nunc
1302 2042 1371 2060 nunc
1385 2033 1512 2067 insurgite
1526 2032 1607 2058 remis
1627 2030 1756 2056 Hefflorei
1770 2031 1844 2060 socii,
1881 2031 2031 2064 Insurguut,
2045 2039 2068 2056 et
2080 2032 2169 2057 tollunt
2176 2033 2206 2068 Ji·
2219 2036 2255 2059 al.

1207 2073 1274 2102 tius,
1295 2072 1337 2104 qui
1357 2072 1405 2094 mu·
1425 2071 1604 2097 veae-mennas,
1623 2074 1645 2092 c!
1665 2067 1801 2091 incumbere
1814 2066 1908 2091 volunt.
1980 2066 2049 2101 Ptin.
2061 2067 2152 2100 Paneg.
2172 2071 2216 2099 ⁶6,
2238 2077 2254 2095 2

1209 2106 1344 2139 Capessere
1363 2103 1433 2138 quasi
1448 2103 1596 2129 communis
1610 2101 1719 2134 imperii
1732 2109 1822 2133 curas,
1841 2101 1985 2136 inuigilare
2002 2101 2116 2135 publicis
2130 2103 2254 2130 Vtilitati-

1207 2140 1255 2166 bus
1269 2145 1295 2165 et
1308 2139 1451 2172 insurgere.
1486 2168 1488 2170 ‚

1245 2182 1253 2199 1
1265 2182 1287 2200 N
1295 2181 1307 2200 S
1317 2180 1337 2198 v
1347 2180 1359 2200 S
1369 2180 1388 2197 V
1397 2180 1415 2199 R
1424 2179 1443 2198 R
1454 2178 1473 2198 0
1484 2191 1492 2204 ,
1512 2175 1566 2198 Ere.
1601 2169 1792 2205 [ἔπιῷιθυρίζω]
1830 2172 1860 2197 In
1874 2180 1946 2197 aures
1957 2172 2045 2197 leniter
2058 2172 2126 2207 qutci
2136 2179 2161 2198 et
2178 2175 2257 2199 veluti

1208 2219 1261 2235 cum
1283 2208 1385 2244 quodam
1398 2207 1510 2243 susurro.
1547 2206 1604 2233 Cic.
1619 2207 1695 2232 Acad.
1710 2215 1736 2239 4,
1750 2215 1798 2240 147
1830 2208 1929 2232 Verum
1949 2208 2076 2240 quoniam
2096 2217 2150 2233 non
2170 2209 2256 2236 solum

1209 2250 1286 2271 nauta
1308 2243 1449 2278 significat,
1471 2243 1513 2269 sed
1533 2243 1614 2268 etiam
1628 2242 1761 2268 Fauonius
1775 2242 1828 2276 ipse
1848 2241 2006 2272 insusurrat,
2021 2243 2165 2276 nauigandi
2177 2244 2256 2271 nobis

1211 2286 1313 2314 tempus
1329 2281 1385 2309 effe,
1407 2287 1453 2305 etc.
1524 2279 1579 2305 Cic.
1594 2279 1766 2308 Verr.1‚120
1804 2277 1826 2302 A
1843 2285 1894 2310 qua
1914 2276 2027 2302 muliere
2047 2287 2128 2312 quum
2148 2287 2203 2306 erat
2222 2280 2256 2307 ad

1209 2324 1269 2341 eum
1284 2321 1392 2341 ventum
1401 2334 1409 2347 ,
1428 2320 1453 2341 et
1466 2313 1494 2340 in
1507 2322 1598 2339 aurem
1611 2314 1667 2339 eius
1682 2312 1887 2343 insusurratum,
1900 2311 1963 2338 alias
1978 2313 2119 2339 reuocabat
2137 2324 2196 2347 eos,
2209 2324 2255 2342 etc.

1722 2347 1888 2373 Insusurrare
1904 2348 1997 2374 crebro
2013 2349 2167 2376 cantilenam
2182 2352 2256 2378 suam

1208 2387 1295 2413 alteri.
1349 2386 1404 2412 Cic.
1421 2386 1474 2410 Att.
1491 2392 1510 2415 1,
1525 2386 1553 2409 16
1581 2384 1668 2417 Atque
1688 2382 1725 2408 ita
1746 2382 1863 2413 (tametsi
1878 2383 1911 2408 iis
1925 2384 2000 2409 nouis
2020 2385 2147 2411 amicitiis
2167 2387 2256 2420 impli-

1208 2422 1259 2448 cati
1279 2423 1384 2450 sumus)
1409 2426 1438 2446 vt
1455 2419 1550 2445 crebro
1567 2418 1643 2445 vafer
1663 2417 1710 2444 ille
1729 2418 1829 2444 Siculus
1847 2419 1993 2445 insusurret
2009 2419 2179 2453 Epicharmus
2198 2431 2256 2448 can-

1665 2453 1829 2486 Turpissima
1850 2460 1913 2480 vota
1933 2454 1990 2480 Diis
2010 2455 2173 2484 insusurrant
2197 2458 2255 2484 Sen-

1242 2535 1251 2554 1
1263 2534 1284 2553 N
1295 2533 1386 2554 svsv
1396 2532 1444 2552 RR
1453 2532 1473 2551 Α
1484 2532 1504 2550 N
1515 2531 1527 2550 s
1536 2543 1545 2556 ,
1564 2524 1641 2550 antis.
1682 2523 1774 2550 Partic.
1812 2523 1867 2549 Cic.
1886 2523 1969 2549 Tust.
1991 2531 2013 2555 ς,
2033 2532 2075 2556 103
2096 2534 2117 2551 c.
2132 2528 2164 2558 36
2203 2527 2255 2554 De-

1206 2563 1355 2589 mosthenes
1375 2561 1424 2587 illo
1444 2561 1550 2587 susurro
1564 2559 1690 2586 delectari
1704 2559 1730 2585 se
1751 2558 1854 2585 dicebat
1867 2567 1962 2593 aquam
1981 2559 2092 2586 ferentis
2113 2562 2255 2590 muliercu-

1209 2599 1267 2630 lae,
1289 2604 1318 2623 vt
1337 2605 1394 2623 mos
1413 2597 1442 2622 in
1465 2595 1575 2623 Graecia
1587 2594 1631 2626 est,
1645 2594 1884 2629 insusurrantisque
1898 2595 1991 2628 alteri,
2012 2595 2064 2622 Hic
2083 2596 2119 2622 est
2138 2597 2184 2624 ille
2203 2600 2254 2626 De.

1205 2632 1363 2660 mosthenes.
2109 2641 2111 2645 .

1245 2676 1285 2695 IN
1295 2676 1308 2695 s
1319 2675 1340 2695 v
1351 2675 1363 2695 s
1375 2674 1395 2693 v
1407 2674 1425 2693 R
1434 2673 1454 2693 R
1464 2673 1484 2694 Α
1498 2672 1519 2692 Τ
1530 2672 1571 2692 vs
1581 2684 1588 2697 ‚
1608 2673 1632 2696 a,
1651 2673 1705 2690 um.
1724 2665 1791 2692 Part.
1819 2665 1876 2691 Sen.
1886 2665 1917 2692 de
1928 2666 2004 2692 Breu.
2014 2665 2069 2692 Vir.
2089 2675 2109 2692 c.
2123 2675 2152 2700 14
2181 2669 2253 2696 lusu.

1635 2700 1740 2727 Secteto
1755 2701 1944 2728 insusurratum
1959 2700 2048 2728 Sidon.
2062 2703 2107 2736 Ep.
2122 2710 2144 2735 ς,
2157 2706 2181 2730 6.

1246 2743 1568 2769 insvsx‘RRA'rio,
1595 2735 1664 2762 onis.
1701 2736 1721 2761 f.
1759 2736 1874 2770 Capitol.
1894 2736 1923 2763 in
1949 2737 2047 2763 Anton.
2068 2737 2164 2765 Phuos.
2183 2749 2204 2766 c.
2225 2749 2254 2773 19

1208 2777 1278 2803 Cum
1298 2777 1358 2801 suos
1375 2783 1462 2802 mores
1482 2774 1584 2807 semper
1602 2776 1717 2803 teneret,
1731 2780 1816 2806 neque
1836 2772 1948 2799 alicuius
1967 2773 2177 2801 insusurratione
2197 2785 2255 2802 mu-
2283 2793 2286 2796 Δ

1205 2818 1315 2839 taretur.

1243 2849 1542 2876 insvscrr‘rvs,
1563 2851 1593 2874 a,
1612 2851 1668 2869 um.
1699 2840 1762 2867 Adi.
1798 2838 1932 2875 [ἅδεκτος]
1972 2841 2054 2869 Ouid.
2074 2842 2107 2870 ad
2125 2844 2185 2870 Liu.
2207 2853 2255 2880 ¹97

94 2883 189 2920 struit.
224 2883 280 2909 Cic.
293 2881 325 2908 de
337 2879 414 2908 offic.
430 2891 437 2907 1
452 2891 473 2907 c.
487 2891 506 2915 4
524 2879 697 2920 Omne-quod
710 2879 849 2906 honestum
863 2879 914 2912 est,
927 2878 955 2906 id
968 2885 1083 2920 quatuor
1090 2889 1146 2914 par·
1158 2887 1190 2914 75
1207 2882 1291 2913 Dixit,
1305 2888 1330 2908 et
1343 2882 1425 2908 iratus
1438 2885 1503 2907 vota
1521 2879 1667 2913 insuscepta
1678 2877 1806 2912 reliquit,
1819 2886 1867 2903 non
1881 2877 2005 2913 Jicscepta.

101 2918 172 2946 tium
191 2918 313 2944 exoritur
332 2926 364 2943 ex
376 2917 472 2951 aliqua.
507 2917 559 2943 Aut
577 2924 649 2942 emm
663 2925 692 2942 m
710 2916 895 2951 perspicientia
911 2915 970 2942 veri
984 2916 1147 2950 solert1aque

101 2955 236 2984 versatur,
254 2959 299 2980 aut
313 2953 341 2979 in
354 2952 495 2979 hominum
510 2952 630 2978 societate
650 2951 746 2978 tuenda
781 2966 826 2970 —
860 2957 905 2977 aut
918 2951 947 2978 in
958 2952 1042 2978 animi
1053 2951 1145 2978 excelsi

102 2997 182 3024 atque
194 2989 292 3015 inuic'ti
305 2988 488 3023 magnitudine
500 2997 529 3014 ac
542 2987 657 3018 robore3
672 2991 717 3013 aut
732 2987 761 3013 in
774 2987 894 3013 omnium
908 2996 974 3022 quae
988 2987 1055 3014 siunt
1068 2996 1147 3022 quae-

104 3035 157 3060 que
170 3025 311 3056 dicuntur,
323 3023 417 3051 ordine
435 3033 465 3051 ae
478 3022 576 3055 modo,
588 3023 617 3050 in
630 3031 685 3058 quo
705 3022 772 3049 inest
784 3022 912 3050 modestia
931 3032 960 3050 ac
971 3023 1147 3058 temperantia

108 3060 167 3089 vid.
187 3067 222 3087 1N
248 3069 274 3086 n.
297 3068 318 3086 2.

140 3103 151 3121 1
162 3097 315 3128 NsV'MO,
337 3095 373 3125 si,
398 3100 470 3126 tum,
493 3095 547 3122 ere.
573 3094 680 3130 Quidam
697 3095 792 3121 malunt
809 3092 860 3129 psi,
879 3098 961 3128 ptum.
998 3094 1146 3126 [immicum

103 3129 235 3164 δακανάω]
271 3133 308 3158 Im
328 3131 426 3161 endere,
439 3130 582 3165 consumere.
619 3130 675 3156 Cic.
689 3131 740 3157 Att.
755 3137 778 3163 ς,
792 3138 822 3165 17
848 3130 905 3156 Nos
917 3135 1004 3156 tamen
1013 3150 1021 3162 ,
1036 3130 1081 3156 etsi
1095 3130 1146 3156 hoc

104 3172 132 3194 te
146 3175 177 3193 ex
193 3165 254 3192 aliis
268 3175 301 3193 au
322 3167 362 3193 ire
373 3167 459 3197 malo,
472 3168 504 3192 sic
520 3166 548 3192 in
562 3164 703 3200 prouincia
715 3174 764 3192 nos
778 3166 902 3199 gerimus,
915 3171 944 3192 vt
956 3166 1043 3192 nullus
1057 3172 1146 3193 terun-

103 3203 158 3229 tius
176 3202 323 3229 insumatur
340 3203 370 3228 in
388 3211 546 3237 quenquam.
633 3202 731 3228 Curam
749 3202 881 3228 insumere
907 3200 940 3227 ad
959 3201 1146 3235 speculandum

107 3272 269 3309 propositam
281 3270 444 3300 arbitrantur
457 3273 548 3306 fuisse,
567 3272 615 3308 qui
628 3278 728 3299 tantum
740 3274 857 3307 praesens
869 3272 988 3304 lucrum,
1002 3273 1074 3300 nulla
1087 3282 1149 3307 ope-

831 3309 946 3343 Operam
968 3308 1064 3336 frustra
1088 3309 1150 3336 Liu.

107 3354 148 3377 10,
162 3349 196 3374 18.
267 3342 482 3382 Cic-4de1nuent.
495 3353 521 3377 2,
536 3353 573 3376 113
586 3353 609 3370 c.
624 3349 651 3376 38
678 3345 709 3370 In
727 3343 865 3371 hominem
884 3349 986 3375 autem,
997 3344 1095 3379 quibus
1109 3353 1150 3371 ra-

107 3380 229 3407 tionibus
246 3377 362 3410 vixer1t‚
378 3379 444 3413 quid
461 3381 559 3407 sumtus
576 3380 605 3406 in
626 3389 684 3406 cam
696 3388 753 3406 rem
766 3386 812 3407 aut
831 3380 931 3407 laboris
946 3380 1082 3415 sumserit„
1101 3388 1147 3407 etc.

108 3416 171 3444 Stat.
183 3413 275 3442 Theb.
294 3421 339 3444 η,
357 3415 407 3447 643

263 3448 416 3475 Terrarum
429 3449 506 3484 leges,
518 3456 545 3478 et
554 3451 648 3478 mundi
663 3449 772 3477 foedera
785 3459 888 3477 mecum

265 3483 412 3512 Defensura
423 3493 531 3517 manuS,
552 3487 642 3522 dignas
656 3486 782 3513 insumite
795 3487 897 3514 Mentes

261 3520 393 3553 2Coeptis,
410 3529 435 3556 q.
452 3519 477 3547 d.
495 3524 565 3548 intus
575 3523 676 3558 sumite.

108 3555 215 3619 ¹1}ssan
244 3554 388 3582 insumsere
419 3555 486 3583 latus
517 3558 630 3591 montis,
657 3561 675 3585 i.
708 3558 867 3593 Occuparunt
880 3577 888 3591 ,
915 3555 1056 3593 insiderant
1087 3555 1148 3583 Stat.

161 3601 173 3617 e
197 3611 202 3617 .
222 3599 252 3623 2,
271 3599 311 3623 39.

144 3635 156 3654 1
165 3634 207 3654 Ns
217 3633 238 3652 V
249 3632 279 3657 ο,
295 3626 333 3657 ui,
353 3627 443 3657 situm,
463 3626 517 3652 ere.
551 3626 723 3664 [ἐπιρρέει-τω]
762 3628 829 3655 [dem
843 3628 906 3664 quod
918 3627 1011 3655 Suenda
1024 3628 1149 3654 inuoluere

748 3666 823 3698 Qiae
843 3666 912 3691 intra
930 3664 1015 3697 capita
1033 3663 1149 3689 insuitur

371 3698 446 3723 Auro
464 3696 551 3723 insuto
570 3706 660 3732 graues
678 3700 759 3727 vestes
777 3700 858 3727 Ouid.
873 3700 905 3726 de
919 3701 980 3726 Arte
995 3700 1053 3724 Am.
1069 3707 1092 3730 3,
1105 3706 1148 3729 131.

110 3733 204 3768 Terga
223 3733 306 3760 boum
324 3732 434 3767 plumbo
455 3731 559 3763 insuto,
577 3732 702 3769 ferroque
721 3735 844 3771 rigebant
870 3736 946 3769 Virg.
967 3735 1032 3761 Aen.
1052 3742 1073 3765 ς,
1094 3741 1149 3766 503.

109 3768 214 3795 Insutus
234 3769 327 3801 culeo,
350 3774 373 3794 et
390 3768 493 3794 Insutus
509 3767 537 3793 in
555 3768 661 3794 culeum
682 3771 768 3798 Valet,
783 3773 854 3798 Max.
874 3781 895 3804 1,
911 3779 929 3800 1,
944 3778 976 3802 13.

110 3804 186 3831 ROsC-
202 3805 290 3830 Amel‘·
304 3813 325 3830 C·
341 3812 371 3829 ¹¹·
392 3809 415 3829 Εἴ
436 3804 473 3836 Ο,-
488 3803 557 3829 Ρῐᾶῒ·
578 3811 597 3833 1,
617 3811 638 3828 2·
707 3807 754 3839 Per
771 3809 1030 3840 translationem‚pro
1047 3805 1151 3831 Coniun-

110 3849 175 3875 gere.
210 3840 273 3866 Liu.
293 3849 339 3873 40,
352 3847 377 3871 51
407 3837 522 3872 Lepidus
544 3838 643 3864 molem
666 3838 698 3865 ad
723 3840 898 3869 Tarracinam
922 3843 1052 3875 ingratum
1076 3849 1150 3873 opus,

110 3875 182 3908 quod
195 3875 301 3909 praedia
313 3873 426 3901 habebat
440 3873 496 3907 ibi,
514 3874 698 3908 priuatamque
711 3875 830 3909 publicae
843 3879 884 3906 rei
904 3878 1048 3912 impensam
1067 3876 1151 3902 insite.

108 3915 165 3941 rat‚
184 3916 231 3937 etc.

109 3697 187 3732 pellis
200 3698 298 3724 mollis.

263 3988 347 4009 v01..
367 3981 407 4008 11.

339 3238 396 3264 Cic.
410 3239 486 3264 Verr.
506 3244 588 3270 3,130
617 3238 750 3271 Qiantam
773 3237 856 3272 igitur
876 3237 919 3263 illi
940 3238 1011 3271 spem
1034 3237 1146 3272 praedae
1159 3241 1189 3271 ες

1159 3597 1193 3624 95
1210 3601 1233 3620 te
1253 3604 1293 3626 er,
1309 3593 1498 3623 immaculatus,
1514 3592 1664 3625 impollutus.

1211 3631 1223 3656 Ι
1242 3639 1285 3656 em
1306 3638 1328 3662 ς,
1341 3634 1368 3661 38
1394 3627 1493 3661 Integri
1512 3625 1658 3658 intae'tique
1677 3624 1809 3658 fugerunt.

1210 3668 1316 3691 crimina
1330 3674 1378 3691 non
1391 3662 1660 3695 haerent,deSc1pione
1672 3660 1797 3695 Africano
1812 3657 1871 3683 Liu.
1891 3662 1926 3688 38,
1941 3665 1965 3689 51
1988 3657 2101 3683 Infamia
2115 3657 2252 3686 inmotum,

1212 3701 1317 3727 inuidia
1337 3708 1388 3734 qua
1407 3700 1524 3733 possunt,
1549 3701 1651 3730 urgent.

1210 3738 1278 3762 nulla
1291 3734 1436 3771 fiaeperflitio
1449 3736 1533 3768 tangit
1546 3732 1606 3758 Liu.
1621 3739 1643 3762 ς,
1658 3737 1690 3762 ¹3·

1031 3770 1086 3796 Cic.
1102 3777 1202 3803 pr0100
1213 3780 1235 3803 2,
1250 3780 1271 3803 3,
1286 3780 1306 3803 ι,
2215 3796 2220 3799 .

1211 3806 1268 3833 &us
1281 3815 1295 3832 a
1309 3805 1387 3832 sibilo
1407 3809 1561 3839 peruenerat
1574 3800 1729 3827 Hortenfius
1748 3800 1781 3826 ad
1800 3799 1975 3831 seneclutem,
1994 3805 2114 3830 nunquam
2132 3797 2251 3831 explosus.

1211 3841 1303 3868 Baetra
1317 3840 1414 3867 intaeta
1427 3841 1484 3865 sunt
1493 3839 1568 3865 Curt.
1581 3845 1603 3869 ς,
1615 3846 1642 3870 9,
1657 3844 1678 3869 ς.

1213 3877 1326 3903 Carmen
1343 3875 1471 3903 intactum
1491 3874 1610 3902 Graecis,
1628 3871 1711 3898 Satira
1738 3871 1809 3898 Idem
1831 3871 1912 3897 Serm.
1933 3878 1952 3897 ι,
1973 3876 2006 3895 ιο,
2025 3867 2066 3891 66.

1213 3912 1311 3938 intaeta
1324 3912 1449 3938 iuuencae
1463 3910 1536 3943 Virg.
1549 3909 1648 3941 Georg.
1661 3916 1690 3940 4,
1704 3915 1752 3940 551.

104 3985 106 3987 ·
146 3950 208 3971 ms
218 3951 268 3972 v'r
278 3953 288 3972 1
299 3950 317 3972 c
327 3950 407 3977 1VS,
421 3953 452 3978 a,
470 3952 524 3971 um.
546 3943 605 3971 Adi.
639 3943 792 3979 Apu1.Met.
803 3948 821 3973 6
833 3955 897 3976 extr.
918 3948 1004 3975 Placet
1022 3961 1066 3968 —
1084 3945 1201 3981 afino105
1212 3948 1274 3976 Liu.
1286 3954 1313 3982 7,
1349 3966 1358 3974 .
1394 3966 1401 3973 .

1243 2926 1254 2945 1
1263 2925 1285 2944 N
1295 2925 1307 2944 s
1315 2925 1336 2944 v
1346 2924 1359 2943 s
1368 2923 1383 2942 Ρ
1392 2924 1402 2942 1
1410 2922 1427 2942 c
1436 2922 1457 2941 A
1466 2921 1530 2941 1311.
1540 2921 1550 2940 1
1559 2922 1572 2941 s
1580 2934 1587 2946 ,
1607 2923 1630 2940 e.
1650 2913 1710 2940 Adi.
1747 2913 1852 2947 Vulgat.
1861 2914 1939 2939 Sirac.
1957 2922 1989 2945 11,
2003 2921 2025 2946 ς.
2042 2913 2208 2946 divvs-ominus,
2224 2915 2254 2942 de

1207 2962 1255 2990 quo
1273 2962 1322 2979 non
1341 2950 1375 2986 qs}
1389 2951 1509 2987 suspicio.

1248 2996 1257 3015 1
1269 2996 1291 3015 N
1301 2995 1313 3014 s
1325 2994 1345 3013 v
1356 2995 1369 3014 s
1377 2993 1399 3012 ‘r
1409 2993 1425 3012 E
1435 2993 1456 3012 N
1466 2993 1487 3012 T
1497 2993 1519 3012 A
1527 2992 1543 3012 Β
1552 2992 1561 3010 1
1572 2992 1589 3015 L
1599 2991 1608 3010 1
1618 2992 1630 3012 s
1639 3004 1648 3018 ,
1667 2993 1691 3010 e.
1721 2983 1783 3011 Adi.
1819 2984 1871 3010 Hic
1887 2983 2080 3010 insustentabili
2094 2984 2255 3012 dominatio-

1207 3034 1241 3051 ne
1257 3023 1365 3050 vexabit
1381 3021 1475 3049 orbem
1488 3020 1605 3048 Laetam.
1618 3028 1644 3055 7,
1663 3022 1701 3047 16.
1719 3029 1779 3056 quae
1794 3019 1930 3056 fiastineri,
1949 3023 1990 3046 cui
2006 3019 2086 3053 resilii
2101 3030 2149 3047 non
2162 3020 2254 3056 potest.

1158 3063 1191 3090 80
1208 3059 1278 3089 Add.
1292 3059 1329 3086 Id.
1345 3058 1376 3084 de
1391 3058 1473 3085 Mort.
1487 3058 1584 3084 Perscc.
1598 3066 1619 3083 c.
1634 3064 1679 3090 49.
1841 3067 1846 3072 ·

1245 3099 1446 3126 INSVTVS,
1481 3091 1535 3120 vid.
1573 3097 1706 3121 1Nsvo.

1578 3166 1592 3197 I
1700 3163 1732 3196 N
1843 3162 1878 3194 T

1245 3245 1255 3265 1
1266 3244 1288 3264 N
1298 3243 1320 3263 T
1330 3243 1351 3264 A
1360 3244 1376 3264 B
1383 3244 1399 3264 E
1407 3243 1420 3265 S
1430 3242 1448 3263 C
1457 3242 1477 3264 0
1485 3256 1493 3268 ‚
1519 3237 1574 3264 ere.
1610 3219 1777 3267 [ιὲντῆκομαι]
1817 3231 1949 3267 Tabeftere
1967 3231 2109 3266 paullatim.
2145 3232 2252 3260 Colum.

1210 3283 1239 3308 4,
1253 3282 1266 3306 3
1293 3273 1410 3300 Nouella
1429 3282 1496 3299 vero
1511 3271 1575 3298 dum
1594 3270 1735 3300 adolescit,
1753 3267 1801 3294 nisi
1818 3269 1908 3294 omnia
1921 3267 1986 3293 iusta
1999 3267 2157 3301 perceperit,
2170 3269 2202 3294 ad
2217 3269 2254 3295 vl.

1209 3311 1303 3336 timam
1317 3309 1446 3343 redigitur
1459 3308 1588 3338 maciem,
1607 3312 1633 3332 et
1651 3305 1684 3331 sic
1701 3303 1854 3335 intabescit,
1874 3309 1903 3329 vt
1918 3303 1997 3329 nullis
2011 3301 2132 3337 deinceps
2151 3304 2253 3338 impen-

1210 3345 1240 3371 sis
1259 3345 1373 3371 recreari
1392 3343 1472 3378 possit.

1211 3381 1280 3407 Cibo
1294 3381 1465 3406 interminato
1479 3378 1646 3404 intabuissent
1659 3374 1772 3411 pupulae
1786 3375 1853 3401 Hor.
1865 3374 1946 3409 Epod.
1964 3381 1986 3405 ς,
1999 3382 2045 3404 40.

1159 3425 1195 3451 90
1210 3416 1308 3443 morbo
1326 3416 1487 3442 intabescere
1508 3414 1564 3440 Cic.
1578 3413 1610 3439 de
1622 3412 1658 3439 N.
1672 3413 1703 3438 D.
1717 3420 1740 3443 3,
1752 3415 1784 3443 84
1804 3419 1825 3436 c.
1838 3418 1875 3442 33.

1211 3453 1239 3479 ob
1252 3452 1356 3478 dolorem
1369 3452 1426 3477 Sen.
1441 3449 1532 3481 Polyb.
1547 3458 1568 3475 c.
1583 3457 1627 3481 24.

1567 3343 1634 3368 Cera
1654 3339 1791 3367 intabescit
1809 3339 1868 3373 igne
1889 3339 1945 3365 leui
1973 3338 2054 3364 Ouid.
2069 3339 2132 3365 Met.
2151 3348 2174 3371 3,
2191 3342 2252 3372 486.

2117 3374 2253 3401 Diuturno

1946 3409 2057 3440 Dolori,
2078 3412 2096 3435 i.
2115 3413 2142 3435 in
2163 3410 2253 3442 dolore,

1698 3447 1778 3473 Glans
1797 3445 1919 3479 plumbea
1937 3444 2075 3470 intsbescit
2094 3445 2175 3472 Ouid.
2189 3447 2255 3475 Met.

1214 3496 1254 3520 14,
1273 3490 1330 3513 226.
1350 3490 1369 3513 i.
1387 3486 1521 3521 Liquescit.
1590 3483 1701 3510 Pruinae
1723 3481 1867 3507 matutinae
1888 3480 2050 3507 intabescunt
2071 3480 2126 3506 sole
2149 3487 2254 3515 tepente

1209 3523 1283 3550 Idem
1298 3524 1362 3549 Met.
1375 3530 1398 3554 3,
1412 3526 1473 3555 487.

1247 3566 1256 3584 Ι
1267 3565 1289 3585 Ν
1300 3564 1321 3584 Τ
1331 3565 1353 3584 Α
1362 3563 1379 3584 c
1391 3563 1412 3583 T
1421 3563 1441 3582 V
1451 3563 1463 3582 S
1473 3575 1482 3588 ,
1500 3563 1529 3586 a,
1547 3563 1602 3581 um.
1620 3552 1681 3580 Adi.
1718 3552 1857 3587 [ἔθα-νος,
1873 3548 1998 3583 ἔψαυε-ος]
2036 3551 2094 3576 Non
2107 3550 2201 3584 tactus,
2215 3554 2255 3577 in.-

1716 3587 1848 3614 Intatstum
1869 3585 2082 3620 inuiolatumque
2099 3585 2159 3612 Liu.
2181 3596 2202 3617 2,
2221 3596 2254 3613 12.

1880 3620 1994 3647 lutacius
2017 3621 2143 3653 infamia,
2159 3625 2185 3647 in
2206 3631 2252 3656 quo

1723 3693 1819 3720 lmaffi
1837 3693 1969 3724 religione
1989 3692 2071 3718 animi
2093 3693 2149 3722 vir,
2173 3692 2251 3724 Qem

1762 3729 1802 3755 Ab
1817 3727 1906 3754 alieno
1919 3729 2032 3761 imperio
2048 3726 2139 3753 intacti
2158 3726 2249 3751 lustin.

1377 3771 1434 3796 Cic.
1447 3770 1518 3795 Fam.
1533 3772 1556 3799 8,
1570 3776 1582 3792 2
1611 3767 1670 3791 Hoc
1692 3765 1774 3799 magis
1791 3763 2002 3790 animaduersum
2025 3762 2076 3793 est,
2092 3760 2164 3794 quod
2183 3761 2250 3786 inta-

1749 3836 1835 3862 Boues
1847 3834 1959 3861 intaffae
1972 3833 2063 3858 Horat.
2076 3830 2157 3864 Epod.
2171 3839 2198 3862 9,
2211 3839 2249 3869 ρει.

2138 3866 2159 3891 C
2162 3873 2250 3891 eruice

1825 3907 1927 3939 Corpus
1940 3901 2067 3928 intaeium
2081 3908 2094 3926 a
2108 3900 2249 3926 vexatione

1474 3945 1546 3972 Grex
1559 3944 1686 3976 intaetut,
1698 3941 1861 3970 Indomitum
1875 3945 2022 3966 armentum
2034 3935 2153 3963 Seruius:
2174 3934 2249 3969 Virg.

1407 3989 1424 4016 7
1441 3980 1466 4007 Η
2186 3971 2250 3996 Aen.
