2479 4225
302 215 365 252 323
666 191 702 233 E
787 191 818 230 F
904 189 937 228 F
1740 174 1775 215 E
1863 176 1901 215 G
1990 174 2026 215 E
2335 182 2404 222 324
2443 205 2446 209 .

306 288 401 316 Sallust.
419 288 473 320 Iug.
489 292 526 318 55,
539 292 567 318 4·
636 282 706 316 Fuga
724 280 782 307 Liu.
795 285 812 312 7
823 283 846 303 et
859 284 877 314 ¹:
945 269 1085 298 Fructibus
1103 268 1185 309 effusis
1205 273 1232 292 ac
1246 263 1320 305 *diffin-
1373 268 1414 307 vti
1426 272 1468 292 nec
1482 265 1580 305 lidurus
1600 263 1672 291 valde
1683 263 1778 304 'durum
1796 269 1884 295 notat,
1897 263 1945 298 fid
1963 264 2045 305 qui'de·
2059 263 2151 290 duritie
2169 260 2265 297 aliquid
2276 255 2417 294 remistrit.

305 325 369 360 paris
395 322 450 347 Cic.
470 321 501 346 de
515 321 544 345 L.
563 318 624 352 Agr.
640 326 665 348 2,
679 321 715 346 gg.
784 310 911 338 Grandine
939 305 1017 347 effusa
1036 307 1203 343 praecipitant
1225 300 1312 326 nimbi
1375 301 1415 327 Sic
1427 300 1550 327 Eualidus
1564 299 1748 350 etysz'albidus.
1781 334 1787 348 Ζ
1817 299 1939 333 Tepores
1951 300 2047 334 egelidi
2066 299 2162 339 Catull.
2176 307 2223 332 44,
2237 305 2256 322 i.
2325 293 2404 323 Colu-

304 361 376 391 Virg.
392 358 454 382 Aen.
470 365 505 386 10,
519 360 573 386 805.
640 354 758 378 Honores
771 348 836 379 Nep.
852 353 870 375 i,
883 345 909 374 6,
922 350 942 366 2.
963 351 981 380 ι.
1004 340 1164 380 iniiiioderati.
1213 335 1317 375 'Imber
1375 335 1435 360 mel.
1450 344 1486 366 io,
1501 342 1547 366 282
1570 336 1648 375 λιφε
1661 344 1708 361 ver
1723 333 1871 368 egelidum,
1890 342 1957 360 nunc
1972 334 2007 361 est
2021 334 2182 374 mollilhnius
2196 340 2285 359 annus.
2338 328 2406 381 Cels.

304 394 398 419 effusus
418 390 532 417 nubibus
562 389 635 421 Virg.
654 388 747 417 Georg.
762 392 787 413 4,
804 388 855 412 312.
925 376 999 402 ltalia
1025 377 1080 402 Cic.
1102 382 1149 408 pro
1171 372 1259 397 Deiot.
1282 379 1314 397 ιι.
1376 379 1398 401 3,
1413 378 1440 395 22
1466 371 1541 396 Tum
1560 378 1585 397 et
1599 373 1713 403 Vinum,
1731 370 1749 397 fi
1769 369 1836 396 tussis
1853 377 1908 395 non
1920 369 1970 402 est,
1996 378 2071 405 potui
2091 368 2220 404 frigidum
2240 364 2368 395 dandum,
2386 363 2406 390 fi
2441 382 2444 384 -

303 429 383 457 lubae
396 427 488 453 effusae
507 433 552 459 per
564 423 627 449 colla
647 421 689 446 Sil.
703 422 738 449 16,
774 435 780 441 .
816 433 822 439 .
890 413 1014 437 quentus
1033 410 1101 444 agris
1124 408 1197 440 Virg.
1211 407 1274 432 Aen.
1289 414 1316 445 7,
1336 413 1350 438 5
1375 413 1440 431 vero
1460 405 1510 436 est,
1530 405 1669 440 egelidum.

305 472 362 492 222.
434 460 595 495 Largitiones
614 456 679 488 Nep-
695 460 732 483 25,
750 453 775 481 6²
789 457 811 475 Ζ·
960 483 962 485 ,
1183 477 1187 481 .
1286 477 1302 480 .-
1719 480 1722 483 ι
1743 480 1746 482 .
1948 477 1952 482 .
1995 478 1998 482 .
2054 479 2059 483 ,
2170 475 2174 479 .
2278 473 2282 477 .

304 500 398 526 fauore
416 493 603 523 multitudinis,
618 498 676 514 cum
695 484 836 520 plaufibus,
857 481 1081 514 clamoribusque,
1099 484 1124 504 et
1144 475 1238 511 quibus
1258 476 1317 502 aliis
1375 483 1447 510 aegre
1460 484 1549 502 carcre.
1590 478 1776 515 TamGemtJuO
1788 485 1857 511 quam
1865 476 2109 536 Ablatiuozunignur.
2144 475 2200 500 cic.
2215 473 2247 500 de
2255 473 2312 499 Fm.
2326 480 2352 503 2,
2373 490 2379 496 .
2400 489 2409 496 .

882 446 942 472 Liu.
955 454 991 478 33,
1005 454 1036 478 43
1075 445 1197 476 Exceptus
1216 442 1316 475 ingenti
1413 446 1483 466 EGE
1495 446 1513 466 0
1525 461 1533 472 ,
1558 442 1596 473 ui,
1624 445 1678 468 ere.
1714 440 1838 475 [α’πορὲω,
1857 439 1997 475 bustiam]
2031 441 2125 477 Aliqua
2144 448 2170 466 re
2184 444 2242 474 opus
2259 436 2361 467 habere,
2384 440 2408 461 et
2452 447 2453 451 ¹
2478 460 2479 467 ¹

306 534 416 561 Laetitia
431 531 507 558 effiisa
520 526 589 559 vulgi
607 522 767 556 significatur.
837 517 957 543 Licentia
974 515 1044 542 Ideni
1059 524 1105 547 44,
1132 532 1138 537 .
1166 531 1173 537 .
1227 511 1317 537 Multi·
1378 509 1434 543 Qii
1447 511 1586 537 consumtis
1599 512 1765 545 patrimoniis
1779 518 1878 545 egeam,
1949 510 2024 536 Confi
2037 511 2057 537 ji
2070 519 2092 537 et
2107 510 2223 537 Conffljo
2249 507 2321 534 Idem
2334 508 2405 532 Fam,
2442 527 2445 530 y
2471 527 2473 530 Α

327 569 350 596 ιρι
383 567 459 595 effusa
473 564 541 592 velut
552 560 580 587 ad
593 556 762 592 spectaculum
779 551 816 579 Id.
831 561 872 584 30,
908 572 914 578 .
950 571 957 577 .
1028 550 1091 575 Plin.
1106 553 1128 579 8,
1141 555 1184 579 40.
1248 548 1317 580 Opes
1379 553 1418 577 10,
1432 547 1467 571 16.
1485 551 1508 570 et
1524 546 1576 571 Λα.
1590 555 1616 580 7,
1629 555 1656 573 21
1670 550 1736 579 (22).
1756 549 1863 583 Antiqui
1876 556 1929 572 cum
1940 544 2028 579 Aecus.
2045 546 2204 581 usurparunt.
2239 543 2322 570 Plaut.
2335 542 2408 568 Men.

305 577 370 632 {ldeo
429 609 455 628 2¹
529 594 637 628 Populus
655 589 751 624 oppido
778 586 837 613 Sall.
858 589 913 620 Iug.
932 589 975 618 69,
989 594 1012 611 2.
1081 581 1172 609 Claud.
1192 581 1224 621 de
1244 582 1318 615 Rapt.
1337 597 1366 615 10
1379 588 1398 610 ι,
1413 589 1434 620 ξ,
1449 588 1476 606 12
1502 580 1558 606 Nec
1573 581 1717 616 quidquam
1730 590 1799 616 eges.
1870 583 1926 608 Cat.
1941 581 2006 616 apud
2018 580 2085 607 Geu.
2097 589 2131 614 13,
2145 590 2175 608 22
2202 579 2278 606 Vitio
2291 581 2410 608 vertunt,

308 642 324 667 p
353 614 377 665 'P
390 611 415 637 7’
434 619 509 660 03'210
535 629 651 656 Protinus
672 625 750 651 effliso
768 622 861 649 laetam
879 623 903 648 se
917 621 1012 654 fingere
1026 619 1097 645 Risu.
1166 617 1226 643 Liu.
1239 625 1277 649 21,
1294 622 1319 646 18
1378 624 1440 650 quia
1453 616 1535 654 multa
1550 625 1624 649 egeo.
1660 618 1693 643 At
1706 626 1770 651 egeo
1783 618 1854 649 illis,
1871 618 1933 652 quia
1947 621 2081 650 nequeunt
2092 624 2175 650 egere.
2219 616 2249 642 In
2262 614 2286 640 h.
2300 614 2318 639 I.
2332 620 2410 647 egere

309 649 357 702 Elio
369 647 460 700 gilini}
476 669 567 694 iterum
581 664 641 689 Sinu
655 660 732 686 effuso
745 658 843 684 belluni
856 657 916 683 dare
931 655 1047 693 dixisset,
1060 653 1214 692 accipere-se
1228 660 1319 678 omnes
1376 650 1781 690 videturjimplicitersignificare
1793 653 2020 683 nonhabere‚etsam
2028 649 2083 684 fine
2094 650 2199 684 molejlia
2211 657 2234 677 ct
2246 648 2410 685 aegritudine.

339 684 495 736 sqonderunt.
565 699 672 732 Compar.
695 694 749 720 Cic.
770 701 816 726 pro
831 692 902 718 Cael.
920 699 949 722 23
967 691 1035 722 Qus
1053 689 1080 715 in
1100 688 1239 722 largitione
1257 687 1320 713 effu.
1378 686 1474 712 Auson.
1489 685 1592 720 Epiced.
1607 687 1634 712 in
1647 687 1714 713 Patr.
1731 688 1812 721 praef.
1827 697 1851 722 p.
1866 695 1915 722 297
1942 687 2035 721 Neque
2050 694 2114 712 vero
2127 694 2193 713 nunc
2207 692 2305 720 patrem
2320 683 2410 714 laudo,

310 720 399 772 ἵξῃ»,
426 739 509 772 Magis
522 733 650 769 prodigus.
703 728 812 754 Effiiiior
825 727 886 760 fuga
904 727 963 752 Liu.
977 734 997 756 3,
1013 732 1034 756 ς.
1105 725 1201 758 Superl.
1223 722 1320 749 Effusis·
1378 721 1450 755 quod
1463 721 1569 747 illenon
1577 727 1642 755 eget.
1678 722 1834 756 Acrisegere
1842 724 1908 749 Hor.
1916 723 1960 757 Ep.
1970 730 1989 754 1,
1997 724 2022 752 6,
2031 730 2069 754 39.
2104 721 2160 747 Cic.
2168 721 2277 748 chlar.
2286 720 2360 746 Orat.
2368 723 2412 749 238
2446 725 2447 728 ¹

310 756 375 808 {linis
389 762 490 802 habenis
502 768 624 796 inuadere
636 764 734 791 hostem
753 763 823 789 Idem
836 770 875 796 37,
888 770 927 787 20.
981 758 1127 785 Effusillimo
1145 758 1231 784 studio
1251 759 1319 784 Suet.
1337 771 1362 798 ¹5
1378 757 1408 782 C.
1416 757 1504 782 Macer
1512 757 1675 783 AuGtoritate
1684 758 1782 791 semper
1790 759 1870 792 eguit.
1906 757 2084 784 AuxiliiCacs.
2093 756 2121 782 B.
2129 757 2160 782 G.
2169 759 2195 789 6,
2203 766 2238 782 ιο.
2273 756 2329 782 Cic.
2338 755 2411 780 Fam.

309 790 403 842 §3050st
417 818 437 834 ς,
451 816 494 839 40,
544 801 634 828 Vellei.
647 809 672 832 2,
686 807 714 832 41
732 798 759 823 de
771 797 885 832 Caesare,
905 794 1102 821 Muniticentiae
1120 793 1284 820 effiiliffimus.
1380 800 1406 823 2,
1416 800 1445 825 17
1464 791 1579 825 Qiidiiis
1592 793 1617 818 se
1628 792 1728 826 perpeti
1735 793 1812 820 malle
1824 794 2001 828 quam‘videri
2015 792 2108 827 eguisse
2120 791 2222 818 auxilio
2234 800 2303 820 meo.
2338 790 2412 816 Idem
2446 818 2451 829 s

341 854 357 873 13
367 851 404 871 FF
414 843 453 868 Χτε
463 848 487 868 E.
506 838 570 865 Αάῃ,
606 835 802 869 [ἐκκεχυμένως]
838 831 1019 866 Prodigallter,
1030 836 1073 854 aut
1088 828 1218 863 uniuerfim
1236 831 1320 854 nimis.
1379 826 1462 853 Tusc.
1471 836 1493 859 2,
1506 830 1522 853 6
1535 837 1555 853 c.
1569 836 1581 852 2
1600 828 1678 860 Qiod
1693 826 1710 852 fi
1725 826 1786 853 hacc
1800 827 1881 855 studia
1890 828 2006 855 tradu&a
2014 834 2089 854 erunt
2103 827 2134 853 ad
2142 826 2254 859 nostros,
2268 835 2300 852 ne
2314 824 2414 852 biblio·
2442 842 2453 856 ν,

306 884 359 909 Cic,
373 887 418 913 pro
432 875 498 902 Cael.
514 879 541 905 38
576 872 602 897 Si
621 870 699 896 vidua
720 868 815 898 libere,
829 873 951 902 protcrua
967 864 1126 898 petulanter,
1138 865 1212 891 diues
1232 864 1319 895 effuse,
1380 861 1577 897 thecisquidem
1586 862 1692 888 Graecis
1700 861 1843 896 egebimus.
1881 865 1970 890 EtAtt.
1978 872 2005 898 7,
2019 873 2043 890 21
2061 864 2130 898 Egeo
2138 862 2250 888 consilii:
2267 860 2337 896 quod
2345 860 2414 895 opti-

304 913 439 944 libidinosa
450 907 599 937 meretricio
612 914 685 932 more
699 905 808 931 viueret.
877 900 960 926 Effuse
972 900 1138 927 inuehentem
1151 901 1203 927 sese
1220 899 1320 926 hostem
1380 906 1455 924 inum
1468 897 1540 924 factu
1554 897 1706 929 videbitur,
1723 897 1817 929 facies,
1838 899 1891 924 vid.
1913 906 1930 926 c
1943 907 1962 927 o
1971 907 1992 925 N
2004 906 2017 926 s
2026 907 2035 925 1
2044 905 2059 924 L
2069 906 2107 924 iv
2116 906 2151 925 Μ.
2224 897 2414 923 Consolatione

304 948 436 979 absterruit
449 946 507 972 Liu.
522 952 560 975 30.
630 940 711 967 Effuse
723 940 837 973 aliquem
851 944 937 963 amare
950 936 1015 961 Plin.
1028 935 1071 970 Ep.
1085 938 1110 968 6,
1124 939 1164 968 26,
1178 944 1202 962 2.
1263 935 1319 961 Cic.
1334 943 1369 961 20
1380 932 1437 958 Cic.
1450 934 1521 959 Fani.
1536 941 1558 965 5,
1574 935 1610 959 16.
1680 933 1778 959 Eorum
1791 933 1837 967 qui
1851 934 1932 968 copiis
1945 941 2036 969 egent,
2056 933 2159 961 infinita
2173 932 2208 959 est
2221 932 2354 959 multiudo
2372 930 2412 957 Id.

304 995 350 1021 pro
364 984 434 1010 Rosc.
455 981 541 1007 Amcr.
557 986 586 1010 23
601 986 622 1003 c.
636 982 649 1006 8
676 976 739 1002 Non
757 982 834 1008 pauca
852 972 902 998 suis
919 971 1084 997 adiutoribus
1100 971 1170 1005 large
1190 970 1321 1005 effuseque
1381 967 1433 994 Off.
1448 977 1467 1000 1,
1482 977 1520 1001 52.
1577 968 1644 994 Plin.
1657 968 1736 1003 Epist.
1752 976 1774 1001 5,
1790 977 1832 1001 114
1855 970 1905 995 Cui
1919 976 1991 997 tanto
2001 970 2087 997 maior
2100 969 2255 996 Humanitas
2267 965 2415 996 exlibenda
2454 966 2457 975 “

304 1018 428 1048 Donabat.
491 1013 594 1040 Exultat
611 1012 711 1038 animus
737 1011 808 1035 Idem
825 1008 906 1034 Tusc.
921 1016 948 1040 4,
963 1015 985 1037 13
1008 1015 1030 1032 c.
1045 1009 1070 1033 6.
1135 1008 1234 1040 Fugere
1259 1006 1320 1032 Liu.
1381 1002 1434 1035 est,
1454 1010 1553 1038 quanto
1566 1003 1613 1029 illa
1626 1005 1708 1038 magis
1722 1011 1792 1038 eget:
1812 1003 1893 1030 homo
1906 1006 2013 1038 probus,
2031 1004 2172 1036 officiosus,
2185 1004 2311 1030 literatus.
2346 1001 2413 1028 Plin.
2454 1012 2456 1016 ’

304 1066 315 1083 η
362 1074 369 1080 .
406 1073 411 1079 .
478 1049 595 1076 Petulans
615 1047 668 1074 Cic.
688 1047 715 1072 in
726 1045 811 1071 Pison.
826 1052 862 1069 ιο.
915 1042 1020 1067 Vastare
1040 1051 1131 1076 agrum
1149 1041 1322 1068 nobilislimae
1380 1038 1460 1072 Epist·
1473 1041 1498 1070 6,
1512 1046 1549 1072 113
1574 1040 1613 1065 lta
1628 1039 1677 1065 hoc
1692 1040 1766 1073 saepe
1778 1039 1925 1072 referebat,
1949 1041 2098 1076 praecipere
2118 1041 2224 1067 solitum
2242 1036 2416 1073 suscipiendas

303 1076 444 1118 {militatis
457 1086 516 1111 Liu.
529 1091 572 1118 27,
608 1103 614 1109 .
652 1102 657 1107 .
720 1081 829 1114 Compar.
851 1076 958 1104 Effiifius
971 1077 1058 1103 dicere
1072 1078 1136 1103 Plin.
1151 1077 1229 1111 Epist.
1245 1085 1264 1109 1,
1279 1085 1321 1103 20.
1381 1074 1430 1100 ess'e
1443 1075 1544 1106 causas,
1563 1081 1608 1100 aut
1620 1074 1784 1107 amicornm,
1803 1081 1847 1101 aut
1861 1074 2010 1111 destitutas,
2024 1082 2050 1103 et
2069 1076 2101 1103 ad
2115 1075 2264 1110 exemplum
2284 1073 2417 1108 pertinen-

304 1123 421 1154 Praedari
433 1121 491 1148 Liu.
505 1128 544 1152 34,
559 1120 595 1144 16.
633 1117 707 1144 Flere
725 1116 798 1142 Curt.
811 1122 836 1147 9,
849 1122 870 1146 3,
884 1121 905 1145 3.
977 1113 1071 1147 superi.
1095 1112 1242 1139 Effufiffime
1261 1112 1322 1138 dili·
1335 1112 1366 1137 25
1381 1115 1427 1135 tes.
1463 1109 1518 1149 Cur
1529 1110 1693 1136 amicorum?
1711 1118 1765 1136 non
1778 1117 1835 1144 eget
1850 1111 2076 1144 Interpretatione.
2147 1111 2202 1137 Cic.
2217 1110 2249 1137 de
2261 1109 2353 1136 Diuin.
2367 1114 2416 1140 205
2443 1118 2446 1120 ·

303 1170 362 1197 gere
373 1159 434 1186 plin,
449 1158 537 1188 paneg,
551 1163 572 1179 c.
586 1158 627 1185 84,
1383 1144 1553 1184 Magnificum
1567 1145 1635 1171 illud
1649 1145 1744 1177 etiam,
1763 1146 1940 1180 Romanisque
1954 1146 2105 1173 hominibus
2117 1147 2278 1181 gloriosum,
2295 1150 2324 1171 vt
2335 1144 2416 1170 Grae-

339 1203 355 1222 E
366 1202 381 1220 F
394 1200 408 1219 F
417 1201 436 1219 v
445 1200 457 1219 s
467 1197 516 1222 10,
536 1189 601 1214 onis.
620 1187 639 1213 f.
676 1184 805 1219 [ἔκχυσις]
846 1183 894 1214 Vt,
914 1181 1009 1208 Effiisio
1023 1191 1105 1217 aquae
1123 1183 1179 1210 Cic.
1194 1183 1226 1209 de
1239 1183 1275 1209 N.
1289 1183 1321 1208 D.
1383 1189 1419 1206 cis
1433 1179 1465 1206 de
1478 1179 1646 1214 philosophia
1660 1180 1757 1207 Literis
1770 1190 1825 1207 non
1837 1187 1937 1216 egeant.
2008 1182 2155 1209 Medicinae
2186 1181 2258 1208 Idem
2271 1181 2342 1207 Fam.
2355 1188 2380 1210 2,
2393 1187 2416 1211 3.

304 1241 318 1259 2
342 1233 373 1258 26
385 1239 405 1255 c.
420 1237 455 1254 10.
523 1222 662 1250 Effiifiones
676 1222 810 1247 hominum
824 1226 854 1243 ex
867 1218 971 1252 oppidis
983 1217 1054 1244 Idem
1070 1219 1098 1245 in
1111 1218 1195 1245 Pison.
1210 1227 1234 1252 51
1247 1228 1268 1244 c.
1280 1227 1321 1244 22.
1382 1215 1480 1241 Mentis
1500 1215 1582 1242 Ouid.
1595 1216 1680 1242 Trist.
1697 1225 1722 1248 2,
1734 1224 1789 1249 395.
1858 1216 2042 1243 Moderamine
2057 1216 2129 1245 Idem
2143 1219 2207 1244 Met.
2221 1226 2245 1247 2,
2260 1218 2303 1250 67.
2357 1215 2418 1241 Mo-
2442 1232 2445 1235 .

304 1252 395 1294 Eli'nfio
414 1261 509 1292 animi,
523 1262 561 1285 cui
580 1256 734 1284 Contraffio
753 1256 890 1292 opponitur.
926 1253 982 1279 Cic.
995 1253 1078 1280 Tusc.
1097 1263 1125 1287 4,
1139 1257 1174 1281 66
1190 1263 1212 1280 c.
1227 1262 1250 1286 3¹
1274 1254 1322 1279 Eo·
1382 1250 1479 1277 nitoris
1499 1252 1565 1277 Hor.
1579 1251 1656 1285 Epist.
1671 1259 1692 1283 1,
1706 1256 1741 1284 18,
1753 1254 1797 1287 67.
1868 1253 1924 1279 Cic.
1939 1252 1970 1278 de
1983 1252 2018 1279 N.
2026 1253 2059 1278 D.
2073 1261 2096 1285 2,
2110 1261 2153 1285 ¹43
2173 1254 2265 1286 Qium
2279 1250 2370 1278 Oculis
2384 1248 2418 1276 ad
2441 1254 2444 1255 ’

303 1303 362 1329 deni
377 1300 443 1326 enim
456 1297 522 1323 vitio
536 1293 570 1320 est
582 1292 671 1319 effufio
685 1290 764 1318 animi
778 1290 804 1315 in
816 1288 933 1321 laetitia,
948 1298 1001 1323 quo
1015 1289 1043 1315 in
1057 1288 1149 1316 dolore
1168 1288 1322 1315 contractio.
1336 1291 1368 1316 30
1384 1285 1543 1312 cernendum
1556 1296 1610 1312 non
1625 1295 1769 1321 egeremus,
1782 1292 1812 1313 vt
1826 1288 1872 1322 qui
1888 1294 2011 1323 tanquam
2026 1288 2142 1314 inuoluti
2155 1289 2326 1322 quiescerent.
2370 1284 2419 1312 Of-

304 1336 477 1368 Prodigalitai.
495 1331 549 1357 Cic.
562 1338 609 1363 pro
625 1329 698 1354 Rosc.
714 1328 800 1352 Amer.
813 1331 848 1358 77
860 1333 881 1350 c.
896 1326 932 1358 46
959 1325 989 1350 In
1002 1324 1049 1351 hac
1061 1325 1116 1351 vita
1128 1325 1244 1356 Iudices,
1257 1333 1323 1358 quos
1382 1321 1444 1348 ficio
1461 1321 1542 1348 Ouid.
1557 1322 1622 1348 Fast.
1636 1331 1659 1355 5,
1672 1331 1724 1354 232.
1795 1323 1853 1356 Ope
1872 1324 1944 1350 Idem
1958 1323 2043 1349 Trist.
2058 1331 2078 1356 1,
2091 1332 2117 1356 2,
2129 1326 2172 1350 66.
2229 1323 2310 1350 Plaut.
2320 1320 2417 1355 Amph.

304 1367 399 1399 sumitis
415 1366 597 1403 quotidianos,
615 1373 676 1398 quas
696 1360 827 1388 effusiones
840 1358 897 1385 fieri
912 1359 1024 1394 putatis?
1094 1359 1188 1386 Effulio
1203 1360 1324 1395 pecunia·
1383 1366 1410 1390 2,
1425 1366 1448 1390 2,
1461 1362 1505 1392 187
1525 1357 1620 1384 Saltem
1634 1364 1688 1384 tute
1701 1357 1719 1383 fi
1733 1357 1842 1384 Pudoris
1855 1367 1938 1393 egeas,
1953 1359 2036 1385 sumas
2048 1365 2178 1386 mutuum.
2232 1357 2346 1385 Martial.
2356 1359 2382 1389 6,
2390 1363 2419 1389 25

302 1416 361 1435 rum
379 1405 430 1432 Cic.
446 1404 497 1429 Att.
513 1410 534 1433 2,
571 1419 577 1426 .
614 1419 620 1426 .
689 1395 842 1424 Effiisionem
857 1395 884 1421 in
906 1404 938 1421 eo
958 1396 1040 1421 frater
1061 1396 1133 1430 frugi
1150 1395 1323 1430 reprehende-
1383 1392 1455 1419 Bella
1475 1392 1560 1419 velint
1576 1394 1743 1428 Martemque
1765 1393 1867 1426 ferum,
1889 1395 2009 1421 Rationis
2028 1401 2140 1429 egentes.
2209 1393 2323 1420 Ratione
2341 1400 2420 1427 cgere

303 1443 346 1469 bat
358 1440 458 1474 Vopisc.
472 1436 585 1463 Florian.
600 1444 620 1460 c.
636 1442 654 1460 1.
722 1431 776 1458 Cic.
791 1432 843 1470 Att.
863 1438 889 1470 7,
904 1439 915 1462 3
934 1430 1001 1456 Illud
1014 1431 1098 1464 probe
1112 1431 1222 1463 iudicas,
1236 1439 1322 1464 neque
1381 1438 1421 1455 res
1435 1427 1537 1454 dicitur.
1610 1428 1665 1455 Cic.
1678 1428 1709 1455 de
1722 1429 1758 1455 N.
1773 1429 1803 1455 D.
1818 1438 1841 1462 2,
1855 1438 1891 1462 ¹¹5
1910 1431 1986 1463 Qiae
1997 1439 2050 1456 non
2058 1429 2139 1456 inodo
2152 1435 2181 1456 vt
2193 1429 2296 1461 fierent,
2303 1429 2418 1454 Ratione

302 1477 360 1504 satis
374 1484 420 1510 pro
433 1473 496 1499 meis
514 1469 621 1501 officiis,
641 1477 687 1503 pro
701 1466 777 1502 ipsius
791 1474 819 1492 in
837 1465 903 1492 alios
915 1465 1039 1491 effulione
1050 1485 1056 1495 ,
1070 1466 1146 1492 illum
1160 1467 1188 1493 in
1201 1475 1243 1492 me
1257 1466 1322 1492 libe·
1339 1469 1368 1497 35
1382 1469 1525 1498 eguerunt,
1550 1464 1593 1490 sed
1612 1464 1727 1499 intelligi
1747 1464 1835 1499 qualia
1853 1465 1901 1491 fint
1919 1465 1971 1491 fine
1990 1466 2090 1492 summa
2115 1466 2218 1492 ratione
2235 1473 2289 1491 non
2308 1464 2418 1498 possunt.

301 1513 380 1540 raleni
399 1510 487 1540 fuisse,
510 1510 528 1532 i.
548 1505 712 1531 Liberalitate.
782 1501 842 1527 Liu.
861 1510 909 1534 44,
946 1520 952 1526 .
990 1519 996 1526 .
1034 1501 1164 1528 Nondum
1185 1502 1231 1528 hac
1259 1501 1322 1528 effu·
1381 1499 1456 1526 Idem
1468 1500 1521 1526 Att.
1538 1508 1559 1525 ιι
1581 1499 1629 1526 Etsi
1645 1508 1709 1534 egeo
1717 1500 1804 1526 Rebus
1817 1500 1950 1528 omnibus.
2002 1501 2107 1536 Sapiens
2121 1506 2178 1535 eget
2191 1500 2262 1527 nulla
2270 1500 2323 1526 Re:
2340 1507 2419 1533 egere

302 1548 370 1574 sione
384 1544 487 1572 induem
499 1541 586 1568 bestiis
599 1540 716 1566 omnium
731 1537 847 1576 gentium
861 1536 969 1562 Circum
983 1536 1140 1570 complendi.
1212 1536 1321 1563 Libera·
1383 1536 1455 1561 enim
1470 1534 1622 1561 necessitatis
1634 1535 1669 1561 est
1686 1535 1743 1561 Sen.
1758 1536 1802 1570 Ep.
1817 1544 1842 1570 9.
1912 1536 1975 1570 Eget
1986 1536 2033 1563 ille
2044 1537 2153 1568 Senatu,
2171 1535 2310 1570 Equitibus
2322 1535 2432 1560 Roma..

305 1583 401 1609 litatem
413 1579 500 1606 effusio
512 1577 627 1603 imitatur
639 1575 694 1601 Cic.
709 1573 736 1599 in
747 1574 835 1599 Partit.
850 1576 894 1610 ⁸¹:
1383 1570 1440 1601 nis,
1452 1569 1572 1609 ‘populm
1588 1570 1671 1603 vrbe,
1691 1570 1811 1603 aerario,
1832 1570 2019 1605 veffigahbus,
2042 1571 2134 1598 cunc’ta
2155 1572 2247 1602 Italia,
2272 1569 2418 1604 prouinciis

340 1623 402 1644 [rr
413 1623 431 1642 v
442 1622 454 1641 s
464 1622 471 1639 1
481 1620 496 1640 Β
506 1620 513 1639 1
523 1619 537 1637 L
548 1619 556 1637 1
566 1619 594 1642 s,
612 1619 633 1636 e.
670 1611 780 1642 interpr.
797 1608 897 1633 irenaei
907 1614 927 1637 1,
944 1613 963 1631 1.
1037 1640 1042 1644 Ι
1385 1604 1528 1636 omnibus,
1548 1606 1644 1631 exteris
1664 1605 1819 1632 nationibus
1846 1606 1901 1632 Cic.
1914 1608 1942 1632 in
1954 1607 2032 1633 Catil.
2047 1615 2072 1639 2,
2086 1615 2126 1640 23.
2196 1605 2268 1633 Idem
2283 1606 2336 1638 Qi.
2349 1605 2417 1632 Frat.

340 1659 355 1678 ιε
367 1657 406 1677 rr
416 1655 511 1675 vsoR
521 1654 528 1672 ι
540 1654 565 1673 F..
584 1645 648 1671 Adu.
684 1643 811 1670 Anuuian.
831 1650 865 1674 31,
887 1643 913 1667 16
934 1639 1060 1667 Effusorie
1080 1639 1182 1675 digressi
1201 1641 1260 1668 sunt
1279 1649 1325 1676 per
1332 1649 1369 1674 40
1384 1648 1408 1672 3,
1422 1647 1435 1672 5
1454 1639 1614 1667 Incredibile
1627 1640 1672 1672 est,
1687 1641 1725 1667 mi
1739 1641 1831 1674 frater,
1847 1649 1924 1675 quam
1936 1642 2180 1677 egeaniTempore.
2248 1641 2320 1667 Voce
2337 1639 2415 1672 Ouid.

304 1688 404 1715 8ῑᾶοΜ
419 1683 580 1720 prouincias,
599 1684 617 1707 i.
636 1679 722 1715 effuse,
736 1678 811 1713 effusa
822 1678 984 1718 populatione.
1384 1675 1450 1702 Fast.
1465 1677 1489 1707 6,
1502 1678 1556 1708 356.
1750 1673 1771 1713 fl
1793 1684 1806 1702 2
1840 1676 1955 1711 Absolute
1968 1680 2041 1704 etiam
2050 1682 2170 1712 ponitur:
2203 1676 2285 1703 Plaut.
2298 1677 2377 1702 Merc.
2392 1681 2418 1707 5,

341 1730 355 1749 ic
366 1728 379 1748 F
390 1728 405 1747 r·
417 1728 436 1746 v
446 1727 458 1746 s
468 1726 485 1746 o
495 1726 513 1745 R
523 1725 530 1743 1
539 1724 558 1742 v
570 1724 611 1749 M,
631 1716 659 1742 ii.
680 1724 705 1740 n.
742 1713 820 1740 Gioff.
839 1713 992 1747 ἓκχυτηριον,
1011 1708 1213 1744 irfirumentum,
1225 1712 1274 1743 vel,
1286 1719 1326 1738 ca·
1385 1719 1412 1743 4,
1426 1713 1461 1736 60
1489 1711 1519 1736 Et
1533 1719 1579 1744 per
1594 1720 1642 1737 nos
1656 1711 1764 1746 quidem
1777 1711 1864 1738 hercle
1878 1712 2034 1747 egebit‚qui
2047 1714 2122 1739 suum
2133 1711 2296 1747 prodegerit.
2361 1709 2418 1735 Cit-

303 1760 368 1785 mm
380 1765 424 1792 quo
438 1753 582 1788 {ffunditnr-
1384 1754 1434 1779 pro
1441 1746 1514 1772 Rosc.
1523 1746 1599 1771 Com.
1613 1754 1646 1772 22
1670 1747 1786 1780 Egebat?
1805 1747 1888 1773 immo
1902 1747 2018 1781 locuples
2032 1754 2095 1775 erat.
2165 1746 2341 1777 Plaut.Mil.3,
2351 1753 2374 1776 1,
2386 1751 2419 1778 43

339 1797 406 1819 12:1³1?
417 1792 438 1816 x?
446 1797 528 1820 T10,
548 1790 594 1814 irc.
629 1783 760 1819 [καλωιέω]
796 1781 963 1818 Imprudenter
982 1788 1004 1808 et
1015 1783 1069 1808 inco
1088 1783 1150 1807 itate
1162 1781 1245 1816 loqui,
1258 1780 1326 1806 nulla
1385 1781 1475 1813 Quim
1489 1780 1556 1813 apud
1577 1788 1602 1806 te
1615 1781 1764 1815 exemplum
1783 1783 1940 1815 experiundi
1960 1783 2070 1814 habeas,
2090 1792 2143 1809 non
2163 1791 2221 1816 eges
2234 1782 2310 1809 foris.
2325 1784 2344 1807 i.
2360 1780 2420 1806 Non

300 1828 383 1855 habita
401 1827 529 1859 temporis,
544 1822 685 1852 verborum,
696 1826 739 1846 aut
754 1819 913 1854 personarum
930 1819 1032 1844 ratione.
1099 1825 1135 1842 er.
1149 1815 1253 1842 Phorm.
1267 1823 1290 1848 5,
1304 1824 1324 1847 1,
1334 1819 1368 1846 45
1384 1817 1431 1847 est,
1445 1815 1509 1850 quod
1519 1824 1621 1850 quaeras
1627 1815 1709 1850 foris.
1765 1816 1914 1842 Pseud-Cic.
1928 1818 2022 1851 Anteq.
2035 1818 2086 1843 iret
2099 1818 2128 1843 in
2141 1818 2203 1842 exii.
2218 1819 2246 1842 16
2277 1815 2422 1849 Qiondam

303 1872 336 1890 20
353 1861 389 1888 Eo
404 1867 534 1895 perperam
548 1857 612 1883 olim
626 1856 692 1888 dixi,
711 1864 743 1880 ne
757 1863 803 1880 vos
817 1855 887 1880 forte
901 1852 1076 1887 imprudentes
1092 1852 1159 1878 foris
1174 1850 1322 1878 effiitiretis.
1382 1850 1528 1876 amicorum
1543 1850 1686 1876 multorum
1702 1849 1831 1885 praesidio
1845 1851 1975 1882 munitus,
1995 1861 2063 1878 nunc
2076 1852 2171 1886 partim
2185 1851 2217 1877 ab
2231 1851 2348 1883 inuidis,
2364 1858 2422 1884 par-

307 1899 354 1925 Vbi
373 1898 499 1925 Donatus,
523 1891 678 1923 Effiniretis,
701 1889 898 1924 Eloqueremini
910 1908 918 1920 ‚
939 1887 1098 1915 euacuaretis
1111 1907 1119 1919 ‚
1138 1886 1330 1913 exinaniretise
1383 1886 1432 1911 tim
1455 1885 1488 1911 ab
1501 1885 1618 1911 inimicis
1637 1887 1830 1912 circumuentus
1844 1894 1901 1921 eget
1917 1887 2033 1921 indigne.
2106 1888 2209 1923 Egenum
2229 1893 2252 1912 ct
2265 1887 2358 1921 inopem
2370 1883 2422 1918 effi.

303 1933 335 1960 ab
354 1941 386 1958 eo
405 1930 474 1966 quod
492 1928 526 1955 cst
544 1926 688 1954 Effundere.
728 1924 884 1951 Translatio
903 1923 938 1949 est
959 1931 972 1949 a
992 1923 1072 1955 vase,
1098 1922 1182 1948 Futili
1201 1922 1324 1947 nomine:
1383 1920 1440 1946 Cic.
1454 1920 1486 1945 ad
1500 1920 1573 1945 Brut.
1588 1928 1612 1952 15
1638 1920 1774 1954 Siquidem
1788 1922 1867 1947 etiam
1879 1922 2059 1948 Themistocli
2073 1922 2153 1948 liberi
2167 1927 2303 1955 eguerunt.
2339 1920 2422 1946 Piaut.

305 1967 375 2002 quod
387 1966 473 2001 patulo
486 1972 546 1994 ore,
559 1963 640 1989 fundo
653 1966 727 1988 acuto
740 1959 874 1992 instabile,
893 1958 961 1984 nihil
976 1959 1080 1992 proi-sus
1093 1957 1219 1983 continet.
1246 1954 1323 1994 Vnde
1385 1953 1475 1980 Pseud.
1489 1962 1507 1984 i,
1522 1962 1544 1986 3,
1558 1962 1588 1986 39
1602 1955 1675 1987 Qiid
1688 1955 1775 1987 agitur
1788 1955 1938 1982 Callidoret
1959 1963 1985 1982 c.
1999 1962 2111 1988 amatur,
2123 1962 2201 1990 atque
2214 1962 2305 1989 egetur
2318 1955 2422 1983 acriter.

307 2002 398 2030 Futilis
413 2001 506 2027 dicitur
520 1997 663 2028 eiusmodi,
676 2003 703 2022 vt
721 1995 788 2021 nihil
805 1996 874 2021 intra
889 1995 913 2020 se
926 1995 1072 2024 contineat,
1089 1997 1115 2017 et
1129 1992 1229 2025 semper
1241 1991 1324 2017 inanis
1335 1996 1366 2021 50
1420 1995 1491 2015 ΕΘΓ,
1501 1995 1523 2014 Ν
1533 1996 1562 2020 s,
1581 1991 1656 2015 entis.
1677 1989 1770 2015 Partic.
1790 1987 1896 2022 [s'vdsrin
1915 1990 2015 2025 ἄπορος]
2037 1992 2201 2026 Ineptesane,
2219 1992 2300 2025 Egens
2313 1991 2420 2024 dicitur,

306 2039 344 2065 fit.
391 2038 456 2063 Hor.
470 2036 496 2061 in
509 2035 570 2060 Arte
588 2033 657 2058 Po'e't.
674 2039 713 2062 231
740 2030 845 2057 Effutire
860 2030 928 2056 leues
946 2029 1053 2063 indigna
1072 2026 1207 2061 tragoedia
1226 2026 1325 2052 versus.
1385 2027 1469 2059 inquit
1483 2023 1587 2056 Festus,
1609 2024 1682 2050 velut
1695 2024 1810 2058 Exgens,
1830 2025 1873 2051 cui
1887 2034 1919 2051 ne
1932 2035 1993 2060 gens
2005 2026 2113 2061 quidem
2127 2026 2156 2053 iit
2168 2026 2280 2061 reliqua.
2351 2027 2419 2055 Ter.

306 2071 466 2101 Mercenaria
496 2068 650 2103 loquacitate
677 2066 779 2092 effutire
809 2066 886 2099 Apul.
900 2065 974 2098 Apol.
1046 2062 1154 2090 Effiitire
1174 2061 1275 2096 aliquid
1293 2069 1325 2087 ex
1386 2059 1491 2086 Phorm.
1508 2067 1533 2091 2,
1547 2067 1572 2091 Ζ,
1587 2067 1615 2085 10
1635 2060 1715 2093 Egens
1728 2059 1819 2085 reliGta
1834 2060 1869 2086 est
1882 2061 1988 2088 misera:
2013 2062 2153 2096 ignoratur
2165 2070 2265 2096 parens.
2319 2062 2375 2089 Cic.
2387 2061 2417 2089 de
2465 2072 2468 2079 ¹

307 2116 422 2143 tempore
435 2107 489 2133 Cic.
502 2105 582 2131 Tusc.
597 2112 617 2135 ς,
631 2107 667 2132 88.
738 2100 808 2127 Idem
822 2100 853 2127 de
866 2100 901 2126 N.
916 2101 947 2126 D.
961 2109 985 2132 2,
1000 2108 1035 2133 94
1048 2108 1070 2125 c.
1085 2106 1116 2133 37
1144 2099 1221 2125 Certe
1240 2099 1276 2123 ita
1289 2103 1326 2134 τες
1385 2095 1492 2135 Ainicit.
1506 2103 1533 2126 23
1557 2095 1690 2128 Qiocirca
1706 2100 1732 2121 et
1746 2093 1861 2120 absentes
1876 2095 1984 2129 adsunt,
2009 2104 2034 2123 et
2047 2104 2149 2131 egentes
2164 2097 2314 2130 abundant,
2332 2104 2359 2124 et
2371 2098 2417 2125 im-

307 2153 380 2171 mere
400 2143 430 2168 de
449 2140 545 2167 mundo
564 2138 700 2167 effutiunt,
714 2142 757 2163 etc.
826 2136 911 2162 Multa
930 2136 1033 2162 Luc-ret.
1054 2142 1076 2167 5,
1090 2139 1147 2166 908.
1217 2133 1327 2160 Eflutire
1386 2131 1478 2158 becilli
1490 2130 1585 2157 valent.
1641 2130 1723 2164 Egens
1737 2138 1818 2164 aeque
1835 2130 1870 2156 est
1883 2131 1920 2162 is,
1935 2132 1982 2165 qui
1995 2141 2048 2158 non
2061 2133 2120 2159 satis
2134 2132 2222 2166 habet,
2242 2139 2267 2159 et
2281 2133 2313 2166 is,
2325 2134 2368 2160 cui
2380 2133 2419 2160 ni-

308 2182 406 2215 (inquit
420 2177 522 2204 Nonius
535 2184 559 2207 2,
573 2177 636 2208 272)
656 2173 689 2199 est
704 2173 769 2198 Cum
787 2171 924 2197 mendacio
943 2171 1038 2197 dicei-e.
1093 2170 1149 2197 Cic.
1163 2169 1246 2197 Tusc.
1266 2177 1287 2202 5.
1299 2173 1327 2198 88
1344 2175 1372 2202 55
1387 2167 1426 2193 hil
1442 2167 1501 2193 satis
1515 2164 1598 2202 potest
1611 2167 1659 2193 effe
1689 2164 1764 2191 Auo.
1777 2164 1808 2191 ad
1821 2166 1919 2192 Heren.
1933 2176 1961 2199 4,
1974 2175 2004 2200 25
2017 2175 2039 2193 c.
2055 2177 2092 2202 17.
2145 2169 2264 2201 Egentes,
2279 2169 2421 2204 inanesque

308 2216 365 2242 Nec
379 2213 440 2240 hacc
456 2212 486 2238 sic
499 2212 567 2245 agit,
586 2215 613 2235 vt
632 2217 663 2234 ex
682 2213 797 2242 tempore
810 2206 879 2241 quasi
898 2206 1002 2233 effutire
1017 2204 1148 2232 videatur.
1221 2204 1326 2232 Lucret.
1387 2202 1550 2230 discederent
1570 2203 1626 2229 Cic.
1639 2203 1715 2228 Verr.
1731 2208 1756 2233 2,
1769 2208 1808 2233 23.
1879 2203 1984 2235 Quinto
1998 2203 2114 2237 plurium
2135 2199 2256 2238 cupidior
2275 2204 2327 2236 est,
2346 2210 2419 2231 tanto

309 2259 331 2284 ς,
346 2255 392 2282 908
413 2247 496 2274 Multa
508 2247 567 2272 licet
580 2244 657 2271 simili
671 2243 770 2269 ratione
783 2243 882 2269 efflitiat
895 2251 951 2268 ore.
1388 2239 1509 2274 egentior
1524 2238 1626 2265 sibimet
1655 2237 1731 2271 Apul.
1745 2236 1836 2263 Doclr.
1849 2236 1912 2264 Plat.
1931 2247 1955 2272 p.
1970 2247 2010 2265 22.
2082 2239 2160 2265 Nihil
2172 2239 2221 2265 illo
2232 2246 2313 2271 regno
2325 2239 2418 2272 spolia..
2462 2242 2463 2246 ¹

344 2292 360 2312 Ε
370 2290 408 2310 ri:
419 2291 438 2309 v
448 2288 578 2312 T1ENS,
600 2279 673 2305 entis.
708 2278 797 2304 Partic.
832 2279 843 2312 [
857 2277 988 2312 κολωοὲων]
1024 2276 1080 2303 Cic.
1102 2275 1135 2302 de
1155 2277 1190 2303 N.
1205 2277 1236 2302 D.
1258 2284 1277 2307 1,
1297 2280 1325 2309 ες
1385 2276 1454 2307 tius,
1474 2273 1543 2300 nihil
1557 2282 1617 2307 rege
1631 2273 1748 2307 egentius
1767 2273 1822 2299 Cic.
1838 2274 1889 2299 Att.
1903 2276 1929 2306 6,
1945 2282 1963 2300 1.
2031 2274 2077 2301 Ad
2085 2274 2154 2300 etmd.
2165 2282 2192 2306 9,
2204 2281 2220 2307 7
2238 2272 2365 2306 Egestates
2377 2279 2418 2301 tot

308 2322 393 2353 Qiani
406 2318 501 2345 bellum
514 2322 578 2348 erat,
591 2314 685 2347 Vellei,
699 2313 815 2340 confiteri
827 2313 913 2347 potius
925 2313 1023 2339 nescire
1035 2312 1106 2346 quod
1119 2312 1239 2344 nescires,
1248 2320 1327 2346 quam
1385 2309 1604 2344 egentillimorum
1618 2308 1765 2334 hominum.
1821 2308 1892 2335 Idem
1903 2319 1951 2344 pro
1964 2310 2032 2336 Sext.
2047 2318 2081 2336 ιιι
2098 2309 2172 2335 Plura
2186 2316 2263 2342 quam
2276 2307 2420 2336 dicendum,

308 2356 354 2381 ista
367 2354 525 2381 effutientem
538 2351 673 2382 nauseare,
692 2355 768 2384 atque
782 2349 863 2382 ipsum
878 2348 926 2374 sibi
939 2348 1084 2381 displicere.
1346 2346 1440 2377 60fuit
1460 2344 1488 2370 in
1504 2343 1690 2377 egentissimnni
1709 2353 1860 2378 ganeonem.
1931 2344 2108 2380 Egentissimus
2127 2345 2155 2370 in
2175 2345 2218 2370 sua
2235 2352 2264 2370 re
2278 2343 2330 2375 cst,
2350 2343 2419 2370 inso-

341 2396 405 2417 gpp
417 2396 434 2414 v
444 2396 464 2415 T
474 2396 481 2414 1
493 2394 514 2414 T
527 2393 544 2412 v
556 2394 584 2419 S,
600 2394 630 2417 a,
651 2394 703 2411 uni.
739 2385 830 2410 Partic.
865 2384 920 2410 Cic.
935 2384 966 2410 de
979 2383 1069 2409 Diuin.
1083 2392 1105 2415 ε,
1122 2391 1158 2416 113
1172 2392 1193 2409 c.
1207 2389 1234 2415 55
1253 2384 1327 2415 Qio-
1387 2381 1441 2407 lens
1454 2380 1481 2406 in
1495 2380 1578 2405 aliena
1593 2379 1648 2405 Cic.
1662 2388 1710 2413 pro
1727 2380 1801 2406 Rosc.
1816 2381 1902 2406 Amor.
1917 2390 1955 2413 23.
2024 2379 2098 2408 Idem
2112 2381 2165 2406 Att.
2182 2388 2221 2412 14,
2237 2387 2265 2405 ιο
2290 2378 2416 2413 Seruique

307 2434 364 2452 rum
379 2424 472 2459 partim
491 2422 551 2448 fic'la
566 2427 668 2456 aperte,
685 2419 779 2454 partim
791 2419 891 2445 effutita
903 2425 1015 2449 temere,
1034 2427 1167 2453 nunquam
1179 2427 1212 2443 ne
1225 2417 1327 2442 medio·
1388 2422 1414 2442 et
1427 2422 1529 2450 egentes
1543 2414 1570 2440 in
1583 2413 1650 2440 tecta
1663 2414 1749 2441 nostra
1767 2425 1825 2441 cum
1839 2416 1938 2443 facibus
1953 2416 2065 2443 immiffi.
2136 2416 2292 2447 Coriflruitur
2313 2420 2343 2439 vt
2359 2414 2413 2442 Ver-

305 2462 343 2487 eri
358 2459 462 2494 quidem
477 2458 613 2492 cuiquam,
632 2465 684 2482 non
699 2455 779 2480 modo
794 2454 914 2489 prudenti
927 2453 1034 2488 probata
1048 2455 1112 2480 sunt.
1386 2451 1456 2482 bum,
1474 2450 1571 2476 Animo
1584 2458 1660 2483 egens
1686 2451 1781 2477 Catull.
1796 2454 1833 2482 61,
1845 2460 1880 2484 31.
1952 2452 2023 2479 Artis
2036 2460 2112 2486 egens
2143 2451 2205 2477 Stat.
2218 2449 2309 2476 Theb.
2324 2451 2350 2481 6,
2363 2451 2410 2482 6⁵13.

341 2502 381 2522 ΕΡ
394 2501 410 2520 p
420 2502 439 2520 v
449 2501 469 2520 T
480 2500 487 2519 1
499 2499 515 2518 c
528 2499 565 2518 1v
575 2499 597 2524 s,
615 2500 638 2523 a,
659 2500 712 2516 um.
738 2489 797 2515 Adi.
835 2491 903 2516 Euax
916 2490 1026 2516 verbum
1045 2489 1114 2515 nihil
1128 2485 1268 2520 fignificat,
1283 2484 1325 2510 sed
1387 2485 1468 2511 Ouid.
1483 2485 1548 2511 Fast.
1563 2493 1584 2516 5,
1600 2493 1648 2511 222
1667 2495 1696 2511 ex
1706 2486 1811 2521 perfinia
1825 2487 1950 2513 Chloridis
1957 2491 1982 2523 J.
1995 2489 2095 2519 Florae,
2130 2486 2215 2513 Prima
2228 2493 2273 2519 per
2285 2483 2416 2510 immensu

308 2530 445 2557 effutitium
460 2527 611 2554 naturaliter
622 2526 657 2552 est
672 2527 756 2552 Varro
774 2525 805 2551 de
820 2525 848 2551 L.
864 2526 893 2551 L.
907 2527 932 2557 6,
947 2534 959 2558 5
973 2535 997 2560 p.
1012 2530 1053 2557 80,
1066 2532 1091 2559 7.
1108 2523 1133 2549 h.
1147 2530 1166 2546 e.
1192 2522 1326 2560 exit-natu-
1341 2525 1372 2557 65
1388 2519 1463 2554 sparsi
1477 2528 1546 2545 noua
1558 2520 1655 2546 semina
1669 2527 1766 2552 terras,
1803 2523 1889 2548 Huius
1902 2531 1977 2555 egens
1990 2522 2065 2548 tellus
2078 2527 2138 2548 ante
2150 2521 2256 2547 Coloris
2269 2526 2332 2547 erat.
2376 2517 2424 2547 Se&

307 2567 392 2592 rainer
405 2572 450 2600 per
465 2561 592 2596 qffeflum,
606 2569 635 2588 vt
646 2561 736 2593 Hebe,
750 2560 837 2593 Eheu,
850 2562 909 2587 Heu
928 2568 951 2587 et
964 2562 1084 2596 reliquae,
1098 2564 1156 2592 quae
1171 2551 1326 2580 Ιηιενιεὲἳιο-
1386 2554 1456 2581 hodie
1472 2556 1578 2594 legitur,
1614 2555 1697 2582 Vnius
1711 2555 1787 2582 tellus
1801 2563 1860 2582 ante
1872 2557 1978 2583 Coloris
1989 2565 2053 2583 erat.
2123 2557 2205 2582 Plaut.
2221 2555 2311 2581 Bacch.
2327 2565 2355 2589 4,
2368 2563 2397 2587 4,
2408 2557 2429 2586 8„

308 2610 348 2627 ης,
365 2607 491 2626 vocantur.
1387 2590 1510 2624 Nequius
1531 2589 1598 2616 nihil
1617 2590 1667 2623 cst,
1693 2599 1771 2625 quam
1798 2600 1875 2625 egens
1901 2591 2011 2617 Confilii
2031 2593 2136 2623 scrinis,
2164 2590 2212 2616 nisi
2233 2589 2311 2616 habet
2333 2589 2423 2624 peetus

342 2643 358 2663 E
369 2640 408 2662 FF
418 2639 540 2666 VTVO,
559 2631 689 2661 Scortando
703 2630 847 2667 dilapidare.
889 2630 948 2659 Vici.
963 2631 1032 2657 Suet.
1044 2628 1073 2654 in
1085 2625 1155 2652 Caes.
1169 2633 1191 2650 c.
1205 2631 1238 2657 51.
1387 2625 1567 2665 multipotens.
1622 2626 1785 2652 Deliciarum
1811 2628 1878 2653 Hor.
1893 2627 1980 2653 earm.
1994 2636 2023 2659 4,
2036 2632 2058 2657 8,
2072 2635 2109 2652 ιο.
2164 2626 2218 2652 Cic.
2234 2634 2283 2659 pro
2297 2625 2378 2652 Flacc.
2394 2631 2424 2658 35

1388 2660 1460 2694 Qud
1475 2669 1538 2694 ergo
1550 2669 1616 2686 vnus
1630 2661 1809 2695 Asclepiades,
1827 2662 1934 2688 fortuna
1948 2671 2040 2696 egens,
2054 2662 2110 2687 vita
2123 2661 2215 2695 turpis,
2229 2660 2424 2688 existimatione

681 2694 707 2724 E
802 2693 830 2724 G
924 2693 951 2723 E
1336 2706 1372 2734 70
1388 2695 1542 2728 damnatus,
1556 2703 1602 2722 etc.
1672 2696 1770 2723 Fruehi
1784 2697 1883 2722 amoris
1896 2705 1972 2730 egens
1992 2697 2110 2730 Propert.
2123 2705 2146 2728 3,
2161 2705 2204 2729 20,
2221 2705 2261 2729 30.
2330 2696 2423 2730 Frugia

340 2749 357 2769 E
367 2748 464 2769 GELA
474 2746 561 2772 STA,
578 2747 616 2766 ae.
634 2738 653 2765 f.
670 2737 829 2773 [Ἐγέλασα]
851 2736 974 2771 Oppidum
992 2732 1024 2767 1st
1037 2733 1163 2758 citerioris
1183 2730 1329 2770 Hispaniae,
1389 2740 1465 2765 egens
1484 2731 1635 2758 Ouid.Met.
1651 2740 1683 2764 ιι,
1698 2740 1750 2758 120.
1809 2732 1887 2758 Lucis
1899 2741 1974 2766 egens
1989 2734 2034 2758 a'e'r
2054 2731 2126 2758 Idem
2134 2733 2198 2759 Met.
2216 2740 2236 2764 1,
2251 2739 2288 2766 17.
2340 2731 2423 2759 Plaut.
2458 2735 2459 2763 ἶ

311 2777 337 2803 de
367 2787 394 2803 uo
409 2777 472 2803 isin.
488 2784 522 2808 31,
536 2782 552 2809 7
570 2776 598 2800 ln
613 2775 737 2808 Hispania
751 2781 857 2808 quoque
879 2771 1004 2797 citeriore
1022 2765 1150 2806 Egelassae
1163 2766 1280 2804 caeditur
1294 2766 1328 2804 sal
1389 2766 1457 2792 Rud.
1480 2775 1499 2797 1,
1516 2775 1540 2799 5,
1558 2769 1587 2792 16
1606 2767 1685 2793 Nunc
1704 2767 1756 2793 tibi
1771 2767 1959 2801 amplectimur
1977 2776 2060 2801 genua
2078 2773 2180 2802 egentes
2197 2768 2294 2801 Opum.
2366 2767 2422 2793 Cic.
2458 2765 2459 2793 Ῐ

314 2787 394 2847 glebis
407 2822 427 2846 p.
438 2820 468 2837 en
480 2823 483 2827 ·
497 2810 720 2837 translucentibus.
735 2811 778 2835 cui
800 2805 957 2841 iampridem
973 2803 1059 2838 palma
1073 2806 1142 2827 inter
1162 2808 1252 2826 omnia
1271 2800 1329 2825 salis
1389 2801 1499 2839 Fam36,
1514 2809 1547 2826 22
1572 2801 1629 2827 Nec
1641 2801 1706 2835 quid
1719 2801 1771 2828 tibi
1785 2802 1934 2836 pollicerer,
1953 2803 2006 2836 ipse
2026 2811 2102 2837 egens
2116 2802 2204 2829 Rebus
2217 2801 2357 2834 omnibus,
2377 2808 2424 2829 etc.

312 2856 403 2882 genera
420 2857 432 2873 a
446 2847 470 2881 pl
488 2847 572 2881 risque
590 2845 695 2871 medicis
709 2844 870 2878 perhibetur.
1135 2869 1140 2874 ,
1165 2869 1170 2874 ,
1262 2868 1267 2873 ,
1387 2835 1560 2873 ΥΕΡῧΠΕΡὸῐὩ-

345 2889 361 2909 E
370 2889 389 2908 G
398 2889 428 2909 El
445 2889 460 2908 E
470 2888 510 2907 ST
521 2889 541 2908 Α
550 2889 569 2907 N
581 2888 589 2906 ι
599 2900 608 2912 ,
634 2889 669 2906 m.
708 2880 812 2914 Populus
828 2879 855 2903 in
868 2878 999 2903 conuentu
1018 2868 1225 2904 Carthaginiensi
1235 2888 1243 2899 ,
1261 2875 1329 2894 inter
1342 2877 1373 2904 73
1425 2876 1441 2895 ιε
1453 2875 1473 2895 G
1483 2876 1499 2895 E
1510 2875 1530 2894 N
1537 2876 1560 2909 y
1570 2876 1583 2895 s
1593 2888 1601 2900 ,
1620 2877 1644 2900 a,
1664 2878 1718 2895 um.
1756 2870 1816 2898 Adi.
1853 2873 1957 2907 Paupcr.
1992 2873 2053 2899 Liu.
2065 2881 2092 2906 9,
2105 2874 2122 2899 6
2139 2871 2266 2898 Omnium
2280 2872 2356 2907 egeni
2369 2881 2426 2900 cor-

310 2917 533 2952 nipendiariorim
545 2915 729 2942 celeberrimos
743 2923 758 2939 a
773 2914 839 2939 Plin.
851 2916 991 2937 numeratus
1005 2916 1025 2939 3,
1038 2915 1058 2939 3-
1389 2913 1455 2938 pora
1470 2903 1544 2930 humi
1557 2906 1761 2944 proliraiierunt.
1831 2908 1904 2941 Quid
1916 2908 1985 2934 mihi
1997 2908 2123 2940 diuitiae,
2144 2916 2254 2941 quarum
2268 2907 2284 2933 fi
2299 2908 2425 2936 demseris
2444 2915 2445 2918 ¹

345 2960 433 2980 EGEi
445 2960 482 2984 O,
512 2957 564 2977 me·
601 2952 693 2977 gomer,
706 2949 774 2983 gelu.
796 2948 836 2973 w!
854 2947 895 2972 1110
909 2946 1021 2971 liberare.
1055 2939 1126 2967 Cael.
1139 2938 1227 2965 Aurei.
1243 2937 1328 2977 Tard.
1389 2940 1482 2979 vsum,
1516 2940 1545 2965 Et
1560 2942 1577 2964 li
1592 2938 1676 2973 largus
1689 2949 1786 2974 opum,
1811 2943 1910 2977 semper
1929 2952 2024 2977 egenus
2044 2952 2091 2968 ero
2119 2943 2199 2969 Corn.
2219 2943 2309 2970 Gallus
2327 2953 2354 2972 v.
2375 2949 2424 2974 181.

309 2997 330 3020 3,
342 2997 363 3020 ς,
377 2994 403 3021 58
421 2987 539 3022 frigidus
553 2992 645 3019 torpor
656 2984 727 3010 visus
739 2982 871 3016 egelatur,
889 2980 995 3015 i.soluto
1008 2978 1085 3002 m'mi'o
1098 2974 1157 3008 gelu
1171 2974 1285 3008 tepescit.
1391 2975 1468 3001 Lucis
1484 2983 1578 3008 egenus
1600 2975 1703 3001 Luci-et.
1716 2984 1739 3008 3,
1754 2985 1824 3011 1024.
1897 2979 1995 3004 Rerum
2009 2977 2159 3004 cunelarum
2172 2987 2267 3013 egenus
2295 2979 2339 3006 Sil.
2354 2984 2375 3010 8,
2389 2987 2424 3006 12.

343 3030 386 3050 EG
396 3031 410 3050 Ε
421 3030 435 3049 1
446 3030 496 3049 AT
505 3030 523 3048 v
534 3029 546 3048 s
556 3041 564 3053 ,
581 3019 646 3054 apud
657 3018 725 3044 eund.
740 3027 768 3050 4,
782 3025 803 3048 3.
971 3050 974 3053 Ι
1053 3048 1057 3051 ⁴
1261 3044 1265 3048 ·
1390 3009 1462 3036 Idem
1475 3012 1502 3042 6,
1526 3029 1531 3035 .
1561 3030 1566 3035 .
1594 3009 1675 3037 Nulla
1691 3012 1750 3038 viro
1764 3013 1858 3046 species
1872 3014 2049 3048 Decorisque,
2066 3018 2091 3039 et
2105 3013 2200 3040 frontis
2213 3022 2322 3047 egenum
2358 3015 2428 3043 (ἴση

340 3065 431 3085 Enni.
441 3057 452 3084 i
462 3065 479 3084 n
490 3063 510 3083 o
522 3063 541 3081 R
553 3075 561 3087 ‚
579 3055 628 3081 ari.
663 3051 846 3087 [χλιαίνομαι]
883 3048 942 3074 Gelu
955 3046 1054 3073 liberari
1066 3064 1072 3075 ‚
1091 3043 1215 3079 tepescere.
1242 3043 1330 3070 Sidon.
1343 3048 1375 3073 80
1392 3054 1446 3079 pus.
1516 3045 1621 3084 Colum.
1635 3054 1656 3077 3,
1671 3054 1708 3078 io,
1722 3056 1740 3078 4
1759 3047 1882 3075 Surculus
1915 3064 1960 3068 —
1995 3048 2154 3083 largioribus
2168 3050 2271 3076 tatiatur
2283 3050 2426 3083 alimentis,
2456 3074 2457 3079 ,

308 3094 383 3128 Epist·
398 3103 424 3126 4,
439 3101 458 3132 1⁹
466 3090 664 3125 Egciidarenmr
681 3087 763 3113 fibrae
775 3082 902 3120 glaciales.
1391 3090 1468 3115 quam
1483 3089 1572 3114 prius,
1592 3089 1652 3106 cuin
1665 3082 1723 3107 ell'ct
1737 3081 1764 3108 in
1777 3092 1869 3116 egeno.
1902 3083 1968 3110 Add.
1984 3092 2011 3116 4,
2026 3093 2062 3117 31,
2077 3093 2095 3110 1.
2149 3085 2228 3111 Plaut.
2243 3086 2319 3112 Poen.
2336 3094 2362 3118 1,
2376 3094 2395 3117 1,
2406 3093 2424 3113 2

344 3136 389 3155 EG
399 3135 437 3155 Ei.
449 3135 456 3152 1
468 3132 514 3152 Dv
524 3133 552 3156 s,
577 3133 602 3157 a,
622 3133 675 3149 11111.
713 3121 771 3147 Adi.
808 3115 946 3153 [χλιαρὰ]
981 3113 1053 3148 Quod
1065 3115 1118 3153 g‘Jh‘
1132 3112 1225 3147 amisit,
1245 3120 1268 3139 ct
1282 3117 1331 3154 iarn
1392 3117 1469 3150 Saepe
1485 3124 1534 3149 ego
1548 3125 1588 3142 res
1604 3115 1697 3142 multas
1710 3117 1760 3143 tibi
1774 3118 1897 3145 mandaui
1910 3119 2042 3154 Milphio,
2064 3119 2171 3153 dubias,
2191 3130 2300 3156 egenas,
2320 3121 2425 3155 inopio-

309 3173 355 3189 πω,
370 3161 402 3196 est
414 3162 518 3188 mudum
531 3168 603 3193 neque
610 3156 753 3193 frigidum,
777 3153 907 3189 Tepidum.
942 3150 1009 3176 Male
1021 3150 1125 3190 Seruitus
1132 3156 1180 3184 pro
1194 3148 1273 3174 Valde
1286 3149 1333 3188 sti<
1393 3152 1429 3178 sas
1442 3151 1551 3177 consilii.
1623 3151 1694 3178 Idem
1709 3153 1783 3187 Capt.
1799 3162 1820 3186 2,
1834 3163 1857 3186 3,
1871 3162 1904 3187 45
1933 3155 2028 3189 Neque
2047 3163 2090 3182 me
2108 3165 2221 3190 vnquam
2245 3155 2383 3183 deseruisse
2398 3161 2426 3184 te

311 3198 371 3231 gido
385 3195 502 3232 expositi!—
548 3194 622 3226 Virg.
637 3193 699 3218 Aen·
711 3196 734 3222 8,
747 3192 793 3216 610
821 3189 853 3215 Vt
866 3184 955 3221 procul
972 3183 1075 3217 egelido
1090 3188 1211 3222 secretum
1226 3185 1332 3210 tlumine
1393 3186 1484 3219 faffihs,
1504 3195 1588 3221 neque
1603 3186 1669 3220 fide,
1696 3187 1774 3215 rebus
1789 3189 1816 3215 in
1830 3190 1926 3220 dubiis,
1939 3190 2035 3224 egenis.
2106 3192 2180 3218 viro.
2195 3193 2259 3218 Aen.
2273 3197 2296 3224 8,
2309 3194 2355 3224 365
2378 3206 2424 3213 —
2439 3202 2442 3206 ·

310 3233 384 3259 vidit.
423 3233 488 3258 Nam
503 3227 597 3263 ftmpcr
615 3233 699 3256 notae,
721 3225 784 3260 quod
800 3222 904 3258 “pidum
918 3218 959 3253 est-
986 3219 1063 3261 ⁸Qud
1075 3221 1099 3251 Jr
1112 3226 1271 3259 quein-tamen
1286 3229 1333 3245 mo-
1349 3227 1377 3255 ες
1394 3223 1424 3248 Et
1438 3230 1462 3248 te
1477 3231 1581 3257 quoque
1595 3222 1704 3257 dignum
1729 3224 1811 3258 Finge
1824 3224 1883 3257 deo,
1904 3225 2034 3260 rebusque
2048 3227 2109 3253 veni
2123 3213 2176 3254 noir
2190 3228 2263 3263 asper
2275 3228 2373 3263 egenis.
2392 3227 2424 3255 In

310 3275 365 3293 orat
379 3269 457 3294 Seruii
470 3262 622 3292 aubloritas,
642 3260 860 3294 illi-sufflugatorc
886 3262 937 3282 orte
951 3261 988 3280 υιι
1002 3261 1071 3289 queat
1090 3255 1205 3281 Ausonio
1220 3256 1291 3281 Cacs-
1305 3263 1332 3281 21
1392 3257 1469 3284 rebus
1483 3259 1571 3297 egenis
1586 3258 1692 3292 supplex
1711 3259 1782 3285 Idem
1798 3261 1862 3286 Aen.
1880 3262 1906 3292 6,
1920 3269 1956 3292 91.
2436 3256 2438 3261 “

312 3302 423 3336 Impiger
437 3297 539 3334 egelido
553 3300 641 3321 mouet
655 3303 723 3335 ³T¹¹¹³
732 3295 839 3320 Seuerus
851 3301 864 3318 a
896 3290 968 3316 Istro.
1003 3289 1050 3317 Sed
1063 3289 1188 3332 Illyricum
1202 3299 1248 3325 qua
1261 3291 1333 3316 alluit
1428 3300 1444 3319 E
1454 3299 1474 3319 G
1486 3295 1500 3319 Ε
1511 3299 1531 3319 Ν
1544 3300 1563 3318 v
1573 3300 1588 3319 1.
1597 3299 1617 3318 v
1627 3301 1640 3320 s
1650 3313 1658 3325 ,
1677 3302 1702 3325 a,
1721 3303 1774 3320 11111.
1811 3295 1871 3321 Adi.
1908 3296 1976 3323 I'aul.
1990 3296 2085 3323 Nolan.
2099 3298 2176 3333 Epist.
2189 3306 2232 3331 29,
2248 3306 2282 3325 12.

311 3335 391 3369 Ister,
411 3335 473 3362 unde
491 3334 589 3359 Seuerur
609 3331 726 3355 Pertinax
744 3338 812 3354 arma
831 3332 930 3364 mouet,⁴
948 3334 994 3350 non
1012 3325 1081 3351 valde
1095 3325 1212 3365 frigidus
1231 3323 1279 3357 est,
1302 3331 1333 3364 iit
1428 3335 1473 3355 EG
1485 3335 1589 3361 Esco,
1618 3330 1671 3355 ere.
1706 3329 1810 3355 Cathol.

312 3372 376 3406 apud
389 3373 470 3396 Gam-
507 3367 536 3392 Ει
544 3372 590 3400 pro
603 3363 683 3399 tepido
699 3363 764 3390 Idem
779 3363 873 3388 Auson.
887 3360 961 3394 Epist.
975 3369 1000 3391 2,
1014 3369 1031 3393 4
1058 3360 1178 3394 l-Igehdac
1192 3360 1332 3394 stagnantia
1428 3370 1444 3389 ε
1454 3370 1473 3389 c,
1483 3370 1551 3390 Es'r
1561 3371 1619 3396 ns,
1639 3364 1694 3390 ritis
1716 3365 1734 3390 f.
1772 3365 1889 3399 Νηρία,
1910 3365 2080 3402 ἐχρημοσύιη]
2116 3369 2270 3406 [iidigentia.
2305 3368 2362 3395 Seri.
2376 3368 2434 3404 Ep.-

311 3414 382 3440 tcrga
395 3402 519 3431 Mosellae
533 3400 632 3438 laudat,
655 3398 697 3424 vbi
715 3397 843 3438 iucundum
859 3396 966 3431 frigus,
985 3398 1003 3421 i.
1016 3403 1038 3420 ιε
1048 3405 1135 3435 iurem,
1158 3405 1204 3421 non
1215 3397 1268 3431 gelu
1284 3404 1374 3432 rna-90
1394 3406 1422 3431 17
1435 3398 1466 3424 ad
1480 3398 1523 3425 fin.
1544 3399 1607 3425 Nou
1621 3399 1657 3424 est
1672 3399 1742 3433 quod
1756 3407 1891 3435 paupertas
1905 3411 1952 3428 nos
1966 3411 1979 3428 a
1995 3402 2159 3438 philosophia
2173 3409 2280 3431 reuocet
2315 3413 2348 3430 ne
2358 3404 2424 3438 Ege-

312 3450 384 3475 gnum
399 3438 507 3464 indicat:
519 3442 545 3474 ⁵ct
559 3434 634 3469 Epist.
644 3442 687 3466 24,
701 3440 736 3472 97
754 3432 872 3471 Izgelidae
884 3437 912 3457 vt
926 3436 1026 3470 tepeant
1060 3439 1154 3472 temes,
1173 3430 1332 3464 rabidosque
1392 3432 1440 3458 ssas
1452 3433 1567 3467 quidem.
1606 3432 1645 3466 Est
1659 3444 1714 3470 crgo
1730 3435 1828 3469 Egestas
1840 3440 1942 3472 grauius
1956 3439 2063 3473 aliquid,
2087 3450 2140 3467 cum
2152 3423 2342 3476 ‚zovifiiperjzliii's
2354 3439 2424 3466 modo

314 3484 359 3508 per
371 3474 452 3500 aestus
467 3471 584 3504 Aspircnt
596 3475 684 3495 tcnucs
702 3469 785 3502 frigus
800 3467 893 3493 subtile
906 3466 1053 3500 aquilones:
1073 3475 1112 3501 qui
1124 3468 1190 3492 locu:
1203 3465 1333 3491 dubitatio·
1391 3477 1514 3499 carcinus,
1527 3469 1573 3504 scd
1592 3468 1729 3501 ncctstliriis
1747 3480 1846 3507 quoque.
1915 3473 1989 3507 Virg.
2004 3474 2091 3509 Georg
2112 3484 2121 3502 1
2149 3477 2197 3508 146
2225 3474 2313 3501 Labor
2330 3475 2423 3501 omnia

313 3518 364 3534 mm
377 3517 465 3534 omni-m
479 3508 569 3531 eximit.
605 3505 709 3530 Sueton.
723 3504 788 3538 Aug.
801 3512 822 3528 c.
837 3507 863 3531 82
885 3501 1035 3536 Vngcbatur
1050 3501 1164 3534 saepius,
1182 3500 1287 3526 sudabat
1301 3500 1332 3526 ad
1391 3504 1476 3529 vincit
1512 3503 1665 3537 improbus,
1693 3510 1718 3531 et
1730 3505 1804 3532 duris
1817 3515 1911 3540 vrgens
1924 3507 1950 3533 in
1964 3508 2041 3535 rebus
2056 3493 2152 3544 cgess’as
2238 3510 2329 3544 Inopia
2344 3516 2369 3537 at
2390 3505 2425 3536 ue

314 3545 457 3570 flannmm:
477 3539 566 3566 deiude
580 3539 781 3573 perfundebatur
790 3537 893 3577 egelida
901 3546 968 3571 aqua
979 3537 1021 3562 vel
1036 3536 1088 3561 sole
1100 3535 1183 3575 multo
1196 3536 1331 3576 tepesafla.
1392 3538 1488 3573 egestas
1508 3539 1562 3565 Cic.
1578 3539 1605 3564 in
1618 3539 1696 3565 Catil.
1711 3548 1735 3569 2,
1750 3549 1785 3573 25.
1855 3542 1925 3568 Idem
1939 3543 1965 3569 i„
1978 3544 2064 3571 parad·
2079 3548 2096 3572 6
2123 3531 2213 3580 Ita'que
2226 3545 2299 3571 istam
2313 3519 2422 3580 mugiet,

314 3578 384 3605 Addc
396 3577 461 3603 Cels.
477 3584 495 3607 i,
508 3580 529 3603 ε.
552 3583 579 3605 4,
592 3583 613 3599 2.
628 3581 648 3599 ct
663 3583 682 3600 ii
697 3580 720 3599 ct
731 3583 774 3607 24.
841 3571 987 3599 Ouid.Am.
1000 3580 1021 3602 2,
1034 3580 1065 3610 ¹1¹,
1080 3580 1106 3597 io
1124 3571 1197 3603 Qud
1211 3571 1262 3597 tibi
1278 3575 1331 3599 (ine
1345 3579 1376 3605 95
1391 3579 1485 3604 tatem,
1511 3574 1552 3600 vel
1566 3574 1654 3608 potius
1672 3575 1808 3608 egestatem
1822 3582 1847 3603 et
1861 3577 2052 3606 mendicitatem
2071 3587 2142 3607 tuam
2159 3588 2293 3614 nunquam
2312 3580 2423 3607 obscure

314 3613 436 3640 miserum
447 3611 471 3641 Ε)
494 3609 623 3643 Zephyros
643 3609 789 3643 Eurumque
803 3607 904 3635 timebo
914 3627 921 3639 ‚
941 3606 1104 3648 lit-gelidum
1118 3606 1234 3639 Borean,
1254 3606 1331 3641 egeli-
1391 3609 1482 3635 tulisti.
1523 3611 1612 3643 Nempe
1621 3609 1720 3643 Egestas
1734 3610 1766 3643 ist
1773 3615 1852 3638 animi
1862 3613 1907 3644 libi
1919 3614 1990 3647 cle-esti*
2001 3617 2097 3652 aliquid
2104 3617 2244 3652 sentientis.
2262 3617 2292 3642 Et
2300 3616 2327 3642 in
2335 3617 2411 3642 Pison

313 3649 428 3682 dumque
440 3651 541 3671 notum.
578 3645 642 3669 Haec
655 3642 686 3675 esi
699 3653 755 3670 vcra
766 3642 854 3673 aelio,
876 3652 935 3678 quar
947 3648 1019 3668 ctiam
1038 3651 1090 3667 cum
1103 3649 1192 3668 natura
1206 3645 1333 3677 utriusque
1391 3653 1426 3678 24
1439 3654 1460 3671 c.
1475 3653 1495 3671 11
1518 3645 1580 3670 Non
1599 3646 1703 3678 capiunt
1723 3642 1861 3680 angustiae*
1873 3648 1984 3682 pefioris
1998 3652 2037 3678 tui
2070 3660 2123 3678 non
2141 3651 2234 3685 recipit
2254 3650 2346 3678 leuitas
2364 3633 2421 3677 ista·

312 3687 382 3711 venti
392 3681 491 3717 pulchre
504 3685 630 3709 conuenit,
649 3688 676 3703 cx
694 3678 805 3713 oppofitis
818 3680 903 3714 plagis
915 3676 1020 3717 frigida
1040 3677 1134 3708 alm-a,
1151 3678 1231 3704 altera
1249 3677 1332 3712 tepida
1391 3689 1444 3705 non
1460 3680 1555 3714 egestas
1568 3680 1664 3711 animi,
1682 3690 1734 3706 non
1755 3681 1893 3710 infirmitas
1912 3685 2013 3719 ingenii
2027 3672 2133 3713 stistinet
2165 3695 2219 3711 non
2231 3687 2369 3712 insolentia
2382 3669 2422 3712 re:
2456 3677 2460 3683 ”

307 3719 469 3754 spirantium.
529 3716 666 3740 Damnatus
687 3714 716 3738 ab
731 3717 814 3739 anneis
835 3713 920 3739 Ouidii
933 3714 1032 3747 versus,
1047 3714 1116 3737 cuius
1130 3715 1218 3750 vitium
1231 3722 1272 3737 nec
1285 3712 1333 3747 ipse
1392 3724 1451 3741 rum
1464 3715 1632 3741 secundarum
1645 3721 1741 3742 tantam
1753 3718 1897 3752 personam,
1910 3726 1962 3747 tani
1975 3731 2080 3756 grauem
2104 3706 2155 3748 tatii
2171 3722 2284 3748 seueram
2330 3722 2412 3748 Tacit

311 3753 441 3791 ignorabat
460 3750 533 3785 (vid.
546 3749 631 3774 Senec.
647 3747 771 3789 Controu.
785 3756 809 3778 2,
827 3756 853 3786 10
866 3749 952 3781 extr.)
977 3746 1040 3782 quod
1052 3750 1077 3772 in
1091 3749 1195 3786 quaesita
1208 3756 1290 3772 uocum
1297 3748 1332 3781 Ji·
1341 3762 1386 3779 100
1393 3750 1459 3776 Hist.
1472 3759 1500 3782 4,
1513 3758 1541 3783 35
1562 3750 1640 3777 Nihil
1654 3760 1736 3785 aeque
1748 3754 1876 3780 exercitus
1887 3756 1988 3783 nostros
2023 3742 2101 3791 qumi,
2117 3756 2211 3790 egestas
2225 3741 2370 3791 copiarum
2385 3740 2423 3783 fa:

311 3788 466 3818 militianm,
485 3791 508 3811 et
521 3787 592 3810 inani
606 3783 750 3817 crepitaculo
768 3781 836 3820 misse
855 3785 1002 3816 putarim-im:
1020 3791 1072 3807 cum
1085 3781 1200 3820 egelidos
1216 3782 1280 3808 nihil
1293 3783 1334 3808 ha·
1392 3785 1499 3818 tigabat.
1554 3786 1688 3812 Frumenti
1702 3796 1727 3813 et
1740 3788 1849 3814 aliarum
1862 3799 1949 3818 rerum
1964 3801 1977 3818 e
1997 3777 2059 3818 estas
2078 3790 2137 3817 Sall.
2151 3791 2218 3817 Catil
2244 3801 2256 3817 c
2284 3798 2308 3821 ·8
2359 3792 2421 3818 Lin-
2468 3810 2469 3813 ,

311 3825 363 3850 beat
375 3821 512 3852 terribile,
529 3825 558 3845 vt
570 3818 628 3844 adeo
640 3823 771 3858 appareat,
784 3821 845 3857 jauo
858 3818 1013 3855 gundemarum
1027 3816 1232 3852 ‹fliscntcntium.
1271 3818 1335 3843 Illud
1392 3829 1457 3853 guae
1474 3820 1577 3846 Lucret.
1595 3829 1613 3851 1,
1630 3829 1684 3853 140.
1757 3823 1821 3850 Plin.
1836 3825 1903 3859 Epist
1928 3838 1944 3861 4
1971 3803 2000 3862 1g7
2032 3828 2062 3852 In
2076 3826 2192 3852 deterius
2223 3809 2317 3853 iiidein'
2326 3827 2421 3854 accidit
2438 3812 2439 3818 l

311 3859 405 3895 quidem
418 3856 554 3883 inauditum
568 3860 591 3880 et
605 3856 678 3878 ninus
691 3850 933 3893 durunirltgclldum
952 3853 989 3877 his
1002 3853 1030 3877 ab
1044 3852 1085 3877 illo
1104 3852 1215 3886 deinceps
1229 3851 1333 3887 postium
1392 3854 1457 3881 hoc:
1478 3855 1590 3888 primum
1606 3856 1785 3884 imbecillitate
1798 3860 1898 3894 ingenii
1907 3847 1980 3888 'me'iz
1999 3861 2094 3887 deinde
2107 3862 2196 3895 inopia
2205 3836 2248 3888 qac
2281 3864 2351 3889 otius
2364 3870 2422 3896 cge-

309 3896 435 3921 cmumrio
446 3888 590 3927 ιήιεΙΙεέΙιιῑἱ
610 3896 663 3914 cum
672 3887 816 3927 praesertim
831 3888 960 3925 cxcinplizm
973 3887 1088 3922 proferri
1101 3897 1147 3912 non
1158 3888 1230 3925 poffir
1241 3907 1249 3919 ,
1269 3894 1333 3914 certe
1393 3889 1455 3916 state
1468 3891 1547 3923 patrii
1566 3891 1698 3918 sermonis.
1736 3895 1807 3925 Cous.
1827 3896 1930 3923 Liicret.
1952 3907 1957 3922 ι
1983 3902 2033 3928 831.
2106 3883 2209 3929 Quanta
2226 3873 2304 3924 nobis
2322 3898 2421 3924 Verbo-

304 3930 430 3964 prolatum
448 3925 552 3953 nondum
564 3925 617 3959 jn,
634 3931 723 3954 v’mmae
746 3931 774 3948 δ’)
792 3930 837 3956 ΨΟ
857 3920 976 3954 Ege¹¹d¹¹⁸
992 3922 1060 3949 ”⁶14²
1079 3922 1184 3958 gelidum
1197 3921 1449 3963 J¹ssn¹fi0⁶²¹2105rum
1461 3932 1614 3961 paupertas,
1632 3927 1714 3955 immo
1727 3925 1821 3963 egestas
1835 3930 1866 3959 sit
1885 3916 1993 3966 Sen.E'p.
2006 3936 2043 3965 58.
2218 3930 2239 3969 fl
2255 3942 2271 3960 2
2308 3933 2421 3968 Epitheta

2293 3975 2315 3995 u
2330 3967 2406 3996 Verba
2412 3975 2421 3991 :
