2479 4225
69 169 138 215 169
445 159 483 200 D
567 161 583 200 1
672 162 710 202 G

102 257 122 278 D
132 257 142 278 1
152 256 174 278 G
183 256 193 276 Ι
203 255 282 277 ΤΑΙ.
291 256 301 276 1
310 255 348 281 A,
367 250 458 275 orum.
488 258 515 275 n.
539 251 577 285 pl.
614 247 823 285 [ὃακτυλῆθραι]
837 260 839 262 ·
863 250 999 286 Tegmenta
1018 250 1110 287 digito-

63 297 118 315 rum
130 286 255 312 dicuntur.
291 286 369 311 Vari'.
385 283 417 311 de
435 285 466 311 R.
481 285 512 310 R.
527 294 546 317 1,
561 293 598 318 55,
614 295 622 312 1
649 286 714 313 Olea
733 293 813 311 manu
827 285 917 311 stricta
927 305 934 317 ,
955 286 1055 313 melior
1069 296 1109 320 ea,

64 331 132 358 quae
143 321 234 355 digitis
246 320 323 346 nudis
336 320 450 354 legitur,
470 329 549 354 quam
563 321 617 355 illa,
649 329 697 347 uae
708 328 768 346 euin
788 319 953 354 digitalibus.

102 364 120 383 D
131 363 142 383 i
151 363 172 383 G
181 362 220 383 1'1'
230 357 254 382 A*
263 363 284 383 'r
293 362 313 381 V
326 363 339 382 s
349 375 357 389 ,
384 364 398 381 a
407 375 413 387 ,
440 365 494 382 um.
522 356 583 383 Adi.
619 357 632 390 [
652 354 812 388 ακτνλωτός]
848 358 899 391 Qi
922 356 1017 392 digitos
1029 356 1109 384 habet.

64 393 131 420 Plin.
146 400 180 424 11,
194 399 230 426 47
247 391 348 418 Auium
363 391 431 418 aliae
443 391 585 426 digitatae,
603 391 670 418 aliae
689 390 857 424 palmipedes.

101 435 119 454 i)
130 435 138 454 1
149 433 170 454 G
182 433 325 458 LABRO,
348 430 399 453 ire.
437 427 592 462 Diglabrare
610 425 749 452 oueculani
788 426 910 452 Tertull.
926 425 958 452 dc
975 427 1038 453 Pall.
1053 436 1075 453 c.
1089 436 1112 459 3.

66 465 108 492 Sic
120 464 177 490 Iun.
191 463 225 488 al.
241 462 400 497 Deglubare.

102 504 121 524 D
133 505 143 524 1
156 504 177 524 G
186 505 202 523 1.
211 504 279 524 Ani
289 505 308 524 ο
318 504 337 524 R
349 517 357 529 ,
387 498 435 524 ari.
472 498 537 532 Dep.
570 493 775 535 [διαξιφίζσμοιι]
812 498 927 533 Pugnare
960 506 976 524 a
999 497 1111 524 Gladiis.

66 533 123 560 Cic.
139 533 222 560 Tusc.
235 542 263 566 4,
275 535 312 566 46
331 531 567 567 Digladientuizilli
581 539 627 565 per
640 539 682 557 me
697 531 775 563 licet,
796 533 839 558 cui
857 532 925 558 nihil
945 533 982 558 est
999 534 1113 565 necess'e,

63 575 110 596 etc.
146 569 318 604 Metaphorice
331 575 360 595 vt
373 572 445 595 etiam
457 571 530 595 alias.
565 567 603 592 De
617 565 714 600 quibus
728 567 799 593 inter
812 568 838 594 se
864 568 1005 602 digladiari
1028 568 1111 595 solent
1128 582 1157 601 10
1176 573 1226 597 luti-

64 605 120 631 Cic.
134 603 188 631 Off.
203 612 213 630 i
227 612 250 629 c.
264 611 289 635 9.
360 605 497 639 Antipater
509 601 672 635 digladietur
685 611 746 628 cum
761 603 896 630 Carneade
911 604 948 630 ld.
963 603 1042 630 Acad.
1059 613 1067 630 i
1083 605 1110 630 in

65 641 169 673 Fragm.
181 645 220 700 ap.
237 638 310 665 Non.
326 648 345 671 1,
360 648 409 672 33¹·
445 637 492 665 Sed
501 639 581 673 magis
589 640 694 673 proprie
706 637 763 664 Cic.
780 637 811 664 de
827 639 919 673 Legib.
935 648 957 671 3,
972 647 1001 664 20
1022 640 1053 665 C.
1067 649 1110 666 vc-

65 684 97 702 ro
110 675 192 706 Grajc
203 683 241 700 ius
257 675 342 701 ruinis
357 682 382 702 et
392 672 518 708 emiffitiis
527 694 535 706 ,
554 681 617 706 quas
630 673 684 707 ipse
698 673 724 699 se
737 675 875 707 proieciffe
887 676 916 701 in
929 675 1022 700 forum
1034 674 1112 708 dixit,

65 708 163 745 quibus
175 709 384 744 digladiarentur
395 709 465 735 inter
477 708 503 733 se
517 708 604 740 ciues,
623 717 729 742 nonne,
748 716 793 736 etc.

99 750 440 776 DiGLADiAB1L1S,
477 751 501 769 e.
542 742 604 769 Adi.

65 779 216 807 discidium.

100 822 332 848 DIGLOSSOS,
352 815 370 840 i.
388 822 424 840 m.
458 813 553 840 Herba.
589 814 611 840 A
631 814 668 841 ul.
682 814 714 841 de
730 813 814 842 Hei-b.
829 824 850 841 c.
866 819 903 847 58.

99 857 118 878 D
129 859 137 877 1
148 858 169 878 G
180 859 195 878 L
205 859 225 878 v
235 858 294 883 Bo,
314 852 364 876 ere.
399 848 520 876 Tertull.
535 848 567 875 de
580 850 611 876 Pa
624 850 640 876 1.
655 859 676 876 c.
691 859 711 882 3.
729 852 772 878 Al.
788 850 920 884 Deglubo.

100 893 168 914 DiG
180 893 253 919 MA,
272 886 328 912 atis.
347 893 374 910 n.
409 881 540 918 [δεῖγμα]
578 887 596 911 i.
618 886 751 921 specimen.
786 886 841 912 ICt.
854 888 882 911 in
898 884 967 912 Cod.
990 885 1054 912 vnde
1068 887 1112 913 Pa-

61 921 191 957 radigina.
228 923 358 955 [tempars
377 920 498 955 Pyraeei‚
518 922 588 946 cuius
600 924 764 948 meminerunt
777 921 914 957 Xenophon
934 921 1006 950 ἑλλη.
1025 931 1050 956 5.
1088 929 1111 949 ct
1125 937 1160 955 20

62 959 200 992 Polyaenus
213 960 240 990 6,
254 966 284 988 a,
297 963 318 981 2-

99 996 556 1023 DtGNATlQ-DLGNE,
586 996 819 1023 DiGNi‘rAs,
851 997 1025 1024 DiGNOR,
1059 992 1114 1020 vid.

66 1033 227 1056 DIGst.
244 1046 249 1052 .

97 1069 116 1090 D
125 1071 134 1090 1
143 1069 194 1090 GN
203 1067 223 1088 0
233 1068 248 1088 s
259 1067 276 1088 c
288 1067 307 1087 ο
316 1080 324 1092 ,
343 1060 392 1087 oui
399 1048 418 1093 ,.
430 1061 507 1087 otum
515 1080 523 1093 ‚
552 1062 606 1088 ere.
642 1059 822 1096 [διοιγινόακω]
859 1062 927 1088 Idem
947 1061 1012 1098 quod
1026 1056 1113 1098 Agno—

54 1098 125 1135 scere
133 1101 202 1125 *inter
214 1098 282 1129 alia,
299 1095 453 1132 Differo-iere.
489 1096 623 1123 Columel.
637 1105 664 1128 2,
677 1106 692 1123 2
711 1097 873 1131 Dignoscere
891 1103 989 1123 terram
1010 1098 1112 1132 sapore.
1124 1112 1156 1138 23

59 1135 103 1162 Sic
113 1134 232 1163 Fini-⁴28,
247 1140 287 1164 30.
341 1132 420 1158 Pauci
434 1131 588 1166 dignoscere
601 1132 702 1166 potsunt
716 1133 806 1159 Verba
819 1133 889 1159 bona
909 1132 1027 1159 quenal.
1038 1133 1112 1168 10p5·.
1124 1136 1127 1141 “

61 1167 186 1205 Dignosci
195 1168 244 1195 vix
261 1167 344 1201 potest
363 1176 378 1194 a
390 1167 515 1194 mastiche
532 1176 595 1194 vera
615 1167 680 1194 Plin.
695 1176 732 1200 12,
748 1176 786 1202 17.
884 1168 949 1194 Non
961 1169 1008 1203 qui
1023 1169 1111 1199 ciuem

60 1202 309 1240 dignoscerethoste
330 1203 398 1230 Hor.
414 1203 493 1238 Epist.
511 1212 532 1236 i,
544 1211 580 1235 15,
595 1211 637 1236 29.
728 1204 822 1230 Curuo
841 1202 944 1230 retium
956 1204 1112 1239 dignoscere

62 1239 220 1274 Hor..Epist.
232 1247 260 1271 2,
274 1247 300 1271 2,
314 1248 360 1272 44.

94 1280 323 1302 DromoscEN
335 1281 356 1301 T
368 1281 377 1300 i
389 1281 428 1306 A,
447 1282 487 1301 ae.

59 1318 104 1338 net
115 1308 321 1346 appetendorum
334 1316 359 1336 et
371 1309 543 1336 vitandorum
565 1309 672 1343 August.
687 1310 719 1335 de
731 1309 834 1336 Morib.
844 1310 911 1336 Eccl.
920 1310 1056 1340 Cathol.c.
1065 1319 1110 1343 24.

54 1347 96 1374 Ex
108 1346 242 1381 ligno,·'in
255 1353 310 1379 quo
324 1345 360 1372 est
375 1345 558 1379 dignoscentia
571 1345 675 1372 boniet
689 1345 764 1378 inali,
782 1354 838 1372 non
858 1345 917 1372 edat
935 1346 973 1372 Id.
983 1346 1015 1372 de
1024 1347 1110 1373 Gene-

57 1381 77 1410 fi
89 1388 179 1409 contra
192 1380 309 1408 Manich.
324 1389 349 1413 2,
362 1389 379 1413 9
394 1388 460 1408 extr.

51 1436 55 1439 -
86 1422 268 1449 -DIGnvs,
287 1425 316 1449 a,
335 1426 389 1443 uin.
404 1434 407 1443 ,
424 1416 486 1443 Adi.
523 1416 622 1448 [ἰέξιοὴ
644 1413 745 1448 δίκαιος,
766 1416 894 1450 ἀντάξιος]
931 1418 984 1452 Qui
1003 1424 1110 1444 meretur

50 1451 126 1479 «Ter.
141 1454 307 1487 Heaut.v1,·1‚
322 1460 350 1485 55
369 1453 400 1479 Et
414 1460 457 1479 me
468 1452 574 1485 ignoras
588 1452 695 1484 Clinia,
715 1460 765 1486 ego
777 1458 803 1478 te
817 1461 907 1478 meum
922 1454 971 1479 effe
985 1452 1040 1479 dici
1054 1460 1109 1479 tan·
1124 1468 1153 1494 35

838 1489 958 1514 Ablariuo
979 1491 1106 1525 iungitur,
1132 1497 1135 1499 ·

48 1488 135 1522 tisper
149 1488 229 1521 volo,
265 1488 336 1514 Dum
351 1487 423 1522 quod
437 1493 463 1514 te
475 1486 587 1522 dignum
606 1487 658 1519 est,
679 1488 769 1515 facias.

48 1523 97 1559 -sed
121 1525 187 1551 olim*
201 1526 277 1550 etiam
294 1525 419 1550 Genitiuo.
469 1524 499 1550 17.
512 1533 537 1559 g.
559 1523 655 1549 Balbus
673 1523 706 1549 ad
720 1524 801 1550 Attic.
816 1528 840 1555 8,
855 1532 880 1556 15
900 1524 1004 1558 Suscipe
1018 1533 1109 1551 curam

49 1564 80 1585 et
95 1560 288 1594 cogitationem
300 1559 549 1593 digniffimamtuae
561 1559 679 1586 virtutis.
795 1559 853 1586 Cic.
866 1569 914 1593 pro
930 1560 1014 1588 Balbo
1027 1568 1040 1593 3
1052 1569 1075 1586 c.
1091 1568 1108 1586 2

51 1595 113 1621 Hoc
127 1595 237 1629 dignum
251 1595 292 1621 rei
305 1595 404 1631 quidam
418 1594 490 1621 MSS.
505 1602 554 1629 pro
573 1603 629 1621 reo.
703 1596 734 1621 Et
754 1592 786 1620 de
801 1595 893 1628 Arusp.
909 1595 984 1634 Resp.
1000 1604 1025 1627 51
1043 1603 1109 1627 c.24

48 1640 82 1657 ex
94 1633 206 1658 oratione
218 1630 314 1662 Ciodii,
331 1632 419 1657 Vniun
432 1631 481 1658 eise
497 1630 525 1656 in
540 1629 588 1656 hac
602 1631 710 1656 ciuitate
726 1629 837 1663 dignum
849 1629 928 1655 huius
943 1630 1053 1664 imperii
1069 1630 1152 1666 di--40

47 1664 99 1692 tit.
136 1667 177 1693 Sic
188 1673 247 1693 ante
261 1664 439 1694 {sifforium,:„
459 1663 544 1700 postea
571 1665 685 1691 additum
708 1665 802 1699 gloria.
844 1665 950 1692 Videtur
976 1664 1110 1698 verisimile

55 1701 174 1734 Balbum,
194 1700 351 1737 Clodiumque
364 1701 463 1737 secutos
483 1703 612 1735 antiquam
634 1702 721 1727 Plauti
744 1703 887 1731 rationemg
922 1709 994 1736 quum
1018 1702 1108 1726 Poetae

53 1739 128 1763 etiam
139 1736 301 1770 ¹usurparunt.
392 1736 475 1762 Plaut.
492 1736 574 1762 Trin.
590 1743 612 1768 5,
625 1744 651 1768 2,
667 1744 701 1768 29
718 1736 784 1762 Non
797 1744 848 1768 ego
860 1736 917 1760 sinn
931 1735 1027 1767 dignus
1040 1735 1108 1763 salu-

47 1771 98 1798 315.
133 1771 242 1798 Nonius
255 1781 261 1797 z
296 1770 354 1797 add.
368 1771 494 1797 Drakenb.
506 1772 541 1802 ad
553 1770 597 1796 Sil.
615 1779 647 1801 11,
660 1776 711 1801 381.
746 1776 770 1795 et
784 1778 821 1799 12,
835 1774 871 1797 81.
907 1768 1017 1794 Phaedr.
1025 1777 1054 1800 4,
1063 1777 1106 1798 20,

54 1813 80 1831 2.
151 1806 282 1832 Materiae
295 1812 382 1831 tantae
395 1814 438 1830 me
450 1812 574 1838 promere
593 1805 710 1829 carmine
729 1803 811 1836 digno
837 1803 961 1828 Priscian.
976 1803 1002 1837 s.
1023 1803 1146 1840 Fann.43

52 1839 88 1875 de
99 1839 156 1865 Situ
168 1840 244 1865 orbis
255 1848 281 1865 v.
295 1847 318 1870 ς.
406 1839 483 1866 Plura
502 1837 567 1870 Valli
580 1838 608 1863 de
621 1836 716 1869 Corfir.
732 1845 754 1863 c.
769 1845 793 1862 11
812 1836 923 1872 ·quistne
936 1836 1007 1863 dubio
1021 1840 1059 1863 ait
1073 1837 1106 1863 Ιὲ-

68 1874 155 1900 endum
173 1874 294 1900 Ouid.A.
304 1874 334 1899 A.
344 1877 412 1905 3³1¹ss
432 1872 522 1902 Curia,
537 1872 647 1898 concilii
658 1881 726 1906 quae
739 1881 809 1898 nunc
822 1871 968 1906 dignissima
981 1874 1048 1899 tanti
1057 1873 1102 1903 est.

46 1881 100 1936 §ed
113 1909 303 1938 concilia-tanto
315 1908 579 1943 Burmsquemrtamen
594 1908 682 1934 vid.de
695 1908 742 1934 hac
754 1905 936 1940 corfiruc‘ilone
947 1907 978 1934 ad
994 1907 1105 1935 Phaedri

45 1945 67 1972 11.
79 1954 101 1971 c.

50 1981 137 2008 Burm.
156 1993 159 1996 ¹
170 1979 239 2007 Add.
253 1979 341 2015 Heins.
352 1979 386 2006 ad
400 1977 483 2007 Ouid.
495 1978 582 2006 Trist.
597 1988 625 2012 4,
637 1987 661 2011 3,
674 1986 714 2013 57.

45 2019 103 2042 ιὶαο
117 2018 295 2052 coniungitur,
316 2021 340 2041 et
357 2015 453 2051 quidem
464 2021 568 2050 propter
582 2015 675 2050 elliinn
688 2013 881 2050 Praepofitionis
893 2023 958 2048 pro,
979 2023 1050 2049 quam
1065 2023 1105 2041 ex-

43 2050 136 2088 preffit
150 2052 245 2078 Horat.
258 2049 336 2085 Epist.
350 2059 375 2081 i,
388 2057 421 2084 7,
438 2057 476 2084 24
498 2051 616 2084 Dignum
636 2049 773 2084 praestabo
792 2058 835 2076 me
854 2051 936 2077 etiam
955 2059 1005 2084 pro
1025 2049 1103 2076 laude

48 2087 184 2114 merentis.
205 2089 224 2113 τ’.
241 2085 365 2120 ostendam
384 2094 421 2111 me
440 2085 543 2122 dignum
564 2095 592 2111 ea
603 2085 689 2115 laude,
705 2095 753 2120 qua
765 2085 837 2112 dicar
848 2084 957 2118 mermſjie
971 2086 1103 2121 indulgen-

48 2126 111 2150 tiam
124 2129 201 2148 tuam.
273 2120 355 2148 Plaut.
370 2120 467 2194 Ληιὲὴ.
479 2130 504 2152 2,
519 2129 545 2152 2,
559 2128 611 2155 227
630 2120 710 2147 Abiu*
724 2121 786 2147 hinc
800 2130 814 2147 a
826 2129 885 2153 me,
906 2121 1001 2155 dignus
1014 2120 1100 2147 domi-

46 2166 90 2184 no
102 2158 191 2184 seruus
205 2158 215 2183 3
584 2156 589 2160 ‘

47 2193 152 2220 >Amore
165 2192 260 2227 dignus
274 2191 362 2219 Valer.
381 2191 480 2226 Argon.
493 2197 517 2224 8,
532 2200 570 2224 29.
644 2192 770 2227 Apolline
785 2201 881 2218 munus
894 2191 1005 2227 dignum
1031 2192 1102 2218 Hor.

45 2228 130 2263 Epist.
145 2236 171 2261 2,
188 2237 214 2262 1,
221 2230 277 2254 216.
348 2228 468 2262 Argento
481 2227 578 2262 dignus
598 2227 680 2255 Ouid.
694 2237 726 2254 ex
741 2229 827 2254 Ponto
839 2236 851 2260 3
861 2247 869 2260 ,
885 2233 916 2259 8,
930 2236 953 2260 3.
1024 2228 1100 2254 Auro

45 2264 158 2297 dignior
176 2263 250 2290 Idem
267 2262 335 2289 ibid.
407 2263 575 2290 Aineioritate
588 2262 767 2298 digniffimuni
789 2263 846 2290 Cic.
860 2264 936 2290 Verr.
951 2272 975 2296 3,
1011 2283 1019 2290 .
1059 2283 1065 2290 .
1089 2269 1092 2270 ’

43 2298 168 2327 Auribus
179 2308 221 2326 res
235 2298 314 2333 digna
341 2299 426 2326 Catul.
442 2299 476 2325 ad
491 2300 621 2326 Catonem
634 2308 659 2326 2.
732 2300 788 2326 Cic.
803 2308 853 2333 pro
867 2299 985 2332 Archia5
999 2300 1099 2326 Omnes

173 1945 280 1971 Sueton.
295 1943 427 1971 Othone.
437 1951 456 1976 4
469 1943 564 1970 Solum
585 1942 746 1970 successionis
764 1943 882 1977 .imperii
905 1943 1025 1977 dignum.
1062 1945 1104 1971 Sic

44 2335 98 2369 .qui
109 2334 260 2369 aliquidde
277 2334 393 2369 ingeniis
412 2340 534 2370 poterant
553 2335 688 2368 iudicare,
708 2335 863 2370 cognitione
883 2340 962 2370 atque
981 2334 1100 2369 hospitio
1111 2340 1146 2364 60

49 2370 160 2405 dignum
186 2369 413 2397 existimauerunt.
510 2370 601 2404 Aude,
621 2371 730 2405 hospes,
751 2377 923 2397 contemnere
944 2380 1017 2405 ope5‚
1033 2377 1059 2398 et
1074 2375 1099 2395 te

43 2415 158 2441 quoque
181 2405 292 2440 dignum
314 2406 397 2440 Finge
420 2407 495 2439 Deo,
515 2407 650 2441 rebusque
672 2407 737 2433 veni
759 2415 814 2434 non
832 2408 906 2441 asper
918 2407 1007 2440 egenis
1024 2406 1100 2439 Virg.

49 2443 115 2468 Aen.
129 2447 152 2474 8,
165 2444 224 2475 364.
297 2441 355 2467 Diis
369 2441 425 2469 vita
439 2441 518 2475 digna
537 2443 643 2469 Luci-et.
656 2451 678 2474 3,
692 2451 747 2475 323.
819 2443 903 2468 Plane.
912 2443 969 2468 Cic.
979 2443 1052 2468 Fam.
1062 2449 1101 2473 10,

42 2484 68 2512 ·7
85 2477 156 2503 Dum
176 2476 351 2512 perducerem
374 2485 408 2503 eo
428 2485 505 2509 rem,
525 2483 554 2504 vt
575 2477 687 2512 dignum
710 2477 813 2512 aliquid
826 2484 852 2504 ct
872 2477 1016 2504 Consulatu
1030 2485 1103 2509 meo,

45 2518 76 2538 -et
90 2512 175 2538 vestra
184 2512 383 2546 ExspeElatione
395 2511 535 2540 efficerem.

44 2547 168 2574 ‘Homine
178 2547 268 2573 nobili
280 2547 358 2582 digna
379 2548 435 2575 Cic.
449 2548 528 2575 Acad.
543 2558 571 2583 4,
585 2556 625 2583 75.
740 2548 819 2575 1d.de
826 2550 920 2584 Arusp.
935 2548 1060 2583 Respons.
1073 2556 1099 2581 51

44 2582 99 2609 Sed
111 2591 144 2609 ne
156 2582 184 2609 id
191 2583 265 2609 viros
274 2584 394 2617 optimos
407 2583 508 2611 diutius
522 2584 651 2617 delectet,
672 2585 760 2619 legant
773 2584 840 2612 hanc
855 2586 911 2611 eius
932 2585 1100 2614 concionem,

51 2617 84 2644 de
97 2627 149 2652 qua
161 2619 277 2653 loquor,
297 2621 325 2645 in
340 2628 391 2653 qua
406 2620 563 2654 Pompeium
577 2627 669 2651 ornat,
685 2629 717 2646 an
732 2621 820 2654 potius
835 2620 968 2647 deformat
982 2621 991 2646 3
1027 2625 1097 2645 certe

49 2652 154 2685 laudat,
172 2660 197 2680 et
211 2663 294 2680 vnum
308 2655 356 2680 effe
368 2655 396 2680 in
409 2654 456 2681 hac
471 2655 580 2681 ciuitate
594 2656 705 2690 dignum
718 2655 798 2681 huius
808 2656 920 2688 Imperii
932 2656 1017 2688 gloria
1025 2654 1101 2685 dicit,

50 2694 77 2715 et
89 2688 216 2723 fignificat
230 2690 254 2714 se
269 2689 311 2714 illi
325 2689 507 2714 amicissimum
521 2690 578 2715 efl'e.

48 2733 76 2756 4,
89 2727 144 2754 868.
236 2724 326 2750 Laude
339 2723 430 2749 virum
445 2723 555 2757 dignum
568 2725 640 2750 musa
653 2730 724 2750 vetat
738 2725 809 2751 mori
839 2726 907 2750 Hor.
920 2724 972 2750 Od.
985 2734 1013 2758 4,
1027 2729 1050 2755 8,
1065 2728 1101 2753 28.

48 2759 139 2786 Laude
152 2759 228 2785 omni
241 2759 320 2793 digna
339 2760 396 2787 Cic.
411 2767 460 2793 pro
472 2759 561 2785 Domo
574 2760 619 2785 sua
656 2779 662 2785 .
778 2758 817 2786 id.
838 2761 864 2786 in
878 2760 963 2786 Pison.
978 2768 990 2791 3
1008 2760 1100 2792 Quini

47 2794 99 2820 hoc
117 2803 171 2820 non
193 2795 340 2826 recusares,
360 2795 425 2829 quin
445 2793 490 2826 hi,
509 2804 523 2820 a
538 2794 636 2828 quibus
651 2794 775 2820 dicebare
796 2795 911 2827 Consul,
930 2801 956 2820 te
974 2796 1046 2821 Luce
1059 2794 1099 2820 di-

43 2839 128 2865 ¹gnum
141 2838 197 2855 non
212 2836 348 2863 putarent,
366 2829 414 2856 nili
428 2830 542 2864 nequior
555 2839 635 2863 quam
649 2830 779 2856 Gabinius
793 2830 934 2856 exstitiffes.
1019 2828 1100 2855 Rabi-

47 2865 95 2892 dae
114 2863 292 2892 Medicamina
311 2865 390 2899 digna
406 2864 537 2900 podagrae
557 2865 690 2892 Sammon.
705 2874 730 2891 v.
745 2872 810 2899 774.

48 2901 117 2928 Cels.
132 2910 141 2927 1
156 2900 241 2927 Praef.
264 2915 268 2919 -
312 2900 382 2927 Add.
398 2902 465 2934 Nep.
481 2909 515 2933 13,
529 2909 557 2934 4,
570 2909 596 2934 4.
668 2901 819 2927 Memoratu
836 2900 902 2926 Plin.
917 2909 955 2932 21,
971 2909 1004 2926 12.
1058 2900 1096 2926 Id.

48 2945 108 2968 1251
129 2937 209 2963 Saxea
222 2936 293 2962 intus
310 2935 453 2970 crepidinis
464 2945 562 2962 corona
577 2936 707 2962 musculos
721 2935 859 2969 complexa
875 2936 995 2971 panices,
1015 2935 1097 2962 exstat

48 2978 102 2998 tam
121 2971 201 3006 digna
221 2971 371 3004 MiraculO,
390 2977 419 2998 vt
432 2971 559 2998 Lucinius
573 2971 709 2998 Mutianus
718 2971 885 3006 prodendum
900 2972 1009 3006 posteris
1023 2977 1096 3006 puta-

49 3007 93 3034 rit.
162 3008 218 3034 Cic.
233 3008 305 3033 Fam.
320 3015 388 3042 2,17
413 3007 470 3040 Qui
490 3007 509 3034 fi
531 3006 641 3042 dignum
660 3008 685 3033 se
706 3007 855 3034 Maioribus
868 3009 921 3034 suis
943 3007 1097 3043 praebuerit

48 3046 95 3076 (vt
108 3043 183 3078 spero
196 3049 223 3069 et
235 3046 317 3076 opto)
336 3049 380 3069 tua
394 3043 448 3069 laus
463 3051 495 3069 ex
507 3043 596 3078 aliqua
609 3050 682 3078 parte
701 3044 799 3075 fuerit,
820 3050 865 3070 etc.

45 3079 110 3105 fin.
124 3087 148 3109 2,
161 3081 199 3105 61.
236 3080 274 3104 -Et
285 3078 316 3104 de
331 3079 405 3105 Orat.
420 3087 443 3111 2,
481 3098 488 3105 .
525 3098 532 3105 .
571 3099 577 3105 .
616 3081 676 3105 Item
690 3078 802 3114 Philipp.
815 3088 836 3111 3,
850 3087 881 3111 23
894 3089 916 3105 c.
930 3088 967 3105 10.
1005 3080 1095 3105 Morte

20 3148 23 3149 .
48 3113 158 3148 dignum
169 3113 270 3140 facinus
287 3114 345 3140 Sen.
360 3114 470 3148 Hippol.
486 3123 520 3140 12.
592 3114 665 3141 Odio
679 3114 840 3149 dignissimus
857 3115 914 3141 Cic.
923 3114 955 3141 de
964 3115 1019 3141 Fin.
1030 3122 1093 3148 1,15.

49 3149 208 3183 opprobriis
221 3149 314 3184 dignus
335 3149 402 3176 H'or.
417 3151 466 3177 Sat.
481 3159 507 3182 2,
522 3158 541 3180 1,
555 3155 590 3183 85.
663 3151 736 3178 Patre
751 3150 826 3185 digni
845 3150 955 3177 iuuenes
980 3152 1049 3177 Hor.
1065 3151 1094 3176 in

52 3183 113 3210 Arte
125 3185 248 3218 Po'et.24.
319 3186 437 3212 Personis
449 3186 615 3213 summorum
626 3186 747 3213 virorum
762 3186 872 3220 dignum
907 3187 976 3221 Nep.
1006 3186 1091 3212 Praef.

53 3227 79 3244 n.
91 3227 109 3245 1.
136 3242 142 3244 .
175 3220 303 3247 Promiffis
316 3221 425 3256 dignum
443 3222 511 3247 Hor.
525 3222 576 3251 Sat,
590 3231 613 3253 2,
627 3231 650 3254 3,
665 3225 690 3249 6.

55 3253 134 3280 modo
146 3255 294 3283 Consularis
305 3277 313 3289 ,
334 3257 406 3292 quod
418 3262 475 3283 tum
486 3256 597 3289 accidit,
617 3258 710 3293 diguus
723 3258 772 3285 illo
787 3258 889 3284 honore
898 3278 906 3290 ‚
934 3257 1028 3291 dignus
1043 3258 1092 3284 Re-

54 3287 125 3328 publ.
138 3289 307 3318 inueniretur.
412 3293 468 3319 Cic.
484 3294 556 3319 Fam.
579 3302 598 3326 1,
628 3301 645 3328 7
688 3295 775 3327 Qiem
800 3302 848 3320 nos
863 3300 889 3320 et
901 3293 963 3328 quia
979 3299 1049 3326 tuus,
1066 3299 1093 3319 et

57 3324 182 3363 quia-Te
197 3326 288 3360 dignus
301 3328 337 3354 est
356 3328 442 3361 filius,
461 3335 486 3355 et
506 3329 569 3363 quia
581 3338 629 3356 nos
645 3329 749 3364 diligit,
770 3331 923 3363 semperque
938 3328 1047 3361 dilexit,
1066 3330 1095 3355 in

53 3367 286 3399 p1·nn-1S·aiuam11s‚
299 3373 440 3399 carumque
454 3363 590 3392 habemus.
694 3365 843 3399 Digniorne
864 3365 971 3400 pulegio
992 3373 1091 3391 corona

52 3396 187 3434 Vertigini
199 3404 274 3435 quam
283 3406 297 3424 e
311 3399 374 3425 rosis
395 3400 460 3426 Plin.
474 3409 517 3432 20,
531 3409 571 3434 14.

53 3431 118 3470 Tua
132 3431 195 3470 Vlfa
209 3429 311 3470 (11151ιί01-
323 3441 391 3462 aetas
411 3436 484 3470 Virg.
500 3437 564 3462 Aen.
578 3444 605 3469 9,
616 3445 670 3464 212.
779 3436 861 3463 Ouid.
877 3437 941 3462 Met.
954 3446 972 3471 4

52 3464 150 3507 qulbss·S
165 3465 210 3491 11¹³
226 3465 277 3492 fun
290 3467 366 3504 longa
379 3470 524 3506 dignissima
531 3472 602 3498 Vita.
800 3469 821 3509 Ἴ
850 3481 860 3503 3
897 3472 997 3508 Obseru.
1018 3472 1091 3498 Plau-

53 3507 96 3542 (υς.
109 3508 183 3540 fthm
199 3510 252 3526 cum
265 3503 408 3539 Accusatiuo
421 3510 504 3534 iunxit
519 3508 594 3542 Capt.
608 3515 631 3540 5,
646 3515 670 3538 2,
684 3509 712 3534 16
742 3507 808 3533 Non
831 3517 873 3534 me
900 3509 986 3534 censes
1016 3508 1092 3540 scire,

51 3536 117 3572 qnid
131 3535 314 3577 dfgnustfiem?
349 3540 427 3574 Potest
440 3549 520 3569 tamen
533 3550 556 3569 et
567 3542 665 3578 Ellipfis
677 3542 735 3576 effi,
754 3550 777 3569 et
784 3543 980 3580 fiaebaudiendum
1002 3543 1092 3575 Ferre,

51 3573 92 3599 vel
102 3573 166 3598 Pati.
204 3572 322 3606 Dignus,
340 3576 357 3600 i.
371 3577 535 3604 Commerirus.

52 3617 122 3634 inam
137 3607 182 3634 illa
195 3616 247 3633 vna
260 3607 338 3641 digna
349 3609 392 3636 est.
457 3612 531 3640 Idem
547 3613 613 3640 ibid.
627 3624 655 3648 4,
669 3623 697 3648 4,
711 3624 730 3649 4
750 3615 823 3648 Qud
837 3616 908 3641 enim
921 3624 975 3642 non
989 3615 1035 3641 sim
1050 3614 1089 3640 di-

52 3653 116 3678 gn¹¹⁵
133 3651 193 3678 ΡῙἪε
206 3649 278 3676 te,vt
288 3643 365 3683 figam
378 3645 462 3680 palum
475 3649 503 3675 in
516 3650 642 3684 parietem
656 3651 665 3676 3
735 3650 791 3676 Cic.
805 3651 836 3676 de
851 3651 943 3684 Legib.
958 3660 970 3683 3
979 3670 987 3683 ,
1002 3659 1015 3683 5
1034 3650 1090 3684 Qui

51 3678 166 3719 modeste·
180 3684 268 3713 Pffl‘etae
286 3679 392 3706 Vldetur
406 3682 453 3714 qui
463 3684 603 3718 aliquando
617 3686 743 3720 imperet,
762 3685 857 3720 dignus
870 3687 927 3712 esse.
1015 3686 1090 3720 Conf.

51 3724 100 3749 pro
113 3714 220 3749 Qun&
235 3724 256 3740 c.
270 3723 315 3748 24.
385 3715 452 3742 Ter.
469 3718 548 3746 Andr.
563 3729 583 3752 1,
597 3731 625 3755 4,
639 3730 651 3753 3
670 3722 735 3747 Sane
752 3722 795 3756 pol
815 3722 958 3748 temulenta
978 3721 1015 3747 est
1032 3730 1089 3747 mu-

980 3441 1045 3469 ‚108
1067 3437 1087 3463 E

52 3750 118 3783 lier,
136 3756 162 3777 et
174 3750 331 3782 temeraria,
367 3750 425 3777 Nec
438 3752 497 3779 satis
510 3754 587 3789 digna
599 3758 641 3783 cui
655 3763 804 3784 committas
819 3758 906 3791 primo
914 3762 988 3791 partu
997 3756 1089 3783 mulie-
1097 3771 1144 3789 100

50 3792 116 3812 l'em-v
184 3785 243 3812 Liss·
256 3793 283 3820 72
299 3788 330 3827 {6
348 3785 403 3812 Nec
417 3795 464 3812 vos
478 3787 551 3822 digni
564 3791 638 3825 estis,
654 3801 719 3826 quos
732 3802 791 3818 cum
806 3799 875 3819 tanta
890 3792 976 3827 gloria
1001 3793 1028 3819 in
1048 3802 1089 3819 ca-

53 3820 103 3847 stra
116 3821 223 3848 reduces
235 3820 366 3862 silentium
378 3831 408 3862 ac
422 3831 475 3848 nox
496 3828 573 3858 tegat.
660 3829 747 3854 Serius
766 3837 845 3863 quam
865 3828 975 3863 dignum
996 3828 1047 3861 est,
1068 3831 1087 3855 i.

49 3864 120 3890 quam
133 3859 183 3898 Par
196 3855 237 3890 est.
273 3857 329 3883 cic.
338 3857 449 3892 Philipp.
457 3859 483 3891 6,
491 3866 519 3891 19
537 3860 959 3897 Venittempus,Qiirites,seri11s
967 3865 1088 3897 omnine,

48 3899 130 3930 quam
143 3892 250 3933 dignum
263 3893 324 3927 Pop.
342 3893 418 3933 Rom.
433 3893 494 3920 fuit.
566 3895 635 3922 Ter.
647 3898 713 3926 Eun.
727 3908 750 3932 5,
762 3908 788 3932 9,
801 3909 827 3926 21
858 3900 923 3926 Satis
935 3900 1030 3933 crede,
1047 3900 1086 3926 ni-

49 3925 88 3954 hil
101 3927 136 3954 est
148 3927 255 3992 Thai-dg
261 3934 312 3990 1tua
321 3927 432 3996 [digmus
445 3928 519 3964 quod
531 3936 642 3958 ametur.

1133 402 1146 429 5
1170 394 1276 429 finitiuo
1294 404 1358 422 more
1379 398 1525 425 Graecorum
1539 411 1547 425 :

652 743 776 771 Prudent.
809 753 833 777 3,
865 753 896 778 14
929 744 1111 780 Digladiabile
1130 756 1155 782 15
1180 748 1236 774 Cic.
1252 748 1318 774 Phil.
1335 757 1357 781 3,
1371 759 1404 776 22.
1425 760 1446 777 c.
1458 760 1475 784 9
1502 753 1583 780 Nulla
1596 759 1754 786 contumelia

513 1273 534 1300 f.
571 1273 612 1300 Ad
631 1273 800 1308 prudentiam
824 1273 1005 1308 dignoscentia
1031 1256 1165 1315 perti-‘30⁴

1162 1564 1249 1589 .sonet
1262 1565 1360 1591 Senec.
1375 1564 1480 1591 Troad.
1494 1575 1557 1598 900.

452 2165 466 2182 2
503 2156 630 2183 Amicitia
643 2155 738 2190 dignus
755 2157 823 2184 Hor.
837 2156 865 2183 in
877 2157 940 2183 Arte
953 2158 1024 2184 Po'e't.
1039 2158 1100 2189 436.
1118 2163 1147 2189 55
1159 2166 1273 2194 ,quatuor
1281 2159 1460 2194 pedire-morum
1474 2164 1735 2198 imperatorum-aetas
1742 2165 1821 2201 fecit.

652 2692 714 2716 Ioco
727 2690 806 2723 digna
821 2690 902 2716 verba
929 2689 1011 2716 Ouid.
1033 2688 1098 2715 Fast.
1107 2700 1143 2727 70

877 2865 1011 2891 Memoria
1025 2864 1100 2898 digni
1110 2876 1142 2905 73

974 3043 1047 3070 Idem
1063 3043 1095 3069 de
1107 3054 1139 3079 80

743 3223 799 3249 Cic.
813 3221 925 3257 Philipp.
941 3231 950 3248 1
972 3223 1014 3248 Ne
1024 3230 1091 3248 vnus
1108 3235 1137 3263 83

621 3401 703 3427 Han-d.
727 3401 861 3433 Varroni,
883 3407 931 3435 pro
956 3404 1087 3437 vertigini.
1102 3414 1137 3439 90

604 3579 686 3605 Plaut.
701 3579 761 3605 Mil.
777 3589 805 3612 4,
821 3588 838 3610 1,
851 3588 878 3605 21
899 3580 938 3606 Ad
953 3586 1024 3606 tuam
1035 3579 1091 3605 for·
1104 3591 1136 3617 95

1145 3901 1285 3938 significat.

743 3935 799 3962 Cic.
813 3937 889 3963 Vei-r.
905 3944 914 3963 1
930 3945 951 3964 c.
973 3944 1010 3970 24
1037 3937 1139 3977 Vti105
1154 3946 1206 3964 tem
1218 3938 1299 3972 poss‘et
1307 3937 1447 3966 Accedere.

1584 169 1623 209 D
1710 170 1725 209 Ι
1818 174 1857 215 G
2154 194 2221 231 170

1175 252 1284 293 videant
1303 258 1329 281 et
1348 253 1520 296 inuestigent,
1544 266 1625 293 ecqua
1643 258 1722 293 virgo
1741 260 1771 287 fit
1790 269 1834 289 aut
1851 265 1950 292 mulier
1971 265 2049 301 digna
2085 277 2163 303 quam
2183 270 2219 296 ob

1177 297 1233 314 rem
1249 288 1296 314 iste
1310 289 1442 329 Lampsaci
1458 292 1558 319 diutius
1571 302 1791 323 commoraretur.
1862 301 1941 327 Plaut.
1955 302 2023 328 Rud.
2037 288 2096 336 5,,1,
2113 313 2140 337 19
2157 305 2219 332 Ede-

1178 324 1222 364 pol
1236 333 1287 364 Yffl!
1300 324 1376 351 litera
1390 327 1446 359 plus
1461 329 1516 354 siun
1530 338 1608 363 quam
1623 330 1748 357 medicus.
1780 338 1810 359 G.
1838 339 1894 361 tum
1909 342 1937 362 tu
1973 337 2110 365 Mendicus
2127 341 2172 366 es?
2194 348 2221 368 i..

1177 360 1287 393 tetigisti
1301 368 1357 386 acu.
1390 368 1420 388 G.
1442 364 1548 391 videtur
1562 364 1642 400 digna
1654 367 1750 393 forma.
1799 368 1956 402 Construieur
1970 374 2101 409 aliquando
2114 385 2166 401 cum
2181 378 2222 402 In-

1325 431 1329 436 ,
1488 435 1491 438 ἢ
1574 408 1619 434 vt,
1641 402 1742 437 Dignus
1761 404 1845 430 amari
1866 406 1941 440 Virg.
1958 408 2009 434 Ecl.
2025 417 2047 441 5,
2062 415 2098 442 85.
2172 412 2221 438 Re-

1179 430 1292 463 pcndere
1305 430 1383 473 digna
1398 432 1531 460 Stansuu.
1551 445 1584 469 11,
1621 457 1627 463 .
1665 456 1672 464 .
1706 444 1708 446 ’
1743 439 1859 474 Dignum
1873 440 1909 467 cst
1922 442 2026 469 credere
2043 445 2221 481 Virg.Georg.

1178 473 1270 505 33391.
1324 467 1367 494 Sic
1386 475 1409 509 ct
1423 476 1551 508 oratores:
1578 472 1645 499 Plin.
1658 474 1750 508 Paneg.
1771 484 1793 501 c.
1808 483 1826 510 7
1851 476 1952 511 Dignus
1972 478 2037 504 alter
2059 480 2138 515 eligi,
2155 482 2222 509 alter

1179 501 1287 541 eligere.
1341 503 1435 538 Supma
1448 507 1510 540 sunt
1529 507 1644 534 Ablatiui
1662 508 1743 543 casus.
1802 513 1890 547 Itaque
1906 512 1974 539 dixit
1988 514 2104 547 Dignum
2122 526 2222 544 memo-

1178 542 1235 562 ratu
1250 537 1317 578 Plin.
1330 546 1369 570 21,
1385 547 1421 564 12.
1477 541 1532 572 Sic,
1551 543 1635 577 Digna
1647 544 1721 571 dictu
1738 544 1812 572 Idem
1829 555 1861 579 11,
1877 555 1911 581 51.
2019 549 2136 584 Dignus,
2155 553 2222 589 abso.

1191 608 1199 613 .
1231 573 1372 611 *interdum
1388 581 1435 609 pro
1449 575 1498 615 Ea,
1513 580 1555 611 qui
1572 581 1634 617 (nalo
1655 588 1698 607 aut
1715 584 1861 609 contumelia
1879 583 1971 620 dignus
1990 582 2023 615 el?
2038 595 2046 609 :
2078 586 2179 614 Sallust.
2192 589 2221 614 B.

1178 607 1257 646 Catil.
1277 617 1297 633 c.
1312 616 1337 641 51
1355 609 1410 649 Sed.
1421 609 1467 636 vbi
1482 619 1626 645 imperium
1644 615 1675 641 ad
1691 617 1795 650 ignaros
1808 619 1895 651 ciues,
1910 624 1955 645 aut
1968 620 2054 646 minus
2068 620 2151 648 bonos
2165 633 2223 657 per-

1178 648 1269 682 venit,
1287 652 1388 670 nouum
1404 645 1469 672 illud
1484 648 1632 682 exemplum
1647 651 1679 677 ab
1694 651 1781 687 dignis
1793 659 1819 680 et
1831 654 1934 681 idoneis
1952 654 1985 681 ad
1999 655 2122 690 indignos
2136 663 2162 683 et
2174 659 2224 684 mi-

1178 686 1228 703 nus
1249 678 1359 715 idoneos
1379 681 1543 721 transfertur.
1603 685 1762 721 Disputatum
1774 688 1808 722 est
1826 690 1978 717 vehementer
1993 700 2008 717 a
2019 692 2148 726 plurimis,
2168 697 2225 729 quis

1173 713 1262 748 sensus
1274 713 1330 746 effi&
1343 715 1529 748 sententiolae,
1546 728 1618 753 quum
1637 731 1666 747 cx
1685 723 1764 750 editio
1797 724 1883 751 nodam
1902 726 2015 752 Antonii
2025 727 2134 761 sumtum
2156 729 2225 755 ridet

1192 784 1198 790 Ἴ
1433 788 1436 791 ¹
1768 734 1819 793 eii,
1840 769 1918 795 quam
1935 762 1999 787 facit
2019 763 2121 797 dignus.
2163 764 2223 790 Vid.

1179 784 1275 810 l-acere
1294 786 1491 826 contumeliam.
1548 791 1651 826 Collegit
1667 800 1689 819 st
1701 798 1853 822 examinauit
1866 799 1994 831 opiniones
2007 798 2131 825 hominum
2144 800 2225 826 erudi-

1179 825 1262 845 torum
1278 820 1386 862 Gronozc.
1400 821 1465 855 Obſj.
1482 833 1506 856 3,
1523 831 1551 863 39.
1607 827 1659 862 ¹Pfi
1679 829 1795 862 Dignum
1817 832 1952 869 intelligit,
1969 836 2012 868 qui
2031 833 2115 866 debet,
2130 842 2154 860 et
2172 838 2226 861 iure

1174 852 1271 890 potest,
1289 864 1330 894 qut
1346 858 1491 898 excusatus,
1503 861 1558 893 sine
1571 863 1656 897 culpa,
1670 864 1751 899 facit.
1822 867 1909 893 Senec.
1930 867 1963 894 de
1976 869 2018 895 Ira
2037 877 2060 901 3,
2074 874 2099 898 18
2123 870 2225 905 Dignus

1180 895 1236 916 erat
1250 890 1369 923 Marius,
1387 902 1440 933 'qui'
1451 894 1497 920 illa
1516 903 1667 929 patei-etum
1694 899 1779 931 Sulla,
1800 902 1847 934 qui
1868 903 1992 935 iuberet3
2024 905 2155 938 Catilina,
2176 906 2226 941 qui

1180 925 1278 965 faceret
1294 936 1299 951 π
1326 926 1369 953 sed
1385 927 1494 967 indigna
1508 931 1680 966 Respublica,
1702 944 1769 969 quae
1784 935 1812 960 in
1825 945 1918 970 corpus
1932 939 2006 965 sumn
2026 945 2052 966 ct
2064 939 2179 967 hostium
2200 947 2226 968 et

1179 960 1317 987 vindicum
1331 962 1433 995 gladios
1447 967 1585 1004 reciperet.
1658 969 1744 1003 Valer.
1759 971 1871 998 Maxim.
1885 980 1910 1004 9,
1923 981 1949 1005 2,
1969 977 1980 999 'i
1999 982 2064 1001 extr.
2090 976 2119 1002 de
2131 978 2227 1003 Actilio

1179 997 1286 1032 Regulo,
1305 996 1453 1025 Tormenti
1468 1010 1547 1034 genus
1562 1002 1633 1029 haud
1645 1003 1754 1038 dignum
1768 1006 1851 1039 palso,
1871 1007 2025 1035 auctoribus
2040 1010 2226 1044 dignissimum.

1179 1032 1248 1071 Ter.
1263 1031 1327 1057 Eun.
1341 1040 1363 1066 5,
1379 1042 1402 1066 2,
1417 1043 1447 1067 25
1473 1037 1537 1076 Non
1557 1043 1582 1063 te
1605 1037 1731 1074 dignum,
1749 1040 1882 1073 Chaerea,
1903 1042 2004 1069 Fecisti.
2059 1046 2127 1073 Nam
2143 1047 2159 1074 fi
2175 1056 2225 1082 ego

1180 1066 1260 1101 digna
1279 1067 1327 1093 hac
1342 1071 1508 1112 ,contumelia
1527 1073 1583 1098 sum
1606 1075 1722 1102 maxime
1738 1082 1799 1102 :-·at
1813 1081 1842 1102 tu
1855 1075 1994 1111 indignus,
2012 1079 2060 1113 qui
2074 1081 2171 1108 faceres
2190 1090 2227 1110 ta-

1179 1111 1253 1128 men..
1306 1104 1362 1145 ῌοι·
1374 1113 1455 1141 tguur
1469 1108 1564 1133 volebat
1575 1110 1703 1136 Antonius
1711 1131 1718 1143 ,
1740 1112 1788 1138 Pro
1801 1114 1948 1138 contumelia
1962 1121 2010 1139 non
2017 1117 2133 1149 putanda
2146 1117 2179 1150 cst
2190 1127 2217 1144 ea

1178 1146 1251 1180 quam
1258 1137 1348 1180 facit,
1368 1143 1412 1175 qui
1424 1141 1507 1180 debuit
1514 1143 1619 1178 facere,
1637 1148 1685 1180 ‘qui
1697 1146 1793 1182 caufimi
1805 1147 1905 1178 habuit,
1924 1157 1939 1174 a
1951 1157 1997 1183 quo
2012 1150 2079 1176 nihil
2090 1138 2228 1187 cispa-”tari

1178 1173 1250 1216 aliud
1261 1173 1350 1200 debuit.
1405 1178 1557 1216 Disputatur
1570 1182 1644 1205 etiam
1658 1180 1750 1207 deloco
1763 1183 1856 1208 Taciti
1872 1185 1937 1209 Ann.
1951 1191 1986 1217 15,
2001 1192 2031 1217 14
2043 1192 2087 1220 pr.
2108 1196 2176 1222 quem
2191 1192 2230 1215 ita

1174 1208 1248 1250 ,dedit
1262 1210 1370 1236 Gronau».
1405 1212 1535 1251 Adiecill‘e
1549 1213 1611 1240 deos
1631 1217 1681 1246 (al.
1691 1217 1830 1244 Adieciffet
1842 1222 1898 1249 eos)
1912 1218 2022 1253 dignum
2035 1221 2230 1256 Arsacidarum,

1177 1244 1256 1286 timul
1275 1250 1301 1270 et
1315 1244 1347 1270 de
1360 1246 1512 1280 legionibus
1524 1250 1651 1276 Romanis
1670 1250 1820 1279 statuerent.
1875 1254 2043 1289 Breuiffimum
2062 1264 2116 1282 erat
2132 1258 2229 1290 dicere,

1177 1286 1202 1305 ct
1221 1280 1263 1306 hic
1283 1281 1426 1322 §enitimini
1439 1283 1544 1318 positum
1559 1291 1609 1320 pro
1624 1286 1760 1320 Ablatiuo,
1781 1294 1804 1313 et
1822 1291 1860 1314 ita
1879 1289 1978 1317 videtur
1997 1292 2140 1326 ibztellexiffi’
2153 1301 2230 1329 pater

1178 1316 1325 1357 Gronauzusi
1351 1327 1362 1341 .’
1390 1318 1439 1344 Sed
1463 1320 1565 1345 Iacobus
1582 1320 1660 1356 filius
1675 1321 1750 1357 facit
1767 1323 1918 1350 dubitantem
1939 1326 2091 1362 Vologefivn,
2126 1336 2149 1355 et
2171 1329 2228 1356 dum

1177 1360 1226 1376 non
1239 1353 1464 1393 muemattverbtum
1478 1356 1524 1390 sat
1536 1355 1654 1391 dignum,
1675 1365 1718 1383 nec
1728 1357 1796 1393 sutis
1808 1368 1921 1394 magnum
1930 1359 1983 1393 stt,
1996 1362 2128 1397 -fastigio,
2149 1365 2228 1391 maie-

1176 1385 1262 1447 }iasse,
1275 1388 1474 1421 magnitudine,
1494 1390 1558 1416 illud
1571 1392 1649 1426 plane
1666 1395 1827 1420 omittentem.
1878 1395 1992 1430 Ryckius
2011 1400 2045 1423 ex*
2058 1399 2114 1426 MS.
2128 1400 2231 1436 supplet

1189 1430 1203 1447 a
1227 1431 1293 1456 igio.

1211 1464 1250 1497 ‘Di
1264 1464 1318 1484 GN
1327 1464 1363 1485 E.
1397 1458 1466 1486 Adu.
1502 1460 1610 1497 [α’ξίως]
1652 1465 1671 1488 i.
1683 1461 1807 1495 Honeste,
1826 1467 1866 1490 vti
1880 1464 2013 1498 Honestum
2033 1468 2108 1496 decet.
2144 1471 2228 1498 Plaut.

1177 1493 1237 1519 Mil.
1254 1502 1275 1525 3,
1289 1502 1315 1525 2,
1337 1499 1364 1533 533
1391 1496 1479 1528 Qiam
1498 1496 1578 1530 digne
1592 1503 1684 1523 ornata
1699 1498 1816 1530 incedit,
1836 1498 1906 1526 haud
1921 1505 2080 1531 meretricie.
2154 1507 2229 1534 Cele—

1176 1527 1251 1555 brate
1264 1528 1359 1560 Pyrrhi
1371 1530 1495 1556 Troades
1508 1532 1657 1564 connubia,
1679 1533 1818 1559 Celebrate
1832 1534 1911 1568 digne
1924 1537 2043 1570 plancius
2052 1559 2059 1571 ,
2076 1545 2102 1566 et
2114 1543 2228 1574 gemitus

1579 1601 1585 1606 ¹
1653 1568 1779 1602 Aliquem
1796 1569 1875 1603 digne
1889 1571 1986 1598 deflere
2005 1574 2078 1600 Idem
2093 1577 2172 1603 Herc.
2194 1586 2228 1609 13.

1175 1599 1250 1633 Conf.
1266 1598 1336 1638 &sel-l.
1350 1607 1376 1631 2,
1390 1602 1435 1634 67,
1450 1609 1469 1626 1.
1554 1602 1610 1627 Cic.
1624 1601 1657 1629 de
1671 1602 1772 1629 Sene&
1785 1609 1799 1628 '2
1826 1613 1847 1629 c.
1864 1613 1873 1630 1
1900 1606 2047 1640 Nunquam
2067 1610 2150 1643 igitur
2169 1613 2229 1638 satis

1175 1633 1279 1660 laudari
1293 1634 1374 1668 digne
1387 1636 1486 1668 poterit
1499 1636 1680 1670 Philosophia.
1751 1638 1816 1664 Satis
1829 1638 1908 1673 digne
1926 1640 2029 1668 laudari
2049 1648 2122 1671 etiam
2145 1646 2228 1674 Scrib.

1176 1677 1225 1695 122.
1297 1670 1353 1696 Cic.
1375 1670 1431 1703 post
1450 1670 1506 1697 red.
1521 1672 1648 1697 inSenat.
1662 1680 1690 1704 19
1710 1681 1732 1698 c.
1748 1677 1761 1701 8
1786 1674 1853 1706 Qiis
1874 1673 1906 1700 de
1921 1676 1969 1702 tali
1988 1677 2047 1703 ciue
2068 1672 2129 1706 satis
2147 1682 2228 1717 digne

1174 1712 1299 1744 vnquanr
1309 1704 1467 1739 loqueretur
1481 1707 1490 1732 3
1594 1707 1690 1733 Horat.
1706 1707 1757 1733 Sat.
1772 1715 1796 1738 2,
1810 1716 1836 1742 7,
1855 1717 1893 1744 47
1919 1711 2010 1739 Peccat
2030 1720 2090 1742 vter
2107 1717 2229 1745 nostrum

1174 1746 1252 1763 cruce
1274 1739 1389 1773 dignius.

1209 1778 1229 1797 D
1238 1780 1247 1798 1
1256 1779 1277 1798 G
1287 1781 1308 1799 N
1320 1774 1393 1815 fo‘i
1403 1782 1432 1808 s,
1453 1775 1517 1817 εῖτ-κς.Ι
1540 1775 1560 1801 f.
1598 1775 1729 1809 [α’ξιότης,
1742 1776 1856 1811 ignasiam,
1870 1779 1978 1815 niglam-13¹,
1992 1783 2068 1818 οἷξιά,
2082 1786 2228 1824 πρὸχημω]

1172 1804 1217 1847 Est
1228 1809 1338 1848 qualitas
1351 1818 1418 1841 ezus,
1434 1820 1476 1846 quz
1490 1810 1581 1847 dignus
1594 1810 1628 1843 est
1643 1812 1750 1845 honore,
1768 1815 1809 1839 vel
1823 1823 1904 1841 amore
1917 1827 1931 1842 ,κ
1952 1821 2010 1844 item
2030 1830 2098 1847 omne
2116 1824 2146 1848 id
2178 1833 2225 1860 quo

1164 1850 1230 1875 ‚quis
1243 1841 1336 1884 dignus
1350 1843 1400 1878 est,
1420 1846 1528 1881 quodque
1548 1845 1595 1881 ¹Pfi
1612 1846 1729 1878 debetur,
1747 1849 1872 1876 interdum
1885 1851 2027 1886 Dignitatis
2044 1858 2142 1884 nomine
2150 1843 2227 1886 ⁵com—

1165 1877 1344 1919 pretenditur.
1403 1881 1459 1907 Cic.
1474 1883 1528 1907 Att.
1541 1890 1567 1915 2,
1586 1891 1614 1915 19
1644 1883 1722 1910 Dices
1742 1884 1848 1910 fortasse
1868 1885 2005 1920 dignitatis
2026 1888 2082 1917 ἷίλις
2099 1898 2226 1928 tanquam

1172 1911 1246 1947 δρυος.
1283 1913 1375 1945 saluti,
1391 1916 1409 1942 fi
1425 1926 1466 1942 nie
1481 1926 1567 1949 amas,
1583 1919 1697 1944 consule.

1215 1948 1219 1951 ι
1298 1949 1303 1953 Ι
1771 1919 1843 1945 Idem
1858 1920 1890 1946 de
1903 1922 1962 1949 Fin.
1976 1932 1985 1950 1
1999 1931 2044 1960 pr.
2069 1928 2158 1954 Genus
2173 1929 2225 1956 hoe

1164 1948 1306 1974 scribendi
1327 1949 1372 1976 etsi
1397 1951 1427 1977 fit
1451 1952 1570 1986 elegans,
1597 1954 1722 1986 personae
1741 1960 1829 1980 tamen
1848 1961 1874 1981 et
1896 1957 2033 1991 dignitatis
2053 1963 2101 1988 effe
2120 1971 2228 1999 negent.

786 1978 835 2006 Sed
845 1975 1011 2014 frequentiiis
1025 1979 1104 2006 Abla·
1116 1991 1148 2016 50
1171 1983 1336 2016 Dignitatem
1356 1992 1382 2011 et
1394 1987 1563 2013 Vcnustateni
1583 1987 1696 2014 discerni
1714 1989 1804 2016 voluit
1825 1990 1938 2024 Cicero,
1958 1999 1987 2020 vt
2001 1996 2122 2030 Dignitas
2142 2000 2224 2028 viris:

1171 2019 1296 2045 Venustas
1313 2020 1421 2047 feminis
1435 2021 1466 2047 fit
1478 2022 1646 2049 attribuenda
1660 2034 1666 2049 :
1694 2024 1746 2050 Offi
1763 2033 1781 2054 1,
1798 2033 1841 2056 130
1861 2035 1882 2051 c.
1893 2030 1925 2059 36
1945 2029 2116 2060 Venustatem
2130 2037 2214 2063 mulie

1161 2053 1247 2082 ⁴brem
1260 2054 1349 2082 dicere
1368 2056 1509 2090 debemus,
1528 2057 1684 2091 dignitatem
1699 2058 1817 2085 virilem.
1872 2063 1964 2099 Nempe
1976 2066 2150 2096 Pulchritudo
2163 2053 2226 2104 ilias-

1168 2090 1237 2116 uelut
1254 2096 1341 2124 partes
1360 2091 1441 2118 habet.
1497 2094 1528 2118 In
1545 2099 1665 2128 quantum
1683 2093 1785 2124 honoris
1804 2095 1887 2130 (quae
1906 2102 2016 2127 virtutis
2034 2105 2152 2138 quaedam
2189 2109 2225 2134 ul—

1167 2124 1284 2151 claritudo
1303 2132 1327 2151 et
1341 2126 1438 2161 species
1455 2134 1557 2154 externa
1576 2126 1631 2164 ist)
1649 2138 1739 2155 nomen
1750 2127 1785 2162 ist
1797 2130 1933 2166 Dignitas,
1952 2135 2119 2171 Dignitatum
2134 2114 2225 2177 ge7112era

1235 2194 1239 2199 .
1302 2196 1307 2200 .
1361 2199 1376 2203 ..
1489 2201 1493 2204 ¹
1676 2200 1680 2204 Ι
1846 2170 1904 2195 Alii
1916 2179 2018 2207 namque
2030 2175 2212 2205 Perfeffiffimi

1169 2194 1310 2235 Clariffimi
1329 2198 1391 2229 αΙιι,
1405 2197 1546 2238 superiores
1562 2199 1737 2234 spectabiles,
1748 2220 1750 2223 ψ
1756 2202 1871 2237 supremi
1887 2205 2005 2234 Illustres
2026 2198 2224 2246 appellabantur,

1169 2230 1398 2272 Perfeeiissiinatiis
1417 2232 1531 2267 dignitas
1542 2238 1721 2270 primaeua,
1740 2236 1775 2262 ad
1792 2246 1863 2272 quam
1881 2244 1978 2275 cuiuis,
1996 2246 2043 2279 mfi
2062 2251 2105 2282 qui
2115 2233 2224 2284 sordida.

1168 2266 1309 2305 conditione
1322 2266 1388 2300 estet,
1408 2268 1495 2294 aditus
1502 2270 1615 2304 patebat,
1635 2278 1665 2297 vt
1677 2280 1706 2297 cx
1717 2272 1761 2298 lib.
1776 2273 1806 2299 C.
1820 2282 1841 2300 11
1864 2275 1904 2302 tit.
1917 2285 1945 2309 33
1965 2281 2117 2318 intelligitur
2162 2285 2223 2312 Cla·

1167 2300 1306 2328 rillimatus
1325 2309 1405 2329 autem
1419 2303 1576 2339 dignitatem
1595 2305 1741 2342 inferiorem
1755 2308 1953 2342 spectabilitate
1959 2315 2039 2350 susse
2054 2304 2154 2345 The'od
2182 2321 2190 2346 1
2207 2328 2222 2354 5

1168 2337 1201 2379 de
1215 2346 1290 2379 prox.
1305 2339 1367 2364 sacr.
1380 2338 1428 2365 lib.
1443 2348 1472 2380 ¹0.
1493 2341 1523 2367 C.
1536 2340 1696 2375 demonstrat.
1739 2345 1827 2380 Itaque
1840 2346 1980 2376 Clariffimi
1998 2346 2014 2378 ά
2027 2340 2221 2387 spectabilibus

1168 2371 1357 2413 distinguuntur
1366 2396 1375 2406 ‚
1393 2374 1410 2400 1.
1424 2384 1495 2402 vnit.
1514 2377 1545 2403 C.
1566 2377 1598 2403 de
1612 2387 1710 2405 annon.
1721 2385 1757 2406 'et
1769 2389 1823 2414 cap.
1841 2385 1899 2409 item
1912 2390 1936 2410 et
1947 2385 1978 2412 ab
1990 2387 2140 2416 Illustribus
2177 2391 2185 2416 1
2210 2399 2222 2418 ι

1168 2410 1199 2435 C.
1215 2408 1261 2434 vbi
1276 2409 1362 2449 Senat.
1383 2410 1425 2436 vel
1440 2410 1500 2438 clar.
1527 2413 1691 2448 Qiicunque
1709 2422 1764 2441 non
1782 2416 1893 2451 illustri,
1913 2422 1997 2455 inquit
2016 2408 2202 2453 Constantinus

1167 2443 1213 2480 sed
1228 2444 1365 2471 clarissima
1380 2451 1481 2473 tantum
1495 2446 1625 2482 dignitate
1638 2450 1773 2484 praeditus
1782 2472 1790 2484 ,
1806 2459 1852 2479 etc.
1898 2454 2060 2488 spectabiles
2067 2466 2147 2495 porro
2160 2446 2220 2488 Ma:

1166 2481 1291 2516 gistratus
1303 2488 1391 2513 erant,
1410 2489 1440 2508 vt
1459 2484 1631 2519 Proconsules,
1654 2484 1820 2522 Augustales,
1838 2489 1943 2514 Comites
1954 2492 2093 2526 Orientis,
2116 2502 2146 2522 vt
2161 2506 2219 2523 con-

608 2515 711 2541 Fauore
723 2513 803 2548 digna
823 2513 903 2540 Ouid.
918 2513 996 2547 Epist.
1013 2521 1044 2545 2,
1058 2514 1101 2545 64-
1114 2522 1145 2554 ⁶5
1160 2513 1218 2548 stat
1237 2524 1266 2541 ex
1285 2516 1302 2541 l·
1318 2525 1346 2548 32
1374 2518 1405 2544 C.
1420 2517 1453 2544 de
1465 2519 1559 2552 appell.
1579 2520 1727 2546 Illuliribus
1739 2527 1819 2546 autem
1832 2531 1871 2548 eos
1883 2524 2017 2561 inferiores
2023 2529 2119 2565 fuisle,
2140 2533 2218 2566 Impe-

1167 2557 1264 2577 ratores
1279 2549 1350 2577 ditia
1368 2552 1386 2578 1.
1399 2561 1428 2584 32
1449 2552 1633 2586 demorfirant,
1651 2555 1695 2579 vbi
1707 2555 1834 2589 appellari
1847 2566 1862 2583 a
1876 2557 2065 2593 Spefiiabilium
2080 2566 2217 2594 sententiis

1167 2586 1198 2612 ad
1212 2585 1327 2611 illustres
1340 2588 1462 2620 personas
1475 2588 1565 2615 iubent.
1606 2590 1663 2614 Hac
1674 2588 1768 2623 illustri
1780 2598 1839 2618 nota
1851 2596 1931 2621 maior
1943 2598 2010 2624 nulla
2023 2597 2056 2631 ist
2070 2610 2078 2625 .·
2102 2611 2159 2628 nam
2173 2602 2218 2637 ctfi

1167 2621 1280 2655 Consules
1299 2628 1322 2646 et
1336 2623 1447 2648 Patricti
1457 2623 1600 2657 fiaperiores
1618 2623 1707 2657 effent,
1724 2626 1792 2652 nulla
1808 2634 1889 2655 tamen
1903 2633 1937 2656 iis
1953 2640 2012 2659 nota
2026 2634 2162 2669 dignitatis
2180 2646 2217 2664 ar·

1166 2656 1247 2681 tribui
1260 2655 1362 2690 solebat.
1409 2658 1496 2692 Itaque
1510 2658 1671 2686 Iustinianus
1690 2670 1728 2687 eos
1749 2662 1795 2688 boc
1812 2663 1881 2690 modo
1889 2664 2023 2703 fignificat
2063 2672 2120 2705 Qii
2139 2675 2166 2699 su
2186 2683 2216 2702 ra

1165 2690 1280 2717 illustres
1300 2692 1375 2723 sunt,
1398 2699 1428 2718 vt
1441 2692 1525 2719 videre
1540 2692 1574 2726 ist
1587 2703 1616 2720 ex
1631 2695 1648 2721 1.
1663 2697 1698 2722 26
1720 2697 1749 2722 C.
1765 2695 1797 2723 de
1810 2699 1882 2726 vsur.
1908 2690 2122 2734 Illustres’autcm
2136 2683 2207 2736 erzfm

1165 2729 1209 2761 qui
1217 2726 1356 2762 fintentiae
1368 2731 1395 2752 in
1409 2729 1499 2754 Senatu
1513 2729 1628 2755 dicendae
1641 2733 1682 2756 ius
1695 2731 1829 2766 habebant,
1849 2734 1867 2761 1.
1881 2736 1929 2764 vlt.
1951 2738 1983 2766 D.
1996 2740 2029 2767 de
2042 2742 2118 2770 senat
2168 2730 2217 2772 Sed,

1166 2761 1305 2801 Republica
1318 2762 1396 2788 libera
1407 2763 1529 2797 Dignitas
1548 2764 1584 2790 est
1605 2765 1716 2793 alicuius
1731 2767 1838 2796 honesta
1856 2778 1882 2797 et
1900 2773 1969 2801 cultu
2007 2782 2032 2804 et
2049 2764 2152 2806 honore
2204 2787 2215 2808 ε

1164 2797 1324 2836 verecundia
1333 2796 1572 2838 ¹digna-aiieloritas
1591 2801 1646 2828 Cic.
1659 2802 1692 2829 de
1705 2804 1809 2831 Inucnt.
1822 2815 1847 2841 2,
1864 2810 1919 2835 166.
1977 2795 1985 2808 ³
2025 2813 2143 2841 Facultas
2159 2801 2167 2813 ³
2181 2790 2212 2843 reo

1164 2831 1294 2865 dignitate
1311 2833 1422 2860 viuendi
1443 2835 1533 2870 Nepos
1548 2844 1586 2876 33,
1600 2845 1626 2869 2,
1639 2846 1663 2864 2.
1755 2841 1879 2869 Honores
1897 2853 1951 2872 non
1968 2849 2047 2882 petiit
2085 2825 2178 2886 quump
2186 2852 2211 2879 ei

1164 2874 1282 2906 paterent
1302 2876 1411 2909 propter
1430 2870 1472 2896 vel
1487 2878 1598 2906 gratiani
1617 2873 1660 2899 vel
1676 2873 1831 2908 dignitatem
1846 2878 1919 2907 Idem
1938 2881 1975 2909 ib.
1996 2893 2018 2911 c.
2032 2870 2062 2910 6’
2073 2895 2086 2911 2
2166 2888 2211 2914 Di-

1164 2908 1264 2943 gnitate
1282 2913 1356 2945 pari,
1381 2905 1488 2946 fortuna
1509 2907 1655 2936 humiliore
1672 2909 1746 2938 Idem
1760 2911 1828 2939 ibid.
1849 2924 1870 2941 c.
1884 2924 1921 2949 19.
2029 2905 2213 2956 A'mplificator

1163 2939 1300 2979 dignitatis
1320 2941 1377 2967 Cic.
1389 2942 1461 2968 bain.
1477 2951 1514 2983 io,
1527 2952 1574 2983 η..
1672 2947 1772 2974 Fautoi·
1791 2948 1927 2984 dignitatis
1947 2953 2020 2981 Idem
2035 2957 2106 2984 Fam.
2121 2967 2149 2984 10
2174 2967 2211 2986 12.

1163 2975 1220 3015 Cic.
1240 2976 1312 3015 Fam.
1332 2978 1363 3017 6,
1384 2978 1594 3021 ‚13,Q{¹dq}¹1d
1627 2981 1718 3016 Imago
1751 2986 1847 3011 veteris
1879 2996 1953 3014 meae
1980 2990 2116 3025 dignitatis
2151 2979 2209 3020 ²etr:-

1162 3011 1302 3045 Reliquiae
1317 3011 1453 3055 dignitatis
1468 3015 1522 3054 Cic.
1536 3016 1608 3055 Fam.
1626 3025 1654 3049 4,
1675 3026 1713 3050 14.
1786 3020 1906 3055 Dignitas
1925 3029 1951 3050 et
1968 3027 2115 3061 amplitudo
2124 3014 2208 3055 'Idem

1163 3046 1234 3086 Fam.
1250 3056 1271 3078 3,
1284 3055 1309 3079 9.
1382 3049 1514 3083 Equestris
1528 3050 1642 3085 dignitas
1660 3053 1729 3087 Nep.
1744 3063 1783 3087 25,
1798 3065 1817 3088 1,
1832 3065 1851 3083 1.
1923 3060 2004 3094 Regia
2022 3062 2095 3089 Idem
2117 3073 2125 3090 1
2147 3073 2162 3090 2
2186 3073 2197 3081 ⁶

1162 3082 1305 3122 C'1c3Fa1n.
1320 3092 1354 3115 13,
1368 3093 1400 3124 ⁵4.
1427 3086 1461 3110 Vt
1474 3086 1598 3113 omnibus
1618 3087 1647 3113 in
1664 3088 1742 3115 rebus
1762 3091 1788 3116 ci
1802 3097 1827 3117 te
1846 3096 2014 3129 commodes,
2032 3082 2207 3133 quoad'fid’ess'

1161 3117 1328 3159 dignitasque
1348 3126 1470 3153 patietur.
1576 3123 1673 3151 Laetor
1693 3130 1748 3151 tum
1768 3129 1907 3161 praesenti,
1929 3136 1984 3158 tum
2004 3134 2084 3160 ctiam
2106 3119 2208 3168 sperata,

1161 3159 1205 3179 tua
1218 3153 1346 3194 dignitate
1358 3155 1430 3195 Idem
1444 3157 1516 3196 Fam.
1530 3166 1551 3187 2,
1566 3167 1582 3191 9
1598 3165 1642 3195 pr,
1712 3161 1875 3195 Dignitatem
1893 3167 1963 3193 tueri
1984 3169 2039 3195 Cic.
2052 3170 2124 3196 Fam.
2140 3179 2158 3201 1,
2180 3179 2205 3197 2.

1161 3189 1290 3223 Corporis
1310 3191 1378 3225 Nep.
1392 3200 1421 3217 in
1433 3193 1521 3219 Dione
1537 3203 1554 3224 1,
1570 3203 1593 3220 2.
1613 3230 1617 3234 .
1658 3230 1663 3235 .
1698 3196 1818 3231 Digniras
1841 3205 1866 3225 et
1881 3201 2058 3237 Deformitas,
2077 3208 2207 3233 contraria

1467 3229 1579 3255 Formae
1592 3229 1705 3271 dignitas
1714 3251 1720 3263 ‚
1739 3242 1806 3267 quae
1819 3235 1918 3262 coloris
1930 3236 2048 3265 bonitate
2061 3241 2156 3268 tuenda
2169 3242 2205 3268 est

1160 3259 1234 3287 Idem
1246 3261 1298 3288 Off.
1315 3271 1324 3288 1
1346 3272 1366 3288 c.
1379 3265 1419 3295 36.
1494 3264 1593 3291 Domus
1605 3265 1735 3306 dignitas,
1752 3276 1800 3303 pro
1818 3271 2002 3308 magnificentia
2021 3275 2076 3301 Cic.
2089 3285 2138 3310 pro
2151 3277 2205 3303 Do·

1159 3305 1205 3322 mo
1221 3298 1265 3323 sua
1303 3318 1309 3324 .
1345 3318 1352 3324 .
1387 3318 1393 3324 .
1461 3299 1533 3326 Idem
1548 3300 1580 3327 de
1594 3302 1646 3327 Ost.
1661 3311 1670 3328 1
1692 3312 1713 3329 c.
1726 3312 1766 3336 39.
1872 3307 2024 3335 Auctoritas
2037 3310 2204 3347 dignitasque

1159 3332 1263 3359 formae
1278 3333 1385 3359 Sueton.
1400 3334 1492 3361 Claud.
1511 3345 1531 3362 c.
1545 3345 1584 3368 30.
1611 3337 1654 3363 vbi
1673 3338 1726 3364 vid.
1740 3340 1841 3375 Casaub.
1911 3344 2026 3371 Honesta
2044 3346 2112 3382 Nep.
2126 3349 2203 3376 Eum.

1160 3376 1200 3400 11,
1218 3371 1235 3394 6
1262 3369 1290 3395 de
1302 3369 1499 3404 pulchritudine.
1608 3373 1728 3407 Dignitas
1751 3376 1805 3401 oris
1827 3382 1852 3402 et
1871 3378 1974 3411 vultus,
2000 3381 2063 3408 Oris
2077 3384 2193 3418 probitas

1158 3413 1296 3440 morumque
1307 3403 1463 3439 praestantia
1478 3409 1505 3432 in
1513 3406 1586 3442 facie
1598 3412 1719 3435 eminens:
1740 3413 1826 3437 virilis
1838 3413 2016 3446 pulchritudo:
2042 3418 2097 3445 Cic.
2112 3419 2164 3445 Off.
2182 3404 2204 3446 1,

1159 3444 1200 3481 98.
1226 3478 1230 3481 .
1257 3441 1288 3466 In
1303 3441 1416 3481 Oratore
1430 3444 1464 3467 60
1489 3449 1568 3468 autem
1576 3444 1693 3480 perfetio
1707 3452 1835 3482 utrumque
1848 3451 1992 3476 coniunxit:
2020 3453 2113 3480 Vultus
2126 3439 2205 3481 pero,

1157 3482 1255 3515 tuquit,
1278 3484 1324 3511 qm
1344 3475 1486 3503 secundum
1505 3487 1598 3505 vocem
1618 3479 1762 3514 plurimum
1786 3482 1884 3515 potest,
1909 3493 2032 3519 quantam
2050 3490 2125 3516 affert
2144 3474 2202 3517 tuni

1158 3510 1328 3550 dignitatem,
1349 3518 1405 3538 tum
1425 3513 1586 3540 venustatem
1601 3515 1609 3541 3
1678 3517 1743 3542 Plin.
1758 3517 1785 3542 in
1801 3518 1891 3553 Paneg.
1905 3525 1918 3550 8
1939 3530 1960 3547 c.
1973 3531 1992 3555 4
2010 3525 2064 3550 lain
2080 3525 2191 3553 firmitas

1159 3554 1212 3572 iam
1227 3548 1370 3581 proceritas
1389 3549 1523 3583 corporis,
1543 3550 1595 3576 iam
1615 3550 1701 3577 honor
1717 3552 1825 3585 capim,
1845 3560 1871 3580 et
1888 3555 2002 3590 dignitas
2020 3561 2074 3586 oris
2111 3546 2201 3588 nonne,

1159 3581 1238 3616 longe
1257 3582 1362 3618 lateque
1378 3584 1524 3619 principem
1539 3585 1685 3612 ostentant?
1712 3589 1729 3612 i.
1744 3587 1838 3614 indoles
1849 3599 1942 3618 morum
1959 3596 1986 3619 in
2002 3604 2042 3621 ore
2059 3581 2199 3632 co'nspicua.

1158 3618 1296 3650 Agraetius
1312 3621 1513 3653 grammaticus,
1533 3621 1702 3647 Pulchritudo
1714 3623 1815 3649 formae
1828 3625 1855 3651 in
1868 3627 1950 3660 viris,
1971 3628 2084 3664 dignitas
2095 3642 2102 3647 ·
2129 3633 2199 3658 vnde

1158 3653 1214 3678 Cic.
1229 3662 1277 3687 pro
1291 3654 1383 3681 Caelio
1397 3660 1410 3685 8
1430 3656 1498 3689 Quis
1513 3665 1565 3681 non
1579 3656 1651 3689 poffit
1664 3656 1725 3683 huic
1739 3660 1817 3689 aetati
1835 3667 1914 3696 atque
1932 3663 1993 3690 huic
2013 3651 2135 3701 dignit’ati
2156 3677 2199 3702 pe-

1157 3689 1287 3729 tulanter,
1309 3690 1353 3716 etsi
1380 3690 1432 3717 fine
1455 3692 1616 3725 suspicione,
1641 3698 1667 3717 at
1691 3701 1745 3719 non
1770 3694 1822 3721 fine
1841 3705 1998 3732 argumento
2018 3703 2198 3729 maledicere?

1156 3724 1277 3758 Dignitas
1293 3726 1429 3758 sermonis,
1449 3727 1484 3752 est
1497 3727 1592 3753 Oratio
1605 3735 1664 3753 cum
1675 3728 1766 3763 aliqua
1779 3733 1909 3765 grauitate
1924 3742 1951 3761 et
1964 3738 2036 3762 vocis
2051 3738 2198 3764 remiffione

1157 3760 1264 3801 Auctor.
1274 3760 1305 3787 ad
1320 3763 1471 3801 Here-nn33,
1485 3771 1514 3794 23
1532 3771 1553 3787 c.
1570 3770 1603 3793 13.
1707 3765 1810 3800 leian.
1824 3767 1855 3793 de
1868 3769 1983 3796 Senator.
2005 3773 2094 3799 Maior
2111 3773 2196 3799 dioni-

1155 3801 1192 3822 tas
1208 3796 1243 3822 est
1256 3806 1285 3823 in
1299 3798 1360 3824 sexu
1373 3797 1458 3824 virili.
1553 3797 1727 3827 Commendat
1747 3801 1859 3836 dignitas
1879 3807 2068 3839 periclitantem
2088 3794 2195 3842 Qiiiiei.

1156 3833 1182 3863 6,
1201 3840 1220 3857 1.
1280 3870 1284 3874 ⁸
1345 3870 1349 3874 ὁ
1416 3830 1436 3869 q
1458 3840 1474 3857 2
1515 3833 1801 3875 176²·boi·1lmfot·mulae·‚
1822 3842 1948 3876 inquibus
1967 3851 2009 3868 uiit
2030 3845 2098 3869 illum
2111 3845 2195 3878 splen—

1155 3866 1237 3892 dorem
1255 3874 1375 3907 virtutis,
1394 3874 1436 3892 aut
1455 3875 1592 3902 generatim
1613 3871 1734 3906 quidquid
1751 3874 1780 3899 id
1792 3873 1840 3907 ist,
1860 3885 1905 3910 quo
1921 3881 1976 3912 quis
1988 3877 2079 3913 dignus
2091 3879 2195 3910 [isi-itur,

1343 3903 1398 3928 Cic.
1416 3903 1467 3928 Ait.
1482 3906 1508 3936 6,
1524 3912 1536 3936 3
1564 3905 1672 3945 Qiibus
1684 3907 1769 3941 nihil,
1786 3916 1830 3936 aut
1844 3919 1898 3937 non
1912 3913 2022 3938 multum
2037 3914 2068 3938 ad
2083 3913 2196 3946 dignita-

1459 3975 1481 4002 Υ
1517 3941 1662 3977 Aequa-erc
1674 3942 1846 3979 dignitatem,
1863 3946 1917 3973 vid.
1930 3953 2083 3986 Acqvmo.
2130 3948 2195 3974 Adi-

2119 3993 2192 4011 mere

1162 3225 1219 3251 Cic.
1234 3226 1304 3252 Fam.
1319 3235 1357 3259 10,
1373 3229 1397 3253 6.
