2479 4225
0 2271 9 2310 ·-‡

8 314 9 320 ,
35 291 130 329 equum
146 292 178 318 ad
191 292 365 320 dimicandum
387 294 531 322 aduersarii
552 295 731 329 procederent.
818 292 874 318 Cic.
888 289 966 327 Acad.
981 298 1016 321 4,
1032 297 1065 328 ⁷59

33 330 103 358 Haec
115 333 201 363 autem
215 327 311 355 habere
326 330 429 363 Dubia,
450 340 534 365 neque
549 331 590 357 his
604 332 640 357 ita
654 329 802 360 confidere,
819 335 864 353 etc.
926 324 1066 364 *Quinetih

9 369 13 399 ᾗ
37 374 64 398 ι,
81 371 99 399 7
127 362 175 390 Sed
194 369 292 395 totam,
309 371 338 391 vt
359 375 416 392 mea
436 366 487 392 fert
507 367 616 400 opinio,
636 365 805 392 subtilitatem
824 363 851 388 in
863 359 957 386 Dubns
978 360 1065 386 habet.

33 400 93 428 Liu.
107 403 130 431 8,
140 399 171 431 36
192 399 226 425 Vt
245 399 261 425 fi
281 398 353 426 ducis
374 401 479 428 consilia
491 401 569 429 fauor
583 402 731 428 subsecutus
747 398 863 425 militum
876 396 962 426 foret,
981 395 1066 421 debel-

36 435 86 462 lari
106 442 137 460 eo
157 432 199 459 die
218 443 277 461 cum
297 436 457 463 Samnitibus
474 437 600 471 potniffe,
628 445 676 471 pro
696 435 763 461 haud
780 432 868 459 Dubio
888 431 1007 456 habitum
1029 431 1066 457 tit.

35 470 114 498 Plaut.
122 468 209 495 Pseud.
220 478 270 501 1‚2‚
280 479 307 497 10
321 479 343 497 ει
355 481 385 504 39
404 474 475 499 Heus
490 472 565 499 vobis
578 472 703 499 mulieres
715 470 779 496 hanc
792 467 958 494 Edictionem
976 466 1067 492 habeo.

34 505 98 533 Ptin.
118 513 236 538 prooem.
254 514 284 538 23
317 507 411 534 Eadem
430 517 489 534 cum
503 508 564 534 oleo
584 508 683 542 saepius
701 505 761 540 pilis
780 503 872 534 illitis,
892 501 1012 535 psilothri
1025 502 1067 527 Ef-

35 539 132 568 fe6htm
150 538 237 567 habet.
274 543 367 568 Nomen
386 542 419 576 2st
435 544 480 569 hoc
499 545 549 569 Ioco
562 543 706 570 Effectum:
731 540 754 567 b.
768 547 787 565 e.
805 541 856 564 vim
876 544 899 562 et
907 539 1066 572 jaculamur.

31 574 158 602 Εῆέὁὶιιιιι
175 575 288 607 habere;
319 580 414 604 Partic.
431 586 478 614 pro
491 578 598 613 Aliquid
615 574 724 611 effeciffi’.
762 574 834 600 Caes.
851 572 915 599 Bell.
930 573 960 598 G.
981 580 1013 607 7,
1034 582 1066 605 29

33 609 116 644 quue
131 611 156 636 se
170 610 221 637 iam
234 621 316 647 prope
331 613 456 640 Effectum
475 613 579 640 habere.
649 612 713 638 Plin.
724 617 780 642 tz,5
801 608 939 635 Foliorum
955 608 1067 634 latitudo

27 646 117 681 ‘peltae
132 644 249 681 Effigiem
264 649 439 676 Amazonicae
454 649 539 676 habet.
610 647 666 673 Cic.
681 647 712 673 de
723 644 824 672 Sene&
838 647 867 676 63
888 646 920 670 At
933 644 1068 670 morositas

24 687 138 714 stamen,
158 688 184 708 et
198 691 228 709 ea
240 682 305 710 vitia
315 702 322 714 ‚
337 694 404 719 quae
417 684 491 717 dixi,
512 683 607 710 habent
623 682 726 716 aliquid
742 671 928 707 Excusationss.
999 680 1067 706 Ter.

28 717 103 751 *prob
116 717 210 744 Heant.
225 727 258 744 ιο
279 719 365 746 Habet
379 720 510 747 bonorum
523 718 694 752 Exemplum:
719 726 773 751 quo
791 715 913 748 exemplo
927 713 975 740 fibi
989 715 1067 741 licere

27 751 64 780 'nid
83 751 183 785 facere,
203 754 276 788 quod
297 755 337 781 illi
357 756 491 787 fecerunt,
510 758 590 789 putat.
663 754 735 779 Caes.
755 752 817 778 Bell.
832 751 862 777 G.
878 757 965 790 7,·77·
987 751 1068 776 Cuius

27 787 75 815 wei
93 787 247 822 Exemplum
265 789 282 816 si
301 799 354 816 non
373 791 541 821 haberemus,
561 795 647 816 tamen
666 788 797 815 libertatis
814 786 888 813 causa
907 785 1022 816 institui,
1043 792 1068 812 ct

31 821 145 857 'posteris
164 825 258 858 prodi,
276 826 481 860 pulcherrimum
498 825 650 852 iudicarem.
728 823 800 850 Idem
814 821 878 849 Bell.
892 820 973 847 Ciuis.
990 829 1018 853 3,
1036 830 1068 847 22.

33 858 126 893 Itaque
147 868 301 894 magnarum
318 862 394 888 initia
414 869 518 893 rerum,
545 869 612 895 quae
635 859 806 894 occupatione
829 856 1025 890 magistratuum
1044 863 1069 884 et

35 898 187 928 temporum
200 895 328 923 solicitam
342 897 443 924 Italiam
459 895 605 928 habebant,
624 895 734 921 celerem
748 900 773 921 et
785 892 891 920 facilem
904 891 1009 918 Exitum
1024 892 1068 919 ha-

34 928 158 956 buerunt.
230 931 440 966 Experimentum
460 931 587 958 habeatur
606 930 737 964 QuintStil.
751 938 780 961 3,
796 935 837 962 45.
909 927 969 953 Liu.
989 936 1035 960 40,
1055 936 1068 961 ,-

31 964 126 998 Itaque
141 966 278 1000 Expertem
301 977 360 994 eum
384 973 456 1002 pater
477 967 598 994 omnium
618 966 650 992 de
669 965 746 993 rebus
759 963 885 991 Romanis
901 963 1067 990 consiliorum

34 998 164 1034 habebat,
186 1004 204 1027 i.
219 1003 312 1028 celabat
328 1012 394 1037 eum,
413 1012 461 1030 non
475 1003 600 1038 aperiebat
616 1004 639 1027 ei
652 1000 760 1035 corfilia.
830 999 887 1026 Cic.
902 999 979 1025 Acad.
989 1008 1021 1031 4,
1041 1005 1068 1032 ες

34 1035 150 1068 Qiando
164 1036 246 1070 igitur
259 1037 406 1072 potest-tibi
419 1039 445 1064 P.
459 1039 586 1065 Geminus
600 1037 713 1070 Quintus
727 1034 830 1067 videri,
849 1034 914 1069 quid
929 1034 1006 1061 habes
1020 1035 1067 1060 Ex-

33 1070 132 1105 plorati
145 1072 154 1098 3
180 1072 232 1097 vid.
251 1080 294 1100 Ex
305 1080 319 1098 ι>
327 1080 342 1099 L
352 1080 370 1100 o
380 1081 399 1100 R
407 1080 434 1100 o.

33 1107 125 1142 omnia
140 1107 165 1133 se
176 1105 274 1146 habere
288 1108 427 1142 Explorata
440 1108 536 1136 Rhcmi
548 1106 677 1134 dicebant.

33 1140 161 1180 habemus
174 1142 293 1182 ini-ebus
306 1143 382 1170 bonis
396 1150 422 1171 et
434 1144 509 1170 malis
522 1143 659 1177 Explorati
672 1143 681 1168 3
715 1141 788 1169 Adde
802 1142 882 1167 Eund.
896 1141 927 1167 de
942 1142 976 1167 N.
985 1142 1066 1168 Deor.

31 1184 107 1237 itt-5125
121 1177 520 1249 .5233.¹2¹'2‚3;.¹{·.b;{‘{253.⁹a
529 1186 560 1248 {f
569 1178 604 1246 3¹?
617 1176 1068 1247 Dssi'sstssggii'anm.{lz'fffsff‘ffissssssff

31 1253 56 1279 3,
65 1253 92 1280 3,
105 1255 142 1273 10.
170 1251 188 1273 i.
209 1249 322 1310 excusbare
329 1250 367 1286 se.
437 1252 491 1283 Ego
505 1249 726 1283 Expurgationem
744 1247 848 1274 habebo
866 1248 936 1273 Idem
951 1249 1032 1274 Merc.
1047 1256 1069 1280 ς,

32 1289 55 1313 3,
67 1289 95 1313 4.
121 1291 139 1307 Ι.
158 1289 182 1308 te
211 1294 240 1310 ur
259 1294 272 1310 a
289 1294 311 1311 0.

33 1290 223 1355 insequendui’n
237 1293 394 1346 §acuitatem
407 1319 522 1351 haberet.
621 1320 677 1346 Cic.
691 1320 763 1345 Fam.
776 1328 799 1351 7,
813 1327 846 1344 22
872 1319 933 1348 Eas,
953 1328 1015 1353 quas
1030 1319 1068 1344 in-

20 1350 151 1394 1ᾒὶιιιιιῖὶτ(
171 1353 208 1385 is,
228 1355 274 1388 qui
294 1355 444 1381 factionem
463 1352 611 1381 sestanienti
628 1364 683 1381 non
701 1353 839 1386 habuerit,
863 1357 882 1380 i.
901 1357 939 1379 ius
952 1354 1069 1389 faciendi

20 1396 21 1415 ι
77 1395 205 1450 ΕΜἙΐαὲη.
276 1389 429 1429 Faftionem
444 1390 541 1417 habent
553 1390 667 1417 latrones
686 1391 832 1416 Martianus
847 1389 874 1415 in
890 1389 907 1415 l.
923 1390 1070 1423 Respicien-

20 1431 21 1443 ι
51 1452 76 1458 ,1
147 1442 153 1449 .
189 1432 202 1449 e
221 1432 322 1458 poenis.

5 1463 8 1468 ·
35 1464 79 1498 33,
96 1460 133 1484 16.
166 1461 184 1484 i.
198 1465 357 1496 peregerunt.

0 1644 12 1736 l·

505 1074 576 1100 Caes.
590 1072 653 1099 Bell.
668 1072 700 1098 G.
714 1079 740 1103 2,
753 1079 772 1102 4
791 1070 955 1096 Denumero
974 1079 1067 1096 eorum

31 1525 110 1555 huius
121 1528 220 1556 ‘habere
233 1539 275 1557 me
290 1530 384 1557 similes
399 1532 472 1558 item.
566 1532 613 1557 Fas
633 1530 744 1557 habetur
761 1530 870 1563 anct.
883 1539 906 1562 3,
922 1536 943 1560 8.
1014 1532 1070 1557 Cic.

29 1597 169 1632 horarem,
185 1610 271 1635 neque
284 1609 332 1633 us,
348 1602 396 1635 qui
414 1609 473 1627 mea
494 1610 574 1635 opera
594 1601 634 1640 vsi
651 1601 776 1627 volebant
797 1609 839 1627 me
859 1600 999 1635 probarem
1015 1611 1070 1628 non

30 1634 119 1660 valere
133 1645 139 1661 ε
166 1636 228 1669 quia
243 1635 352 1662 Febrim
365 1645 419 1662 non
434 1635 568 1663 haberem.
623 1637 664 1663 Sic
677 1636 756 1662 Attic.
772 1642 795 1668 8,
809 1638 832 1662 6.

31 1669 124 1696 Tanto
138 1670 227 1696 minus
240 1671 316 1697 fidei
334 1671 402 1706 apud
415 1671 463 1698 hos
481 1680 581 1706 poena,
602 1680 681 1706 quam
698 1671 767 1705 apud
787 1671 846 1697 illos
865 1670 943 1698 siluae
963 1671 1069 1704 habent,

31 1707 51 1731 i.
71 1714 119 1730 non
133 1705 245 1731 creditur
262 1706 292 1732 ab
304 1709 348 1733 eis.

30 1738 95 1765 dicit
111 1748 194 1766 verum
207 1739 257 1773 effe.
299 1742 352 1770 Cic.
366 1742 437 1770 Fam.
451 1751 491 1775 ις,
514 1751 533 1768 ι.
582 1742 649 1768 Ter.
663 1743 729 1769 Eun.
750 1750 768 1773 1,
783 1751 805 1775 2,
821 1749 861 1775 117
882 1742 925 1767 Me
938 1742 1070 1773 miseram,

30 1773 140 1833 {oizsitan
156 1774 199 1800 hic
217 1775 286 1801 mihi
304 1785 413 1810 paruam
432 1778 526 1803 habear
544 1777 645 1803 Fidem.

28 1827 189 1904 {istc-Mihi*
226 1844 318 1870 Fidem
338 1845 357 1871 fi
375 1845 489 1884 habeat-t
516 1845 542 1870 Si
564 1844 669 1883 credere
689 1849 812 1877 cogatur,
832 1843 850 1882 si
866 1843 969 1882 credat,
987 1845 1070 1878 inquit

28 1883 167 1954 ιιιῖῗῗρυι
183 1879 510 1954 ξιὲ1.Ε““”ιέι’.,ἰῑ,ἒ9ειέΐέξζ
526 1877 1010 1950 225230230h25125.‘.,3.55.55¹..affl
1013 1885 1069 1946 Ἣ

29 1943 165 1980 Fiduciam
180 1947 232 1975 ttbt
250 1949 315 1976 Plin.
328 1950 406 1984 Epist.
421 1959 459 1982 10,
473 1955 513 1982 82,
526 1958 548 1975 2.
619 1950 692 1975 Caes.
705 1950 768 1975 Bell.
785 1949 846 1975 Ciu.
860 1957 882 1980 3,
897 1957 923 1981 25
950 1950 1070 1981 Quanto-

736 1775 834 1802 Pseudo
842 1792 851 1796 -
859 1776 958 1801 Sallust.
979 1781 1070 1801 eontra

21 2054 23 2056 1
43 2028 99 2056 (aa,
119 2020 165 2054 qui
183 2019 298 2047 classibus
315 2026 466 2055 praeerant,
484 2021 668 2054 maioremque
687 2020 824 2046 Fiduciam
845 2019 1006 2053 prohibendi
1025 2018 1069 2045 ha-

20 2052 133 2091 lbgbant.
204 2055 340 2082 Fiduciam
353 2056 483 2083 orationis
497 2055 628 2089 Quinetil.
641 2063 662 2086 ε,
675 2063 707 2087 ις.

20 2088 157 2123 *habuisset
175 2095 248 2117 tanto
266 2091 367 2126 impetu
386 2098 478 2127 coepta
495 2100 536 2118 res
550 2091 701 2118 Fortunam.

51 2121 57 2127 ἡ
466 2128 534 2155 Satis
540 2126 610 2162 felix
625 2128 723 2152 venatio
741 2126 811 2151 uobis
823 2129 940 2161 configit.

780 2055 839 2080 Liu.
853 2063 903 2086 24,
922 2063 955 2087 34
970 2061 1011 2088 pr.
1038 2055 1069 2080 Et

771 2091 916 2117 Fortunam
935 2089 992 2116 dies
1010 2089 1071 2150 {alix

0 2128 22 2153 tl
40 2156 43 2158 ,
75 2126 123 2158 ‚uit
142 2125 223 2153 Ouid.
237 2128 302 2154 Met.
316 2136 339 2160 3,
356 2136 412 2162 149.

0 2166 2 2188 Υ
42 2189 45 2192 ⁴
71 2189 91 2198 1
112 2161 180 2194 Ter.
196 2161 306 2197 Adelph.
321 2172 347 2196 2,
359 2172 387 2197 4,
397 2172 425 2196 4.
455 2163 479 2189 h.
493 2172 512 2188 e.
529 2162 631 2198 fratris
643 2163 703 2188 Ioco.

39 2194 216 2233 hamdis-itur
228 2201 268 2231 is,
284 2202 355 2225 cuius
366 2199 456 2234 struas
471 2197 575 2233 infuga
589 2195 630 2229 est.
665 2195 726 2229 le.
739 2195 768 2221 in
783 2195 799 2220 Ι.
819 2195 845 2220 Si
860 2195 948 2220 seruus
963 2195 1069 2220 seruum

59 2230 142 2266 'Serui
164 2233 195 2259 D.
208 2233 248 2259 Ad
262 2234 280 2260 l.
294 2234 438 2268 Aquiliam.
511 2232 630 2258 Glorinn
645 2240 705 2257 cum
718 2230 800 2256 modo
811 2230 901 2256 Tacit.
916 2231 984 2255 Ann.
997 2237 1032 2261 ις,
1045 2233 1068 2259 8.

47 2266 94 2299 ,in-
108 2276 152 2300 20,
172 2276 194 2294 ιι
217 2269 287 2302 Apio
305 2269 388 2303 gratia
403 2269 485 2302 vulgo
499 2267 535 2293 est
550 2277 556 2292 :
583 2274 697 2300 namque
715 2265 784 2292 tami
801 2265 879 2299 largis
897 2264 1068 2299 portionibus

32 2305 77 2339 fer
89 2303 147 2363 igra
162 2303 296 2335 innatant,
316 2310 342 2330 et
363 2304 392 2330 in
409 2302 586 2330 condimentis
605 2301 765 2336 peculiarem
777 2301 897 2327 Gratiam
916 2300 1027 2332 habent,
1050 2302 1069 2325 i.

14 2340 100 2364 jucun
119 2341 129 2363 i
153 2345 206 2365 unt.

8 2377 16 2398 2
31 2367 108 2405 iiulla.
135 2339 225 2408 {Qiod
236 2374 305 2409 apud
319 2375 385 2401 alios
397 2374 532 2405 Gratiam,
549 2373 615 2406 apud
631 2372 697 2398 alios
710 2371 880 2398 offensionem
895 2370 987 2397 habet:
1009 2372 1070 2396 aliis

0 2423 2 2433 l
19 2408 158 2435 *iucundum
176 2408 218 2442 est.
290 2411 409 2437 Gratiam
426 2409 507 2436 alicui
528 2408 659 2441 Qtincffil.
673 2415 702 2439 ς,
726 2416 763 2433 ιο.
833 2408 925 2433 Grates
942 2407 1069 2441 Neptuno

29 2443 109 2475 Plaut.
123 2444 202 2471 Stich.
215 2453 237 2477 3,
249 2453 268 2476 ι,
282 2453 307 2471 2.
379 2444 437 2471 Cic.
449 2445 520 2470 Fam.
537 2451 576 2475 ιι,
591 2451 625 2477 27
647 2443 737 2475 Quare
757 2441 843 2468 habeo
862 2442 982 2468 Gratiam
997 2442 1068 2475 Tre-

15 2474 105 2512 ·Bacio
118 2480 245 2506 familiari
258 2480 363 2510 nostro,
383 2480 432 2514 qui
445 2478 513 2505 mihi
527 2477 599 2504 dedit
613 2479 715 2504 causam
732 2477 825 2504 harum
839 2477 986 2504 literarum.
1013 2477 1066 2503 vid.

6 2523 16 2542 ,i
30 2520 162 2541 GRATm
210 2523 235 2541 n.
250 2523 275 2541 2.

28 2549 58 2577 in
70 2535 200 2584 pariundo
213 2549 318 2584 aliquot
335 2549 464 2577 affuerunt
479 2549 586 2577 liberae.
655 2548 737 2575 Plaut.
752 2549 834 2575 Merc.
848 2557 870 2581 3,
887 2557 907 2581 1,
922 2557 955 2581 29
977 2549 1069 2575 Hono-

29 2585 67 2613 ris
80 2586 153 2612 causa
165 2583 297 2619 quidquid
310 2585 361 2618 est,
380 2585 452 2620 quod
464 2585 587 2617 dabitur,
606 2584 718 2610 Gratum
733 2583 852 2617 habebo,
872 2587 889 2610 i.
903 2591 994 2620 gratus
1005 2587 1069 2610 acci-

23 2624 104 2657 piam.
173 2620 352 2647 Gratissimum
365 2620 462 2648 habere
474 2620 624 2647 debitorem
637 2619 702 2646 Plin.
715 2619 793 2654 Epist.
808 2628 829 2652 3,
842 2628 858 2646 2.
874 2627 939 2645 extr.
1011 2620 1067 2645 Cic.

29 2656 62 2683 de
76 2655 183 2682 Amicit.
195 2658 226 2685 68
246 2656 372 2683 Tristitia
386 2662 471 2683 autem
480 2676 488 2689 ‚
505 2662 531 2682 et
543 2656 572 2681 in
584 2655 659 2681 omni
671 2664 700 2681 re
714 2655 839 2681 seueritas
853 2653 932 2680 habet
951 2653 997 2679 illa
1010 2654 1068 2687 qui-

29 2691 89 2718 dem
97 2691 269 2718 Grauitatem.

29 2735 54 2759 3,
73 2735 109 2759 35.
182 2727 250 2753 Ter.
264 2727 329 2754 Eun.
347 2734 369 2759 ς,

30 2761 159 2790 habemus
172 2762 319 2789 Hominem
336 2763 430 2797 ipsum.

31 2799 65 2825 In
83 2798 129 2824 hac
142 2797 258 2831 formula
282 2797 408 2825 habemus
430 2797 493 2824 idem
506 2795 653 2832 fignificat,
676 2795 739 2831 quod
759 2794 968 2830 deprehendtmus.

31 2831 112 2869 Haut.
131 2832 215 2859 Casin.
233 2842 264 2866 2,
284 2835 362 2866 8,,36
384 2832 478 2860 Habeo
495 2833 577 2859 viros.
646 2831 734 2858 Senec.
752 2830 830 2866 Epist.
847 2839 868 2857 ιι
894 2830 1000 2856 Habere
1020 2839 1068 2856 nos

31 2873 170 2905 putamus:
195 2868 334 2896 habemur.

32 2901 53 2939 ‚⁷1³
71 2913 90 2935 1,
110 2906 153 2931 66.
205 2905 270 2931 Plin.
285 2904 363 2939 Epist.
378 2907 410 2937 6,
431 2913 447 2931 2
467 2903 562 2937 (Epist.
577 2905 622 2934 88)
648 2903 704 2929 Cur
723 2911 788 2937 ergo,
807 2903 923 2937 quaero?
955 2900 1068 2928 habebat

32 2924 296 3119 {diist-sonorem,
314 2939 439 2972 timebat,
462 2939 589 2974 pallebat,
617 2937 754 2965 scribebat.
826 2937 883 2964 Cic.
903 2937 931 2964 in
944 2937 1032 2963 Vatin.
1053 2945 1068 2963 2.

389 2736 410 2760 1,
430 2736 457 2760 19
481 2727 554 2752 Hera
573 2733 630 2751 mea
649 2730 704 2751 tace
722 2724 848 2756 obsecro,
867 2724 953 2750 saluae
972 2724 1070 2755 sumus,

500 2761 622 2788 Habesne
638 2760 782 2786 Hominem
796 2759 870 2785 Idem
883 2760 947 2787 Eun.
961 2768 989 2793 4,
999 2766 1069 2822 4,S7.

1044 2804 1069 2820 lc

36 3001 48 3009 ᾖ
61 2984 121 3002 uare
132 2984 165 3001 ne
179 2975 231 3002 tibi
246 2976 316 3002 hunc
331 2977 469 3002 Honorem
481 2984 496 3001 a
509 2984 551 3001 me
564 2973 656 3001 haberi
669 2973 738 3001 forte
749 2973 857 3000 mirere.
910 2973 982 2999 Idem
996 2974 1068 3000 Fam.

59 3019 102 3049 ¹,¹9
127 3010 212 3038 Curio
226 3011 300 3044 misi,
320 3017 349 3037 vt
366 3011 469 3037 medico
484 3011 576 3036 Honos
591 3009 740 3035 haberetur.
812 3010 842 3035 Et
855 3008 968 3043 Philipp.
982 3017 1021 3042 14,
1037 3017 1069 3034 22

30 3081 35 3085 ⁴
69 3078 188 3109 'Honore
203 3081 254 3109 diis
266 3083 462 3109 immortalibus
476 3081 596 3108 habendo
614 3081 749 3107 sententias
763 3079 886 3107 diximus.
920 3080 988 3106 Add.
998 3080 1067 3114 Ncp.

33 3121 65 3177 {s
84 3125 113 3149 3,
132 3126 158 3150 4.
232 3119 389 3152 Honorem,
406 3125 455 3154 pro
471 3119 582 3144 Honores
600 3116 709 3151 adeptum
727 3114 778 3149 este.
812 3117 867 3143 Cic.
881 3115 1029 3142 Diu.Verr.
1046 3124 1068 3142 12

64 3151 123 3178 abet
136 3153 274 3180 Honorem
293 3163 372 3189 quem
386 3153 517 3188 petimus,
536 3152 614 3179 habet
632 3153 703 3186 spem
720 3160 799 3186 quam
817 3151 975 3186 propositam
990 3151 1068 3177 nobis

33 3185 176 3217 habemffi,
192 3195 237 3216 etc.
271 3192 374 3216 Dicitur
387 3197 410 3216 et
422 3199 475 3216 cum
491 3188 585 3215 adiefso
597 3198 604 3213 .·
635 3194 678 3219 vt,
699 3188 803 3215 Habere
817 3188 955 3214 Honorem
971 3187 1068 3213 statuae

37 3254 140 3282 habuit.
174 3258 375 3294 Cic.Fam.16,9
388 3261 474 3287 Curio
486 3260 551 3290 miti,
560 3267 587 3286 vt
601 3258 704 3285 medico
712 3259 804 3285 Honos
817 3258 969 3290 haberetur,
977 3264 1002 3284 et
1017 3258 1068 3284 tibi

37 3289 112 3316 daret
125 3291 196 3325 quod
209 3301 272 3326 opus
285 3295 351 3321 esset.
385 3297 422 3322 De
433 3296 525 3322 medico
537 3297 658 3332 quuitur,
675 3297 717 3330 qui
733 3295 849 3321 Tironem
863 3300 986 3330 aegrotum
999 3303 1070 3319 cura-

36 3332 126 3366 verat,
144 3329 185 3353 cui
201 3331 337 3367 praemium
351 3330 375 3365 s
397 3332 554 3358 honorarium
578 3331 636 3357 dari
658 3330 732 3356 iubet.
835 3330 890 3357 Cic.
915 3330 986 3355 Fam.
1002 3338 1036 3361 13,
1050 3338 1069 3362 4

36 3361 167 3396 Eqssldem
188 3368 267 3388 etlam
283 3363 349 3392 illud
366 3366 433 3393 mihi
449 3368 568 3394 animum
581 3366 717 3393 aduertiss'e
729 3365 838 3399 videor,
858 3372 883 3392 te
898 3374 949 3391 non
964 3371 1015 3390 tam
1027 3373 1068 3390 res

415 1426 544 1452 Facinora
565 1426 676 1452 necdum
693 1426 764 1452 edita
783 1425 880 1451 habent
901 1425 991 1451 omnia
1012 1425 1071 1451 Liu.

433 1461 514 1488 Plaut.
529 1460 624 1495 Amph.
645 1470 671 1493 1,
693 1469 713 1492 ι,
731 1469 773 1486 ιιο
798 1461 829 1486 Et
844 1461 992 1486 enimvero
1007 1469 1072 1494 quo-
1089 1469 1116 1495 35
1135 1460 1227 1493 quor?

34 1494 102 1528 qi'am
114 1493 229 1521 formam
243 1497 302 1529 cepi
316 1495 394 1522 huius
407 1496 435 1522 in
448 1506 489 1522 me
503 1502 529 1522 ct
542 1496 651 1527 statum,
687 1496 768 1521 Decet
782 1502 807 1522 et
819 1495 911 1527 Facta,
931 1505 1071 1529 moresque

32 1562 103 1590 Fam.
116 1572 142 1598 7,
156 1572 190 1599 27
208 1567 392 1606 (26)·Q1um
406 1566 537 1592 decimum
552 1566 606 1592 iani
625 1565 696 1591 diem
714 1567 831 1599 grauiter
847 1575 878 1592 ex
893 1566 1022 1592 intestinis
1036 1567 1071 1592 la-

419 1707 512 1733 Fidem
530 1707 625 1739 alicui,
646 1714 695 1742 pro
712 1707 797 1733 Fidere
810 1707 862 1737 illi,
878 1707 987 1737 credere,
1007 1707 1072 1742 quod

30 259 112 287 aciem
125 256 250 284 directam
268 258 387 291 vidisset,
407 267 461 285 non
475 259 567 286 habuit
581 260 716 290 Dubium,
735 257 799 293 quin
814 255 900 283 media
915 253 1023 288 planitie
1037 254 1065 279 in
1086 268 1088 270 v

1087 582 1115 600 10

1088 756 1113 782 15

1085 936 1119 954 20
1135 936 1192 959 res,
1212 927 1348 953 Caesarem
1369 927 1421 952 Iter
1440 926 1534 953 habere
1554 928 1679 960 Capuam.

736 1106 792 1132 Cic.
801 1105 878 1132 Acad.
888 1114 916 1138 4,
930 1114 974 1137 129
994 1105 1066 1139 Qud
1085 1111 1116 1137 25
1134 1113 1213 1136 cuni,
1230 1110 1272 1130 aut
1293 1104 1431 1129 inimicmn
1451 1103 1532 1129 fuisse.

383 1285 455 1311 Caes.
469 1285 533 1311 Bell.
548 1284 631 1311 Ciuil.
646 1292 668 1316 3,
683 1292 712 1316 29
739 1284 775 1310 Vt
791 1283 908 1317 aliquam
923 1284 1016 1309 Caesar
1036 1283 1068 1309 ad
1083 1288 1115 1312 30
1134 1282 1250 1308 Laudem
1265 1281 1361 1312 alicui,
1377 1287 1425 1315 pro
1440 1279 1560 1305 Laudare.

903 1636 970 1662 Plin.
985 1645 1020 1667 12,
1041 1646 1069 1670 ¹4
1084 1648 1120 1672 40
1136 1639 1153 1662 i.
1169 1636 1326 1667 hahnare‚vt
1337 1638 1516 1669 interpretatur
1534 1633 1607 1659 Non.
1621 1641 1648 1664 4,
1664 1633 1722 1657 226.

214 1829 221 1835 .
258 1810 354 1845 Neque
367 1812 395 1837 in
407 1811 468 1841 hac,
488 1820 574 1844 neque
585 1812 614 1835 in
628 1810 676 1835 issa
688 1815 761 1843 parte
773 1810 864 1835 Fidem
878 1809 993 1842 habens,
1013 1809 1039 1835 b.
1050 1817 1070 1834 e.
1087 1812 1121 1837 45
1135 1807 1236 1841 iudicio
1248 1806 1415 1832 substitutum
1430 1813 1483 1831 non
1499 1803 1606 1838 perinde
1620 1803 1733 1836 habere,
1751 1809 1825 1837 turpe
1838 1803 1905 1829 mihi
1920 1804 2034 1831 videtur.

21 1991 81 2046 «que
95 1985 151 2010 eius
163 1984 275 2018 amplius
288 1986 442 2020 processerat
454 1984 580 2019 temporis
589 2004 597 2016 ,
614 1990 687 2010 tanto
701 1990 776 2011 erant
788 1984 928 2010 alacriores
941 1984 974 2010 ad
987 1984 1069 2010 custo-
1088 1989 1120 2015 50
1130 1988 1248 2018 patruum
1257 2001 1264 2012 ‚
1276 1983 1350 2017 facis
1364 1985 1376 2008 ?

21 2030 23 2046 Ι
49 2027 58 2046 l

773 2161 803 2186 In
816 2160 886 2194 Fuga
908 2161 1012 2191 seruum
1025 2158 1070 2184 ha·
1087 2162 1115 2189 55
1134 2158 1192 2183 sunt
1207 2157 1216 2182 ἓ

345 2515 415 2541 Ter.
430 2514 510 2541 Andr.
525 2523 551 2547 4,
560 2522 582 2546 5,
590 2522 620 2546 32
641 2511 688 2540 Dis
702 2513 746 2548 pol
761 2512 846 2539 habeo
859 2513 973 2546 Gratias,
985 2521 1068 2548 quum
1084 2511 1116 2543 65
1133 2510 1188 2542 ἂι),
1207 2513 1248 2537 ves
1258 2519 1380 2545 compono.

339 2693 453 2718 Grauem
465 2700 521 2718 rem
534 2690 659 2724 aliquam,
672 2696 720 2724 pro
732 2689 911 2725 magnifacere
924 2688 981 2715 Cic.
992 2686 1068 2714 offic.
1080 2694 1115 2721 70
1133 2687 1213 2712 Manu
1227 2692 1253 2712 et
1267 2686 1348 2712 tutela
1357 2706 1363 2717 ,
1382 2695 1436 2711 non
1449 2686 1476 2712 in
1490 2684 1600 2711 seruitio
1612 2693 1708 2711 vxores
1728 2685 1787 2711 Liu.
1803 2693 1843 2718 34,
1857 2692 1946 2719 7extr.

406 2869 544 2895 Honorem
557 2866 646 2898 alicui,
665 2868 762 2893 Honore
775 2864 871 2901 afficere
896 2866 977 2892 Plaut.
994 2865 1065 2892 Asin.
1086 2869 1117 2897 75
1132 2865 1190 2890 Hoc
1203 2865 1247 2890 Me
1261 2864 1375 2896 lactum,
1392 2864 1499 2890 anxium
1516 2862 1603 2889 habet.

0 3054 7 3063 ‘
34 3067 37 3071 ,
70 3044 166 3073 vliteris
182 3047 254 3073 enim
276 3047 306 3074 C.
320 3048 430 3079 Pansae,
448 3047 478 3072 A.
494 3046 579 3072 Hirtii
596 3045 683 3071 COSS.
709 3045 739 3071 C.
752 3045 869 3071 Caesaris
888 3044 1068 3079 Propraetoris
1081 3047 1113 3073 80
1132 3051 1160 3075 4,
1175 3051 1201 3073 2,
1217 3051 1252 3072 30.

34 3220 102 3246 Pliss·
110 3221 187 3255 Epist·
195 3230 221 3257 7,
230 3232 250 3251 2.
286 3226 356 3251 Caes.
365 3226 392 3251 B.
400 3226 432 3252 G.
441 3233 462 3258 ς,
471 3233 498 3258 52
514 3226 588 3258 Quos
601 3223 740 3257 praecipuo
748 3224 846 3258 semper
855 3223 965 3248 Honore
973 3223 1068 3248 Caesar
1086 3224 1115 3252 85
1132 3220 1205 3246 deant
1225 3223 1251 3245 in
1270 3219 1378 3255 publicis
1394 3222 1484 3246 calceis.

1532 165 1575 206 H
1640 167 1702 214 ,A
1780 168 1807 207 B
2090 178 2160 222 858

1363 255 1424 281 Liu.
1441 262 1460 287 t,
1475 263 1509 288 40
1521 262 1560 291 pr.
1589 253 1638 282 Etsi
1656 258 1731 281 antea
1749 254 1849 288 semper
1866 265 1914 290 pro
1929 256 2106 293 Indignissimo
2124 259 2168 287 ha«

1133 289 1261 321 buerant,
1280 289 1304 317 se
1319 291 1404 323 patrio
1427 299 1508 323 regno
1530 291 1625 318 tutoris
1647 289 1739 316 fraude
1762 291 1864 323 pulsos,
1883 299 1927 318 etc.
2031 295 2168 322 Indofftjor

1133 325 1236 351 habitus
1250 325 1285 351 est
1311 326 1368 352 Cic.
1383 326 1464 351 Tusc.
1481 335 1488 351 ι
1503 335 1523 352 c.
1536 334 1561 352 2.
1631 326 1703 352 Caes.
1718 325 1746 351 B.
1761 326 1793 351 G.
1809 328 1834 356 6,
1850 334 1881 351 22
1907 328 2053 356 Latrocinia
2068 331 2166 357 nullam

1134 360 1230 387 habent
1251 361 1401 390 Infamiam,
1414 369 1480 394 quae
1499 368 1571 388 extra
1589 361 1651 387 fines
1666 361 1791 395 cuiusque
1804 361 1918 387 ciuitatis
1932 362 2005 389 siunt.
2097 367 2167 393 lufe.

1135 396 1198 422 stum
1224 396 1325 431 aliquid
1356 396 1415 422 Liu.
1441 404 1477 427 39.
1514 416 1520 423 .
1559 416 1564 422 .
1601 400 1619 423 i.
1640 395 1770 432 bzftflare.
1874 396 1941 422 Ter.
1964 399 2057 425 Heaut.
2073 410 2093 431 2,
2107 411 2134 434 4,
2147 410 2166 435 4

1135 432 1203 458 Nam
1218 432 1285 458 mihi
1299 432 1376 466 quale
1389 431 1525 464 Ingenium
1539 431 1661 462 haberes,
1679 431 1731 458 fuit
1744 428 1844 457 indicio
1860 432 1947 457 oratio
1962 438 2013 458 tua.
2083 436 2164 463 Plaut,

1134 468 1227 501 Amph.
1244 477 1262 499 t,
1275 477 1295 500 ι,
1308 476 1340 500 29
1357 467 1491 500 Quoniam
1504 466 1582 497 bona,
1597 477 1663 500 quac
1676 467 1703 493 in
1717 475 1759 493 me
1772 467 1903 498 fecerunt,
1924 468 2026 500 Ingrata
2040 476 2068 495 ea
2083 470 2164 497 habui

1133 509 1212 536 atque
1227 503 1311 529 irrita.
1415 501 1571 534 Inimicitias
1584 510 1641 527 cum
1655 502 1745 536 aliquo
1765 502 1835 529 Caes.
1850 502 1876 528 B.
1890 503 1920 529 C.
1934 509 1956 534 3,
1972 505 2007 529 16.
2084 506 2165 533 Plaut.

1135 538 1223 563 Aulul.
1239 547 1260 570 3,
1276 541 1301 570 6,
1316 546 1353 570 44
1374 536 1470 570 Edepol
1485 546 1531 562 nae
1546 544 1573 563 tu
1587 538 1645 562 aula
1659 538 1754 564 inultos
1775 537 1897 563 inimicos
1918 537 2004 564 habes.
2098 539 2166 568 Ter.

1135 575 1199 599 Eun.
1215 582 1233 607 ι,
1247 582 1271 606 2,
1285 582 1320 606 94
1338 572 1425 598 Potius
1441 581 1519 605 quam
1543 579 1567 598 te
1590 573 1729 598 Inimicum
1752 572 1875 604 habeam,
1893 571 1986 599 faciam
2010 578 2037 600 vt
2057 573 2165 602 iusseris.

1135 610 1242 639 Liu.26,
1280 629 1286 634 .
1323 627 1329 633 .
1365 607 1450 633 Habet
1466 609 1597 633 Intentum
1611 608 1672 634 haec
1685 617 1745 634 cura
1758 617 1809 634 me.
1880 607 1960 634 Instar
1974 608 2107 635 ac‘tionum
2125 610 2167 636 ha-

1134 644 1195 670 bent
1208 644 1334 678 quaedam
1348 642 1526 676 stipulationes
1547 644 1647 676 leian.
1663 644 1689 668 in
1706 644 1721 669 Ι.
1735 643 1760 669 Si
1775 642 1868 673 ambo,
1889 644 1920 669 l).
1931 643 1961 670 de
1970 644 2167 678 Compensatio-

1134 680 1219 706 nibus.
1314 678 1382 704 Ter.
1406 679 1469 704 Eun.
1492 686 1511 710 ι,
1530 687 1552 710 2,
1574 684 1606 710 48
1635 679 1680 704 Tc
1694 679 1791 704 interea
1807 678 1857 704 loci
1872 680 1984 712 cognoui
2002 689 2007 705 :
2043 687 2097 707 tute
2111 680 2167 711 scis,

1135 715 1190 748 post
1206 715 1249 741 illa
1263 722 1341 749 quam
1353 714 1478 739 Intinuun
1493 714 1600 739 habeam
1614 721 1654 746 te,
1675 720 1700 740 ct
1715 722 1771 740 mea
1785 713 1888 739 consilia
1904 721 1929 740 vt
1949 714 2050 741 credam
2069 717 2167 743 onmia.

1133 751 1202 776 Ter.
1216 752 1278 776 Eun.
1294 757 1314 782 ς,
1328 757 1354 780 9,
1369 757 1395 781 35
1417 749 1493 776 Nihil
1509 750 1579 783 quod
1595 749 1664 775 dicas
1678 749 1745 775 milii
1761 749 1840 775 alium
1856 750 2030 783 quaerebam,
2055 751 2108 778 Iter
2119 751 2167 778 hac

1134 785 1214 812 habui
1230 795 1235 810 :
1271 784 1381 819 periisti.
1471 786 1542 811 Caes.
1557 785 1583 811 B.
1597 786 1626 811 C.
1645 793 1662 814 ι,
1678 787 1705 811 ι6
1729 785 1777 810 Cn.
1794 785 1931 818 Pompeius
1946 786 2030 819 pridie
2043 785 2100 813 eius
2113 786 2167 813 diei

1135 830 1165 847 ex
1182 820 1246 847 vrbe
1260 819 1409 854 proscenis.
1431 821 1482 846 Iter
1494 820 1525 846 ad
1542 820 1656 854 legiones
1671 819 1789 846 habebat.
1860 820 1914 845 Cic.
1929 822 1966 854 Q
1979 821 2060 848 Fratr.
2075 830 2101 852 2,
2126 842 2132 848 .
2161 842 2167 849 .

1133 857 1230 883 Videre
1243 863 1329 882 autem
1345 855 1465 881 volebam
1475 876 1482 887 ‚
1502 856 1572 890 quod
1586 865 1656 882 eram
1670 854 1796 889 postridie
1810 855 1893 881 Roma
1905 856 2020 882 exiturus
2030 877 2038 888 ,
2056 863 2081 883 et
2095 857 2168 892 quod

1135 892 1181 918 ille
1194 892 1222 918 in
1235 891 1382 917 Sardiniam
1399 892 1451 917 Iter
1466 891 1585 917 habebat.
1692 890 1764 917 Idem
1777 891 1829 916 Att.
1845 895 1868 922 8,
1884 898 1913 923 ¹4
1929 891 2039 925 Aliique
2052 894 2168 927 complu-

1794 926 1847 951 Itcr
1867 926 1952 953 habeo
1965 927 2131 961 expeditum,
2148 931 2167 955 i.

1134 965 1195 993 lter,
1204 969 1250 997 per
1265 962 1327 997 quod
1339 961 1439 987 amdam
1452 964 1511 988 mihi
1524 961 1567 995 cst,
1585 961 1720 995 expeditum
1734 960 1822 990 habeo,
1841 961 1923 994 etsine
1936 963 1994 988 ullis
2015 964 2169 998 impedimen-

1132 1001 1168 1024 tis
1188 998 1260 1024 Caes.
1275 998 1301 1023 B.
1315 998 1345 1023 C.
1359 1006 1379 1028 3,
1393 1005 1436 1031 79.
1542 997 1614 1023 Idem
1628 996 1656 1021 B.
1671 995 1704 1020 G.
1720 1002 1739 1026 ι,
1753 1002 1769 1029 7
1789 996 1926 1029 Propterea
1940 996 2011 1031 quod
2025 997 2077 1024 Iter
2092 999 2168 1025 habe-

1132 1039 1191 1060 rent
1203 1033 1305 1059 nullum
1320 1032 1400 1058 aliud.
1504 1033 1559 1058 Cic.
1573 1040 1621 1066 pro
1635 1030 1718 1057 Plane.
1732 1038 1762 1062 93
1788 1031 1900 1056 Hercule
1918 1040 1959 1057 me
1979 1032 2104 1060 confitear
2116 1043 2169 1060 non

1133 1069 1265 1095 Iudicium
1283 1068 1392 1102 aliquod
1409 1066 1523 1093 habuisse
1542 1067 1573 1094 de
1592 1064 1715 1099 Reipubl.
1736 1064 1866 1096 militate,
1882 1065 1924 1092 sed
1939 1066 2092 1095 hominibus
2104 1070 2169 1095 ami-

1637 1102 1679 1127 Ius
1693 1100 1805 1126 aftionis
1826 1101 1955 1134 Quinc‘til.
1970 1112 1991 1134 3,
2005 1104 2030 1128 6.
2126 1106 2169 1131 Ius

1555 1138 1597 1164 Ius
1610 1137 1638 1164 in
1650 1145 1740 1163 omnes
1761 1136 1856 1162 Lucan.
1872 1143 1899 1170 7,
1913 1145 1948 1169 35.
2039 1136 2170 1166 Lacrimas

1681 1172 1737 1198 Cic.
1753 1180 1800 1205 pro
1814 1171 1895 1197 Flacc.
1915 1181 1947 1205 34
1979 1172 2028 1198 Tu
2041 1181 2104 1199 vero
2119 1175 2171 1201 tibi

1577 1217 1624 1234 nec
1639 1207 1708 1233 enim
1724 1206 1924 1233 Acmonensium
1939 1207 2090 1234 testimonio
2100 1210 2171 1236 Flac-

1605 1243 1719 1269 Laudem
1735 1242 1766 1268 de
1782 1241 1872 1277 aliquo
1902 1243 1983 1269 Ouid.
1997 1243 2074 1278 Epist.
2091 1250 2170 1279 17,18.

1603 1278 1694 1304 Tacit.
1709 1279 1774 1304 Ann.
1788 1286 1807 1309 1,
1821 1281 1855 1310 69
1880 1277 1980 1304 Laudes
1994 1285 2018 1305 et
2034 1286 2117 1313 grates
2131 1289 2171 1307 re-

1133 1317 1212 1344 versis
1227 1317 1375 1351 legionibus
1390 1315 1537 1342 habentem.
1641 1314 1706 1339 Plin.
1720 1322 1757 1345 22,
1771 1322 1797 1338 22
1818 1313 1963 1347 Buprestim
1977 1323 2068 1348 magna
2082 1315 2171 1342 incon-

1134 1352 1226 1379 stantia
1249 1352 1342 1379 Graeci
1363 1352 1391 1377 in
1403 1350 1537 1377 Laudibus
1550 1349 1670 1375 ciborum
1684 1349 1762 1374 etiam
1776 1347 1898 1374 habuere.
2003 1350 2171 1382 Liberaliter,

1133 1388 1187 1415 vid.
1203 1394 1292 1414 LIBER
1302 1407 1309 1418 ‚
1327 1385 1415 1414 liberi.
1484 1386 1629 1412 Licentiam
1650 1385 1730 1410 Plaut.
1746 1384 1827 1410 Trin.
1842 1393 1869 1416 4,
1883 1391 1904 1416 3,
1918 1392 1953 1416 27.
2025 1386 2078 1413 Cic.
2094 1386 2171 1415 Acad.

1135 1433 1161 1458 4,
1175 1431 1191 1458 7
1212 1424 1315 1450 Mecum
1331 1431 1396 1449 uero
1419 1421 1482 1456 quid
1503 1420 1597 1447 habent
1616 1420 1733 1451 Litium,
1753 1419 1800 1453 qui
1821 1419 1937 1453 ipsorum
1957 1419 2120 1455 disciplinam
2136 1422 2172 1448 se-

1334 1457 1407 1484 Idem
1420 1457 1452 1483 ad
1468 1457 1540 1482 Brut.
1555 1465 1582 1482 ιο
1603 1456 1696 1482 Nullas
1711 1454 1795 1481 adhuc
1810 1463 1823 1480 a
1841 1461 1865 1480 te
1884 1455 1983 1481 Literas
2004 1456 2171 1488 habebamus,

1134 1503 1167 1520 ne
1181 1495 1278 1520 famam
1291 1493 1398 1528 quidem
1411 1501 1476 1526 quae
1490 1492 1646 1523 declararet,
1666 1499 1711 1516 eze.
1818 1490 1874 1517 Cic.
1889 1493 1941 1516 Att.
1955 1499 1978 1521 2,
1994 1500 2014 1522 13
2032 1492 2079 1518 Tu
2093 1491 2109 1518 si
2128 1493 2172 1518 Li-

1134 1536 1202 1556 teras
1218 1530 1249 1556 ad
1267 1529 1403 1561 Sycionios
1417 1528 1511 1559 habes,
1530 1527 1625 1553 aduola
1640 1527 1667 1552 in
1681 1525 1861 1551 Formianum.
1931 1526 1990 1551 Sall.
2005 1527 2132 1560 Catili-52,
2147 1536 2171 1559 13

1135 1564 1223 1591 Credo
1236 1564 1298 1590 falsa
1312 1564 1460 1591 existimans
1474 1570 1588 1597 ea,quae
1600 1562 1631 1587 de
1644 1561 1737 1587 inferis
1751 1566 1940 1589 memorantur.
1959 1561 2064 1588 diuerso
2078 1563 2173 1589 itinere

1135 1601 1217 1626 malos
1230 1609 1244 1626 a
1258 1600 1334 1626 bonis
1349 1601 1419 1626 Loca
1432 1605 1513 1630 tetra,
1538 1597 1634 1623 inculta
1644 1617 1650 1627 ,
1670 1596 1764 1627 foeda,
1784 1602 1862 1630 atque
1877 1596 2049 1622 formidolosa
2066 1596 2172 1628 habere,

1765 1631 1819 1655 Vici.
1829 1631 1909 1665 Jicpra
1921 1639 1946 1656 n.
1960 1639 1981 1661 3.
2076 1632 2132 1657 Cic.
2142 1632 2173 1657 de

1135 1671 1209 1697 Orat.
1233 1680 1255 1702 2,
1278 1679 1332 1704 274
1363 1670 1459 1696 Genus'
1472 1668 1521 1694 hoc
1545 1668 1646 1698 leuius,
1667 1672 1692 1692 et
1709 1670 1737 1690 vt
1751 1665 1823 1696 dixi,
1843 1665 2002 1690 mimicumt
2038 1666 2080 1691 sed
2094 1666 2173 1692 habet

1133 1715 1323 1739 nonnunquam
1343 1704 1445 1737 aliquid
1466 1703 1546 1728 etiam
1566 1701 1635 1734 apud
1653 1709 1700 1725 nos
1719 1700 1799 1730 Loci,
1816 1705 1843 1724 vt
1864 1699 1906 1724 vel
1924 1707 1976 1724 non
1996 1698 2087 1726 stultus
2101 1701 2172 1736 quasi

1134 1740 1212 1765 stulte
1225 1748 1283 1765 cum
1297 1739 1348 1764 sale
1362 1739 1431 1763 dicat
1446 1736 1556 1774 aliquid.
1650 1735 1705 1760 Cic.
1726 1734 1796 1759 Fam.
1814 1742 1851 1765 10,
1867 1742 1902 1766 24
1930 1734 1975 1760 Vel
1992 1736 2061 1768 quod
2074 1745 2105 1762 ex
2120 1743 2173 1763 tam

1135 1773 1229 1806 insigni
1244 1773 1361 1798 amicitia
1374 1781 1431 1797 mea
1445 1777 1523 1803 atque
1538 1769 1670 1798 Caesaris,
1691 1767 1760 1794 hunc
1773 1768 1823 1794 filii
1838 1769 1909 1795 Loco
1922 1776 1947 1795 et
1959 1770 2029 1796 illius
2044 1777 2069 1797 et
2087 1772 2173 1798 vestro

2105 1807 2170 1833 Ptin.

1135 1850 1172 1873 33,
1186 1850 1198 1873 3
1219 1843 1302 1868 Antea
1314 1842 1385 1867 enim
1400 1841 1442 1867 hie
1455 1849 1549 1866 numus
1560 1848 1591 1865 ex
1605 1839 1711 1871 Illyrico
1725 1839 1847 1864 aduectus
1861 1841 1953 1865 mercis
1967 1841 2038 1866 Loco
2059 1840 2172 1868 habeba—

1134 1883 1186 1904 tur.
1294 1877 1367 1903 Loco
1382 1877 1456 1902 nullo
1469 1884 1522 1902 rem
1537 1875 1652 1909 aliquam
1662 1895 1669 1906 ,
1684 1882 1730 1908 pro
1742 1874 1928 1908 Nihilifatere.
1965 1875 2019 1901 Cic¹
2034 1876 2065 1902 de
2079 1877 2172 1911 Legib.

1134 1921 1158 1943 2,
1172 1921 1199 1939 12
1216 1912 1285 1946 Lege
1299 1918 1386 1938 autem
1402 1920 1489 1937 carens
1501 1911 1610 1941 ciuitas,
1630 1910 1698 1935 estne
1710 1909 1745 1934 ob
1761 1910 1843 1942 ipsum
1866 1908 1982 1936 habenda
1994 1911 2069 1938 nullo
2083 1913 2173 1939 Lot-03

1133 1947 1188 1975 Cic.
1209 1947 1320 1981 Philipp.
1340 1956 1365 1978 2,
1386 1952 1413 1978 78
1444 1948 1499 1972 Cur
1513 1954 1557 1971 eos
1573 1944 1651 1970 habes
1665 1945 1693 1970 in
1706 1945 1777 1969 Loco
1791 1945 1876 1978 patrui
1892 1946 1901 1970 3
1935 1948 1952 1970 i.
1972 1947 2065 1978 Tanti,
2086 1951 2174 1982 quanti

1466 1981 1522 2007 Cic.
1536 1981 1567 2006 ad
1582 1981 1653 2006 Brut.
1666 1988 1694 2014 ¹7
1713 1979 1784 2012 Qud
1796 1980 1866 2005 enim
1882 1985 1935 2006 tam
1948 1980 2062 2007 alienum
2078 1982 2110 2008 ab
2125 1983 2173 2009 hu-

1135 2017 1219 2044 manis
1233 2017 1342 2043 sensibus
1356 2017 1406 2048 cst,
1426 2025 1504 2050 quam
1518 2025 1578 2042 eum
1594 2016 1673 2050 patris
1688 2015 1783 2040 habere
1796 2016 1885 2047 Loco,
1906 2016 1950 2049 qui
1965 2026 1997 2042 ne
2018 2016 2095 2044 liberi
2115 2019 2174 2052 qui-

1136 2053 1196 2079 dem
1211 2052 1328 2079 hominis
1341 2061 1452 2078 numero
1467 2051 1496 2077 sit
1510 2053 1519 2077 3
1635 2051 1716 2076 Plaut.
1729 2049 1800 2084 Epid.
1815 2058 1840 2082 1,
1857 2059 1884 2080 2,
1899 2059 1926 2083 53
1947 2052 2040 2078 Eamus
2055 2054 2126 2079 intro
2139 2053 2172 2080 ad

1136 2093 1177 2119 te,
1198 2093 1225 2113 vt
1240 2087 1307 2114 bunc
1321 2087 1401 2113 hodie
1414 2086 1485 2112 diem
1499 2085 1642 2112 Luculente
1658 2084 1806 2111 habeamus.
1884 2085 1963 2112 Plaut.
1977 2088 2047 2113 Men.
2065 2097 2090 2119 2,
2103 2098 2125 2121 3,
2139 2096 2173 2121 43

1135 2123 1191 2155 Qii
1214 2122 1287 2149 lubet
1308 2122 1440 2148 Ludibrio
1463 2121 1561 2147 habere
1584 2130 1641 2152 me,
1661 2127 1739 2154 atque
1759 2120 1798 2147 ire
1812 2119 1908 2146 infitias
1922 2121 2005 2155 mihi,
2023 2123 2090 2149 facta
2105 2133 2173 2158 quae

1321 2157 1381 2183 Liu.
1396 2164 1436 2188 ιιι,
1451 2166 1486 2189 40
1495 2163 1537 2191 pr.
1556 2156 1678 2182 Senatum
1692 2156 1823 2182 Ludibrio
1837 2155 1924 2183 habet.
2040 2158 2174 2185 Ludibrio

1133 2192 1181 2218 sibi
1195 2192 1311 2225 aliquem
1330 2192 1434 2218 Lucret.
1450 2200 1471 2225 ς,
1487 2200 1554 2225 1234.
1637 2192 1786 2217 Luxuriose
1799 2192 1930 2224 nimisque
1943 2192 2089 2220 liberaliter
2101 2203 2173 2221 exer-

1133 2228 1216 2254 citum
1237 2228 1296 2254 Sall.
1311 2228 1368 2254 Cat.
1382 2237 1402 2254 c.
1418 2236 1448 2254 11.
1539 2226 1608 2253 Male
1620 2226 1735 2261 aliquem
1752 2228 1822 2253 Caes.
1837 2227 1864 2252 B.
1880 2227 1908 2252 C.
1924 2235 1944 2258 1,
1959 2230 1997 2259 63.
2083 2229 2104 2255 A
2118 2239 2173 2263 quo

1132 2268 1172 2289 tot
1184 2272 1264 2289 annos
1277 2264 1356 2289 essent
1370 2263 1437 2289 male
1451 2262 1549 2295 habiti,
1567 2269 1593 2289 vt
1607 2263 1680 2296 saepe
1693 2264 1723 2288 ad
1739 2262 1948 2295 desperationem
1968 2264 2045 2290 etsent
2064 2258 2172 2292 adduffi

1133 2298 1201 2332 Nep.
1218 2304 1254 2331 18,
1268 2307 1303 2330 12,
1319 2307 1338 2325 1.
1406 2298 1494 2324 Redeo
1509 2297 1577 2324 Male
1591 2306 1633 2323 me
1647 2297 1743 2323 habens
1761 2298 1829 2323 Ter.
1844 2297 1906 2322 Eun.
1920 2307 1947 2331 4,
1964 2307 1983 2329 2,
1998 2301 2022 2325 6.
2089 2301 2172 2327 Plaut,

1132 260 1261 282 PERTVS.

1134 1139 1274 1166 abdicandi
1293 1139 1364 1165 Idem
1379 1147 1400 1171 3,
1414 1141 1439 1164 6.

1134 1184 1164 1202 ex
1179 1175 1345 1201 miseratione
1363 1173 1492 1207 Quinetil.
1508 1175 1533 1206 6,
1548 1181 1566 1200 1.

1134 1210 1231 1237 habeto
1243 1210 1316 1236 istam
1329 1209 1521 1236 Laudationem
1536 1219 1541 1234 :

1133 1247 1158 1272 ci
1170 1247 1224 1272 vita
1236 1252 1261 1272 et
1273 1246 1386 1280 dignitas
1399 1245 1502 1270 nititur.

301 2339 367 2366 Plin.
381 2347 418 2372 19,
435 2347 444 2365 1
468 2337 575 2365 Candor
586 2346 669 2371 aeque
683 2343 712 2363 vt
726 2336 894 2367 Fauentinis‚
914 2336 956 2362 sed
971 2336 1067 2370 lanugo
1079 2339 1114 2363 60
1134 2334 1229 2368 Amph.
1243 2344 1266 2366 2,
1281 2343 1303 2367 2,
1315 2339 1346 2367 89
1368 2335 1470 2360 Verum
1486 2341 1513 2359 tu
1530 2342 1652 2367 magnum
1666 2333 1768 2358 Malum
1782 2331 1907 2363 habebis,
1926 2333 1943 2358 si
1959 2332 2001 2359 hic
2021 2335 2096 2361 suum
2116 2334 2173 2362 offi-

1134 2370 1204 2396 cium
1218 2370 1289 2396 facit.
1397 2370 1468 2396 Caes.
1486 2369 1513 2394 B.
1529 2369 1610 2401 C.1‚8
1629 2368 1733 2394 Habere
1749 2369 1773 2394 se
1788 2377 1802 2394 a
1816 2368 1942 2402 Pompeio
1956 2369 1984 2395 ad
2000 2379 2060 2396 enm
2075 2371 2173 2404 priuati

1133 2404 1215 2432 officii
1229 2404 1353 2432 Mandata
1367 2404 1532 2431 demonstrat.
1648 2403 1688 2429 Ad
1702 2412 1810 2439 mamm}
1828 2403 1929 2438 aliquid
1965 2405 2054 2432 Tacit.
2068 2408 2135 2433 Ann.
2150 2415 2173 2438 3,

1134 2460 1140 2467 .
1179 2460 1185 2466 .
1222 2440 1274 2466 vid.
1294 2447 1417 2466 MANVS.
1512 2438 1569 2465 Cic.
1582 2437 1635 2465 Att.
1650 2449 1676 2472 4,
1692 2448 1718 2465 ιι
1745 2439 1784 2464 last
1801 2439 1871 2464 enim
1886 2438 1951 2464 mihi
1971 2442 2094 2467 Vtendum
2114 2443 2173 2476 qui-

1132 2475 1244 2502 busdam
1258 2475 1337 2502 rebus
1353 2484 1384 2501 ex
1400 2476 1432 2502 iis
1446 2474 1521 2501 libris
1535 2473 1566 2500 ad
1580 2483 1634 2505 e05,
1644 2483 1709 2508 quos
1721 2474 1748 2499 in
1758 2473 1879 2499 Manibus
1896 2474 1987 2501 babeo.
2006 2478 2024 2501 ι’.
2039 2477 2106 2510 Qum
2118 2483 2171 2503 tra-

1472 2509 1528 2535 Cic.
1543 2510 1597 2535 Att.
1613 2518 1635 2540 7,
1654 2514 1667 2538 8
1704 2508 1872 2535 Habebamus
1893 2516 1979 2536 autem
1999 2511 2028 2536 in
2047 2512 2171 2538 Manibus

1132 2547 1244 2573 Antonii
1257 2547 1411 2572 concionem
1424 2544 1539 2571 habitam
1555 2544 1658 2569 decimo
1671 2544 1726 2570 Cal.
1762 2547 1778 2568 i.
1798 2545 1951 2579 Legebamus.
2066 2548 2095 2572 In
2116 2548 2171 2573 Ma.

1132 2582 1211 2608 nibus
1233 2581 1332 2607 librum
1357 2582 1472 2615 aliquem
1494 2581 1611 2613 semper,
1626 2587 1673 2612 pro
1695 2581 1785 2614 Legem>
1802 2586 1823 2604 et
1842 2578 1953 2605 traciare
1964 2580 2062 2615 semper
2076 2591 2126 2608 eum
2140 2584 2171 2608 li.

1131 2617 1210 2643 brum-
1247 2616 1302 2642 Cic.
1317 2617 1398 2642 Tusc.
1413 2625 1441 2649 ς,
1462 2619 1495 2644 18·
1568 2615 1598 2639 Et
1611 2615 1646 2647 Q
1657 2614 1786 2646 Fratr.3‚t
1808 2614 1887 2647 Qiod
1900 2615 1995 2641 multos
2009 2616 2063 2642 dies
2077 2617 2172 2652 episto-

1131 2652 1183 2676 lam
1196 2651 1222 2676 in
1237 2651 1359 2677 Manibus
1374 2651 1453 2677 habui
1467 2655 1574 2684 propter
1589 2650 1827 2675 commorationem
1847 2649 2057 2678 tabellariorum.
2141 2655 2172 2679 In

2049 2688 2160 2715 Matrem

1132 2730 1244 2748 vxoreni
1257 2721 1354 2748 habens
1383 2722 1450 2747 Ter.
1465 2722 1529 2747 Hec.
1544 2730 1572 2753 4,
1586 2728 1614 2752 2,
1628 2722 1666 2746 26.
1772 2721 1828 2746 Cic.
1843 2729 1891 2754 pro
1904 2720 1996 2755 Quint.
2012 2725 2039 2748 16
2059 2723 2128 2749 Nam
2145 2707 2172 2751 Pf

1132 2757 1240 2791 Qiintii
1253 2757 1437 2783 consobrinam
1454 2757 1530 2782 habet
1543 2756 1571 2781 in
1585 2755 1760 2781 Matrimonio
1781 2756 1915 2787 Naeuius,
1935 2762 1960 2783 et
1975 2766 2006 2783 ex
2018 2767 2047 2784 ea
2062 2759 2172 2786 liberos.

1132 2793 1214 2819 Cuius
1230 2793 1348 2820 sororem
1363 2793 1390 2818 in
1404 2792 1579 2819 Matrimonio
1595 2790 1707 2817 habebat
1724 2790 1780 2816 Val.
1796 2792 1864 2817 Max.
1880 2794 1905 2824 6,
1920 2801 1945 2824 2,
1958 2801 1980 2824 3.
2076 2794 2172 2821 Cic.de

1132 2828 1225 2863 Legib.
1240 2837 1262 2860 3,
1274 2831 1304 2861 36
1323 2829 1406 2855 Cuius
1420 2828 1447 2854 in
1467 2827 1643 2854 Matrimonio
1663 2827 1781 2853 sororem
1802 2827 1889 2852 auiam
1912 2828 2026 2854 nostram
2051 2828 2172 2857 habebat.

1708 2861 1777 2888 Suet.
1794 2861 1826 2888 de
1839 2863 1908 2888 Clar.
1924 2864 2109 2897 Gramm.c.t4
2129 2866 2174 2892 Ci-

1132 2899 1237 2926 ceronis
1249 2900 1280 2926 ad
1294 2901 1347 2926 Att.
1364 2901 1438 2925 verba
1454 2899 1590 2928 adducens,
1606 2898 1644 2923 De
1657 2896 1738 2923 Nicia
1750 2897 1821 2931 quod
1835 2898 1944 2931 scribis,
1962 2899 1979 2925 ti
1994 2900 2028 2924 ita
2035 2901 2079 2926 Me
2095 2901 2172 2926 habe-

1133 2944 1204 2965 rem,
1224 2941 1253 2961 vt
1266 2936 1322 2962 eius
1335 2935 1496 2961 humanitate
1509 2934 1564 2960 frui
1578 2933 1688 2967 possem,
1709 2933 1737 2958 in
1751 2933 1844 2967 primis
1859 2934 1954 2960 vellem
1974 2935 2050 2960 illum
2064 2936 2172 2962 Mecum

1134 2970 1251 2997 habere:
1287 2973 1305 2997 i.
1333 2971 1360 2998 Si
1381 2980 1420 2996 res
1440 2979 1503 2995 meae
1523 2968 1598 3030 itadfe
1608 2969 1731 2995 haberent.

1131 3008 1213 3042 Aegre
1222 3007 1282 3042 sero
1295 3007 1359 3034 hanc
1370 3015 1420 3032 rem
1440 3005 1500 3032 Ter
1522 3006 1561 3030 An
1581 3013 1602 3031 r.
1613 3013 1639 3037 2,
1653 3006 1678 3035 6,
1691 3011 1712 3037 5.
1779 3003 1850 3030 Idem
1869 3005 1903 3030 ib.
1919 3013 1941 3037 ς,
1956 3015 1983 3038 4,
1998 3007 2038 3037 36.
2074 3014 2096 3032 et
2104 3007 2169 3032 Hec.

1346 3042 1386 3069 sic
1397 3041 1477 3067 Plaut.
1488 3041 1567 3066 Merc.
1605 3059 1611 3065 .
1648 3059 1655 3065 .
1694 3059 1700 3065 .
1738 3039 1786 3065 Dic
1799 3039 1865 3065 mihi
1881 3041 1997 3074 quaeTe
2010 3049 2077 3066 nnnc
2091 3041 2170 3067 habet

1132 3077 1286 3104 sollicitudo
1301 3078 1310 3103 3
1399 3077 1480 3103 Plaut.
1494 3075 1582 3102 Aulul.
1595 3084 1617 3108 3,
1631 3083 1651 3107 1,
1667 3083 1679 3108 ς
1699 3074 1788 3100 Totus
1800 3074 1878 3100 doleo
1889 3081 1967 3109 atque
1979 3075 2078 3109 oppido
2092 3077 2170 3109 perii,

1132 3114 1169 3140 ita
1182 3114 1225 3140 Me
1238 3113 1285 3139 iste
1299 3112 1391 3139 habuit
1404 3113 1479 3138 senex
1494 3110 1671 3144 Gymnasium.
1690 3113 1707 3135 i.
1717 3110 1842 3144 percuffit.
1949 3111 1992 3136 Me
2005 3110 2101 3137 habeto
2110 3110 2170 3143 sibi,

1131 3150 1157 3176 h.
1172 3159 1190 3175 e.
1206 3150 1255 3174 Sim
1268 3148 1307 3174 illi
1314 3156 1362 3184 pro
1370 3149 1443 3184 seruo
1461 3148 1544 3173 Plaut.
1559 3147 1617 3173 Mil.
1633 3155 1653 3178 1,
1670 3155 1689 3176 ι,
1704 3154 1741 3176 23.
1809 3144 1881 3170 Idem
1897 3146 1974 3171 Poen.
1990 3153 2012 3178 ς,
2026 3154 2048 3178 ς,
2061 3154 2076 3172 2
2092 3147 2169 3173 Tum

1133 3184 1254 3219 profeGm
1267 3185 1312 3210 Me
1324 3183 1372 3210 tibi
1387 3183 1499 3210 habeant
1513 3185 1615 3210 scurrae
1628 3180 1741 3207 ludificis
1753 3180 1846 3206 caucis.
1876 3183 1893 3206 i.
1913 3182 2002 3207 Patiar
2020 3189 2049 3206 vt
2061 3191 2096 3208 me
2109 3185 2169 3208 irri-

1586 3218 1627 3244 An
1641 3216 1735 3242 Melius
1749 3216 1806 3249 quis
1820 3215 1898 3242 habet
1910 3216 2017 3242 suadere
2032 3217 2041 3242 3
2075 3217 2170 3244 Horat.

1134 3255 1216 3290 Epod.
1233 3257 1270 3287 16,
1285 3264 1320 3287 23.
1424 3256 1454 3281 In
1467 3253 1597 3280 Memoria
1618 3252 1684 3278 Ter.
1699 3252 1763 3277 Eun.
1778 3259 1796 3281 ι,
1810 3259 1834 3282 2,
1847 3260 1890 3283 90.
1994 3251 2065 3278 Idem
2087 3252 2168 3280 Andr.

1132 3301 1153 3324 1,
1168 3300 1187 3323 1,
1209 3300 1237 3318 12
1257 3290 1337 3324 Qod
1351 3289 1448 3320 habui,
1469 3290 1598 3315 summum
1612 3287 1726 3321 pretium
1738 3286 1853 3320 persolui
1868 3286 1927 3312 tibi.
1964 3293 2007 3313 stt.
2024 3288 2051 3312 in
2064 3289 2168 3314 Memo-

1133 3327 1173 3354 ria
1188 3327 1282 3353 habeo.
1389 3326 1445 3353 Cic.
1460 3324 1537 3351 Acad.
1551 3333 1579 3356 4,
1593 3331 1620 3355 55
1646 3323 1722 3348 Hune
1736 3321 1862 3348 mundum
1883 3323 1931 3348 effe
1951 3323 2106 3356 sapientem,
2125 3323 2168 3350 ha-

1134 3362 1198 3389 bere
1211 3364 1336 3389 Mentem.
1444 3360 1623 3391 Mentionem‚
1638 3365 1686 3392 pro
1702 3358 1797 3383 Facere.
1846 3357 1905 3383 Liu.
1921 3366 1948 3390 4,
1985 3377 1991 3383 .
2029 3378 2035 3383 .
2085 3359 2169 3392 Quin-

1824 2970 1868 2994 Me
1881 2969 1959 2995 habet
1972 2970 2020 2996 hoc
2033 2971 2099 2996 male
2108 2990 2116 3003 ,
2152 2974 2171 2997 i.

37 3397 132 3431 gestas,
150 3405 228 3432 quam
242 3406 344 3430 moreS,
362 3399 491 3434 instituta,
509 3410 587 3437 atque
599 3403 681 3428 vitam
695 3401 883 3436 imperatorum
896 3400 1009 3435 spe&are
1029 3401 1069 3426 so-
1083 3411 1118 3435 90
1133 3398 1189 3424 fiii.
1204 3403 1217 3428 8
1238 3398 1266 3424 in
1282 3405 1400 3433 prooem.
1435 3397 1472 3423 M.
1485 3395 1629 3423 Antonius,
1645 3393 1718 3419 cuius
1736 3394 1812 3425 supra
1832 3392 1972 3418 habuimus
1994 3393 2168 3421 Mentionem.

38 3433 94 3459 lere
107 3433 136 3458 in
157 3432 284 3460 habendis
303 3439 348 3459 aut
366 3443 419 3461 non
440 3436 564 3464 habendis
577 3437 743 3464 Honoribus.
848 3437 920 3464 Idem
936 3437 988 3462 Att.
1003 3443 1034 3470 7,
1056 3445 1068 3462 2

37 3468 212 3509 Cbljyfiffssm
224 3477 304 3501 Veros
323 3477 400 3509 q¹¹ef¹¹
412 3479 459 3506 ego
471 3480 577 3508 propter
590 3473 755 3500 literularum
767 3473 854 3499 nescio
871 3472 934 3507 quid
955 3470 1069 3498 libenter

21 3503 112 3537 '‘Vldl,
132 3505 285 3545 1Π1ΗοΠοΓΕ,
299 3503 390 3530 ὴὸὓυί-
491 3509 589 3535 Sallust.
612 3509 640 3535 in
658 3508 777 3543 Iugurth.
791 3517 813 3534 c.
828 3517 869 3540 103
890 3509 940 3534 Eos
956 3507 1001 3533 ille
1015 3515 1069 3532 non

37 3548 87 3601 gf?
111 3548 186 3567 vams
207 3539 352 3571 HostlbuS,
371 3544 400 3566 vt
420 3544 508 3570 meriti
528 3551 617 3576 erant,
634 3544 677 3571 sed
698 3550 816 3571 accurate
828 3550 853 3570 et
866 3543 1012 3570 liberaliter
1025 3542 1068 3568 ha-

58 3580 106 3602 uit.
176 3576 244 3602 Add.
259 3576 334 3602 Curt.
348 3577 375 3608 6,
388 3583 412 3604 2,
427 3584 445 3602 1.

37 3609 140 3644 habeo,
159 3620 192 3638 ne
206 3620 285 3638 erres.
339 3646 345 3651 ·
389 3611 461 3637 Caes.
479 3612 507 3639 Β.
525 3614 556 3641 G.
577 3618 602 3650 6,
616 3624 639 3647 13
676 3615 789 3642 Druides
802 3624 816 3641 a
829 3614 902 3642 bello
915 3614 996 3641 abesse
1008 3622 1069 3639 con-

38 3646 195 3686 sueuerunt,
214 3656 299 3681 neque
311 3645 412 3672 tributa
424 3654 474 3672 vna
487 3656 543 3675 cum
567 3651 675 3685 reliquis
695 3651 829 3686 pendunt:
865 3651 978 3677 militiae
996 3657 1069 3675 vam-

38 3686 155 3715 nonem,
181 3683 355 3717 omniumque
368 3690 459 3708 rerum
472 3680 565 3713 habent
576 3686 780 3713 Immunitatem.
802 3687 826 3713 h.
841 3696 861 3712 ε’.
883 3688 1002 3712 Immunes
1008 3684 1071 3719 sunt

1002 3719 1069 3746 Plin.

37 3717 68 3744 ab
80 3718 190 3745 omnibus
202 3719 281 3745 rebus.

37 3751 115 3787 Epist.
129 3763 167 3786 10,
180 3762 219 3787 95,
232 3763 257 3780 α..

13 3782 18 3827 J
36 3788 107 3815 serae
120 3790 175 3816 sum
188 3789 344 3816 diuersitatis
359 3789 400 3815 vel
414 3787 731 3825 neceslitatis‘implicitus,
748 3798 775 3819 vt
788 3792 984 3827 Impetrandum
997 3800 1012 3817 a
1025 3799 1071 3817 vo-

15 3832 17 3852 }
37 3821 78 3857 bis
93 3823 202 3852 habeam
216 3825 273 3852 odii
288 3825 340 3852 mei
354 3825 482 3851 fauorem.
588 3824 696 3857 Impune
707 3827 808 3862 aliquid
839 3828 907 3854 Ter.
923 3828 988 3853 Eun.
1005 3835 1028 3859 5,
1045 3834 1070 3860 7,

0 3848 17 3904 Ι
39 3863 74 3889 18.
166 3861 221 3888 Cic.
235 3861 266 3887 de
279 3860 378 3888 Senec‘i.
392 3862 423 3887 68
440 3858 513 3892 Qud
527 3858 597 3884 enim
612 3858 729 3892 stultius,
746 3872 823 3896 quam
841 3864 942 3890 Incerta
956 3872 1004 3897 pro
1017 3870 1071 3888 cer-

0 3902 17 3927 51
37 3894 71 3921 tis
85 3894 197 3928 habere,
218 3903 243 3923 et
255 3897 317 3924 falsa
331 3904 379 3931 pro
390 3896 461 3922 veris
475 3896 484 3920 3
590 3893 684 3920 Habeo
698 3899 722 3920 te
742 3897 903 3925 Incolumem
920 3908 951 3926 ex
974 3899 1070 3932 impio-

2 3939 11 3944 ”
34 3937 95 3958 tum
105 3933 227 3959 manibus
240 3940 360 3967 ereptum
379 3932 455 3960 Curt.
463 3932 489 3965 6,
500 3936 527 3965 72
537 3937 582 3963 24.

187 3975 270 3998 voi..
290 3969 330 3998 11.

358 3717 504 3751 Imperium
516 3718 544 3744 in
557 3718 643 3746 beluas
659 3721 726 3749 Ter.
740 3716 804 3749 Eun.
819 3731 841 3754 3,
855 3731 874 3753 ι,
889 3730 927 3754 25.

329 3752 458 3787 Qninc'til.
473 3753 501 3778 in
514 3753 698 3782 Mathematico
710 3765 778 3793 apr.
798 3757 871 3783 Adeo
885 3756 1007 3782 ludibriis
1022 3755 1070 3780 mi-
1079 3766 1125 3785 100
1136 3753 1268 3782 Donatus,
1287 3751 1416 3784 Modum,
1434 3748 1661 3779 Moderationem,
1681 3747 1807 3779 regimen.

1133 3435 1164 3461 In
1177 3435 1267 3466 Metu,
1286 3434 1339 3460 vid.
1361 3438 1479 3458 METVS.
1585 3428 1747 3456 Vulneribus
1761 3428 1854 3454 didicit
1867 3428 1942 3453 miles
1956 3428 2054 3455 habere
2068 3430 2170 3457 Merum

1461 3465 1574 3492 Militem
1588 3465 1694 3498 antiqua
1706 3463 1855 3497 disciplina,
1875 3471 1924 3497 pro
1937 3463 2068 3491 Tractare
2083 3465 2169 3491 secun-

1133 3471 1250 3504 Propert.
1264 3478 1285 3501 3,
1298 3478 1335 3498 10,
1343 3470 1367 3494 6.

1980 3500 2107 3526 Miserum
2122 3501 2170 3527 ali-

1134 3505 1197 3531 dum
1212 3505 1378 3531 seueritatcm
1392 3502 1515 3536 antiquae
1529 3500 1681 3535 disciplinae
1698 3500 1756 3525 Liu.
1771 3506 1813 3531 45,
1827 3506 1857 3532 37
1866 3506 1909 3533 pr.

1133 3550 1212 3575 quem
1233 3540 1314 3566 Plaut.
1327 3538 1400 3573 Epid.
1413 3545 1435 3570 ς,
1450 3546 1475 3569 2,
1489 3545 1513 3563 2.
1532 3540 1550 3562 ι’.
1566 3540 1657 3571 mistre.
1750 3533 1805 3559 Cic.
1815 3534 1886 3559 Fam.
1896 3542 1935 3566 14,
1949 3541 2017 3569 7pr‚
2034 3535 2169 3562 Molestjflg

535 3580 602 3607 Ter.
616 3580 696 3606 Andr.
710 3589 738 3613 4,
752 3589 774 3612 2,
788 3588 813 3606 21
845 3580 931 3611 Huic,
950 3587 1003 3604 non
1017 3577 1068 3603 tibi
1082 3588 1114 3614 95
1135 3585 1226 3616 omnes
1239 3582 1265 3602 et
1286 3573 1481 3605 solicitudines‚
1501 3572 1597 3606 quibus
1610 3578 1635 3597 te
1650 3569 1825 3596 Miserrimam
1839 3568 1938 3601 habui,
1955 3577 2000 3596 etc.
2023 3570 2129 3605 deposui
2145 3578 2172 3598 et

1132 3611 1200 3637 eieci
1216 3621 1222 3636 :
1242 3613 1352 3646 loquitur
1363 3609 1390 3635 d.-
1396 3609 1445 3644 Jica
1457 3608 1626 3643 aegritudine,
1645 3614 1703 3641 quue
1721 3606 1863 3630 Terentiam
1877 3605 2024 3631 uehementer
2037 3605 2171 3640 afflixerat,

1133 3646 1278 3673 Mittendos
1292 3646 1405 3680 legatos,
1421 3652 1469 3679 pro
1484 3644 1551 3677 Opus
1565 3643 1637 3668 habeo
1650 3644 1746 3665 mittere
1785 3639 1843 3665 Sen.
1864 3639 1896 3666 de
1918 3640 2007 3667 Benef.
2022 3648 2046 3676 7,
2083 3661 2089 3669 .
2127 3662 2134 3668 .

1135 3681 1264 3714 Modum,
1281 3683 1408 3708 Rationem
1422 3683 1542 3713 imponere
1555 3684 1578 3703 et
1591 3676 1699 3703 ordinem
1720 3674 1798 3700 Plaut.
1815 3675 1891 3701 Cure.
1907 3685 1928 3707 ἲ,
1943 3684 2008 3708 3.21.
2102 3677 2169 3702 Ter.

1135 3717 1216 3743 Andr.
1232 3725 1250 3746 1,
1265 3725 1285 3749 1,
1302 3719 1333 3746 68
1352 3716 1420 3742 Scias
1434 3715 1500 3749 poffc
1515 3712 1610 3739 habere
1622 3711 1673 3736 iam
1688 3710 1772 3743 ipsum
1784 3710 1843 3736 suae
1857 3711 1928 3737 vitae
1940 3712 2059 3737 Modum.
2122 3711 2171 3737 Vbi

1898 3746 1970 3772 Idem
1991 3748 2052 3772 Fun.
2074 3754 2093 3777 1,
2110 3754 2129 3777 ι,
2145 3753 2169 3771 12

1137 3788 1226 3819 Here,
1245 3796 1311 3820 quae
1328 3796 1369 3813 res
1393 3787 1421 3812 in
1446 3785 1470 3810 se
1488 3791 1573 3816 neque
1589 3781 1741 3812 confilium,
1761 3790 1846 3816 neque
1860 3780 1971 3808 Modum
1987 3781 2063 3806 habet
2076 3780 2170 3811 vllum,

1135 3832 1192 3849 eam
1207 3822 1317 3848 consilio
1329 3829 1418 3856 regere
1432 3828 1484 3845 non
1498 3825 1580 3852 potes.
1650 3817 1717 3843 Add.
1739 3817 1794 3843 Cic.
1814 3826 1863 3851 pro
1874 3818 1974 3843 Cluent.
1989 3818 2028 3846 96.
2096 3815 2169 3841 Idem

1135 3860 1206 3885 Fam.
1220 3860 1288 3889 16,11
1307 3857 1401 3883 Habeo
1415 3856 1493 3881 etiam
1508 3854 1581 3879 illam
1593 3852 1751 3884 Molestiam,
1772 3852 1843 3887 quod
1858 3851 1991 3878 Dolabella
2005 3849 2090 3874 noster
2103 3849 2170 3883 apud

1135 3895 1270 3921 Caesarem
1285 3891 1329 3918 est.
1400 3892 1454 3918 Cic.
1468 3889 1499 3915 de
1513 3889 1568 3915 Fin.
1581 3898 1607 3922 4,
1620 3896 1657 3922 47
1673 3889 1704 3914 Et
1718 3897 1799 3922 quum
1815 3889 1845 3914 ad
1860 3888 1958 3913 beatam
1972 3885 2052 3909 vitam
2068 3885 2170 3910 nullum

647 3930 858 3967 Incompermux,
876 3934 930 3962 vid.
951 3940 1123 3968 ιΝΕοΜ-ιος
1133 3931 1301 3958 Momentum
1320 3936 1362 3955 ren
1381 3926 1506 3959 haberet,
1523 3923 1557 3951 ad
1573 3924 1766 3960 appetitionem
1786 3930 1872 3950 autem
1895 3928 1985 3948 rerum
2004 3921 2051 3945 effe
2076 3919 2101 3944 in
2128 3919 2169 3945 his

1435 3977 1448 3992 Ἰ
2038 3960 2169 3981 momenta
