2479 4225
300 201 348 238 „9
651 177 923 221 DIM

281 205 315 240 11

279 277 364 304 minus
376 271 551 300 miserabilem
564 270 758 296 dimicationem
776 267 856 298 fecit,
876 274 928 291 cum
944 261 1053 303 respet‘lu
1066 264 1101 290 ad
1117 265 1301 303 trigeminorum

278 312 343 338 iHam
360 317 476 343 pugnam.
533 307 562 332 Et
574 314 596 337 3,
611 313 646 340 47
680 303 766 330 Νοὸὶε
784 308 838 328 tota
855 304 943 337 coetus
964 307 991 324 in
1010 299 1074 325 vrbe
1093 299 1175 325 factos
1189 299 1254 329 esse,
1269 296 1301 323 ad

278 344 432 372 mouendam
452 340 615 367 seditionem.
669 341 758 372 Itaque
777 338 801 362 se
820 334 887 360 haud
907 334 1017 359 inscium
1037 335 1092 360 eius
1113 332 1301 364 dimicationis,

278 389 336 406 cum
348 377 453 404 armatis
466 376 626 402 descendisse.
681 374 736 398 Hm·
744 373 853 406 pertinet
878 369 982 395 Artifex
996 369 1149 401 dimicatio,
1167 368 1220 394 vid.
1241 375 1261 394 Α
1270 375 1301 394 R-

279 421 302 440 T
314 421 322 438 1
337 420 352 440 F
361 420 377 439 E
389 420 416 439 x.
474 411 618 438 Periculosa
636 408 772 433 dimicatio
780 425 787 436 ‚
809 403 862 429 vid.
886 410 901 429 P
911 410 927 430 E
937 411 955 430 R
963 412 973 430 1
982 410 1027 432 CV
1036 413 1051 431 L
1061 412 1080 431 ο
1090 413 1101 431 s
1111 412 1131 431 V
1140 411 1162 430 s.
1215 403 1301 429 Solers

276 449 340 476 Plin.
361 457 398 478 10,
417 455 453 481 17.
526 448 594 472 Inter
608 444 687 476 ipsam
707 439 920 472 dimicationem,
952 440 977 466 h.
992 449 1010 466 e.
1026 441 1055 466 In
1069 439 1122 475 ipfii
1135 439 1301 470 dimicatione,

275 486 345 511 Inter
358 482 535 511 dimicandum,
559 489 587 505 ex
600 478 682 503 Liuio
695 476 809 509 affertur.
825 477 927 510 itemque
954 477 1087 508 Qiaerere
1102 475 1301 500 dimicationem

275 520 334 545 Liu.
352 518 414 544 Bell.
428 518 488 543 Pun.
526 535 532 541 .
567 533 573 539 .
610 532 616 538 .
669 511 764 537 Venire
779 509 806 535 in
820 511 902 536 aciem
914 510 1166 544 dimicationemque
1179 510 1253 543 ipsius
1268 507 1300 541 est

275 554 331 579 Cic.
346 554 372 578 in
393 554 465 579 Orat.
483 559 518 583 42
535 558 555 574 c.
577 556 600 580 13
632 554 696 573 extr.
765 544 831 571 Plin.
851 554 876 577 9,
895 548 931 578 46
956 548 990 572 At
1009 555 1069 572 cum
1082 545 1206 571 caniculis
1224 551 1301 571 atrox

275 589 426 615 Dimicatio.

310 631 328 650 D
340 632 348 650 1
358 631 378 649 Μ
391 630 423 649 lc
432 623 482 648 ᾹΤ
491 625 510 644 O
521 625 539 644 R
548 638 554 649 ‚
574 617 636 644 oris.
657 626 691 642 m.
709 614 775 651 apud
793 615 909 642 Laetant.
923 615 966 650 effi
979 616 1080 643 dicitur.

312 662 504 685 D1Mli¹1vs,
531 663 554 685 a,
579 662 632 679 um.
661 650 718 676 Adi.
744 650 797 684 flue
829 657 899 678 D1M
913 659 998 678 iniv
1009 660 1050 685 M,
1081 652 1100 678 i.
1126 661 1151 677 n.
1187 649 1302 684 [ἥμισυς,

272 693 364 727 ἥμισυ]
401 693 419 717 A
434 689 601 716 Diincnlione
614 687 724 718 dicitur,
745 692 774 711 vt
786 688 839 712 vult
853 687 978 713 Donatus.
1013 690 1070 714 Alii
1082 698 1096 714 a
1110 686 1214 714 Medius
1230 686 1301 712 dedu-

272 737 346 759 cunt,
363 725 426 761 quast
439 727 485 750 Per
497 724 598 750 medium
610 721 712 756 iliuifics.
767 720 808 753 Est
821 729 900 748 autem
915 722 1063 749 Dimidium
1072 743 1080 755 ,
1101 725 1164 749 Pars
1176 722 1303 748 dimidiati

271 766 355 790 altera.

273 797 339 825 haud
352 796 490 824 conuenit;
510 792 658 819 Dimidium
671 802 735 819 vero
749 792 799 824 est,
819 801 872 819 non
886 794 958 827 quod
974 795 1058 828 ipsum
1072 793 1241 820 dimidiatum
1255 792 1301 823 est,

271 832 312 859 sed
325 839 391 865 quae
406 839 436 856 ex
451 829 588 855 dimidiato
607 837 664 862 pars
678 829 759 855 altera
772 828 816 854 est.
872 829 990 856 Macrob.
1004 830 1054 856 Sat.
1070 839 1095 862 z,
1110 839 1121 861 3
1144 830 1211 856 Cum
1227 829 1254 854 in
1271 836 1301 853 ea

270 867 418 901 prouincia,
447 873 525 898 quam
546 862 670 899 QinHus
683 864 772 900 frater
789 864 913 890 Ciceronis
932 871 1052 897 rexerat,
1075 865 1177 891 vidiffet
1198 865 1302 891 Marcus

268 903 401 936 clipeatam
416 900 558 934 imaginem
578 900 634 925 eius
655 899 805 934 ingentibus
825 899 989 926 lineamentis
1007 909 1089 934 vsque
1109 900 1141 927 ad
1161 900 1249 935 pectus
1270 907 1301 924 ex

1317 585 1348 604 ιο
1365 585 1409 606 nui
1422 580 1521 612 vetabo,
1544 580 1687 608 videamus.

1781 92 1807 129 0

1759 173 2039 214 DIM
2330 177 2397 219 130

1364 261 1451 290 monis
1466 268 1583 298 tempore
1595 262 1685 290 Verbo
1699 271 1752 289 vno
1766 271 1826 288 ineo
1840 262 2039 290 diminueretur.
2081 261 2173 289 Melius
2189 260 2398 289 deminueretur.

1366 299 1420 324 Cic.
1435 308 1482 332 pro
1499 300 1590 326 Flacco
1605 305 1637 332 84
1651 309 1670 325 c.
1686 307 1716 331 34
1746 298 1824 325 Nihil
1838 299 1918 332 potest
1932 299 1962 325 de
1975 299 2056 325 tutela
2074 298 2191 332 legitima
2210 298 2262 324 line
2277 298 2399 324 oninium

1364 338 1482 359 tutorum
1496 335 1653 361 anctoritate
1667 334 1794 360 deminui.
1847 335 1877 359 In
1889 334 2022 362 Pandeeiis
2044 334 2204 360 Florentinis
2212 342 2259 369 per
2267 332 2400 369 secundam

1364 370 1469 394 vocalem
1484 374 1584 396 exarari
1597 372 1642 396 hoc
1654 371 1751 396 verbum
1761 389 1768 401 ,
1788 368 1896 404 obseruat
1911 370 2013 402 Briſjbn.
2027 371 2129 405 Parerg.
2150 379 2175 395 n.
2188 377 2228 403 34.
2264 366 2338 395 Reae
2351 368 2401 403 igi-

1326 408 1340 433 5
1363 409 1407 443 tur
1420 403 1536 439 Gotkofr.
1555 406 1618 432 hanc
1638 405 1839 441 orthographiam
1852 404 1965 443 sequitur
1978 409 2005 431 in
2025 406 2086 432 Tit.
2106 405 2133 431 tf.
2154 409 2196 437 (4,
2210 407 2240 436 ς)
2265 403 2297 430 de
2315 404 2401 436 capite

1366 439 1483 464 minutis.
1500 443 1539 466 ’0.
1560 450 1585 476 g.
1609 441 1626 466 1.
1644 450 1661 467 2
1688 442 1867 472 AitPraetor,
1892 441 1947 472 Qu
1959 448 2056 473 quaeue
2092 456 2137 460 —
2172 440 2255 473 capite
2269 437 2401 464 deminuti

1366 473 1518 500 deminutae
1531 477 1578 501 effe
1592 476 1720 503 dicentur.
1756 477 1796 502 Sic
1810 478 1883 501 etiam
1895 476 2023 510 aliquoties
2037 477 2054 502 l.
2067 484 2083 510 7
2108 475 2139 502 de
2155 475 2212 501 iure
2226 473 2400 500 deliberandi.

1365 506 1386 546 fl
1412 519 1427 535 2
1464 510 1621 537 Deminuere
1633 510 1666 544 est
1679 512 1802 538 interdum
1814 512 1929 536 alienare.
1966 510 2068 543 leian.
2081 512 2098 537 l.
2114 519 2129 545 7
2143 511 2169 536 ff.
2178 511 2208 536 de
2220 509 2276 536 iure
2290 506 2401 535 deliber.

1367 545 1412 571 Ait
1427 550 1532 578 praetor
1567 560 1612 566 —-
1647 549 1716 573 Bona
1730 550 1830 573 interim
1845 546 1952 571 deminui
1986 559 2031 564 —
2065 547 2158 573 vetabo.
2196 545 2268 578 Quid
2283 545 2312 570 {it
2326 544 2401 570 demi-

1724 583 1774 608 His
1793 581 1881 607 verbis
1899 586 2004 615 praetor
2023 589 2078 606 non
2095 588 2195 608 tantum
2213 580 2402 606 alienationem

1365 615 1493 650 impedit,
1513 624 1606 641 verum
1619 617 1697 643 etiam
1709 618 1824 644 actiones
1837 616 1953 643 exerceri
1967 625 2020 641 non
2032 616 2136 649 patitur.
2172 617 2213 643 Est
2226 616 2297 642 enini
2312 615 2401 642 absur-

1365 651 1446 683 dum,
1466 652 1508 683 ei,
1528 652 1571 677 cui
1584 651 1709 679 alienatio
1722 653 1904 684 interdicitur,
1924 652 2042 686 permitti
2061 651 2175 679 actiones
2189 659 2320 679 exercere.
2355 663 2401 669 --·-

1364 687 1435 721 Ergo
1448 693 1472 713 et
1487 687 1587 713 funeris
1605 687 1678 712 causa
1691 687 1810 714 deminui
1828 688 1979 723 permittet,
1998 693 2043 712 etc.
2068 691 2174 713 recurrit
2186 691 2248 714 enim
2259 688 2402 721 aliquoties·-

1365 725 1505 757 Antiquam
1518 722 1546 747 id
1558 720 1599 755 ist.
1655 722 1709 748 Cic.
1717 724 1841 757 adQFr.
1851 732 1868 754 1,
1876 732 1901 755 2,
1916 731 1928 754 3
1948 723 1994 748 Te
2007 721 2038 747 ad
2053 728 2233 756 procuratores
2246 723 2304 748 suos
2323 722 2402 755 (Fla-

410 760 477 786 Gell.
490 768 512 791 3,
529 768 558 792 14
587 756 779 788 Dimidiatum,
795 757 843 782 nili
862 758 945 792 ipsum
958 758 1030 793 quod
1049 758 1163 784 diuisum
1178 758 1231 790 est,
1250 757 1302 782 dici
1319 764 1346 790 ις
1366 759 1426 792 vii)
1449 758 1539 783 literas
1558 757 1651 783 misisse
1687 770 1731 777 —
1764 768 1797 784 ne
1817 759 1882 794 quid
1897 759 1936 785 De
1956 758 2050 790 bonis,
2068 766 2133 791 quae
2147 757 2178 783 L.
2193 758 2300 784 OCtauii
2317 756 2403 783 Naso-

1365 793 1406 819 nis
1420 794 1538 824 fuiss'ent,
1563 794 1606 818 cui
1620 793 1649 818 L.
1666 792 1772 819 Flauius
1784 794 1858 820 heres
1873 793 1918 826 est,
1933 793 2116 820 deminuerent
2127 799 2196 824 ante,
2209 802 2285 827 quam
2295 793 2324 819 C.
2334 793 2401 818 Fun-

1366 828 1446 855 danio
1458 829 1596 863 pecuniam
1609 828 1755 860 solniffent,
1775 836 1831 857 etc..
1862 831 1923 856 Sunt
1936 832 1998 855 enim
2011 830 2052 856 hic
2064 838 2153 864 quoque
2162 830 2246 863 plura.
2281 832 2363 864 Atque
2374 829 2404 852 in

1365 864 1406 891 his
1414 863 1494 899 potes}
1507 866 1598 899 aliquis
1610 865 1712 890 obiicere
1721 883 1728 894 ,
1754 864 1907 891 deminuere
1919 874 1968 891 non
1986 865 2048 891 idem
2061 863 2103 896 effi*
2116 863 2182 899 quod
2198 864 2320 896 alienare,
2345 862 2403 889 ticet

1365 900 1495 926 alienando
1507 900 1581 935 forte
1598 899 1753 926 deminuatur
1770 900 1901 926 hereditas.
1954 900 2001 927 Sed
2018 900 2078 935 quid
2090 900 2216 935 faciemus
2229 899 2267 924 illi
2286 899 2340 925 Cic.
2354 905 2405 933 pro

267 945 341 964 more
354 936 450 970 pichm
476 938 549 967 (crat
562 941 649 961 autem
663 936 717 970 ipse
730 934 860 968 Qiinc‘ius
880 935 989 961 staturae
1001 939 1113 970 paruae)
1130 937 1183 968 ait,
1209 936 1301 961 Frater
1312 944 1348 963 20
1366 934 1435 961 Sulla
1449 937 1480 968 56
1494 945 1514 961 c.
1528 944 1562 961 20
1591 934 1714 961 Plurimis
1738 940 1763 960 et
1783 934 1965 968 pulcherrimis
1989 936 2016 961 P.
2041 935 2129 961 Cincii
2151 934 2264 968 praediis
2289 933 2405 959 venditis

267 981 338 998 meus
352 971 478 997 dimidius
491 971 577 997 maior
591 970 626 996 est
639 980 716 1005 quam
736 977 814 997 totus.

266 1008 340 1034 dium
353 1007 412 1033 auri
427 1006 516 1037 datur,
536 1006 656 1040 accipias.
725 1006 798 1033 Idem
813 1006 900 1032 Pseud.
922 1015 943 1038 1,
955 1014 978 1039 ς,
992 1014 1023 1041 37
1055 1008 1142 1033 Bonus
1156 1015 1258 1033 animus
1271 1015 1300 1031 in

265 1043 333 1070 mala
353 1051 397 1075 re,
417 1041 558 1068 dimidium
575 1042 611 1067 est
630 1042 702 1068 mali.
773 1042 837 1068 Plin.
857 1050 881 1072 2,
900 1050 929 1074 59
960 1043 1037 1068 Certe
1051 1042 1101 1068 nisi
1116 1043 1170 1069 sole
1188 1041 1300 1068 aduerso

265 1087 319 1105 non
333 1078 413 1110 fiunt,
438 1086 485 1103 nec
504 1086 619 1111 vnquam
633 1077 680 1103 nili
695 1076 807 1103 dimidia
824 1077 918 1103 circuli
932 1078 1026 1104 forma.
1081 1080 1118 1104 De
1133 1088 1192 1105 arcu
1207 1075 1303 1109 caelesti·

264 1115 383 1149 quuitur.

266 1149 308 1176 ius
322 1158 409 1175 meum
423 1149 471 1174 effe
484 1148 626 1181 intelligis,
652 1147 751 1174 dudum
771 1148 910 1174 dimidiam
930 1148 1033 1183 petebas
1053 1155 1162 1184 partem.

266 1186 343 1212 Curc.
355 1194 378 1217 3,
391 1192 435 1219 77.
505 1184 540 1209 Ex
555 1190 626 1217 parte
646 1183 759 1210 dimidia
780 1184 854 1210 heres
876 1184 931 1210 Cic.
945 1185 1016 1210 Fam.
1033 1193 1067 1217 13,
1081 1194 1119 1218 29.
1189 1186 1262 1211 Vnus
1276 1190 1302 1210 et

266 1220 394 1247 dimidius
410 1218 514 1251 cyathus
535 1218 653 1244 Scribon.
668 1228 719 1245 201.
790 1218 938 1246 Dimidium
954 1220 1043 1254 pondo
1063 1228 1119 1252 223.
1190 1220 1249 1246 Liu.
1264 1228 1301 1252 23,

268 1265 295 1283 12
302 1264 345 1291 pr.
370 1256 409 1281 Ad
422 1254 500 1280 fidem
515 1253 610 1280 deinde
623 1260 675 1281 tam
689 1255 814 1282 laetarum
827 1264 915 1281 reruni
925 1276 933 1288 ,
958 1255 1057 1282 effundi
1073 1256 1101 1282 in
1113 1255 1244 1282 vestibulo
1259 1264 1301 1281 cu-

883 971 964 997 Plaut.
981 971 1070 997 Bacch.
1092 980 1115 1004 ς,
1130 981 1154 1004 2,
1166 979 1196 1010 71-
1215 970 1300 1010 Dimi-

1228 1149 1301 1174 Idem

1365 978 1407 996 aes
1420 971 1537 998 alienum
1552 970 1668 996 eiusdem
1687 970 1837 997 dissolutum
1858 970 1907 996 est:
1929 977 1973 1002 vt,
1997 980 2063 1005 quae
2078 971 2151 997 causa
2164 975 2279 996 caeteros
2291 968 2322 995 ad
2340 969 2405 994 faci-

1365 1005 1418 1033 nus
1425 1006 1547 1041 impulit,
1570 1006 1699 1040 cupiditas
1717 1005 1869 1032 retinendae
1888 1005 2059 1040 poffessionis,
2080 1015 2110 1032 ea
2129 1005 2225 1033 Cincio
2243 1013 2299 1030 non
2311 1004 2407 1036 fuerit,

1365 1041 1480 1076 praediis
1503 1042 1655 1068 deminutis.
1725 1044 1765 1069 Sic
1780 1042 1797 1068 l.
1809 1050 1843 1068 20
1857 1039 1881 1078 §.
1904 1043 1921 1067 6
1940 1041 1967 1067 ff.
1985 1042 2015 1067 in
2032 1042 2116 1074 SCto‚
2135 1043 2202 1068 Item
2222 1040 2323 1074 placere
2358 1053 2405 1060 -—·

1365 1077 1467 1111 pretia,
1492 1086 1559 1112 quae
1580 1076 1611 1103 acl
1633 1086 1678 1104 eos
1703 1086 1792 1104 rernm
1813 1085 1844 1103 ex
1864 1076 2011 1103 hereditate
2028 1078 2197 1103 venditarum
2220 1075 2407 1111 peruenissent,

453 1112 535 1139 Plaut.
552 1112 617 1138 Rud.
630 1122 658 1146 4,
672 1122 699 1146 4,
717 1121 751 1147 79
783 1114 861 1139 Nunc
875 1112 979 1139 denium
993 1113 1058 1139 istuc
1072 1113 1150 1145 dicis,
1174 1113 1345 1148 quonian125
1366 1112 1412 1139 etsi
1433 1121 1478 1139 eae
1498 1120 1556 1140 ante
1579 1114 1688 1148 petitam
1715 1112 1889 1140 hereditatem
1909 1112 2062 1147 deperissent
2082 1112 2267 1139 deminutaeue
2289 1111 2417 1138 sumente

1365 1148 1439 1184 Canf.
1453 1147 1476 1185 §.
1489 1157 1525 1183 17.
1561 1148 1628 1176 Adii.
1644 1150 1742 1175 Hotom.
1758 1147 1823 1182 Ohſj:
1836 1157 1859 1180 3,
1873 1150 1910 1175 16.
1948 1149 1951 1153 “
2311 1174 2314 1175 1

1400 1190 1652 1217 DiMiNvTvs,
1673 1185 1712 1210 uel
1735 1190 1893 1211 DEMJNV
1905 1189 1992 1215 Tvs,
2016 1192 2041 1216 a,
2063 1192 2116 1209 um.
2151 1183 2246 1210 Par-tic.
2282 1180 2406 1216 [μεμαω.

1365 1220 1453 1253 μένος]
1489 1220 1546 1246 Cic.
1561 1220 1593 1246 de
1605 1220 1679 1246 Orat.
1693 1228 1715 1252 3,
1730 1228 1771 1252 130
1795 1219 1992 1246 Distributione
2006 1219 2120 1253 partium
2134 1228 2161 1245 ac
2175 1219 2338 1254 separatione
2352 1225 2408 1243 ma·

1367 1255 1517 1289 gnitudines
1531 1256 1590 1281 sunt
1601 1256 1698 1282 artium
1711 1255 1866 1282 diminutae.
1903 1255 2086 1289 Copiaessaes.
2099 1255 2127 1281 B.
2135 1255 2168 1280 G.
2181 1262 2209 1289 7,
2216 1263 2250 1287 31.
2286 1254 2408 1288 Dignitae

266 1291 319 1318 riae
336 1291 402 1317 iussit
413 1289 522 1315 annulos
536 1298 643 1315 aureos:
663 1290 711 1324 qui
725 1296 810 1316 tantus
823 1299 930 1317 aceruus
943 1291 1011 1321 fuit,
1029 1298 1058 1317 vt
1071 1291 1241 1318 metientibus
1256 1291 1301 1317 Di·
1315 1297 1347 1320 30
1367 1291 1474 1325 collegii
1488 1291 1598 1317 interitu
1614 1291 1724 1317 alicuius
1731 1291 1865 1317 deminuta
1886 1291 1941 1318 Cic.
1957 1290 1988 1316 de
1996 1291 2066 1317 Clar.
2075 1290 2150 1316 Orat.
2166 1298 2185 1316 1.
2220 1291 2321 1317 Fenore
2328 1287 2408 1315 dimi-

264 1326 377 1354 niidium
391 1326 465 1359 snper
477 1330 527 1350 tres
544 1324 647 1351 modios
662 1326 770 1360 explesse
785 1326 832 1353 tint
845 1326 952 1361 quidam
967 1327 1096 1353 aridiores.
1169 1326 1301 1354 Dimidias

263 1361 406 1396 clepsydras
425 1359 490 1399 {lixit
513 1360 614 1386 Plinius
633 1361 710 1395 Epist.
729 1363 756 1394 6,
776 1371 798 1394 2,
814 1371 835 1391 ς.
861 1369 909 1396 pro
930 1362 1094 1394 Dimidium,
1117 1360 1176 1395 teste
1195 1363 1299 1389 Budaeo.

265 1397 331 1431 Equi
357 1394 471 1422 Martial.
488 1403 526 1427 10,
541 1404 561 1421 2.
616 1397 713 1422 Curios
725 1397 779 1422 iam
792 1397 919 1423 dimidios
949 1398 1067 1424 quenal.
1080 1404 1103 1430 8,
1116 1407 1143 1431 4.
1216 1397 1300 1424 Dimi-

264 1431 337 1457 dium
352 1430 431 1462 faeti,
452 1430 498 1463 qui
513 1430 616 1463 coepit,
646 1431 725 1457 habet
758 1432 825 1458 Hor.
839 1433 916 1466 Epist.
938 1441 958 1465 1,
977 1442 999 1465 2,
1013 1443 1058 1467 40.
1117 1433 1189 1469 Conf.
1204 1435 1301 1460 Auson.

263 1467 350 1500 Epigr.
364 1470 398 1495 81.
446 1464 583 1490 Constabit
595 1465 697 1498 aliquid
710 1465 824 1492 dimidio
836 1468 950 1494 minoris
975 1469 1031 1495 Cic.
1047 1470 1099 1495 Ait.
1116 1478 1150 1501 13,
1162 1475 1202 1499 28.

262 1510 319 1528 rare
334 1501 458 1535 pecuniae
473 1499 615 1526 dimidium
629 1500 707 1526 alicui
721 1500 794 1526 Idem
811 1502 920 1533 QFrat.
930 1508 983 1533 2,8.
1029 1504 1180 1530 Dimidium
1195 1505 1302 1531 sextarii

261 1538 317 1564 Scri
376 1556 382 1562 .
398 1545 438 1568 45.
497 1535 652 1569 Decoquere
664 1534 695 1561 ad
710 1535 850 1568 dimidias,
865 1543 954 1570 partes
985 1537 1058 1563 Idem
1074 1547 1096 1570 3,
1111 1541 1150 1570 63,
1164 1541 1206 1564 66.
1261 1539 1302 1565 Ad

263 1572 329 1606 dimi
350 1581 385 1598 ias
407 1571 513 1605 perduci
543 1570 581 1596 ld.
602 1578 620 1596 1.
690 1571 805 1597 Martial.
826 1580 845 1603 1,
866 1573 901 1606 76
928 1571 1078 1598 Dimidium
1097 1573 1203 1599 Donare
1222 1574 1302 1605 Lino,

263 1617 342 1643 quam
373 1607 479 1633 credere
506 1613 606 1638 totum,
663 1606 719 1639 Qii
745 1607 863 1638 mauult,
890 1607 992 1633 mauult
1013 1607 1122 1641 perdere
1147 1608 1301 1634 dimidium.

1249 1470 1302 1501 Cu7
1319 1477 1348 1503 35
1367 1469 1385 1495 l.
1397 1478 1423 1495 21
1437 1469 1469 1495 D.
1483 1469 1514 1495 de
1534 1469 1624 1496 hei-ed.
1644 1469 1765 1504 petition.

1365 1332 1431 1353 nuto
1445 1327 1550 1352 Sueton.
1566 1328 1630 1361 Aug.
1646 1336 1665 1352 c.
1678 1335 1718 1359 41.
1772 1326 1879 1354 Praedia
1898 1326 2029 1353 diminuta
2049 1326 2105 1352 Cic.
2121 1334 2170 1360 pro
2183 1325 2254 1352 Sulla
2269 1326 2308 1357 56.
2361 1324 2410 1350 Po-

1366 1362 1451 1388 tentia
1463 1362 1597 1388 deminuta
1605 1363 1675 1389 Caes.
1684 1363 1711 1389 B.
1720 1363 1752 1389 G.
1764 1368 1828 1395 1,18.
1863 1364 1908 1388 Ius
1915 1363 2036 1388 censurae
2045 1362 2142 1394 Liu.4,
2150 1370 2194 1394 24.
2231 1360 2369 1387 Diminuta
2376 1366 2410 1385 ex

1367 1403 1439 1432 parte
1453 1403 1478 1424 et
1495 1397 1624 1424 infirmata
1639 1399 1765 1424 sententia
1780 1398 1836 1425 Cic.
1852 1407 1900 1432 pro
1914 1398 2064 1429 Caecin.38.
2099 1397 2274 1430 Deminuturn
2287 1395 2319 1421 de
2334 1395 2411 1421 here-

1362 1433 1448 1461 ditate
1462 1433 1635 1468 intelligitur,
1656 1433 1672 1460 fi
1686 1434 1750 1468 quid
1764 1435 1915 1467 vsucaptum
1928 1433 1981 1466 est,
2006 1440 2031 1459 et
2044 1432 2080 1458 ob
2094 1432 2122 1458 id
2134 1432 2165 1458 de
2177 1431 2323 1458 hereditate
2341 1430 2410 1456 exiit

1838 1469 1894 1496 Cic.
1906 1469 1979 1503 Top.
1999 1477 2029 1500 29
2044 1477 2065 1494 c.
2080 1470 2096 1494 6
2114 1468 2170 1501 Qui
2186 1468 2270 1501 capite
2283 1475 2337 1493 non
2350 1466 2410 1492 sunt

1367 1504 1506 1530 deminuti.
1543 1504 1647 1537 Festus,
1665 1505 1823 1532 Deminutus
1841 1505 1926 1539 capite
1944 1504 2106 1538 appellatur,
2130 1503 2178 1538 qui
2198 1503 2306 1530 ciuitate
2325 1506 2411 1529 muto·-

1367 1545 1408 1565 tus
1423 1540 1474 1570 est,
1495 1545 1520 1565 et
1536 1549 1567 1565 ex
1577 1540 1628 1566 alia
1639 1540 1742 1566 familia
1754 1541 1782 1566 in
1794 1541 1873 1567 aliam
1888 1540 2040 1574 adoptatus,
2066 1545 2091 1565 et
2104 1540 2150 1573 qui
2165 1538 2236 1564 liber
2248 1537 2326 1564 alteri
2337 1545 2411 1563 nian-

1361 1575 1438 1607 Ciplo
1452 1574 1526 1599 datus
1540 1574 1590 1604 est,
1609 1580 1634 1601 et
1649 1576 1697 1609 qui
1710 1577 1737 1601 in
1750 1576 1866 1602 hostium
1878 1576 2002 1609 potestate
2015 1575 2106 1607 venit,
2117 1580 2147 1600 =et
2161 1574 2205 1600 cui
2218 1573 2411 1609 aquavignique

1366 1608 1540 1634 interdictum
1555 1609 1598 1634 cst.
1642 1610 1855 1649 Deminutusper
1873 1619 1887 1637 e
1903 1611 1962 1637 ordo
1981 1612 2110 1637 literarum
2124 1608 2256 1645 postulat.⁸
2296 1609 2411 1642 Compar.

263 1643 395 1677 Qiinc‘fil.
411 1652 429 1675 ς,
447 1651 474 1668 10
502 1642 565 1668 Lata
578 1641 619 1667 lex
633 1641 684 1673 est,
706 1647 734 1667 vt
748 1642 891 1676 argentarii
905 1642 1047 1669 dimidium
1061 1652 1092 1669 ex
1106 1652 1155 1676 eo,
1174 1643 1244 1678 quod
1259 1643 1302 1670 de·
1311 1652 1348 1677 40
1371 1644 1498 1670 Transire
1512 1644 1540 1670 in
1552 1643 1668 1678 aliquam
1683 1644 1887 1671 diminutiorem
1901 1644 2245 1679 qualitatemTertu11.adu.
2254 1644 2336 1671 Marc.
2350 1651 2421 1681 ἧς..

263 1679 359 1706 bebant
374 1679 522 1708 Scluerent,
543 1677 672 1704 creditum
686 1678 760 1703 suum
775 1684 860 1704 totum
874 1678 1019 1712 exigerent.
1090 1679 1150 1705 Liu.
1165 1687 1192 1711 35
1201 1687 1244 1713 pr.
1266 1680 1303 1706 Vt

220 1712 222 1718 ‘
263 1715 309 1740 vix
330 1714 470 1740 dimidium
483 1713 616 1745 militum,
638 1721 716 1747 quam
736 1713 808 1747 quod
827 1720 974 1747 acceperat,
998 1714 1302 1741 successoritradiderit.

265 1751 392 1780 Dimidio,
412 1751 559 1775 Ablatiuus:
589 1756 634 1780 vt,
667 1748 789 1775 Dimidio
811 1749 911 1779 carius,
925 1757 1002 1783 quani
1022 1750 1182 1780 aestimatur,
1199 1749 1301 1783 aliquid

263 1794 348 1812 emere
378 1786 433 1811 Cic.
448 1794 496 1818 pro
509 1785 597 1810 Domo
614 1785 657 1810 sua
678 1792 722 1816 113.
793 1784 915 1810 Dimidio
935 1785 1045 1810 celerius
1067 1784 1152 1810 sanari
1182 1784 1301 1811 Scribon.

264 1830 313 1848 101.
369 1836 414 1840 ——-
434 1821 521 1846 sanare
542 1828 602 1851 209.

263 1856 331 1883 Asin.
346 1865 371 1889 2,
386 1865 412 1888 4,
426 1864 460 1887 35.
504 1855 559 1881 Cic.
575 1856 627 1880 Att.
644 1863 677 1886 13,
693 1863 732 1887 29.
775 1855 832 1880 Vid.
853 1863 875 1881 Μ
886 1862 988 1881 INOR.
1045 1855 1102 1882 Cic.
1119 1857 1194 1881 Verr.
1208 1856 1301 1881 Diuin.

266 1901 307 1924 123
334 1893 452 1917 iurarent
473 1891 497 1916 se
510 1896 660 1919 curatur03‚
686 1896 715 1915 vt
733 1898 764 1915 ex
783 1891 826 1915 sua
848 1890 973 1924 cuiusque
994 1897 1066 1924 parte
1078 1899 1111 1916 ne
1123 1891 1210 1916 minus
1224 1890 1303 1916 dimi-

264 1927 339 1953 dium
359 1926 389 1952 ad
409 1928 439 1951 A.
452 1926 623 1952 Trebonium
644 1925 751 1951 fratrem
774 1924 848 1950 illum
877 1925 1050 1958 proscriptum
1074 1925 1241 1958 perueniret,
1264 1928 1303 1950 in-

262 1962 314 1989 ml.
331 1971 417 1996 quam.
472 1960 510 1986 ld.
525 1969 573 1993 pro
587 1959 669 1985 Flacc.
684 1969 705 1985 c.
721 1969 750 1991 14
771 1959 920 1986 Dimidium
933 1960 1006 1990 eius,
1025 1968 1079 1993 quo
1093 1959 1232 1993 Pompeius
1247 1964 1303 1985 erat

264 1999 333 2024 vsus.

283 2042 314 2060 ro
327 2032 374 2059 illo
388 2031 518 2062 carmine,
536 2030 667 2056 daturum.
739 2028 860 2054 Dimidio
875 2030 932 2062 plus
946 2036 970 2056 et
985 2030 1067 2063 pluris
1094 2030 1150 2057 Cic.
1163 2031 1216 2056 Att.
1231 2038 1257 2062 9,
1271 2039 1301 2056 11.

280 2068 339 2094 dein
348 2069 423 2094 Verr.
440 2076 516 2100 1,144
536 2065 675 2092 Addicitur
688 2064 828 2090 medimnis
847 2070 908 2090 MM.
929 2065 1043 2091 dimidio
1059 2066 1115 2091 fere
1123 2065 1214 2099 pluris,
1224 2074 1303 2099 quain

263 2104 402 2138 superiore
416 2111 493 2129 anno.
564 2102 595 2126 Et
608 2110 655 2135 pro
669 2101 750 2126 Flacc.
764 2102 800 2132 46
831 2099 952 2125 Habebat
970 2100 1042 2125 enim
1064 2100 1167 2126 Rhetor
1181 2100 1227 2126 iste
1241 2100 1303 2126 ado-

264 2140 388 2166 lescentes
401 2138 528 2173 quosdam
546 2136 704 2171 locupletes,
725 2144 789 2170 quos
808 2134 922 2161 dimidio
936 2133 1056 2161 redderet
1071 2135 1304 2170 stultiorcs‚quan1

263 2184 321 2203 acce
342 2180 405 2201 erat.

302 2185 484 2242 01111010,
515 2213 567 2235 are.
603 2207 721 2235 Tertull.
744 2205 776 2233 de
789 2206 874 2232 Carne
888 2205 988 2233 Christi
1005 2216 1027 2233 c.
1045 2214 1060 2240 ς
1086 2206 1161 2239 Quid
1176 2205 1304 2233 ‘dimidias

263 2245 401 2274 mendacio
413 2245 564 2271 Christum?
1086 2249 1088 2251 ·

302 2283 553 2308 D1n11D1.·x'Tvs
563 2300 570 2312 ‚
590 2288 615 2312 a,
634 2288 686 2305 um.
708 2278 802 2305 Partic.
838 2277 994 2312 [ἧμὶτομσς]
1029 2278 1134 2304 Dicitur
1149 2277 1189 2312 Id,
1202 2277 1268 2314 quod
1277 2281 1305 2304 in

263 2317 326 2344 duas
333 2323 420 2352 partes
432 2316 537 2351 diuisum
550 2314 597 2348 ist:
615 2322 644 2340 vt
653 2335 661 2347 ,
681 2314 856 2340 Dimidiatum
871 2322 987 2347 pomum.
1016 2313 1098 2339 Plaut.
1111 2314 1184 2340 Men.
1201 2322 1222 2347 1,
1234 2322 1260 2346 2,
1273 2322 1305 2347 45

265 2354 328 2380 Dies
343 2351 450 2386 quidem
465 2352 517 2377 iam
531 2351 562 2377 ad
574 2350 732 2377 vmbilicum
742 2349 777 2376 est
791 2349 944 2375 dimidiatus
965 2355 1094 2375 mortuus.

265 2389 305 2415 uti
319 2388 336 2414 si
352 2387 411 2422 quis
422 2388 489 2413 ferat
501 2396 546 2413 vas
554 2387 611 2413 vini
624 2386 800 2412 dimidiatum.
837 2384 1012 2410 Diuiidiatuni
1032 2384 1148 2411 mensem
1161 2385 1227 2411 dixit
1248 2385 1305 2412 Cic.

579 2423 610 2448 Et
622 2421 688 2447 Plin.
702 2423 738 2453 16,
753 2429 782 2453 39
811 2419 869 2447 Nisi
887 2419 1046 2446 intermestri
1058 2420 1122 2447 luna
1134 2427 1213 2456 atque
1227 2420 1305 2447 dimi—

742 2456 971 2482 Lunadimidiata
986 2456 1074 2483 maior
1103 2457 1182 2484 Mart.
1198 2457 1304 2492 Capella

824 2491 881 2518 Cic.
895 2491 977 2517 Tusc.
991 2499 1014 2524 ς,
1029 2494 1060 2524 63
1073 2502 1095 2518 c.
1111 2501 1136 2524 23
1157 2492 1305 2527 Apparebat

265 2424 349 2450 Tusc.
364 2431 390 2455 2,
404 2431 435 2457 37
449 2431 471 2448 c.
487 2425 522 2448 16.

266 2459 351 2491 diata,
372 2467 404 2484 ne
420 2464 508 2492 tangas
523 2458 669 2484 materiam.

267 2502 283 2529 7
297 2505 320 2535 p.
335 2503 393 2527 242.
411 2497 429 2519 i.
439 2497 525 2528 prima
537 2495 607 2519 lunae
619 2492 752 2533 quadrans.

654 1819 775 1846 Dimidio
789 1820 891 1852 minus,
908 1827 930 1845 et
944 1820 1067 1846 Dimidio
1080 1820 1192 1846 minoris
1217 1820 1300 1846 Plaut.
1315 1822 1350 1849 45
1368 1819 1518 1855 iscribitur.

388 1998 418 2022 Et
431 1995 462 2022 de
475 1996 548 2021 Orat.
569 2003 584 2020 z
597 2003 618 2020 c.
634 1997 664 2024 86
693 1995 723 2020 Se
741 1994 883 2020 dimidium
903 1995 959 2020 eius
978 1995 1019 2026 ei,
1044 1994 1115 2028 quod
1134 1994 1222 2029 pa&us
1243 1995 1302 2020 ess'et
1317 1997 1349 2023 50

1133 2350 1241 2382 Ennius,
1255 2350 1306 2376 Sic·
1314 2351 1350 2376 60

1403 1685 1422 1705 D
1432 1687 1441 1705 1
1451 1686 1474 1705 in
1486 1687 1496 1706 1
1506 1686 1527 1705 N
1539 1687 1559 1704 ν
1568 1685 1590 1705 T
1618 1686 1639 1705 v
1649 1686 1703 1712 vs,
1715 1688 1740 1712 a,
1754 1689 1809 1707 nm.
1829 1680 1889 1707 Adi.
1907 1680 2040 1707 Charisius
2053 1689 2069 1706 2
2084 1681 2147 1706 Sunt
2160 1679 2416 1712 diminutiuaffiuae*

1369 1713 1401 1740 ab
1409 1714 1534 1740 absolutis
1543 1724 1586 1741 1101
1620 1715 1714 1748 nibus,
1723 1715 2004 1742 adie&ainnouiffima
2013 1721 2086 1749 parte
2099 1721 2144 1741 aut
2157 1715 2233 1741 litera
2248 1720 2292 1743 aut
2305 1712 2414 1747 syllaba,

1367 1749 1474 1783 capiunt
1493 1748 1719 1782 diminutionem,
1747 1757 1776 1777 vt
1795 1752 1910 1782 Paruus,
1933 1751 2066 1784 paruulus.
2109 1751 2163 1777 Vox
2180 1748 2212 1783 est
2232 1750 2411 1776 Grammaticis

1361 1784 1483 1819 ‚si-equam
1497 1784 1684 1819 etfamiliarir,
1703 1793 1763 1819 quae
1783 1789 1810 1810 in
1824 1785 1976 1819 Putschiana
1990 1784 2127 1811 adiectione
2138 1785 2235 1819 semper
2241 1803 2250 1815 ‚
2271 1791 2347 1819 puto,
2361 1790 2412 1817 per

1560 1820 1618 1845 Vox
1632 1818 1751 1846 Tertull.
1766 1819 1879 1854 Apolog.
1893 1828 1914 1845 c.
1930 1827 1967 1852 32.

1403 1861 1422 1880 D
1431 1863 1439 1880 1
1448 1861 1472 1880 Μ
1484 1861 1491 1879 1
1501 1862 1522 1880 Ν
1532 1860 1552 1879 v
1561 1860 1583 1879 T
1593 1862 1601 1880 1
1612 1860 1630 1878 v
1641 1861 1666 1880 Ε.
1704 1854 1772 1881 Adu.
1807 1854 1939 1881 Charisius
1953 1863 1963 1880 1
1984 1854 2124 1881 Pistrinum
2138 1859 2235 1880 neutro
2246 1853 2354 1884 dicitur,
2367 1850 2412 1878 ted

1366 1890 1485 1915 Lucilius
1506 1889 1636 1914 feminine
1656 1891 1760 1916 extulit.
1795 1891 1885 1916 Media
1901 1899 1915 1915 e
1928 1888 2046 1924 pistrina.
2089 1890 2158 1916 Nam
2173 1896 2199 1914 et
2213 1888 2360 1914 Terentius
2372 1885 2413 1912 di-

1366 1924 1499 1949 minutiue
1514 1923 1653 1957 pistrillam
1668 1924 1747 1950 dixit.
1800 1925 1872 1958 Conf.
1893 1925 1987 1951 Areon.
2001 1933 2122 1958 prooem.
2142 1923 2200 1949 A&
2220 1923 2248 1948 in
2261 1923 2341 1948 Verr.
2354 1922 2412 1951 Ma-

1368 1958 1442 1984 crob.
1459 1958 1509 1984 Sat.
1526 1965 1549 1990 ς,
1562 1966 1599 1984 21.
1636 1958 1741 1992 leian.
1756 1957 1788 1984 D.
1801 1960 1832 1989 36
1848 1964 1866 1984 t.
1879 1967 1889 1984 1
1904 1959 1922 1985 1.
1936 1962 1972 1985 16.
1997 1959 2159 1991 ὑποκοριςικός
2184 1957 2347 1988 diminutiue
2367 1956 2412 1984 ad·-

1367 1993 1438 2020 ditur
1446 1993 1520 2029 forn
1531 1992 1561 2019 ab
1573 1996 1675 2029 antiquo
1687 1996 1823 2029 interprete
1830 1997 1916 2028 potius
1924 2013 1931 2024 ‚
1948 2003 2020 2029 quam
2034 1994 2086 2028 ipso
2102 1995 2170 2020 [Cio.

1404 2034 1652 2060 DlMiNVTio,
1675 2029 1694 2054 s.
1715 2035 1841 2055 DEMiN
1855 2035 1970 2062 v'rio,
2000 2030 2066 2055 onis.
2094 2029 2113 2054 f.
2150 2028 2280 2063 [μείωσις,
2304 2026 2411 2064 ὑποκόρι-

1367 2075 1439 2097 σμα,
1459 2062 1560 2096 ἥττημα
1621 2065 1670 2096 Vt,
1693 2064 1848 2091 Deminutio
1862 2064 1971 2090 luminis
1989 2065 2044 2090 Cic.
2054 2064 2137 2090 Tusc.
2153 2072 2173 2095 1,
2186 2066 2227 2094 68.
2247 2071 2271 2090 et
2286 2063 2412 2091 Diminu-

1366 2100 1406 2125 tio
1420 2099 1540 2125 familiae
1560 2100 1576 2125 P
1589 2099 1625 2125 in.
1638 2108 1681 2132 34,
1695 2108 1729 2132 13.
1800 2099 1856 2125 Cic.
1870 2099 1922 2125 Off.
1937 2108 1962 2130 2,
1975 2107 2006 2133 73
2021 2109 2043 2125 c.
2058 2107 2086 2125 21
2114 2099 2210 2134 Neque
2223 2098 2256 2126 de
2268 2098 2346 2126 bonis
2360 2100 2414 2134 pri-

1366 2141 1491 2161 vatorum
1509 2133 1616 2168 publice
1630 2134 1778 2161 deminutio
1791 2134 1845 2161 fiat.
1881 2135 1953 2162 Seru.
1968 2135 2001 2160 ad
2016 2135 2071 2161 Cic.
2085 2144 2113 2168 4,
2127 2143 2139 2167 5
2157 2134 2234 2161 Fae'ta
2248 2135 2281 2161 de
2294 2135 2412 2170 imperio

1368 2169 1527 2196 deminutio.
1600 2170 1655 2196 Cic.
1669 2170 1752 2197 Tnsc.
1767 2179 1787 2202 1,
1799 2173 1831 2200 68
1859 2169 1947 2196 Solem
1961 2171 2105 2204 lunamque
2123 2170 2279 2197 Accretione
2294 2177 2320 2197 et
2334 2171 2413 2198 dimi-

1368 2205 1480 2231 nutione
1494 2205 1603 2231 luminis
1623 2205 1694 2240 quasi
1707 2205 1834 2232 fastorum
1854 2212 1992 2232 notantem
2005 2213 2030 2232 et
2043 2204 2230 2239 fignificantem
2245 2206 2321 2238 dies„
2354 2207 2412 2234 *Ci-

1361 2241 1442 2268 vium
1455 2240 1601 2267 diminutio
1618 2241 1691 2267 Idem
1705 2241 1734 2268 in
1748 2241 1827 2268 Catil.
1840 2250 1864 2273 3,
1878 2249 1908 2275 14
1921 2250 1942 2267 c.
1950 2249 1976 2276 7.
2049 2240 2192 2268 Libertatis
2208 2240 2353 2269 diminutio
2370 2243 2411 2271 Id.

1370 2276 1402 2302 de
1410 2276 1479 2310 Lege
1488 2277 1549 2310 Agr.
1563 2285 1588 2307 2,
1603 2279 1631 2303 16
1643 2283 1739 2312 c.7pr.
1795 2278 1851 2303 Cic.
1866 2276 1898 2303 de
1911 2277 1988 2303 Pron.
2003 2277 2080 2303 Cons.
2095 2282 2121 2309 38
2135 2286 2156 2303 c.
2172 2285 2195 2310 15
2204 2277 2316 2304 Multari
2329 2279 2413 2313 impe-

1367 2316 1483 2338 ratorem
1504 2312 1689 2338 deminutione
1705 2313 1861 2339 Prouinciae
1883 2313 2103 2341 contumeliosum
2119 2312 2163 2339 est.
2232 2313 2413 2348 Veffigalium

1368 2345 1513 2375 diminutio
1542 2347 1616 2375 Idem
1631 2346 1663 2374 de
1676 2348 1745 2384 Lege
1759 2349 1821 2385 Agr.
1837 2356 1866 2375 21
1880 2357 1901 2374 c.
1916 2355 1942 2383 7.
2015 2348 2168 2375 Diminutio
2182 2349 2274 2383 capitis
2287 2349 2355 2385 apud
2371 2352 2412 2376 Iu·

1367 2383 1544 2422 memfibos,
1564 2382 1597 2419 ςῖὶ
1610 2383 1710 2414 prioris
1723 2383 1801 2414 stains
1817 2384 1947 2420 mutatio,
1966 2391 1997 2413 vt
2009 2382 2115 2420 tutatur
2135 2384 2215 2414 Caius
2228 2384 2290 2413 Tit.
2302 2385 2341 2412 De
2355 2394 2411 2420 cap.

1368 2421 1478 2448 minutis
1490 2420 1507 2448 1.
1523 2429 1542 2448 1.
1600 2422 1658 2449 Vid.
1680 2430 1749 2450 cAr
1759 2430 1779 2449 v
1790 2430 1824 2450 T.
1895 2423 1967 2450 Caes.
1979 2422 2008 2449 B.
2024 2423 2054 2449 C.
2070 2431 2096 2456 2,
2110 2431 2121 2448 2
2151 2420 2324 2457 Relinquitur
2336 2429 2411 2450 noua

1367 2456 1479 2491 religio,
1499 2464 1528 2484 vt
1549 2467 1582 2483 eo
1599 2459 1721 2492 neglecto
1744 2460 1922 2491 sacramento,
1942 2468 1996 2493 quo
2014 2468 2083 2485 nunc
2101 2457 2245 2491 tenemini,
2263 2458 2410 2493 respiciatis

1368 2492 1446 2525 illud,
1461 2493 1531 2527 quod
1543 2492 1680 2519 deditione
1692 2495 1767 2521 ducis
1781 2501 1806 2520 et
1814 2495 1906 2528 capitis
1917 2494 2100 2520 deminutione
2109 2494 2239 2520 sublatum
2254 2493 2300 2521 est.
2335 2492 2414 2529 Apud

265 2538 425 2565 epigramma
438 2528 517 2555 exesis
529 2527 721 2562 posterioribus
736 2526 853 2563 partibus
868 2526 1067 2560 versiculorum,
1081 2528 1228 2554 dimidiatis
1240 2529 1304 2555 fei-e.
1318 2524 1351 2556 65
1368 2528 1423 2555 Cic.
1437 2537 1486 2562 pro
1499 2528 1594 2555 Milon.
1609 2536 1654 2554 100
1668 2538 1690 2555 c.
1703 2532 1734 2560 36
1758 2529 1784 2555 Si
1799 2538 1850 2563 qua
1862 2529 1902 2554 vis
1918 2529 1954 2554 est
1966 2535 2065 2562 parata,
2081 2529 2099 2554 fi
2114 2537 2166 2562 qua
2181 2528 2328 2554 diminutio
2341 2530 2412 2563 capi-

304 2574 322 2593 1)
333 2573 373 2592 111
384 2573 392 2591 1
402 2571 420 2591 D
431 2564 501 2591 1ᾹΤ
514 2571 519 2588 1
531 2570 566 2590 Μ.
596 2563 663 2590 Adu.
700 2561 852 2597 [ἧμινόμωε]
889 2562 969 2589 Plant.
979 2562 1092 2596 Milir.3,
1102 2572 1121 2596 1,
1131 2566 1166 2597 64
1182 2563 1230 2590 Sed
1245 2573 1304 2598 pro.

267 2602 362 2628 cellunt
375 2602 408 2633 se,
422 2606 447 2626 et
459 2598 635 2634 procumbunt
649 2598 828 2630 dimidiatim,
848 2597 911 2624 dum
926 2605 1057 2632 appetunt.
1093 2601 1136 2626 Al.
1152 2597 1304 2632 Dimidiati,

267 2637 392 2663 sententia
408 2635 508 2662 eadem.
566 2634 633 2661 Illud
649 2634 791 2665 indicatur,
813 2640 875 2667 prae
886 2632 971 2666 studio
984 2633 1070 2660 edendi
1088 2634 1181 2661 ereHos
1200 2635 1229 2662 de
1242 2633 1304 2663 leffe

267 2672 370 2698 dimidia
380 2678 454 2707 parte
466 2672 579 2705 corporis
591 2669 726 2695 incumbere
744 2675 807 2694 certe
822 2670 946 2694 imminere
956 2669 1057 2704 mensae.

305 2715 370 2734 Dim
382 2716 389 2734 1
401 2713 561 2738 DiA'rio‚
589 2704 656 2732 onis.
682 2704 702 2731 f.

269 2741 416 2769 dimidiatio
430 2741 534 2769 salutis?

308 2775 920 2809 111111Νο30,51ε.υίᾱ.113111110110.

307 2820 430 2839 111Μ1Ν
441 2821 460 2839 v
471 2819 489 2839 o
501 2833 508 2846 ,
530 2813 548 2839 s.
567 2819 691 2838 DEMIN
701 2819 721 2838 v
733 2818 770 2844 o,
791 2811 830 2844 ui,
846 2814 931 2843 utum,
950 2811 1003 2837 ere.
1039 2808 1148 2845 [μείω]
1184 2810 1255 2836 Certe
1267 2811 1305 2836 r‘tae

272 2848 457 2884 confunduntur
469 2850 527 2875 hacc
539 2848 629 2880 verba,
654 2854 683 2873 vt
695 2850 740 2873 vix
752 2846 908 2883 distinguas,
928 2854 1011 2872 utrum
1025 2847 1151 2875 voluerint
1157 2845 1305 2885 scripmrcs,

272 2884 428 2909 Diminuere
447 2883 478 2916 est
494 2887 519 2910 in
537 2887 644 2910 minores
652 2885 793 2919 particulas
813 2881 974 2918 dsspergendo
991 2884 1115 2913 minuere,
1145 2881 1305 2907 Demmuere
1318 2882 1351 2912 75
1367 2890 1393 2907 νε
1407 2881 1461 2917 ¹‘Ps‘1
1479 2880 1531 2906 vid.
1546 2880 1612 2906 ICti.

273 2917 305 2952 ist
320 2919 346 2944 cle
359 2929 383 2945 re
396 2919 509 2952 auferre,
527 2926 555 2946 ut
573 2922 653 2945 minor
666 2918 727 2954 fiat.
764 2918 810 2945 Sed
824 2927 871 2944 non
881 2917 1012 2954 Jblisorte
1024 2917 1140 2949 librarii,
1162 2925 1246 2943 verum
1259 2914 1305 2950 ipsi

272 2963 362 2990 quoque
375 2948 483 2981 attufi‘orcs
500 2956 544 2981 hoc
566 2955 696 2990 discrimen
715 2963 767 2980 cum
779 2955 948 2989 neglexerint,
967 2952 1113 2979 audaculum
1118 2951 1155 2986 fit
1166 2952 1252 2987 ubique
1264 2952 1305 2978 ho-

273 2989 312 3015 die
326 2999 406 3015 vei-am
420 2994 536 3016 rationem
550 2991 609 3016 velle
621 2988 758 3022 restituere.
802 2991 885 3024 Qtare
896 2988 962 3015 nihil
973 2989 1073 3020 melius,
1092 2996 1164 3023 quam
1178 2990 1306 3022 utriusque

270 3025 341 3051 verbi
354 3027 457 3060 cxcmplu
470 3036 495 3051 in
509 3028 581 3052 {mum
595 3026 636 3052 hic
648 3027 723 3052 locum
737 3024 867 3060 conferre,
882 3031 905 3050 et
916 3023 978 3049 illud
984 3026 1128 3058 permittere
1140 3026 1255 3058 cuiusque
1269 3025 1306 3048 iu-

272 3060 353 3092 dicio,
368 3062 545 3096 vti-iiiiicligat.
976 3059 980 3063 ’

272 3095 370 3128 hodie,
396 3095 442 3122 uili
462 3095 526 3122 abis.
595 3095 667 3122 Idem
680 3096 752 3122 Adel.
768 3104 800 3128 Ἰ4,
822 3104 844 3128 2,
869 3103 899 3127 32
939 3094 1112 3121 Diminuetur
1132 3093 1182 3120 tibi
1196 3093 1303 3128 quidem

272 3131 325 3157 iam
339 3130 485 3157 cerebrum.
553 3132 623 3157 Caes.
637 3133 664 3159 B.
677 3133 706 3158 C.
727 3140 749 3164 3,
764 3140 779 3157 2
808 3131 982 3165 Longumque
1003 3129 1054 3156 iter
1067 3138 1098 3156 ex
1112 3130 1239 3164 Hispania
1252 3137 1305 3155 ma·

273 3175 352 3200 gnum
367 3175 505 3193 numerum
518 3166 684 3193 diminuerat.
742 3168 792 3192 Hic
811 3174 941 3201 vtrumque
953 3167 1029 3191 locum
1047 3165 1127 3192 habet.
1179 3159 1221 3191 'De
1233 3164 1305 3190 mina

274 3210 324 3228 vna
345 3202 464 3228 deminui
483 3201 564 3228 modo
586 3203 701 3237 quinque
720 3211 814 3228 numos
848 3202 930 3228 Plaut.
944 3201 1030 3228 Truc.
1051 3209 1073 3232 2,
1092 3208 1119 3235 7,
1138 3209 1189 3227 10.·
1231 3199 1306 3227 Reete

276 3235 407 3263 deminuo.
446 3239 511 3264 Nam
524 3237 711 3264 adamationem
725 3245 747 3264 et
766 3238 941 3273 decerptioncm
956 3236 1023 3262 modo
1037 3236 1179 3272 respicitur.
1214 3236 1307 3262 Contra
1322 3240 1351 3268 85
1369 3245 1440 3271 quum
1454 3235 1570 3261 decidunt
1593 3234 1659 3261 Plin.
1676 3243 1711 3267 12,
1728 3243 1745 3260 i.

276 3270 421 3299 diminuere
434 3278 510 3307 caput
517 3274 611 3307 potius.

278 3313 322 3337 109
342 3306 428 3334 Nimis
441 3308 521 3335 velim
535 3307 664 3341 lapidem,
689 3308 733 3343 qu'i
752 3317 801 3342 ego
812 3309 854 3335 illi
868 3309 973 3343 speculo
992 3307 1139 3334 diminuam
1155 3312 1238 3340 caput.
1275 3308 1306 3332 Et

277 3341 348 3366 Men.
362 3350 382 3371 2,
396 3351 420 3373 2,
434 3352 463 3374 30
484 3344 537 3369 Hei
551 3342 619 3369 mihi
634 3344 701 3369 Cum
713 3343 782 3370 nihil
793 3344 847 3377 est,
869 3344 910 3370 illi
923 3341 968 3378 qui
984 3342 1088 3369 homini
1107 3342 1254 3369 diminuam
1267 3350 1306 3367 ca-

278 3382 332 3408 pnt.
371 3377 413 3401 Sed
424 3378 476 3404 Cic.
491 3379 521 3405 de
540 3380 641 3405 lnucnt.
660 3387 684 3409 2,
699 3386 729 3413 37
744 3389 765 3405 c.
785 3388 812 3405 10
843 3381 978 3413 Qiantum
996 3378 1067 3404 euim
1085 3377 1117 3404 de
1137 3377 1269 3404 honestate
1282 3383 1307 3403 et

653 3274 837 3307 metaphorice,
850 3272 898 3310 scd
909 3273 1042 3307 emphatice
1063 3272 1143 3298 Plaut.
1159 3271 1236 3299 Most.
1252 3279 1271 3302 ι,
1284 3278 1306 3302 3,

278 3410 431 3437 auctoritate
444 3413 508 3445 eius,
521 3415 567 3447 qui
579 3414 713 3448 arguitur,
732 3415 878 3441 detractum
899 3415 950 3447 est,
969 3420 1070 3441 tantum
1084 3413 1116 3439 de
1133 3413 1255 3439 facultate
1269 3418 1351 3442 t0-90
1361 3412 1433 3446 stare
1445 3413 1520 3442 libri,
1538 3416 1564 3438 in
1577 3412 1719 3452 quibusdam
1740 3412 1786 3448 1Ρῇ
1794 3414 1868 3448 foi-te
1880 3409 2008 3443 ousion-t,
2021 3411 2128 3446 fiileant.

278 3444 327 3469 tius
342 3445 377 3470 cst
391 3446 543 3474 defentionis
553 3449 726 3476 deminutum.
765 3451 813 3476 Hir:
825 3460 873 3477 non
886 3451 968 3476 dubito
982 3449 1147 3475 deminutum
1160 3451 1243 3475 verius
1255 3447 1306 3481 effi.

278 3479 319 3505 Sic
332 3480 411 3505 Ouid·
425 3480 508 3506 Trist-
529 3491 548 3514 1,
561 3492 584 3515 ς,
604 3494 641 3518 44
679 3485 804 3511 Deminui
824 3486 841 3512 fi
862 3495 913 3520 qua
932 3485 1047 3511 numinis
1066 3485 1106 3510 ira
1127 3484 1224 3518 potest:
1243 3483 1309 3524 quod

280 3516 351 3552 etiam
365 3515 441 3552 edidit
462 3516 544 3554 Heius.
612 3521 665 3546 Cic.
674 3521 705 3546 de
713 3521 887 3556 Arnsp.Resp.
901 3530 937 3554 40
963 3521 1130 3551 Moncnt,ne
1143 3525 1307 3554 peroptima-

279 3553 347 3586 tinm
362 3547 531 3581 discordiam,
555 3551 798 3591 dissensionemque,
818 3556 952 3590 patribus,
971 3555 1188 3590 principibusque
1208 3555 1307 3587 caedes,

280 3583 446 3616 perlcltlssque
460 3590 593 3624 Cl'CssntUljs
614 3591 765 3625 auxilioque
780 3592 906 3618 diminuti
926 3591 1089 3617 deficiantur.

279 3626 340 3659 nem
352 3626 429 3643 nemo
442 3617 593 3658 desiderabit
606 3629 636 3659 eit
644 3623 729 3662 aliqua
741 3633 812 3660 parte
828 3627 942 3654 diminui
961 3627 1018 3653 Sen.
1031 3626 1062 3652 de
1071 3627 1112 3652 Ira
1125 3634 1187 3658 1,13.
1223 3625 1305 3652 Ouid.

290 3652 364 3678 rrist.
379 3660 398 3683 1,
412 3662 439 3685 4,
452 3662 488 3685 44
520 3653 640 3680 Diminui
654 3658 670 3681 11
684 3668 731 3691 qua
744 3663 858 3689 numinis
873 3664 914 3689 Ira
934 3661 1024 3696 potest.
1095 3661 1196 3690 Auctor
1208 3661 1241 3687 ad
1254 3662 1307 3687 He-

280 3696 335 3714 ren.
351 3696 370 3718 1,
384 3696 414 3721 27
433 3689 607 3714 Veruntamen
621 3694 820 3728 maturabimus,
837 3705 862 3724 et
876 3697 948 3733 quod
961 3697 1051 3723 nostro
1069 3697 1178 3731 negotio
1192 3696 1307 3722 diminu-

280 3723 453 3783 ἓ111ὲ11101-11,
477 3724 676 3756 exaequabimus
695 3727 828 3757 industria.
899 3733 1056 3760 Diminnere
1075 3732 1107 3758 de
1126 3734 1165 3757 ve!
1182 3740 1213 3757 cx
1235 3732 1307 3758 Caes.

303 3777 309 3783 .
338 3771 354 3783 1.
369 3766 388 3788 1,
402 3765 436 3789 53.

280 3793 428 3832 Pqtestsstcg
450 3793 493 3831 Al·
510 3793 692 3832 Dcminutum,
706 3798 767 3829 quod
775 3801 889 3833 praefert
900 3811 922 3827 et
932 3804 1022 3838 firmat
1037 3805 1142 3829 Gronau.
1179 3803 1217 3828 De
1231 3802 1308 3828 bonis

280 3828 390 3853 alicuius
404 3826 553 3853 diminuere
572 3828 627 3853 Cic.
642 3829 678 3862 Q
690 3829 754 3856 Frat.
771 3841 790 3864 1,
805 3842 828 3858 2.

281 3897 412 3929 praesidiis
428 3898 619 3923 diminuturum
633 3898 752 3931 sperauit.

615 3061 682 3087 Ter.
697 3061 761 3087 Eun.
774 3070 803 3094 4,
817 3068 844 3095 7,
857 3068 883 3092 33
910 3059 1064 3085 Diminuam
1076 3067 1125 3093 ego
1141 3064 1216 3092 caput
1228 3064 1304 3084 tuum
1317 3061 1350 3086 80
1367 3059 1472 3085 Mittere
1485 3059 1525 3084 vel
1537 3057 1587 3094 ase
1595 3077 1603 3089 ‚
1623 3058 1662 3083 vel
1676 3059 1761 3091 plures
1773 3061 1799 3083 in
1814 3058 1924 3093 diuersas
1933 3065 2028 3093 partes.

1161 3589 1307 3617 Fortitudi-
1321 3596 1353 3622 95
1370 3590 1418 3617 vbi
1432 3591 1481 3617 vis.

492 3758 551 3783 LiU·
567 3767 588 3789 2,
602 3767 610 3783 ¹
636 3760 720 3791 Qfflm
733 3763 805 3796 quod
818 3765 976 3794 diminutum
990 3767 1135 3803 quidquam
1148 3767 1177 3792 lit
1192 3775 1223 3792 ex
1236 3767 1362 3806 regia100
1372 3768 1455 3801 gratia
1470 3765 1604 3791 dimittere
1635 3764 1707 3790 Idem
1720 3764 1751 3790 de
1767 3765 1830 3790 Fato
1844 3773 1869 3799 7.

283 3863 289 3867 ,
332 3863 336 3867 ,
771 3867 775 3871 ·
864 3869 869 3873 .
883 3836 953 3863 Idem
971 3849 1020 3872 pro
1032 3838 1099 3866 Sulla
1115 3847 1130 3864 z
1147 3837 1196 3864 Sed
1211 3844 1239 3864 vt
1253 3837 1309 3868 ille,

280 3862 379 3888 iudices
389 3883 396 3893 ,
417 3869 542 3896 quantum
561 3862 591 3888 dc
606 3871 663 3888 nica
676 3864 831 3893 ametor-itate
844 3867 1003 3904 diripuiss'et,
1025 3880 1127 3900 tantum
1148 3874 1172 3899 se
1186 3873 1217 3899 de
1231 3872 1309 3899 huius

439 3934 443 3937 ι
498 3933 502 3937 .
668 3933 673 3937 ¹
821 3904 852 3942 iit
865 3903 896 3928 de
907 3905 979 3932 Orat.
987 3916 1008 3939 3,
1023 3915 1065 3941 ¹89
1079 3919 1100 3935 c.
1115 3917 1151 3941 49
1176 3907 1224 3934 Sed
1239 3917 1271 3934 co
1283 3915 1309 3933 te

281 3939 313 3956 nc
326 3932 446 3959 laudandi
460 3933 566 3967 quidem
578 3934 651 3960 causa
666 3935 841 3969 interpellani,
853 3946 887 3963 ne
899 3939 963 3972 quid
975 3941 1006 3967 de
1019 3943 1069 3969 hoc
1081 3950 1136 3970 tani
1149 3945 1247 3979 exiguo
1259 3944 1310 3971 ser·
1318 3950 1361 3976 105
1371 3944 1423 3969 Ioco
1437 3942 1581 3971 Demittere
1594 3948 1617 3968 et
1631 3941 1772 3969 Dimittcre
1785 3943 1877 3979 mifiet.

1367 2564 1401 2590 tis
1416 2563 1520 2594 futura,
1542 2563 1663 2597 deposco.
1699 2565 1747 2591 Sic.
1763 2565 1852 2590 Graeu.
1888 2563 1936 2590 Sed
1943 2562 2059 2598 praestat
2074 2566 2179 2589 retinere
2198 2568 2319 2598 receptum
2332 2563 2411 2590 dimi-

1367 2599 1453 2631 catio,
1470 2609 1495 2626 v.
1508 2609 1533 2625 υ.
1578 2599 1681 2625 Paullus
1694 2599 1711 2625 l.
1730 2607 1754 2625 11
1767 2599 1794 2625 ff.
1814 2599 1845 2625 de
1859 2599 1944 2633 capite
1956 2599 2083 2632 minutis,
2105 2598 2205 2632 Capitis
2218 2598 2411 2626 deminutionis
2443 2620 2446 2625 .

1364 2635 1420 2661 tria
1431 2643 1526 2669 genera
1543 2635 1618 2667 sunt,
1633 2636 1772 2667 maxima,
1782 2634 1886 2665 media,
1901 2634 2020 2661 minima.
2078 2634 2151 2660 Tria
2163 2632 2236 2659 enim
2248 2633 2324 2666 sunt,
2342 2641 2407 2667 qum

1368 2670 1510 2703 habemus,
1528 2669 1694 2702 libertatem,
1718 2671 1870 2701 ciuitatem,
1892 2669 2033 2695 familiam.
2068 2668 2155 2703 Igitur
2166 2676 2226 2694 euin
2241 2669 2332 2695 onmia
2345 2668 2408 2696 haee

738 2702 857 2730 Tertull.
871 2702 928 2729 adu.
951 2704 1034 2730 Marc.
1050 2712 1071 2737 1,
1083 2712 1119 2739 24
1150 2704 1228 2733 Vnde
1241 2705 1304 2733 haec
1313 2708 1349 2736 70
1367 2706 1515 2733 amittimus
1550 2720 1595 2726 --—
1620 2706 1763 2732 maximam
1776 2706 1824 2731 effe
1837 2705 1928 2739 capitis
1941 2704 2164 2731 deminutionem:
2185 2712 2244 2730 cum
2255 2712 2321 2730 vero
2334 2704 2413 2731 amit·
2428 2700 2433 2710 '

1367 2743 1449 2768 timus
1463 2742 1615 2772 ciuitatem,
1634 2741 1785 2767 libertatem
1803 2741 1966 2770 retinemus3
1984 2740 2100 2766 mediam
2118 2740 2167 2766 effe
2179 2739 2272 2773 capitis
2289 2738 2410 2764 deminu-

1367 2777 1484 2802 tionem:
1505 2785 1565 2801 cum
1580 2782 1606 2801 et
1619 2776 1727 2802 libertas
1741 2782 1766 2801 et
1780 2775 1874 2800 ciuitas
1887 2775 2029 2807 retinetur,
2046 2775 2150 2802 familia
2163 2780 2263 2800 tantum
2276 2779 2411 2804 mutature

1367 2811 1506 2836 minimam
1527 2811 1575 2835 effe
1594 2811 1687 2844 capitis
1707 2809 1917 2835 deminutionem
1936 2809 2042 2838 constat.
2098 2808 2253 2836 Deminutio
2259 2808 2355 2844 semper
2362 2814 2413 2844 pei·

1361 2845 1496 2881 secundam
1520 2845 1631 2870 ts‘ocatem
1651 2843 1769 2871 pandebit.
1792 2845 1928 2871 Florentin.
1951 2853 1974 2872 et
1996 2845 2113 2880 Gothofr.
2131 2847 2158 2870 in
2181 2843 2227 2870 boc
2250 2845 2333 2870 titulo.
2371 2845 2411 2871 Da

1369 2925 1410 2949 39,
1425 2924 1452 2949 19
1473 2916 1572 2950 Vtique
1587 2914 1712 2942 Feceniae
1726 2915 1849 2949 Hispalae
1862 2916 1943 2947 datio,
1958 2915 2116 2948 deminutio,
2131 2915 2214 2950 gentis
2228 2914 2350 2950 enuptio,
2362 2921 2409 2943 etc.

1368 2952 1444 2983 esset,
1464 2954 1482 2976 i.
1492 2949 1601 2986 potestas
1618 2950 1759 2983 alienandi,
1765 2952 1790 2985 Ji
1806 2951 1869 2986 quid
1882 2952 1963 2978 vellet.

1363 3007 1366 3011 .
1405 2992 1623 3019 0111111100,
1651 2986 1703 3012 vid.
1729 2992 1943 3014 DEMtTioo.

1403 3028 1494 3050 DiMI
1509 3028 1531 3048 'r
1543 3029 1564 3048 T
1574 3029 1610 3054 0,
1632 3021 1670 3052 isi,
1696 3022 1782 3055 iisum,
1801 3024 1854 3049 ere.
1890 3023 2017 3056 [dmi‘nstm,
2032 3021 2145 3055 ἐπολύω,
2164 3021 2267 3055 μεθείω,
2286 3021 2411 3057 παρίημι]

2076 3059 2125 3090 Vt,
2144 3057 2286 3084 Dimittere
2300 3057 2411 3084 domum

1369 3094 1429 3120 Liu.
1444 3098 1482 3125 38,
1519 3112 1526 3120 .
1564 3113 1570 3118 .
1641 3092 1717 3153 Virq).
1733 3093 1796 3119 Aen.
1818 3102 1837 3126 1,·
1851 3096 1900 3128 576
1931 3093 2060 3128 Equidem
2081 3102 2129 3128 per
2149 3093 2226 3119 litora
2240 3098 2325 3119 certos
2362 3093 2410 3119 Di-

1362 3129 1480 3155 ,mittant
1537 3128 1681 3155 Dimittere
1719 3137 1781 3154 oues
1800 3129 1827 3154 111
1835 3130 1932 3163 pascua
1961 3129 2093 3156 Columel.
2115 3130 2141 3161 6,
2157 3131 2195 3155 26.
2266 3128 2411 3156 Dimittere

1368 3164 1458 3190 literas
1477 3164 1506 3190 in
1524 3161 1685 3190 alias'vrbes
1716 3163 1775 3190 Liu.
1797 3170 1833 3196 38,
1871 3185 1877 3191 .
1915 3185 1922 3191 .
1996 3165 2052 3191 Cic.
2067 3173 2116 3198 pro
2131 3164 2224 3196 Quint.
2238 3171 2268 3196 τις
2290 3163 2410 3191 Naeuius

1368 3201 1422 3235 ipse
1434 3208 1530 3234 pueros
1543 3201 1643 3226 circui-n
1661 3199 1760 3225 amicos
1782 3199 1902 3226 dimittit.
1974 3199 2115 3227 Dimittere
2132 3199 2199 3225 folia
2214 3198 2308 3225 dicitur
2319 3198 2412 3235 arbor,

1816 3236 1875 3262 Liu.
1896 3243 1940 3270 45,
1978 3255 1986 3265 .
2022 3255 2028 3261 .
2065 3235 2113 3260 Pei·
2126 3242 2218 3260 omnes
2232 3234 2352 3261 ciuitates
2367 3242 2410 3261 co-

1369 3272 1458 3298 hortes
1474 3271 1580 3297 dimisit.
1651 3270 1757 3297 Sueton.
1772 3270 1799 3296 in
1814 3271 1885 3297 Caes.
1897 3280 1920 3297 c.
1930 3280 1949 3304 4
1968 3270 2038 3297 Nam
2051 3269 2160 3296 comites
2173 3270 2315 3304 seruosque
2327 3276 2410 3297 caete-

1367 3316 1412 3334 ros
1426 3307 1454 3333 in
1468 3307 1550 3333 initio
1564 3306 1650 3333 statim
1663 3305 1695 3331 ad
1711 3306 1883 3341 expediendas
1897 3306 2034 3341 pecunias,
2055 3304 2151 3339 quibus
2166 3305 2351 3338 redimeretur,
2369 3305 2410 3331 di-

1368 3343 1484 3372 miserat.
1659 3339 1679 3379 q
1701 3350 1714 3367 2
1750 3342 1868 3377 Deorfimz
1887 3345 1984 3368 mittere
1995 3340 2202 3376 cumfignificat‚
2222 3342 2307 3367 melius
2315 3348 2362 3376 per
2369 3339 2410 3376 se·

1368 3378 1472 3404 cundum
1485 3387 1499 3403 e
1505 3377 1637 3413 firIbitur.
1676 3376 1722 3403 Sed
1735 3380 1784 3403 iam
1796 3380 1925 3412 aliquoties
1935 3378 2070 3402 monuimus
2079 3396 2087 3408 ,
2107 3385 2178 3411 quam
2188 3384 2279 3410 parum
2289 3375 2340 3410 stoi
2353 3385 2410 3401 cori·

2183 3411 2250 3438 Plin.
2265 3419 2299 3442 11,
2313 3417 2345 3445 37
2365 3410 2410 3438 Al-

1370 3455 1456 3475 terum
1470 3448 1603 3478 sinum,in
1617 3457 1696 3482 quem
1709 3456 1740 3475 ex
1759 3457 1791 3477 eo
1806 3448 1942 3474 dimittunt
1961 3446 2133 3472 concoctione
2153 3453 2290 3473 maturata.
2340 3458 2343 3462 r
2362 3446 2409 3473 Di.

1370 3485 1475 3510 inittere
1489 3485 1514 3509 se
1529 3483 1556 3508 in
1569 3483 1665 3516 valleS,
1688 3486 1729 3509 vel
1742 3492 1834 3517 agmen
1855 3483 1882 3508 in
1894 3490 2006 3516 aequum
2037 3482 2108 3508 Caes.
2123 3482 2152 3508 B.
2167 3483 2196 3509 C.
2213 3490 2232 3513 1,
2245 3488 2288 3514 79.
2344 3481 2407 3508 Liu.

1371 3526 1399 3554 7,
1435 3540 1442 3546 .
1479 3538 1485 3545 .
1520 3518 1658 3552 Postquam
1672 3527 1758 3553 neque
1771 3519 1799 3545 in
1810 3526 1922 3551 aequum
1935 3517 2035 3547 dimitti
2049 3526 2143 3551 agmen
2155 3517 2231 3543 vidit.
2249 3528 2251 3531 ’
2304 3517 2410 3543 Permit-

1370 3562 1420 3581 tere
1434 3554 1518 3586 abire,
1541 3554 1632 3580 sinere.
1670 3553 1737 3580 Ter.
1745 3555 1809 3580 Eun.
1823 3563 1851 3586 4,
1859 3560 1886 3587 7,
1893 3562 1932 3585 44
1951 3552 2005 3578 Iam
2021 3553 2135 3579 Diinitto
2149 3551 2311 3578 exercitum?
2330 3558 2409 3580 'ri-m.

1519 3589 1559 3616 Sic
1572 3588 1639 3623 apud
1653 3589 1725 3615 Caes.
1741 3589 1768 3615 B.
1782 3590 1813 3615 G.
1829 3596 1854 3622 7,
1868 3595 1897 3621 71
1915 3588 2058 3614 Dimittere
2072 3589 2225 3623 equitatum.
2283 3586 2339 3613 Cic.
2354 3586 2408 3614 Off.

1371 3635 1392 3658 1,
1413 3628 1443 3658 36
1473 3626 1564 3658 Quin
1584 3630 1670 3649 autem
1691 3624 1823 3658 Pompilio
1848 3623 1986 3650 videretur
2011 3632 2089 3650 vnam
2111 3622 2243 3649 dimittere
2265 3621 2407 3656 legionem.

1367 3662 1521 3688 Contraria.-
1541 3659 1613 3686 Idem
1628 3661 1702 3685 Verr.
1718 3668 1741 3691 2,
1755 3662 1771 3686 6
1790 3660 1858 3685 cum
1871 3659 1978 3692 quaestu
1993 3657 2200 3693 compendioque
2214 3656 2334 3689 dimittit,
2351 3667 2409 3692 par-

1371 3697 1420 3723 tim
1434 3696 1538 3722 retinet.
1610 3695 1715 3728 Aequos
1733 3701 1758 3720 ct
1772 3694 1886 3727 placatos
1899 3695 2003 3729 aliquos
2017 3695 2150 3721 dimittere
2181 3691 2218 3718 Id.
2234 3693 2262 3719 in
2276 3693 2350 3719 Orat.
2365 3702 2407 3726 34.

1372 3732 1496 3766 Aliquem
1517 3740 1531 3757 a
1543 3731 1567 3756 se
1581 3729 1716 3756 dimittere
1747 3730 1802 3755 Cic.
1816 3729 1847 3754 de
1861 3730 1934 3756 Orat.
1958 3737 1977 3763 1,
1998 3732 2049 3756 126.
2117 3727 2240 3762 Aliquem
2259 3737 2317 3754 cum
2336 3728 2408 3755 bona

1960 3765 2083 3799 Aliquem
2100 3770 2160 3788 cum
2181 3772 2242 3797 pace
2263 3763 2407 3796 dimittere,

1602 3801 1639 3826 M.
1653 3799 1763 3826 Tullius
1784 3800 1816 3826 de
1835 3800 1936 3834 Repub.
1951 3809 1962 3827 1
1990 3799 2066 3826 Tum
2083 3799 2164 3824 annui
2183 3798 2326 3830 Consules,
2351 3805 2407 3825 tum

1373 3835 1466 3863 dimiffi
1481 3834 1581 3869 populo
1593 3835 1681 3865 fasces,
1695 3835 1762 3870 apud
1773 3836 1892 3862 Nonium
1906 3846 1935 3869 4,
1950 3843 1989 3868 133
2006 3837 2049 3870 qni
2063 3837 2243 3868 interpretatur
2256 3834 2409 3868 peruiitere,

1372 3873 1401 3899 in
1415 3871 1567 3906 potestatem
1580 3870 1649 3896 dare.
1692 3871 1778 3897 Verum
1792 3881 1839 3897 non
1853 3870 2013 3897 dubitandum
2026 3867 2075 3901 ‘st’
2087 3872 2146 3903 qum
2160 3869 2256 3895 ‘isdem
2269 3870 2352 3896 (ῘῘΟὛΟ
2365 3869 2409 3895 de*

1372 3908 1479 3934 mittere
1493 3907 1586 3936 fasces,
1606 3905 1670 3941 quod
1682 3908 1742 3932 aiiii
1758 3905 1791 3939 cst
1805 3907 1965 3933 submittere.
1980 3914 2005 3930 υ.
2019 3913 2045 3929 v.
2082 3906 2113 3929 Et
2124 3905 2173 3939 ipse
2191 3906 2288 3930 Nonius
2301 3912 2353 3931 toto
2366 3904 2408 3930 illo

1931 3937 2058 3966 Aculeum
2072 3939 2224 3971 dimittere,
2241 3940 2294 3966 vid.
2313 3947 2335 3966 Α
2346 3945 2362 3965 c
2375 3946 2408 3965 v-

2323 3980 2406 4002 LEVS.

1373 3802 1425 3828 vid.
1447 3808 1462 3827 P
1472 3808 1493 3827 A
1503 3808 1531 3827 x.

1809 2877 1829 2917 ff
1851 2889 1864 2906 2
1900 2883 1949 2907 Pro
1969 2882 2116 2907 alienatione
2128 2882 2155 2905 in
2169 2879 2238 2905 SCto
2258 2880 2323 2914 apud
2347 2879 2411 2907 Liu.
2455 2879 2458 2882 ’
