2479 4225
42 131 176 204 >¹25¹
450 149 487 188 D
578 149 611 189 E
697 149 741 189 Τ
1525 150 1564 190 D
1644 150 1678 189 E
1757 152 1800 191 T
2141 163 2210 200 125

48 226 50 228 ι
81 241 126 269 Sil.
141 247 178 275 17,
191 246 239 274 435
257 239 364 264 Adeone
377 236 506 264 Oenotria
526 237 601 263 tellus
617 236 768 264 Detestanda
781 236 850 268 fuit,
872 244 949 269 quam
967 245 1014 271 per
1032 237 1114 264 maria
1175 238 1280 268 tentus)
1304 235 1359 262 Cic.
1375 237 1426 264 Att.
1445 246 1471 270 3,
1492 246 1528 271 19.
1600 238 1690 265 Tacit.
1706 240 1771 266 Ann.
1791 248 1816 272 2,
1835 244 1879 273 69,
1896 251 1909 268 ε
1930 243 2042 272 Aduerso
2055 246 2208 274 Germanici

80 277 168 311 aspera
181 282 279 309 perque
292 275 396 299 Insanos
411 273 502 305 Tyrio
515 273 641 307 fugeretis
656 274 755 305 remige
776 271 885 297 linctus?
1176 271 1326 298 valetudine
1342 271 1470 299 detentus.

118 315 216 338 DETE
226 317 238 337 S
247 317 268 336 T
277 316 298 335 A
307 316 328 335 T
337 316 356 334 v
366 315 395 340 s,
413 317 437 340 a,
460 316 512 333 um,
550 309 641 335 Pal-(ic,
679 306 769 341 Pqffiue
781 315 810 331 ex
823 316 826 319 ⁴
841 309 904 331 rim:
914 308 1010 333 notione
1033 305 1114 333 Gaius
1212 313 1255 334 DE
1265 313 1287 333 T
1296 313 1313 333 Ε
1322 313 1344 334 N
1357 314 1378 334 T
1388 314 1428 335 Vs
1437 328 1446 341 ‚
1470 307 1507 335 sis.
1534 316 1568 334 m.
1604 307 1722 336 Tertull.
1735 309 1835 336 aducrs.
1850 312 1980 339 Valentia.
1997 324 2016 340 c.
2038 324 2063 340 “2
2081 317 2207 345 Detentui

80 346 158 374 Ictus
171 344 203 372 ad
216 345 246 371 L.
260 345 309 370 ΧΠ
322 343 470 370 tabularum
485 343 501 368 Ι.
516 349 559 374 235<
574 345 604 369 D.
617 344 648 369 dc
661 343 691 367 V.
705 339 766 402 512.
783 350 790 366 1
843 341 976 367 etesiarum
993 340 1027 366 est
1042 342 1114 368 testa·
1176 341 1317 368 obnoxius.
2036 333 2059 352 ὓ*

81 382 155 409 tione
173 379 362 411 denuntiatum.
598 387 610 404 2
645 378 715 403 Caes.
757 397 762 401 .
778 375 885 415 G³¹¹·.⁶›
901 384 925 408 31
957 377 1110 415 Catiuulcus
1135 381 1150 408 ς
1211 382 1439 409 ΒΕΤΕΝΤΙΟ,
1464 378 1530 404 onis.
1552 378 1571 404 f.
1608 379 1669 413 le.
1684 379 1700 404 1,
1714 380 1790 406 Vnica
1804 386 1866 406 um
1887 382 1946 416 Dig-
1961 383 1992 409 de
2004 385 2206 415 Rem-mmmm

81 431 126 437 .-
161 415 285 442 omnibus
302 414 394 449 pretiis
408 413 544 440 detestatus
560 421 569 441 A
583 411 755 445 mbiorigem,
773 411 820 444 qui
834 419 889 437 eius
904 412 1007 438 contilii
1019 412 1112 438 auftor
1176 420 1229 438 non
1242 413 1289 439 effe
1302 412 1423 446 iniquum
1435 411 1611 440 detentionem
1625 415 1758 440 seruitutis
1772 415 1838 441 dari.
2095 440 2098 443 ,

51 464 53 467 ⁴
80 451 181 481 fumet,
207 455 268 477 taxo
303 463 347 469 ——
383 449 408 475 se
426 450 592 476 exanimauit.
661 445 736 472 Reae
759 444 956 481 Memphi-astes,
977 447 1064 474 nolam
1080 449 1113 473 τέ
1209 455 1253 474 DE
1265 445 1443 480 ΤΕΝΤόΙὶ,
1467 449 1531 474 eris.
1558 458 1592 475 m.
1612 450 1629 476 1.
1644 459 1671 476 10
1694 450 1761 477 Cod.
1778 450 1850 476 Vndc
1865 451 1907 483 vi,
1932 452 2087 482 Posskffionis
2104 458 2205 484 alienae

81 485 241 520 ’Λμβιόρυγοε
267 483 423 514 κατησιίσατσ
446 485 570 519 και-νάρκη.
764 478 784 517 q
808 489 821 513 3
859 480 922 515 past:
945 483 1012 509 Hor.
1026 481 1077 509 Od.
1092 491 1112 515 1,
1173 482 1330 510 detentores.

81 529 102 552 ι,
115 529 150 554 24
168 521 240 547 Bella
253 509 379 546 matribus
395 519 522 545 detestata.
545 544 547 546 ,
590 516 646 542 Cic.
662 515 693 542 de
709 516 787 550 Legg.
804 524 828 548 z,
841 521 871 546 28
883 526 905 543 c.
921 526 942 543 11
974 519 1026 544 Ara
1038 523 1111 544 vetus
1210 523 1428 549 DETtTVL0‚
1459 522 1509 543 are.
1546 519 1672 546 Laudatur
1691 529 1720 546 cx
1748 521 1837 546 Iscano
1851 519 1923 547 ‹le-B.
1939 522 2021 549 Troi.
2059 544 2065 550 .
2102 546 2108 551 .
2143 528 2206 554 Pro-

78 556 127 583 ssat
162 571 207 576 —-
243 555 368 589 Esquiliis
380 555 464 581 Malae
479 555 607 580 Fortunae
622 551 767 578 Detestatae
788 560 828 577 ue.
1128 561 1158 579 ιο
1174 553 1247 588 priae
1262 553 1386 580 venditor
1398 552 1460 578 artis
1474 552 1601 579 Detitulat
1615 555 1712 581 titulos.

115 598 135 618 D
147 598 164 618 E
173 598 194 618 T
203 597 219 618 E
229 593 270 624 sz
279 596 300 617 A
309 589 371 617 81⁹1.
382 597 427 622 IS,
455 598 477 615 e.
512 585 571 613 Adi.
608 584 740 621 [βδελυρδς
748 609 755 620 ,
770 561 926 622 [immunde]
962 587 1029 614 Idem
1049 588 1113 623 quod
1212 595 1230 615 D
1239 596 1254 615 E
1264 595 1285 614 T
1294 595 1313 614 0
1322 595 1344 614 N
1354 595 1372 614 D
1381 595 1396 613 E
1405 594 1423 614 Ο
1434 607 1442 619 ,
1468 586 1504 618 di,
1525 588 1589 618 sum,
1608 593 1659 615 Cre.
1695 589 1826 625 [inonez'fw
1835 610 1842 623 ,
1862 591 1999 626 inoff-opio]
2038 594 2140 629 Ρνωζβσ
2153 603 2206 623 ton.

82 626 273 655 Abominabilis.
328 626 381 651 Cic.
394 624 504 657 Philipp.
518 630 543 653 z,
563 624 593 654 65
616 622 680 648 Non
692 628 717 647 te
730 621 903 648 execrandum
921 622 1022 657 Populo
1035 623 1113 649 Rom.
1174 623 1246 649 dere.-
1264 623 1384 650 tondendo
1398 622 1498 649 nudare.
1534 623 1663 650 Columel.
1678 633 1704 659 7,
1717 634 1735 658 4
1759 626 1790 653 Et
1803 626 1839 651 est
1857 627 1949 652 modus
1962 635 2077 661 optimus
2092 631 2207 658 conside-

80 671 136 689 non
149 659 325 688 detestabilem
335 681 342 692 ,
362 669 416 687 non
427 666 514 685 omnes
526 657 577 683 tibi
590 657 667 690 deos,
686 666 776 683 omnes
791 657 910 684 homines
924 664 948 684 et
960 658 1008 684 ess'e
1022 658 1111 686 inimi·
1174 667 1233 685 rare
1250 658 1412 693 tempestates
1423 677 1431 690 ,
1451 657 1547 691 quibus
1561 659 1618 684 ouis
1632 669 1715 693 neque
1729 660 1828 694 frigus,
1851 660 1868 686 fi
1884 661 1968 687 lanam
1981 663 2139 690 detraxeris:
2162 676 2206 693 ne-

79 706 141 730 tos,
171 702 196 723 et
209 697 312 722 futuros
326 696 395 722 scias.
450 692 521 719 Idem
535 692 617 718 Tusc.
639 701 660 724 3,
676 700 711 725 25.
782 694 844 726 Qio
858 692 1039 720 detestabilior
1051 694 1111 720 isto-
1172 702 1224 754 que
1239 693 1352 723 aestum,
1373 692 1390 718 si
1405 693 1522 719 nondum
1537 692 1697 724 detonderis.
1718 697 1819 723 sentiat.
1876 697 1975 723 Verum
1992 707 2071 732 quum
2087 709 2206 735 quaeque

78 741 138 759 rum
150 731 297 758 immanitas
311 732 357 766 qui
370 730 513 756 lacerarunt
526 728 600 753 omni
612 728 709 754 scelere
723 729 833 763 patriam
844 729 899 754 Cic.
907 728 959 754 Off.
974 737 994 761 1,
1004 736 1034 764 57
1042 738 1063 755 c.
1074 737 1110 763 17.
1129 734 1154 761 15
1191 730 1280 755 etonsa
1293 729 1358 760 erit,
1376 728 1439 762 vngi
1453 727 1529 754 debet
1545 729 1589 754 tali
1603 730 1782 758 medicamine.
1844 731 1994 759 Detondere
2007 734 2113 768 capillos
2137 737 2207 763 Mar-

78 767 159 795 Nihil
174 766 351 793 detestabilius
363 764 397 791 est
416 762 488 789 Idem
503 763 584 788 Tusc.
599 770 612 794 5
626 771 648 789 c.
662 771 700 789 22.
773 765 804 790 Et
816 762 928 797 Philipp.
948 772 969 796 1,
981 772 1007 796 33
1026 765 1111 791 Metui
1157 764 1229 790 -tiaL
1247 769 1269 796 8,
1284 772 1322 796 52.
1377 764 1503 789 Gramina
1518 763 1659 792 detondent
1672 775 1761 792 vaccae
1781 766 1884 793 Nemes.
1895 767 1947 794 Ecl.
1962 777 1980 800 1,
1994 777 2018 803 7.
2075 770 2207 798 Commi-1,

78 811 145 829 vero
157 803 224 829 etin
236 803 300 829 odio
312 801 374 832 ess‘e,
392 798 573 830 Inuidiosum,
594 798 762 832 detestabile,
782 798 955 831 imbecillum,
976 798 1108 826 caducum.
1171 809 1199 832 4,
1220 807 1258 830 23,
1276 807 1288 830 3
1322 798 1380 825 Nec
1399 798 1510 824 dubium
1531 800 1596 833 quin
1616 800 1645 826 fit
1664 801 1758 827 horum
1778 802 1954 835 virgultorum
1973 811 2065 831 natura
2085 806 2144 833 talis
2177 814 2207 834 vt

78 837 239 866 Detestabile
252 843 278 864 et
293 835 443 871 pestiferum
461 833 516 859 Cic.
529 833 560 859 de
574 833 673 860 Senec‘t.
689 843 729 868 41.
779 834 847 860 Suet.
862 834 889 860 in
899 834 1002 860 Neron.
1012 843 1053 867 c.5
1072 836 1109 862 Ex
1171 840 1270 868 quanto
1285 834 1413 860 maturius
1427 834 1531 860 detonsa
1545 834 1591 860 sint
1601 855 1608 867 ,
1629 836 1685 870 plus
1697 837 1836 862 materiae:
1856 845 1954 872 quanto
1968 840 2048 865 serius
2081 841 2138 874 plus
2151 826 2207 870 i‘ru-

77 873 193 901 Antonia
216 873 315 900 maiore
335 874 433 904 patrem
454 868 571 895 Neronis
589 870 759 903 procreauit,
778 869 852 895 omni
873 875 945 904 parte
958 870 1027 896 vitae
1041 870 1109 896 dete·
1172 869 1230 896 ftus
1244 869 1361 896 affertur.
1397 869 1465 895 Adal.
1479 869 1545 896 Cato
1560 871 1590 896 R.
1607 871 1637 897 R.
1650 880 1671 897 c.
1686 873 1728 902 96.
1748 877 1772 896 ct
1785 873 1871 897 Varro
1886 882 1907 905 2,
1923 884 1950 907 4,
1966 883 2004 907 14·
2055 860 2063 872 ³

76 908 204 935 stabilem.
256 909 339 934 Omen
348 903 497 931 detestabile
505 909 606 931 auertat
613 905 680 930 Deus
690 905 745 931 Cic.
755 904 904 939 Philipp.n‚
914 913 934 930 11
948 912 1000 937 c.5.
1035 905 1108 932 Idem
1124 914 1159 932 20
1177 937 1179 939 Υ
1213 911 1232 931 D
1245 911 1262 930 Ε
1277 910 1298 930 'r
1315 910 1334 930 0
1347 911 1369 930 N
1380 910 1421 930 SV
1431 912 1460 937 s,
1481 913 1505 936 a,
1526 914 1578 931 um.
1615 905 1707 932 Partic.
1744 906 1861 931 Detonfls
1873 910 1962 935 auctita
1977 910 2091 942 Cynthia
2104 913 2208 940 mannis

75 944 129 971 Off.
145 953 169 977 2,
184 946 211 970 16
222 953 243 970 c.
258 949 271 975 5
300 940 381 968 Nulla
394 945 447 965 tam
461 938 619 966 detestabilis
637 940 715 966 Pestis
728 939 779 972 est,
800 948 866 974 quae
881 949 934 966 non
953 939 1057 967 homini
1074 941 1106 967 ab
1171 940 1289 974 Propert.
1304 949 1330 974 4,
1344 944 1367 971 8,
1382 946 1414 972 15.
1485 940 1590 966 Detonsi
1603 941 1687 966 crines
1707 939 1861 967 Ouid.Fast.
1875 945 1900 974 6,
1911 952 1967 976 ²29·
2004 946 2153 974 Arboribus
2167 958 2208 975 re-

75 979 188 1006 homine
201 979 322 1013 nascatur.
392 975 477 1001 Scelus
507 974 546 1001 Id.
560 975 592 1001 de
604 976 710 1002 Amicit.
731 982 766 1009 27
788 984 810 1002 c.
834 980 855 1006 8.
926 975 1026 1002 Vmbra
1051 977 1108 1003 Sen.
1170 974 1253 1001 deunt
1265 975 1388 1000 detonsae
1402 975 1503 1009 frigore
1524 975 1631 1002 frondes
1662 974 1744 1001 Ouid.
1759 975 1823 1002 Fast.
1843 985 1866 1009 3,
1880 985 1935 1011 237.
2006 981 2149 1010 sicambria
2163 983 2208 1011 de-

75 1014 194 1047 Thyestc
207 1021 244 1045 23.
265 1010 351 1045 -Co‘nf-
365 1011 425 1052 Iziu.
441 1019 484 1043 29,
500 1017 537 1045 17.
1171 1012 1245 1037 tonsa
1264 1010 1356 1037 Claud.
1371 1010 1399 1036 in
1411 1011 1517 1045 Eutrop.
1535 1019 1554 1041 1,
1567 1015 1618 1042 383.

114 1057 132 1076 n
143 1055 210 1076 ETE
219 1055 231 1075 s
241 1053 290 1073 τΑ
299 1053 314 1073 Β
327 1045 361 1072 1⁰1.
372 1054 381 1072 1
393 1053 414 1073 ‘r
424 1052 440 1074 E
449 1053 477 1072 R.
515 1045 581 1073 Adu.
619 1045 694 1072 Idem.
728 1044 846 1072 Lauini.
867 1052 889 1078 ς,
910 1054 938 1072 ιο
999 1046 1053 1073 uod
1065 1057 1109 1074 ne-
1207 1053 1226 1072 D
1236 1051 1280 1072 ET
1290 1051 1310 1071 o
1321 1053 1342 1071 N
1351 1051 1364 1071 s
1374 1052 1408 1077 o,
1428 1049 1480 1072 are.
1517 1046 1657 1079 Frequcnt.
1679 1041 1753 1071 'Fab.
1766 1043 1855 1071 Pic'tor
1867 1045 1934 1079 apud
1945 1047 2011 1074 Geli.
2026 1057 2064 1082 10,
2077 1060 2101 1084 ις,
2120 1054 2208 1088 Capil-

78 1082 237 1119 farie,quod
256 1081 443 1108 detestabiliter
456 1081 527 1107 fecit.
1125 1088 1156 1114 25
1173 1081 1229 1108 lum
1241 1081 1340 1113 Dialis,
1361 1081 1408 1106 nisi
1422 1081 1469 1114 qui
1483 1080 1552 1107 liber
1563 1079 1645 1107 homo
1663 1079 1714 1112 est,
1733 1089 1786 1106 non
1800 1080 1926 1107 detonset.

105 1127 131 1147 -D
139 1125 184 1146 ΕΤ
193 1124 209 1145 Ε
218 1125 230 1144 s
240 1124 261 1144 Τ
270 1124 291 1144 A
301 1123 321 1142 Τ
331 1123 367 1143 10
375 1136 384 1149 ‚
403 1116 472 1143 onis.
490 1117 510 1143 f.
547 1113 700 1150 [βδελυρία]
735 1116 901 1143 Abominatio.
948 1116 1013 1143 Plin.
1029 1125 1063 1150 15,
1076 1126 1108 1150 30
1177 1125 1181 1128 ·
1210 1123 1228 1144 D
1237 1123 1254 1142 E
1265 1123 1286 1143 Τ
1295 1115 1314 1143 ὁ
1324 1123 1345 1142 Ν
1356 1122 1375 1142 O
1384 1135 1391 1147 ,
1409 1116 1447 1148 ui,
1468 1120 1520 1142 are.
1556 1114 1769 1150 [uaraCfom-x'w]
1804 1116 1937 1148 Quaerit.
1953 1124 1990 1149 12,
2006 1126 2022 1150 9
2040 1118 2109 1146 Nam
2124 1131 2207 1155 quum

75 1155 174 1183 Laurus
187 1151 292 1188 quidem
313 1152 450 1178 manifesto
464 1152 567 1178 abdicat
587 1152 658 1185 ignes
674 1152 775 1185 crepitu
788 1157 814 1178 et
831 1152 942 1186 quadam
961 1151 1109 1179 detestatio-
1171 1151 1218 1179 illa
1237 1151 1342 1178 dicendi
1361 1151 1456 1178 vitiosa
1477 1150 1586 1177 iactatio
1611 1151 1680 1177 inter
1700 1150 1832 1184 plausores
1852 1152 1912 1177 suos
1933 1151 2069 1186 detonuit,
2094 1158 2207 1192 resurgit

76 1200 124 1222 ne,
140 1190 334 1216 interaneorum
351 1188 431 1214 etiam
450 1188 516 1214 vitia
533 1192 558 1213 et
571 1195 715 1213 neruorum
730 1187 803 1221 ligno
822 1193 972 1222 torquente.
1028 1189 1109 1215 Scele-
1169 1196 1233 1214 vera
1247 1194 1272 1213 et
1284 1187 1391 1213 virtutis
1405 1187 1504 1213 sortior
1517 1186 1594 1212 fama.
1667 1185 1752 1212 Valet.
1770 1187 1865 1220 Argon.
1880 1196 1907 1220 4,
1925 1196 1968 1220 293
2004 1188 2081 1215 Illum
2095 1191 2209 1226 inspera-

75 1224 191 1253 ratiffimi
206 1223 322 1250 hominis
331 1222 466 1249 detestatio
483 1222 600 1249 Macrob.
614 1225 673 1256 6‚7.
708 1224 745 1248 De
758 1223 976 1256 legeillasacrata.
1013 1224 1108 1250 Samni-
1169 1228 1196 1249 ta
1213 1222 1350 1249 turbatum
1372 1222 1464 1249 fraude
1488 1221 1622 1248 furentem
1663 1220 1804 1247 Oebalides
1830 1222 1915 1256 prima
1930 1223 2029 1258 refugit
2050 1225 2113 1252 dum
2136 1227 2210 1255 dero.

75 1263 137 1288 tium
151 1267 173 1287 et
186 1259 311 1286 horribili
327 1259 484 1285 sacramento
501 1259 642 1289 Liu.10,38
661 1257 824 1284 primoribus
837 1258 993 1285 Samnitium
1002 1267 1030 1285 ea
1038 1259 1108 1286 dete·
1121 1265 1154 1290 30
1170 1263 1214 1284 nat
1232 1259 1283 1284 Ira.
1977 1257 1980 1260 '

74 1295 184 1324 statione
191 1294 330 1320 obstrictis.
373 1295 422 1321 Pro
431 1293 607 1333 Deteitati011e
616 1293 740 1320 scelerum
751 1302 821 1333 aram
828 1295 977 1321 consecrare
995 1295 1050 1329 Cic.
1060 1304 1108 1330 pro
1208 1300 1226 1319 D
1235 1300 1252 1320 E
1261 1300 1282 1320 Τ
1292 1299 1339 1332 01<
1348 1300 1370 1319 N
1380 1299 1399 1320 Ο
1408 1313 1416 1325 ,
1434 1297 1486 1319 Ere.
1524 1291 1655 1327 [τορνεῦω]
1692 1291 1760 1318 Idem
1775 1293 1839 1328 quod
1854 1293 1982 1326 Torum,
1996 1294 2021 1329 s
2036 1296 2157 1323 tornando
2171 1298 2209 1334 es.

75 1331 162 1359 Domo
170 1330 212 1356 sua
224 1338 270 1363 140
277 1339 298 1356 c.
307 1337 342 1362 55.
366 1329 530 1360 -Detestatto,
544 1328 642 1355 auctore
656 1329 730 1355 Festo
737 1328 882 1362 dicebatur,
895 1339 976 1364 quum
990 1330 1059 1356 Deus
1071 1336 1109 1357 te.
1166 1328 1249 1365 ficere.
1285 1328 1351 1354 le.
1366 1336 1399 1363 13,
1413 1337 1430 1361 9
1451 1329 1488 1354 Ex
1501 1337 1555 1362 quo
1571 1327 1673 1354 velares
1687 1327 1825 1354 detornant
1838 1329 1956 1355 annulos.

74 1367 118 1394 stis
127 1367 153 1392 in
160 1365 318 1392 deteriorem
327 1371 426 1399 partem
439 1364 592 1397 vocabatur,
613 1364 664 1390 vid.
683 1370 894 1391 οΒΤΕςΤΑἰἾο.
965 1363 984 1401 q
1002 1374 1014 1390 2
1033 1366 1110 1392 Dete·
1209 1371 1227 1391 D
1239 1370 1285 1391 ΕΤ
1295 1371 1400 1391 ORNA
1410 1370 1499 1395 TVS,
1518 1372 1542 1395 a,
1558 1372 1612 1389 um.
1637 1363 1731 1389 Partic.
1768 1364 1881 1399 Metaph.
1909 1363 1976 1391 Gell.
1990 1373 2017 1398 9,
2031 1370 2044 1395 8
2064 1367 2211 1397 Detornata

74 1401 166 1433 statio,
184 1399 240 1433 teste
260 1400 362 1435 leian.
376 1400 392 1427 l.
407 1409 443 1433 40
458 1400 490 1426 de
506 1401 535 1426 V.
549 1400 572 1426 S.
585 1398 618 1433 est
630 1399 797 1426 denuntiatio
811 1400 878 1426 faeta
891 1409 950 1426 cum
963 1400 1109 1428 testatione.
1167 1397 1298 1426 *sententia
1310 1405 1336 1426 et
1348 1399 1437 1426 verbis
1450 1399 1557 1425 inclusa.

73 1438 143 1467 Hinc
155 1436 298 1471 explicanda
312 1436 454 1467 Detestatio
467 1437 614 1468 sacrorum,
633 1442 766 1461 memorata
784 1436 851 1462 Gell.
867 1444 900 1468 15,
915 1445 948 1470 27
968 1436 1052 1462 Isdem
1068 1446 1109 1464 co·
1126 1439 1154 1466 3⁵
1171 1438 1173 1440 ’
1209 1441 1398 1471 DETORQV
1409 1441 1449 1461 EO
1459 1454 1467 1466 ‚
1487 1433 1515 1466 fi,
1541 1440 1607 1466 tum,
1634 1436 1686 1460 Ere.
1722 1429 1928 1469 [καταπέμπει-ω,
1944 1437 2094 1471 'racemos-ew]
2128 1440 2210 1476 Dqfle-

73 1472 172 1504 mitiis,
198 1480 264 1505 quae
284 1471 366 1498 calata
386 1471 511 1506 appellari
531 1471 662 1502 diximus,
686 1471 818 1498 sacrorum
840 1470 977 1498 detestatio
998 1478 1022 1498 et
1036 1473 1110 1499 testa·
1171 1470 1252 1504 Here,
1267 1471 1391 1506 Torquere
1403 1472 1430 1495 in
1444 1471 1518 1496 aliam
1526 1476 1634 1504 partem.
1671 1469 1800 1496 Columel.
1815 1477 1837 1503 5,
1854 1472 1871 1495 6
1891 1470 1938 1496 Sed
1954 1470 2017 1496 haec
2033 1472 2117 1499 vlmus
2134 1482 2211 1502 autu-

72 1515 160 1534 menta
171 1507 231 1537 fieri
251 1507 375 1534 solebant.
430 1508 539 1542 Scaliger
563 1506 596 1532 ad
614 1506 717 1532 Festum
735 1516 760 1532 v.
781 1507 842 1533 Puri
857 1507 1052 1542 perimendorum
1067 1509 1111 1544 fiz-
1171 1507 1229 1533 mni
1242 1514 1360 1540 tempore
1374 1505 1468 1531 melius
1483 1514 1561 1540 quam
1574 1513 1636 1530 vere
1649 1504 1814 1538 disponitur,
1834 1505 2022 1540 paullatimque
2041 1509 2139 1535 ramuli
2151 1512 2210 1536 eius

70 1552 168 1569 crorum
181 1545 300 1569 rationem
307 1543 422 1577 putabat.
456 1544 493 1569 At
506 1541 605 1568 uidetur
616 1544 682 1568 ratio
690 1542 828 1576 perimendi·
841 1544 918 1578 sacra
931 1552 978 1569 non
991 1544 1112 1580 antiquis.
1171 1551 1251 1577 manu
1271 1540 1469 1575 detorquentur.
1540 1539 1655 1565 Detorlit
1673 1547 1687 1565 a
1707 1540 1788 1565 latere
1807 1549 1835 1565 ιιι
1855 1539 1972 1567 dextram
1985 1547 2086 1575 partem
2105 1545 2160 1570 Cic.
2176 1545 2211 1572 de

64 1577 138 1612 fimis
150 1577 296 1612 temporibus
311 1581 337 1603 in
358 1581 466 1605 comitiis
479 1578 613 1613 usurpata,
625 1577 674 1612 μά
685 1587 699 1603 a
714 1577 827 1603 ICtorum
846 1578 939 1604 deinum
952 1581 1060 1613 ingeniis
1073 1588 1110 1605 re·
1170 1577 1292 1603 Vniuers.
1305 1584 1338 1602 22.
1357 1585 1379 1601 c.
1393 1583 1418 1609 7.
1489 1574 1555 1600 Plin.
1568 1579 1609 1606 28,
1622 1579 1635 1603 8
1672 1575 1763 1607 Qunn
1782 1575 1885 1608 fugiant
1903 1583 2057 1609 venantem,
2077 1578 2210 1606 declinare

67 1620 151 1649 perta.
189 1615 273 1649 Igitur
287 1615 322 1640 Ic.
338 1615 393 1640 Geo.
415 1615 534 1639 Graeuius
542 1612 654 1648 praefat.
669 1612 703 1638 ad
714 1613 782 1639 Tom.
796 1623 815 1638 1.
832 1614 893 1639 Ant.
906 1614 974 1639 Rom.
988 1617 1109 1648 interpre-
1121 1611 1204 1642 40nad
1225 1611 1351 1637 dextram.
1389 1610 1511 1644 Etpauzlo
1521 1608 1593 1644 post,
1620 1610 1654 1634 At
1674 1609 1692 1634 li
1710 1610 1811 1635 laeuam
1830 1609 1985 1641 detorserit,
2005 1611 2150 1639 deficientis
2169 1623 2209 1641 ar.

72 1655 142 1675 tatur
155 1648 361 1675 denuntiationem
373 1648 456 1675 heredi
460 1646 572 1684 fabiam,
592 1653 620 1673 vt
627 1647 703 1682 sacra
705 1647 836 1682 figscrpjat.
873 1647 920 1674 Sed
933 1657 959 1673 ea
971 1648 1037 1674 nihil
1050 1655 1109 1683 opus
1171 1652 1324 1681 gumentum
1344 1646 1401 1673 esse.
1473 1645 1611 1671 Ceruicem
1631 1643 1662 1669 ad
1682 1645 1770 1669 oscula
1794 1644 1862 1670 Hor.
1877 1644 1927 1670 Od.
1941 1652 1965 1675 2,
1982 1653 2016 1677 12,
2030 1653 2069 1678 25.
2143 1649 2211 1676 Cor-

67 1683 147 1720 furjsle
157 1683 271 1716 videtur,
291 1694 344 1710 cum
358 1682 494 1717 constantis
512 1690 534 1708 et
542 1685 656 1717 perpetui
676 1685 740 1708 iuris
750 1683 837 1717 suerit
857 1687 965 1708 transire
971 1683 1047 1718 sacra
1059 1693 1110 1713 vna
1170 1690 1221 1708 nua
1235 1687 1406 1707 antennarum
1420 1685 1561 1714 torquere,
1573 1685 1596 1704 et
1609 1679 1788 1712 Detorqucre‚
1801 1681 1944 1705 contraria:
1965 1680 2040 1714 Virg.
2054 1683 2119 1708 Aen.
2134 1691 2155 1716 ς,
2170 1689 2210 1716 831

67 1727 128 1745 ·cum
144 1719 293 1750 hereditate,
312 1728 384 1754 neque
403 1726 462 1753 opus
480 1718 537 1744 adeo
544 1718 642 1753 fuerit,
654 1718 778 1751 peculiari
789 1720 945 1744 caerimonia.
1001 1719 1112 1743 Maxime
1170 1718 1227 1742 Vna
1240 1716 1321 1743 ardua
1335 1722 1377 1741 tor
1396 1720 1458 1741 uent
1489 1715 1612 1745 Cornua,
1626 1713 1852 1747 detorquentque‚
1867 1714 1956 1740 ferunt
1975 1716 2018 1741 sua
2030 1717 2135 1744 flamina
2149 1720 2210 1746 clas-

73 1757 155 1789 igitur
164 1753 301 1789 probabilis
315 1754 541 1789 videtui-fintentia
554 1752 687 1783 Christian.
707 1753 782 1778 Gottl.
804 1752 963 1786 §chusai-zu,
984 1753 1109 1784 peculiari
1171 1752 1232 1776 scm.
1302 1752 1360 1785 Cic.
1394 1759 1407 1776 e
1422 1750 1480 1776 Fin.
1494 1758 1517 1782 3,
1531 1755 1559 1782 17
1574 1758 1594 1774 c.
1610 1756 1623 1780 3
1653 1749 1732 1782 Aptas
1750 1749 1826 1774 malit
1845 1755 1870 1775 et
1890 1749 2003 1783 integras
2020 1759 2110 1779 omnes
2123 1761 2210 1788 partes

73 1789 238 1823 disputatione
256 1788 396 1822 propostta‚
417 1788 612 1814 detestationem
632 1787 764 1811 sacrorum
784 1784 827 1816 effi
847 1785 913 1810 nih-il
930 1786 1016 1816 aliud,
1035 1794 1107 1820 quam
1124 1789 1157 1815 45
1170 1786 1303 1818 corporis,
1315 1794 1393 1819 quam
1408 1785 1501 1811 eodem
1516 1784 1562 1810 vsu
1576 1783 1727 1809 imminutas
1742 1789 1768 1810 et
1779 1784 1892 1810 detortas
1910 1784 2015 1812 habere.
2058 1789 2154 1815 Cursus
2166 1791 2211 1816 de-

73 1824 151 1857 ipsam
164 1822 230 1847 illam
238 1823 362 1855 publicam
376 1821 607 1849 consecrationem,
619 1819 674 1852 fine
685 1828 731 1852 qua
744 1819 843 1843 sacrum
850 1818 913 1853 ficri
924 1819 991 1845 nihil
998 1826 1108 1854 poterat.
1169 1825 1294 1853 torquere
1309 1820 1342 1846 ad
1362 1820 1477 1854 aliquem
1502 1819 1577 1853 Virg.
1589 1819 1653 1844 Aen.
1669 1830 1697 1852 4,
1712 1821 1765 1852 196.
1835 1819 1922 1846 Labra
1942 1820 2050 1848 dicentis
2069 1833 2101 1849 ne
2123 1824 2212 1852 detor-

46 1871 48 1873 >
71 1859 142 1885 Sicut
162 1865 218 1890 ergo
236 1858 381 1890 arrogatio,
394 1855 462 1888 ficut
482 1855 616 1880 translatio
633 1853 747 1878 bonorum
767 1852 801 1878 ad
818 1853 917 1879 herides
935 1853 993 1886 teste
1007 1857 1107 1890 populo,
1170 1860 1301 1889 queantur
1315 1855 1443 1887 Quinctil.
1458 1864 1477 1887 1,
1492 1864 1522 1882 11.
1594 1853 1635 1880 Ab
1647 1855 1739 1889 aliquo
1754 1855 1845 1881 lumen
1865 1855 2024 1889 detorquere
2044 1859 2124 1885 Ouid.
2144 1861 2210 1887 Met.

72 1901 140 1928 quem
153 1889 362 1921 detestabantur,
379 1892 397 1915 i.
410 1888 481 1915 valde
500 1887 665 1921 testabantur,
685 1885 885 1920 antestabantum
903 1892 930 1914 in
942 1893 1055 1916 concione
1062 1897 1108 1926 po·
1170 1893 1196 1922 6,
1210 1897 1257 1923 515.
1327 1890 1425 1916 Oculos
1439 1890 1596 1925 detorquere
1613 1889 1645 1915 ad
1658 1889 1739 1916 vndas
1754 1890 1839 1916 Valer.
1853 1891 1953 1923 Argon.
1967 1899 1986 1923 1,
2000 1900 2054 1919 120.
2109 1895 2139 1921 Se
2154 1896 2209 1922 alio

65 1928 125 1964 puli
134 1926 190 1960 fieri
201 1925 298 1951 debebat
306 1935 316 1954 ,·
339 1934 354 1951 α
368 1933 413 1960 quo
434 1924 584 1951 testamenta
603 1922 672 1949 dicia
679 1923 755 1958 finit:
774 1922 813 1956 fic
826 1927 900 1949 etiam
915 1924 1050 1952 declaratio
1063 1926 1108 1952 illa
1168 1928 1280 1960 “prauum
1293 1925 1452 1961 detorquere
1465 1927 1533 1952 Hor.
1548 1926 1598 1951 Sat.
1613 1933 1636 1956 2,
1650 1933 1672 1956 2,
1685 1927 1724 1957 56.
1796 1925 1874 1951 Viam
1886 1925 2045 1960 detorquere
2059 1928 2091 1954 ad
2104 1938 2209 1957 amnem

72 1963 101 1989 de
118 1962 188 1988 bonis
205 1960 382 1996 quibuscunque
394 1960 538 1996 sacrandis.
582 1958 639 1985 isid.
669 1965 817 1985 DETEST
828 1965 874 1985 OR
896 1968 921 1985 n.
940 1968 958 1985 1.
996 1966 1109 1988 DETE·
1128 1967 1160 1992 50
1170 1961 1260 1987 Valer.
1272 1961 1370 1994 Argon.
1388 1968 1409 1993 5,
1424 1969 1480 1994 397.
1531 1961 1696 1993 Detorquere
1712 1959 1808 1986 vulnus
1827 1960 1924 1993 Virgil.
1937 1961 2001 1987 Aen.
2021 1970 2047 1994 9,
2065 1966 2125 1996 346·
2161 1968 2210 1992 per

72 2006 87 2026 s
97 2003 177 2024 TAN
186 2002 205 2022 D
216 2003 236 2021 v
246 2003 258 2021 s
279 2005 304 2022 n.
320 2003 330 2021 ι
356 1998 386 2021 it.
414 2002 432 2022 D
444 2003 461 2022 E
470 2003 492 2022 T
501 2002 539 2022 Es
549 2002 628 2022 TAT
637 2001 657 2020 v
667 2001 679 2020 s
699 2003 724 2020 n.
738 2003 756 2020 1.
810 1992 894 2028 Affine
908 1993 941 2026 est
953 1995 1018 2021 illud
1048 1996 1107 2023 Sen.
1168 1997 1371 2022 translationem:
1389 1996 1445 2022 Cic.
1459 1995 1510 2022 Off.
1522 2003 1548 2027 2,
1562 2002 1593 2029 37
1607 2003 1628 2022 c.
1644 2003 1672 2020 ιο
1690 1994 1761 2021 Nam
1773 2001 1800 2020 et
1813 1995 1959 2028 voluptates
1973 1995 2149 2026 blandiffimae
2162 2001 2210 2028 do-

71 2032 152 2068 Epist.
167 2039 209 2066 117
239 2031 267 2057 de
281 2037 338 2058 voto
358 2031 453 2066 nescio,
473 2034 559 2063 cuius,
580 2032 619 2057 Ita
631 2038 708 2064 quam
723 2030 839 2064 primum
854 2030 966 2056 moriar!
988 2030 1108 2058 Imbecil-
1170 2031 1274 2063 minae,
1293 2031 1365 2065 saepe
1379 2031 1491 2057 maiores
1505 2036 1588 2064 partes
1602 2029 1685 2055 animi
1700 2038 1715 2055 a
1727 2030 1827 2055 virtute
1840 2029 2007 2065 detorquent.
2080 2034 2146 2062 Plin.
2161 2037 2211 2071 Ep.

72 2069 113 2096 lae
129 2068 222 2094 mentis
235 2067 282 2093 ista
294 2068 352 2093 sunt
365 2066 461 2100 verba,
486 2073 512 2093 et
531 2066 578 2092 hac
591 2065 761 2105 detestatione
780 2065 989 2092 misericordiam
1007 2073 1109 2102 captan-
1169 2075 1189 2097 ι,
1204 2072 1216 2096 8
1254 2068 1340 2100 Atque
1359 2075 1388 2092 ea
1409 2066 1515 2092 demum
1532 2063 1694 2105 reete-satim
1712 2064 1800 2090 minus
1820 2064 2008 2099 detorquemus
2026 2072 2052 2094 et
2068 2072 2209 2105 carpimus,

73 2105 121 2132 ¹1⁵³
139 2106 156 2129 ‘'-
170 2100 334 2143 obtestatione.
508 2099 528 2138 ff
547 2110 558 2133 3
594 2100 754 2133 Detestatffl,
783 2099 892 2134 Testium
905 2101 1027 2138 absctffio:
1054 2103 1109 2129 Vti-
1170 2111 1237 2136 quae
1263 2102 1290 2127 in
1315 2101 1473 2140 obscuritate
1491 2106 1516 2125 et
1535 2100 1637 2138 lilentio
1654 2105 1799 2133 ponuntur.
1825 2134 1832 2139 ·
1870 2101 2001 2141 Columel.
2020 2111 2042 2135 3,
2057 2112 2085 2130 10
2122 2107 2211 2142 Atque

74 2147 118 2169 tur
136 2139 260 2173 Apuleius
274 2138 339 2164 Met.
354 2144 372 2171 7
385 2146 409 2172 p.
423 2141 467 2171 148
486 2138 552 2164 Prie.
952 2141 959 2150 Χ
1125 2140 1153 2167 55
1169 2137 1234 2163 haec
1245 2142 1270 2162 et
1284 2136 1392 2162 forfitan
1405 2135 1524 2170 pluribus
1538 2133 1608 2160 dicia
1621 2135 1690 2167 sunt,
1698 2143 1775 2170 quam
1791 2135 1912 2169 exigebat
1924 2144 1993 2163 ratio
2007 2140 2141 2167 veritatis:
2159 2143 2210 2169 mi-

110 2180 228 2202 DETEs
240 2179 261 2198 'r
273 2179 324 2199 AT
335 2178 354 2198 0
365 2179 401 2206 R,
427 2172 491 2199 oris.
515 2182 552 2199 m.
587 2171 695 2199 Caffiod.
710 2172 788 2206 Epist.
804 2180 858 2206 reg.
874 2181 894 2204 1,
908 2180 927 2204 4
960 2172 1109 2199 Detessator
1169 2181 1217 2198 nus
1232 2177 1320 2197 tamen
1333 2171 1425 2197 multis
1444 2179 1523 2204 quam
1537 2169 1683 2204 postulabat
1695 2179 1776 2204 praue
1791 2170 1894 2198 detorta
1913 2178 1939 2198 et
1957 2173 2102 2202 inueterata
2115 2178 2210 2212 opinio

75 2209 211 2237 criminis:
228 2214 331 2235 amator
343 2208 489 2243 aequitatis.
560 2208 593 2234 Et
604 2207 714 2234 Tertul.
727 2207 828 2234 aduers.
842 2208 923 2234 Marc.
937 2216 965 2241 4,
979 2216 1013 2243 27
1032 2208 1108 2235 Dete·
1168 2207 1338 2269 rustffcorum.
1409 2205 1528 2233 FleEtere
1547 2211 1573 2232 ct
1591 2205 1750 2241 detorquere
1768 2206 1933 2234 voluntatem
1951 2208 2062 2236 alicuius
2089 2213 2144 2239 Cic.
2159 2223 2209 2248 pro

67 2245 154 2273 “stator
167 2245 192 2271 le
211 2244 240 2271 is.
664 2244 665 2248 ’
1169 2244 1221 2270 Cae
1236 2243 1263 2269 io
1279 2251 1318 2269 22.

107 2253 209 2307 Dari}
215 2286 278 2311 xo,
295 2279 334 2312 ui,
349 2284 416 2312 tum,
435 2280 487 2305 ere.
523 2278 677 2312 [nm-ocum,
697 2279 812 2315 περαὲνω]
852 2278 967 2305 Texendo
980 2278 1109 2315 absoluere.
1203 2285 1276 2305 DET
1287 2283 1432 2308 olm-vs,
1451 2286 1483 2309 a,
1504 2285 1558 2303 um.
1586 2275 1678 2302 Partic.
1697 2276 1751 2302 vid.
1765 2276 1854 2312 supra.
1877 2278 1933 2304 Cic.
1949 2278 1981 2305 de
1995 2279 2052 2306 Fin.
2067 2289 2090 2313 3,
2103 2289 2133 2316 17
2150 2292 2171 2309 c.
2187 2291 2210 2316 ς,

72 2316 203 2343 Detexere
216 2314 307 2346 telam,
322 2321 372 2350 pro
389 2314 502 2341 Texendo
516 2314 630 2350 adfinem
638 2314 772 2350 perducere
797 2314 879 2340 Plaut.
892 2314 983 2341 Pseud.
1005 2323 1024 2347 1,
1039 2324 1067 2348 4,
1081 2323 1107 2349 7.
1118 2318 1152 2342 60
1168 2313 1300 2341 Columel.
1312 2322 1335 2345 3,
1351 2322 1387 2339 10.
1424 2312 1492 2340 Adel.
1507 2311 1583 2346 Apul.
1597 2312 1662 2338 Met.
1676 2319 1689 2344 ς
1702 2321 1726 2346 p.
1742 2315 1784 2343 163
1811 2312 1916 2340 Detorti
1928 2314 2016 2348 digiti.
2029 2322 2051 2341 et
2063 2317 2131 2344 Hor.
2146 2320 2211 2345 Arte

73 2351 148 2385 Vir-g.
163 2351 215 2377 Ecl.
228 2358 254 2383 2,
267 2358 296 2385 71
323 2351 397 2383 Qiin
412 2356 439 2377 tu
453 2350 554 2384 aliquid
571 2351 674 2381 saltem,
694 2351 782 2385 potius
795 2359 909 2384 quorum
925 2349 1027 2384 indiget
1040 2351 1108 2383 vsus,
1169 2348 1240 2377 Poet.
1256 2358 1283 2382 53
1314 2348 1401 2375 Verba
1425 2356 1502 2382 parce
1525 2348 1636 2374 detorta.
1673 2347 1746 2383 Conf.
1762 2347 1853 2374 Tacit.
1867 2349 1941 2375 Orat.
1954 2355 1994 2382 28,
2006 2359 2032 2383 9.
2070 2353 2142 2378 Ouod
2159 2354 2210 2380 Dc-

73 2386 226 2413 Viminibus
235 2405 242 2416 ,
260 2386 391 2420 mollique
403 2394 476 2420 paras
496 2386 615 2413 detexere
628 2387 724 2412 iunco?
794 2386 876 2413 Tunc
890 2385 985 2412 fiscella
998 2386 1051 2412 leui
1065 2386 1108 2412 de·
1168 2386 1238 2412 torsa
1250 2384 1396 2419 laudabatur
1407 2392 1435 2410 ex
1449 2383 1554 2410 Sueton.
1563 2383 1646 2409 Galba
1658 2391 1679 2409 c.
1688 2391 1717 2409 10
1732 2383 1768 2409 ibi
1779 2383 1890 2410 Detorsa
1904 2383 1953 2418 est,
1966 2395 2051 2412 nomen
2069 2378 2140 2413 orbis
2159 2390 2208 2415 Hi-

72 2426 142 2449 texta
155 2421 191 2448 est
203 2421 303 2448 vimine
316 2421 389 2447 iunci
409 2421 550 2454 Tibull.2,
559 2430 581 2454 3,
597 2429 621 2454 15
641 2421 763 2448 Brouckh.
835 2421 890 2447 Cic.
906 2421 938 2446 de
952 2422 1026 2448 Orat.
1034 2430 1057 2454 2,
1067 2426 1107 2454 158
1163 2421 1265 2457 spanae.

72 2466 94 2484 c.
107 2463 133 2490 38
154 2457 185 2483 Et
198 2457 230 2483 ad
252 2462 398 2483 extremum
417 2456 463 2491 ipsi
477 2458 502 2482 se
515 2463 695 2491 compungunt
712 2458 763 2483 suis
783 2456 965 2488 acuminibus,
985 2463 1011 2482 et
1025 2457 1108 2482 multa
1204 2462 1223 2482 D
1233 2462 1249 2482 E
1258 2463 1279 2482 T
1289 2461 1308 2481 0
1317 2461 1386 2481 RRE
1396 2461 1414 2481 Ο
1423 2474 1431 2487 ,
1452 2457 1504 2480 ἔτε-
1540 2453 1660 2480 Inuidiae
1674 2454 1777 2480 flamma
1790 2463 1832 2480 me
1846 2455 1976 2480 detorruit
1989 2454 2077 2481 Sidon.
2087 2456 2131 2491 Ep.
2147 2466 2168 2490 1,
2180 2466 2208 2494 7.

73 2492 223 2527 quaerendo
242 2493 392 2526 reperiunt,
409 2501 463 2518 non
478 2491 559 2518 modo
573 2501 601 2518 ea
611 2513 619 2525 ‚
634 2501 700 2527 quae
713 2492 766 2518 iam
779 2501 833 2518 non
847 2491 937 2526 possint
955 2491 1001 2525 ipfi
1020 2491 1107 2518 diffol-
1123 2490 1154 2522 65·
1204 2497 1249 2517 DE
1259 2497 1279 2516 Τ
1290 2497 1411 2523 RAHO,
1432 2490 1476 2522 xi,
1495 2489 1582 2521 chun,
1603 2491 1655 2515 ere.
1693 2489 1845 2523 [nadaiqs'ffi
1864 2489 1986 2522 α’φαιρέω]
2021 2491 2141 2525 Auferre,
2149 2503 2207 2528 quo-

30 2546 32 2548 ψ
75 2536 154 2560 vere,
177 2527 220 2554 sed
232 2528 311 2553 etiam
330 2527 426 2561 quibus
444 2533 504 2553 ante
523 2529 627 2559 exorsa,
652 2528 694 2554 vel
713 2528 801 2562 potius
824 2527 927 2553 detexta
954 2535 1036 2561 prope
1068 2536 1109 2554 re-
1168 2535 1260 2562 cunque
1280 2526 1349 2552 modo
1368 2526 1458 2551 tollere.
1495 2525 1562 2550 Ter.
1578 2525 1641 2549 Eun.
1654 2532 1682 2555 42
1696 2533 1722 2555 4>
1737 2532 1773 2555 40
1798 2523 1940 2549 Chaerean’
1958 2530 2029 2550 tuam
2050 2527 2148 2554 vestem
2163 2529 2207 2556 de.

75 2567 204 2592 texantur.
241 2562 282 2588 Ab
297 2563 408 2589 exordio
421 2562 523 2597 aliquid
538 2562 661 2589 detexere
680 2563 780 2589 Auctor
792 2562 825 2589 ad
838 2564 936 2588 Heren.
951 2571 972 2593 2,
985 2571 1019 2595 42
1034 2572 1053 2588 c.
1067 2571 1107 2597 27.
1169 2562 1249 2588 traxit
1263 2561 1331 2587 tibi?
1383 2562 1439 2586 Cic.
1449 2559 1481 2586 ad
1496 2560 1548 2592 Ql.
1558 2560 1640 2584 Fratr.
1656 2566 1675 2588 ι,
1691 2565 1713 2588 2,
1730 2565 1745 2582 2
1769 2557 1850 2584 Illum
1864 2567 1967 2585 crucem
1983 2559 2030 2586 tibi
2047 2561 2131 2595 ipsum
2145 2573 2208 2590 con-

67 2606 102 2624 ‘ex
113 2605 162 2625 vet.
176 2600 243 2625 Poe't.
313 2598 394 2625 Plaut.
409 2598 498 2625 Pseud.
516 2607 537 2630 1,
555 2609 583 2633 4,
604 2605 621 2633 7
652 2599 748 2633 Neque
768 2594 887 2625 exordiri
904 2598 1020 2632 primum
1039 2599 1107 2624 vnde
1169 2597 1285 2628 (timere,
1299 2604 1330 2621 ex
1343 2604 1394 2629 qua
1409 2597 1436 2620 tu
1452 2598 1510 2619 eum
1524 2598 1597 2631 ant—ca
1611 2592 1765 2631 detraxisses.
1837 2593 1981 2620 Detrahere
1995 2596 2138 2624 amiculum
2148 2600 2206 2626 Cic.

74 2633 186 2668 occipias
199 2632 293 2665 habes,
312 2634 408 2668 Neque
422 2633 454 2660 ad
469 2633 642 2660 detexundam
661 2634 738 2660 telam
751 2641 835 2660 certos
852 2634 994 2664 terminos,
1011 2636 1108 2667 princi·
1169 2632 1200 2657 de
1221 2632 1256 2657 N.
1268 2631 1298 2656 D.
1315 2639 1337 2661 3,
1355 2635 1391 2660 83.
1462 2627 1544 2653 Scalas
1563 2627 1659 2653 inferri
1678 2627 1829 2662 clipeosque
1846 2633 1871 2654 et
1890 2629 2016 2663 imagines
2037 2632 2094 2658 eius
2116 2643 2207 2662 coram

71 2671 139 2704 pium
152 2668 256 2703 etfinem
267 2668 369 2694 indicat.
440 2669 513 2694 Non.
529 2677 548 2699 1,
564 2674 602 2698 128
633 2668 778 2695 Exordium
796 2668 831 2694 est
844 2669 966 2700 initiun13
998 2667 1067 2694 vnde
1080 2673 1156 2699 et>70
1169 2665 1272 2692 detrahi
1291 2671 1316 2690 et
1331 2663 1430 2690 ibidem
1443 2663 1498 2689 solo
1512 2662 1594 2696 affligi
1612 2662 1717 2688 iube‘ret
1736 2662 1804 2689 Suet.
1819 2663 1919 2690 Domit.
1939 2675 1960 2691 c.
1974 2665 2020 2691 vlt.
2090 2669 2206 2703 Addere,

75 2702 152 2729 vestis
165 2701 250 2729 ordi‘ri
270 2701 483 2736 dicitursquum
501 2703 646 2728 instituitur
659 2703 810 2728 detexenda.
882 2702 963 2728 Plaut.
979 2702 1074 2736 Amph.
1088 2711 1108 2734 1,
1170 2707 1194 2726 et
1214 2699 1372 2731 Detrahere,
1397 2700 1524 2725 contraria
1545 2698 1599 2723 Cic.
1619 2706 1668 2731 pro
1687 2697 1792 2723 Cluent.
1814 2706 1868 2733 179.
1939 2701 2082 2728 Detrahere
2102 2705 2206 2740 aliquid

74 2747 95 2769 ι,
116 2743 154 2769 ¹38
191 2738 249 2763 Cum
269 2735 333 2768 Solia
352 2737 420 2762 videt
440 2738 591 2763 Mercurium
606 2743 702 2772 pugnos
719 2735 869 2769 iafiantcm,
894 2737 952 2762 Illic
981 2737 1108 2772 (inquio)
1170 2735 1263 2767 alteri,
1288 2736 1321 2761 Vi
1333 2734 1448 2773 auferre:
1463 2733 1532 2773 ,Cim
1546 2732 1596 2758 Off·
1612 2741 1634 2765 3,
1648 2740 1673 2763 23
1710 2732 1854 2760 Detrahere
1868 2734 1950 2768 igitur
1963 2737 2065 2771 aliquid
2079 2739 2166 2772 alteri,
2180 2748 2207 2768 et

72 2772 123 2800 hoc
137 2773 218 2798 homo
232 2771 318 2798 denuo
332 2771 388 2798 vult
401 2771 510 2805 pallium
531 2771 660 2798 detexere.
716 2773 809 2798 Metuit
822 2772 868 2807 fico
885 2778 954 2807 tergo
976 2781 990 2797 a
1003 2776 1109 2808 pugnis,
1170 2770 1307 2797 hominem
1326 2769 1442 2795 hominis
1461 2767 1632 2793 mcommodo
1652 2768 1725 2794 suum
1743 2777 1837 2802 augere
1856 2772 2034 2804 commodum,
2049 2780 2095 2800 etc.
2131 2776 2204 2805 Idem

54 2817 131 2848 ,μοι
149 2807 203 2839 ille,
231 2807 297 2841 qwfi
312 2814 419 2838 texeret,
439 2807 484 2833 huc
506 2806 564 2832 illuc
582 2805 701 2832 iactabat.
771 2799 868 2833 Linum
887 2806 1021 2833 detextum
1048 2807 1108 2841 lez
1171 2805 1203 2831 de
1219 2805 1311 2831 Diuin.
1333 2813 1355 2836 2,
1375 2811 1409 2838 79
1448 2803 1762 2838 Eidemquedetraxiffet
1780 2805 1933 2832 Armeniam
1956 2816 1969 2833 a
1991 2808 2083 2835 Senatu
2107 2810 2203 2840 datam.

42 2852 47 2860 .
73 2851 102 2870 m
117 2843 133 2869 l.
148 2843 218 2868 Sicut
231 2841 288 2867 lana
302 2845 332 2872 68
358 2844 389 2869 D.
403 2843 441 2868 De
455 2842 528 2875 legat.
544 2850 566 2873 3.
1125 2843 1158 2871 75
1171 2841 1238 2867 Ter.
1253 2841 1347 2866 Heaut.
1362 2848 1389 2871 4,
1405 2848 1424 2871 ι,
1438 2846 1470 2873 37
1501 2839 1592 2872 Qmm
1613 2839 1792 2873 exponendam
1813 2840 1847 2866 do
1866 2841 1923 2874 illi,
1935 2841 1966 2868 de
1979 2842 2063 2877 digito
2077 2847 2204 2874 annulum

111 2885 155 2905 DE
165 2884 262 2905 TEXE
272 2884 331 2909 Ns,
362 2878 438 2903 entis.
473 2877 565 2904 Partic.
601 2876 657 2902 Cic.
672 2876 700 2902 in
713 2876 784 2903 Arat.
802 2885 828 2902 v.
842 2882 888 2908 250
916 2876 967 2902 Hic
983 2885 1037 2903 non
1050 2885 1107 2911 per·
1170 2875 1289 2902 detraho.
1346 2873 1387 2908 Est
1402 2881 1425 2900 et
1438 2874 1592 2901 Medicorum
1607 2875 1718 2901 verbum:
1756 2876 1858 2910 Aquam
1872 2876 2008 2904 detrahere
2021 2880 2138 2908 Scribon.
2154 2886 2204 2910 126.

75 2919 182 2949 pctoun
202 2913 323 2938 dctexcns
338 2912 443 2938 conficit
462 2912 563 2938 orbem.
1172 2911 1251 2945 Qiasi
1264 2920 1370 2937 arenam
1384 2918 1440 2943 144-
1512 2910 1531 2936 F
1534 2910 1651 2944 sagmina
1663 2910 1778 2944 lapidum
1794 2919 1844 2943 152.
1899 2913 2037 2940 Materiam
2055 2923 2102 2947 per
2114 2909 2204 2945 almim

109 2946 304 2980 DETfNEO,
331 2948 369 2979 ui,
393 2954 492 2978 cntum,
519 2952 571 2974 cre.
606 2946 738 2980 [κκτέχω,
758 2947 889 2981 κατείργω,
913 2947 987 2982 uim]
1023 2948 1108 2973 Remo·
1169 2955 1217 2980 135.
1271 2962 1316 2966 —
1336 2955 1368 2972 ex
1384 2945 1467 2980 capite
1485 2953 1531 2979 per
1546 2954 1574 2971 os
1592 2948 1617 2972 6.
1638 2953 1664 2978 9.
1718 2945 1841 2972 Pituitam
1853 2955 1879 2979 9.
1951 2950 2002 2975 A'er
2015 2951 2126 2984 agitatus
2139 2963 2153 2980 a
2166 2955 2205 2980 vj-

74 2987 145 3017 rari,
165 2990 289 3020 occupare.
359 2983 427 3010 Ter.
442 2984 506 3009 Eun.
527 2992 550 3015 2,
564 2992 589 3015 z,
603 2991 638 3016 49
670 2983 783 3009 Detineo
803 2988 828 3008 te
850 2982 962 3009 sortaffe.
1034 2981 1107 3009 Idem
1169 2982 1241 3008 tiosis
1256 2981 1413 3016 corporibus
1432 2980 1547 3006 detrahit
1566 2981 1670 3007 succum
1687 2981 1794 3008 Vitruu.
1814 2990 1834 3014 ι,
1847 2985 1872 3008 6.
1944 2985 2054 3019 Aliquid
2070 2986 2101 3012 de
2113 2989 2204 3023 aliquo

75 3019 178 3046 Phorm.
193 3028 222 3052 4,
236 3027 255 3051 1,
270 3023 283 3049 8
316 3018 361 3045 Pol
380 3029 421 3045 me
435 3018 549 3046 detinuit
565 3018 682 3044 morbus.
752 3018 878 3044 Detinere
890 3017 1012 3052 ‘aliquem
1026 3024 1051 3044 et
1065 3017 1107 3044 de·
1121 3020 1154 3045 80
1170 3018 1241 3052 quod
1261 3017 1310 3043 fibi
1329 3017 1434 3043 affirmat
1455 3016 1510 3042 Cic.
1525 3015 1558 3042 de
1569 3017 1626 3043 Fin.
1641 3025 1664 3048 3,
1701 3036 1708 3042 .
1744 3037 1750 3042 .
1821 3018 1945 3052 Aliquem
1960 3021 2069 3053 pedibus
2091 3032 2105 3049 e
2121 3025 2204 3051 tribu--

21 3056 30 3060 ⁷
70 3055 174 3082 morari
191 3055 248 3081 Cic.
257 3056 326 3080 Fam.
342 3063 378 3086 12,
395 3063 428 3081 ις.
499 3054 624 3081 Detine1·e
637 3054 750 3089 aliquem
764 3053 854 3087 lepore
870 3052 943 3079 Idem
958 3054 1009 3079 Att.
1023 3062 1050 3087 4,
1073 3074 1078 3079 .
1099 3074 1106 3080 .
1170 3054 1225 3079 nali
1245 3053 1351 3079 Sueton.
1364 3052 1395 3078 de
1410 3052 1479 3079 Clar.
1493 3051 1568 3078 Rhet.
1581 3054 1606 3078 6.
1677 3052 1819 3087 Torquem
1838 3053 1906 3079 hosti
1926 3055 1981 3081 Cic.
2002 3055 2034 3082 de
2054 3058 2110 3084 Fin.
2131 3068 2150 3091 ι,
2163 3069 2202 3091 23·

64 3092 151 3123 Item,
169 3090 292 3117 Detinere
312 3090 383 3116 inani
401 3091 443 3124 spe
476 3089 607 3117 Columel.
627 3094 648 3119 8,
664 3096 684 3122 ς.
754 3088 876 3123 Aliquem
892 3087 923 3114 de
940 3090 986 3114 suo
999 3090 1107 3123 negotio
1170 3090 1202 3115 Et
1216 3088 1358 3114 Detrahere
1371 3093 1478 3114 cruenta
1490 3085 1576 3122 mna
1589 3087 1698 3121 Cic.pro
1707 3087 1781 3113 Rosc.
1795 3089 1882 3114 Amer.
1921 3109 1927 3115 .
1963 3109 1971 3116 .
2009 3111 2014 3116 .
2069 3091 2089 3129 ἢ
2110 3102 2125 3119 2
2149 3095 2204 3120 Me-

75 3126 157 3153 Plaut.
171 3125 276 3155 Poenul.
291 3134 311 3157 1,
326 3134 350 3157 2,
364 3134 418 3157 190.
473 3125 593 3151 Detineri
606 3124 633 3150 in
641 3124 734 3151 alienis
746 3124 859 3158 negotiis
867 3123 962 3150 Cic.de
970 3125 1105 3157 Inuent.2,
1170 3124 1238 3159 raph.
1261 3123 1513 3168 Detrahe-reginum
1532 3125 1551 3149 i.
1572 3124 1669 3149 Famam
1687 3125 1740 3149 cius
1757 3125 1870 3149 minuere.
1907 3125 1986 3151 Ouid.
1999 3126 2084 3153 Trist.
2100 3137 2121 3160 5,
2136 3137 2174 3162 14,
2188 3135 2202 3162 3

24 3176 54 3197 μ’
78 3169 120 3192 132
133 3170 153 3187 c.
167 3169 210 3195 49.
279 3161 403 3187 Animum
417 3160 508 3187 studiis
522 3161 626 3187 detineo
653 3159 733 3186 Ouid.
747 3159 832 3186 Trist.
846 3167 868 3192 ς,
880 3167 907 3193 7,
922 3168 961 3191 39.
1015 3160 1108 3186 Multis
1171 3159 1296 3186 Detrahat
1314 3158 1418 3185 auctor-1
1438 3158 1551 3193 multum
1569 3159 1676 3185 fortuna
1696 3157 1801 3189 licebit,
1823 3166 1868 3185 etc.
1914 3160 1987 3196 szf.
2007 3162 2074 3196 Nep.
2091 3169 2124 3195 ¹8,
2139 3173 2159 3196 1,
2175 3174 2202 3192 2,

78 3195 153 3222 bellis
167 3195 279 3222 detineri
298 3196 387 3222 lustin.
401 3205 444 3229 29,
459 3205 480 3226 2,
494 3202 516 3226 8.
569 3195 703 3230 Compede
717 3194 834 3221 detinere
852 3196 918 3221 Hor.
927 3194 977 3222 Od.
993 3204 1011 3225 1,
1025 3198 1107 3228 3'3,14.
1125 3195 1155 3224 85
1171 3195 1227 3221 Cic.
1242 3196 1317 3221 Verr.
1329 3203 1355 3226 2,
1369 3202 1395 3227 53
1434 3194 1465 3220 Et
1477 3193 1494 3220 fi
1510 3194 1687 3228 quaeritis,th
1699 3200 1802 3226 egomet
1815 3194 1882 3220 mihi
1903 3193 2051 3229 detraham,
2070 3199 2132 3224 illos
2152 3209 2203 3234 ego

38 3244 43 3247 >
78 3231 160 3258 Curas
176 3231 293 3263 detinui,
312 3232 427 3258 Colribui:
457 3232 539 3258 Ouid.
558 3240 589 3257 ex
603 3233 686 3258 Ponto
702 3240 729 3264 4,
745 3240 783 3263 10,
798 3233 832 3264 67
858 3231 983 3262 Detinui,
1005 3231 1108 3263 Dicam,
1170 3231 1329 3257 accusatores
1348 3236 1412 3264 puto
1430 3229 1515 3261 fuisse,
1529 3237 1574 3256 etc.
1646 3229 1684 3255 De
1703 3228 1851 3255 absentibus
1874 3229 1945 3256 Idem
1965 3232 2015 3257 Off.
2031 3241 2048 3262 1,
2064 3241 2116 3266 134.
2171 3238 2203 3262 Et

81 3269 192 3300 tempus,
212 3275 336 3301 curasque
349 3267 443 3293 fefelli.
485 3267 541 3294 tf'zzl.
559 3267 643 3303 Heins.
657 3266 690 3293 ad
701 3268 746 3292 loc.
760 3273 782 3292 et
799 3268 917 3293 Burman.
973 3266 1051 3292 Diem
1064 3266 1106 3292 de·
1171 3275 1219 3300 pro
1233 3266 1346 3292 Caecina
1369 3285 1375 3291 .
1405 3285 1411 3291 .
1435 3266 1473 3291 De
1487 3264 1557 3291 teste.
1613 3265 1667 3290 Cic.
1683 3273 1731 3298 pro
1739 3263 1829 3290 Rabir.
1844 3273 1877 3291 20
1891 3275 1911 3291 c.
1926 3274 1943 3300 7
1971 3267 2009 3292 De
2024 3268 2119 3295 senatu.
2157 3272 2203 3298 Li-

83 3300 164 3326 tinere
179 3302 295 3328 sermone
327 3302 407 3328 Ouid.
422 3303 485 3329 Met.
502 3311 521 3335 1,
537 3305 593 3332 682..
665 3302 778 3328 Martial.
793 3310 832 3334 14,
846 3303 892 3327 166
917 3300 944 3326 de
959 3301 1057 3328 cithara
1069 3311 1108 3328 or-
1170 3302 1263 3328 benter
1282 3301 1315 3327 de
1333 3300 1374 3327 his
1392 3300 1546 3332 detrahunt,
1563 3309 1628 3334 quos
1647 3300 1764 3326 eminere
1783 3300 1875 3326 vident
1895 3301 1971 3327 altius
2002 3302 2070 3336 Nep.
2091 3313 2124 3335 12,
2138 3314 2160 3338 3,
2179 3316 2201 3339 3.

72 3335 153 3374 'pflu'i3
184 3336 222 3363 De
242 3338 400 3372 Pompeiano
413 3339 485 3373 saepe
502 3338 537 3364 est
551 3337 633 3364 electa
647 3338 750 3364 theatro
787 3338 860 3371 Qiae
874 3336 948 3362 duxit
960 3336 1049 3368 ssluas,
1066 3337 1109 3363 de·
1170 3337 1208 3363 De
1224 3337 1381 3363 auctoritate
1395 3337 1516 3362 Senatus:
1535 3338 1576 3361 cui
1594 3338 1740 3370 opponitur,
1754 3336 1857 3361 Ornare
1879 3336 1998 3362 Senatum
2011 3339 2102 3365 multis
2118 3340 2202 3368 laudi-

81 3374 213 3403 tuumque
226 3372 309 3399 Feras.
378 3373 459 3401 Ouid.
472 3375 563 3400 Amor.
577 3382 600 3405 3,
614 3382 645 3405 13.
658 3382 692 3400 20
712 3372 817 3399 Dicitur
829 3373 958 3405 inceptam
973 3372 1108 3399 detinuifl'e
1121 3376 1157 3401 90
1170 3372 1218 3399 bus
1233 3373 1287 3398 Cic.
1301 3381 1349 3406 pro
1365 3372 1470 3398 Cluent.
1506 3391 1513 3397 .
1550 3390 1556 3396 .
1593 3390 1598 3395 .
1671 3371 1761 3404 Quum
1775 3370 1806 3396 de
1817 3371 1894 3396 rebus
1908 3371 1981 3405 gestis
1995 3373 2051 3399 eius
2065 3374 2201 3404 detrahere

39 3432 43 3437 .
80 3406 188 3439 Fugam.
220 3407 276 3444 'Alis
287 3408 454 3436 Destituiffes
510 3408 569 3436 Liu.
583 3418 603 3441 ι,
640 3429 647 3435 .
683 3428 689 3434 .
728 3409 764 3434 Vt
777 3416 830 3433 non
850 3407 905 3442 plus
925 3407 1017 3433 darent
1029 3409 1108 3440 Iuris,
1170 3409 1290 3442 coepiss'et
1309 3408 1377 3442 Nep.
1397 3415 1440 3439 20,
1461 3415 1483 3439 5,
1502 3414 1524 3438 3.
1595 3406 1633 3431 De
1648 3406 1718 3432 fama
1731 3406 1841 3431 alicuius
1854 3407 1907 3433 Cic.
1921 3407 1991 3433 Fam.
2005 3417 2026 3440 3,
2040 3414 2062 3439 8.
2151 3410 2171 3449 ’ᾖ
2188 3422 2201 3445 3

81 3449 161 3475 quam
174 3439 323 3469 detinerent.
346 3447 364 3470 i.
380 3445 432 3471 Sibi
451 3447 594 3477 retinerent.
665 3443 808 3470 Detinuere
820 3444 912 3469 Morae
933 3442 1011 3469 Ouid.
1020 3443 1107 3470 Sabin.
1140 3448 1142 3453 ¹
1172 3445 1298 3470 Formulae·
1310 3444 1387 3469 aliae:
1425 3442 1479 3469 Cic.
1494 3450 1542 3475 pro
1557 3441 1660 3467 Cluent.
1681 3449 1726 3475 179
1762 3442 1797 3467 Vt
1827 3440 1895 3466 hunc
1929 3442 2105 3477 Oppianicum
2128 3447 2201 3475 aliud

82 3485 107 3507 2,
120 3483 163 3509 70.
219 3474 336 3509 Aliquem
348 3479 416 3506 lenta
423 3480 500 3506 Mora
518 3479 633 3507 Mai-rial.
647 3486 673 3513 7,
688 3488 731 3511 92,
744 3487 772 3512 4.
825 3478 907 3504 Plaut.
919 3478 984 3504 Pers.
1001 3488 1027 3511 4,
1038 3488 1060 3511 3,
1074 3486 1107 3512 45
1169 3485 1288 3513 agentem
1298 3499 1306 3511 ,
1323 3487 1351 3505 ac
1367 3477 1435 3504 nihil
1451 3477 1580 3503 eiusmodi
1598 3477 1772 3511 cogitantem,
1786 3475 1817 3502 ad
1837 3475 1901 3502 hanc
1912 3479 2104 3507 accusationem
2118 3483 2202 3510 detra-

80 3513 172 3545 Itaque
187 3510 229 3536 hic
243 3510 278 3535 est
292 3512 362 3545 *quod
377 3524 419 3541 me
432 3514 529 3542 detinet
540 3515 695 3550 Negotium.
766 3514 871 3540 Maiore
883 3513 974 3548 aliquo
987 3515 1106 3548 Negotio
1170 3514 1260 3546 heret,
1277 3521 1392 3549 tanquam
1407 3516 1433 3539 in
1452 3514 1529 3539 locum
1549 3513 1673 3543 humilem,
1687 3519 1710 3537 et
1726 3511 1893 3545 periculosum.
1963 3514 2107 3543 Alumnmn
2120 3517 2201 3546 ma‘m—

81 3546 194 3573 detineri
212 3545 311 3572 Auctor
322 3548 353 3574 ad
364 3550 459 3576 Heren.
473 3560 501 3584 4,
539 3570 545 3577 .
581 3571 587 3576 .
631 3551 757 3577 Detinent
768 3555 848 3576 terras
856 3549 940 3575 Niues
960 3550 1024 3575 Plin.
1037 3555 1071 3581 18,
1080 3557 1105 3584 7.
1120 3553 1152 3580 93
1170 3559 1213 3576 ma
1224 3550 1289 3576 Plin.
1306 3558 1337 3581 ιι,
1351 3546 1396 3580 4o.
1467 3548 1522 3574 Cic.
1538 3548 1607 3573 Fam.
1622 3556 1644 3579 3,
1660 3555 1686 3573 12
1719 3547 1761 3572 Nc
1775 3546 1840 3579 quid
1853 3546 1885 3573 de
1899 3547 2000 3575 summo
2019 3560 2080 3578 meo
2095 3562 2156 3580 eroa
2175 3560 2202 3582 te

81 3585 100 3608 i.
116 3583 257 3617 Occupant,
278 3590 351 3615 neque
368 3584 505 3620 liquescunt.
571 3585 651 3613 Ouid.
665 3585 750 3612 Trist.
764 3593 788 3616 2,
803 3593 846 3617 519
874 3585 904 3611 Et
919 3593 976 3611 mea
989 3586 1046 3611 sunt
1061 3594 1107 3618 po·
1169 3594 1259 3611 amore
1272 3584 1416 3611 detraetum
1430 3584 1477 3609 effe
1490 3583 1627 3614 videatur,
1645 3585 1663 3607 i.
1683 3581 1805 3606 Ablatum
1820 3588 1863 3608 aut
1877 3582 2056 3613 imminutmn.
2125 3574 2199 3616 thares,

80 3617 144 3652 pulo
165 3617 253 3643 saltata
271 3617 392 3643 Poemata
406 3620 490 3654 saepe:
507 3621 586 3656 Saepe
603 3620 700 3648 Oculos
712 3621 792 3647 etiam
805 3620 940 3646 detinuere
952 3626 1020 3646 tuos.
1057 3621 1107 3646 De·
1170 3621 1197 3646 B.
1218 3621 1249 3646 G.
1271 3622 1296 3652 6,
1317 3628 1329 3652 5
1361 3621 1430 3645 Haec
1453 3619 1524 3653 prius
1547 3618 1587 3643 illi
1604 3615 1760 3643 detrahenda
1778 3617 1884 3644 Auxilia
1906 3620 2075 3650 existimauit.
2146 3625 2201 3652 Ali-

80 3653 147 3693 tines
158 3661 200 3679 me
214 3652 376 3685 suspensum,
393 3655 410 3678 i.
422 3664 456 3680 me
466 3656 559 3682 dlutius
571 3660 598 3682 in
611 3657 681 3682 dubio
694 3664 760 3682 tenes
778 3656 833 3682 Cic.
843 3656 895 3682 Att.
910 3664 947 3687 10,
963 3664 982 3681 1.
1019 3655 1108 3690 Virgi-
1169 3665 1248 3689 quem
1263 3655 1293 3681 de
1306 3655 1394 3687 caelo,
1413 3653 1444 3687 est
1459 3656 1495 3680 De
1507 3653 1603 3688 stimma
1619 3654 1700 3687 gloria
1714 3660 1763 3677 eum
1777 3652 1878 3678 deiicere
1897 3654 1952 3680 Cic.
1965 3656 2076 3692 Philipp.
2089 3667 2114 3691 2,
2150 3680 2157 3686 ,
2192 3681 2199 3687 ,

80 3688 185 3722 liusper
200 3687 296 3713 verbum
309 3687 414 3716 Teneo,
427 3689 488 3715 idem
500 3691 581 3718 dixit:
602 3699 631 3718 vt
643 3694 669 3717 in
685 3693 747 3717 Aen.
761 3693 787 3723 6,
813 3700 843 3717 22
864 3692 955 3717 Dicam
969 3690 1106 3725 equidem:
1169 3691 1241 3717 Idem
1265 3689 1320 3725 post
1338 3690 1416 3716 redit.
1430 3689 1461 3715 ad
1481 3689 1580 3721 Qiirit.
1597 3689 1614 3712 6
1655 3687 1730 3712 Tum
1748 3686 1775 3712 in
1796 3687 1885 3714 studiis
1902 3690 1995 3717 vestris
2013 3700 2082 3719 tanta
2099 3695 2199 3721 animo-

80 3732 127 3750 nec
142 3724 187 3750 Te
206 3723 354 3763 suspensum
372 3728 431 3763 nate
442 3725 543 3761 tenebo.
597 3728 717 3761 Tempus
733 3727 786 3753 Oui
808 3735 858 3753 ,εκ
871 3727 944 3752 Pont.
958 3734 986 3758 4,
1007 3734 1043 3758 10,
1063 3728 1227 3761 67.100rum
1248 3726 1376 3752 declarata
1405 3725 1441 3750 est
1472 3725 1606 3753 voluntas,
1637 3727 1665 3748 vt
1685 3731 1740 3748 non
1759 3722 1842 3749 solum
1860 3724 2043 3753 Calamitatem
2065 3729 2131 3755 mihi
2157 3730 2200 3756 de-

79 3759 145 3786 Vela
160 3757 276 3792 detulere
296 3758 375 3784 Ouid·
390 3757 476 3797 bflblss·
489 3768 509 3790 1,
522 3766 560 3790 ¹8.‘
624 3763 764 3789 Victorem
778 3762 806 3788 in
819 3762 900 3788 aliam
918 3761 1023 3788 caedem
1047 3761 1104 3788 Sen.
1169 3762 1288 3794 traxisse,
1309 3761 1352 3787 sed
1378 3761 1457 3787 etiam
1481 3758 1635 3791 dignitatem
1657 3758 1752 3783 auxiss'e
1776 3758 1930 3787 videamini.
2003 3764 2057 3789 Cic.
2085 3764 2197 3799 Philipp.

81 3795 126 3829 Ep.
141 3801 166 3828 7.
201 3827 212 3832 ..
236 3794 356 3820 Detineri
371 3800 453 3819 ventis
473 3793 538 3820 Plin.
552 3796 629 3830 Epist,
666 3818 673 3824 .
710 3818 716 3824 .
755 3818 761 3824 ‚
1167 3799 1193 3830 6,
1208 3805 1232 3831 15
1272 3797 1399 3824 Celeritas
1418 3793 1530 3821 detracta
1551 3792 1582 3818 de
1603 3793 1677 3818 causa
1694 3793 1743 3819 est:
1775 3793 1847 3819 boni·
1869 3801 1955 3822 tamen
1974 3798 2074 3831 aliquid
2101 3801 2197 3826 acccssit

115 3836 209 3857 DETI
220 3835 297 3857 NEN
308 3835 337 3861 S,
356 3830 445 3868 2¹15ng
466 3829 559 3855 Partic.
590 3832 660 3859 Hirt.
674 3833 702 3859 Β.
717 3833 823 3867 Hispan.
837 3841 857 3858 c.
871 3840 900 3864 23
920 3832 1106 3859 Detinentibus
1167 3832 1200 3859 ad
1227 3834 1336 3859 causam.
1407 3831 1446 3856 De
1472 3826 1638 3860 Commode,
1661 3828 1712 3854 vid.
1728 3838 1782 3854 mox
1795 3829 1822 3854 dt*
1840 3831 1908 3856 Iure.
2000 3835 2055 3859 Cic.
2076 3833 2107 3860 de
2126 3836 2197 3861 Ami-

81 3864 173 3890 nostris
184 3865 272 3893 multis
285 3865 344 3890 telis
356 3863 460 3891 inmotis
474 3864 619 3898 complures
632 3868 785 3894 vulneribus
797 3867 913 3894 affecere.
1169 3869 1212 3894 cit.
1228 3876 1259 3902 57
1277 3868 1427 3899 Multacque
1439 3872 1479 3889 res
1492 3864 1594 3896 sunt,in
1608 3863 1704 3897 quibus
1718 3863 1749 3890 de
1764 3865 1815 3890 suis
1822 3865 1976 3893 Commodis
1988 3869 2041 3894 viri
2056 3868 2119 3894 boni
2132 3870 2197 3896 mul.

116 3905 340 3933 DETENTVS,
366 3909 391 3934 a,
418 3909 471 3926 um.
512 3899 604 3926 Partic.
636 3902 835 3931 Theffaionlcae
854 3902 971 3930 detentus
991 3904 1041 3936 (al,
1057 3903 1105 3930 Re.
1118 3905 1194 3934 105ta
1206 3902 1345 3930 detrahunt
1351 3921 1361 3934 ,
1361 3898 1539 3969 (Ldetrahique
1557 3899 1699 3933 patiuntur.
1717 3905 1745 3927 vt
1763 3898 1805 3925 his
1825 3901 1903 3927 amici
1922 3902 2025 3936 potius,
2050 3913 2127 3963 qpam
2149 3905 2196 3938 ipfi

328 3951 332 3956 .
988 3956 992 3959 .
1422 3943 1438 3962 2
2079 3946 2196 3966 ruamur.
