2479 4225
224 96 268 132 39
568 67 843 111 DED
1704 55 1984 96 Diri)
2286 72 2338 110 40

269 176 295 193 io
315 168 350 193 Ita
371 172 403 191 ue
418 163 471 190 dies
486 166 511 187 et
526 159 613 186 noe‘tes
628 164 750 191 tanquam
761 155 816 181 auis
832 153 879 179 illa
893 157 963 177 mare
977 145 1130 187 prospecto,
1143 143 1248 170 enolare
1309 150 1379 183 ¹‚59-
1450 142 1561 176 Agmina
1581 143 1676 184 Lucan.
1698 151 1727 181 3..
1754 177 1758 181 ⁵
1789 144 1908 171 Armatas
1924 145 2008 185 classes
2033 146 2229 187 VirgaGeorg.
2242 156 2272 188 J,
2292 154 2341 180 255.

228 178 320 236 ξῖψίοε
346 175 412 226 dqedo
439 205 533 231 poenas
554 193 706 220 temeritatis
725 199 804 217 meae.
842 185 1019 213 emendatiores
1039 181 1131 208 σαώσει(
1152 180 1250 209 habent,
1310 179 1365 205 Cic.
1376 178 1407 203 dc
1420 179 1493 204 Orat.
1509 186 1528 210 1,
1545 186 1582 211 135
1600 179 1689 205 Studia
1702 176 1770 205 nihil
1783 181 1888 211 prosunt
1903 181 2076 214 perueniendi
2088 182 2252 217 aliquo,niii
2266 182 2341 212 illud,

295 236 310 261 d
407 241 432 258 ἃς
446 230 598 257 temeritatis
612 236 698 254 meae:
723 233 822 260 quorum
834 224 935 248 alterum
947 219 993 244 alii
1006 223 1137 243 omittunt:
1157 221 1250 239 mrum-
1311 213 1382 247 quod
1397 221 1428 238 eo
1443 222 1497 247 quo
1514 213 1631 240 intendas
1646 215 1713 240 ferat
1730 213 1904 248 deducatque,
1919 217 2049 250 cognoris,
2122 217 2256 244 Dcducere
2270 226 2343 244 “mm

230 239 280 269 Do’
302 246 328 285 ,υ
340 243 480 293 ppegrmmu
504 272 527 291 et
545 264 600 290 inde
620 261 683 289 illud
701 260 768 286 dedo
788 265 866 284 ortum
885 252 926 286 cst.
996 252 1069 285 Virg.
1083 252 1146 277 Aen.
1162 256 1186 282 7,
1202 255 1251 280 144
1309 252 1332 273 is
1346 248 1447 288 dicitur,
1464 251 1506 288 q‘ffi
1524 250 1600 275 alicui
1619 248 1695 283 officii
1714 251 1797 288 gratia
1807 249 1918 284 praestat
1935 258 2083 278 comitatum.
2120 253 2175 280 Cic.
2185 254 2343 283 Catonem

229 274 358 331 Quedst’fl‘}
371 304 394 328 i,
408 286 493 327 subit(J
507 300 628 326 Troiana
646 305 691 331 per
704 294 806 329 agmina
820 297 912 317 rumor
937 287 1073 313 Adueniffc
1087 285 1156 311 diein
1167 303 1174 315 ,
1197 290 1250 322 quo
1274 296 1287 322 ς
1313 284 1382 309 Haec
1401 292 1471 309 enim
1486 284 1539 318 ipsa
1557 284 1615 310 sunt
1629 284 1798 323 honorabilia
1815 299 1859 303 —-
1879 285 1983 314 salutari
2003 302 2046 306 —-
2065 286 2173 320 deduci,
2187 288 2277 314 reduci
2297 296 2345 315 etc.

231 309 433 367 dDeb·¹t2u,‚,(l,gnja
446 335 565 362 condant.
649 331 697 358 Vbi
706 337 786 355 tamen
796 323 919 361 legendum
933 332 985 348 cum
1000 324 1080 348 Pierio
1096 328 1118 346 et
1131 320 1163 345 al.
1178 318 1253 344 Didi·
1313 318 1384 345 Idem
1398 328 1445 352 pro
1459 320 1577 345 Muraen.
1592 329 1614 345 c.
1628 328 1660 352 34
1679 320 1701 345 A
1714 319 1809 354 quibus
1822 319 1841 358 ,fi
1855 318 1945 347 domus
1960 322 2046 348 nostra
2059 322 2212 354 celebratur,
2231 324 2249 349 si
2266 324 2345 350 inter-

248 351 260 367 e
282 349 290 365 ¹
315 376 354 398 vti
371 381 398 398 uc
437 381 463 397 er
480 373 579 396 tertiam
601 368 720 395 vocalem,
734 370 780 398 pro
802 359 950 391 alliditur,
963 357 1009 394 stu
1033 356 1198 392 drspcrgnur:
1224 359 1254 378 vt
1314 354 1376 380 dum
1395 353 1426 393 ad
1445 355 1535 380 forum
1549 354 1718 387 deducimur,
1733 370 1780 394 ¹-—
1801 354 1940 389 diligenter
1959 358 2095 384 obseruari
2111 358 2240 384 videmur,
2277 358 2345 385 AM,

232 383 296 434 (Μ’,
313 409 333 434 L
355 382 405 433 qret
419 379 452 432 ΡΖ
481 413 520 431 “2
578 403 644 428 Dum
659 399 736 427 facile
750 398 777 423 jn
794 403 871 420 venas
892 393 966 420 cibus
984 393 1070 418 onmis
1090 391 1202 416 diditur:
1228 392 1254 414 et
1315 390 1346 416 de
1361 391 1435 415 Petit.
1451 389 1556 416 Consul.
1576 399 1598 416 c.
1611 398 1637 422 9.
1707 391 1763 416 Cic.
1779 390 1810 416 de
1823 392 1924 416 Inuent.
1941 399 1959 422 1,
1993 414 2000 421 ,
2038 413 2044 419 .
2090 395 2180 426 Qium
2195 393 2296 421 ducaris
2311 393 2344 420 ab

231 417 293 471 gpuii
323 417 365 469 ciig
403 426 505 476 siur’sum
522 414 541 472 ii
569 446 626 470 9¹2.
698 434 751 460 Cic.
765 431 795 456 de
809 431 882 456 Orat.
897 438 917 460 1,
935 436 966 461 93
1004 429 1095 460 Qium
1114 426 1137 451 se
1157 423 1189 449 ad
1199 432 1255 462 'au-
1317 433 1358 457 eo,
1368 425 1475 459 quicum
1488 425 1654 451 libentissiine
1669 425 1775 451 vixeris.
1807 426 1880 463 ‘Liu.
1894 434 1932 457 23,
1946 434 1974 457 23
2004 429 2215 465 Frequentesqne
2228 438 2287 455 cum
2302 430 2348 456 do.

232 454 366 505 ἀῗὲῃᾶυω·
382 476 518 503 leoendnm
544 455 763 501 'scri'bendumque
781 465 882 491 maiore
902 472 982 498 opera
996 461 1139 488 dediderit:
1164 458 1255 485 eX1stat
1273 474 1301 491 10
1317 470 1388 486 mum
1410 460 1582 487 deduxerunt.
1616 460 1687 486 Adde
1701 460 1850 497 Brouckmzjl
1864 459 2012 487 ad'tibnll.
2027 472 2045 495 i,
2060 473 2087 496 4,
2102 469 2142 494 go.
2213 465 2349 491 Deduccre

232 489 291 541 ¹ilis
307 497 423 539 orazorn
466 493 550 536 ualel'n
582 506 738 541 quaerimus*
809 500 848 526 Ad
879 498 1035 533 supplicium
1069 497 1127 522 Liu.
1150 503 1181 533 1,-
1203 513 1212 533 .·
1250 513 1256 519 .
1319 496 1502 527 candidatum,
1524 496 1577 522 vid.
1597 495 1736 522 Obducere
1755 496 1886 534 aliquem,
1908 496 1934 521 111
1962 502 2129 526 οΒΒνεΟ.
2201 500 2257 526 Cic.
2277 501 2349 526 Fam.

233 524 301 576 cases
318 549 337 574 B
361 548 383 573 G
407 531 423 581 ³⁷7
446 520 479 571 ‘2³6
514 543 556 569 Ne
569 543 594 569 se
606 547 631 567 et
643 544 791 566 communes
806 535 904 562 liberos
919 533 1036 560 hostibus
1049 532 1080 558 ad
1101 530 1258 564 supplicium
1320 539 1358 563 10,
1372 540 1397 558 12
1424 533 1567 564 Qiumque
1579 539 1671 565 magna
1685 530 1829 570 multitudo
1843 532 2006 566 optimorum
2021 531 2138 561 virorum
2154 540 2178 561 et
2191 535 2292 561 ciuium
2305 544 2349 562 me

234 568 355 611 dede'ffn't
387 567 392 573 ’
425 565 486 606 ἀς-
499 587 547 612 pro
560 577 652 611 (Qlim⁴
666 582 695 606 59
711 581 731 597 c.
747 576 771 601 18
808 572 851 597 Ne
873 580 931 596 cum
952 569 1027 595 bonis
1049 566 1217 600 fortunisque
1230 573 1259 590 ο-
1320 567 1406 594 Domo
1426 566 1582 598 deduceret,
1601 567 1655 592 -feci
1670 571 1806 605 'continuo
1833 576 1925 593 omnes
1944 567 2082 601 participes
2107 579 2179 596 meae
2197 570 2350 605 voluptatis,

282 619 338 645 ibus
358 603 421 642 'Sex
449 613 549 641 Naeuii
569 607 705 646 cupiditati
726 606 927 640 crudelitatique
947 604 1065 630 dedatur.
1120 601 1193 628 Ideni
1211 608 1260 634 pro
1320 602 1374 628 Cic.
1387 602 1419 628 de
1432 602 1532 628 Sene&
1547 611 1568 627 c.
1585 610 1612 634 ¹9
1651 602 1679 627 Si
1691 601 1781 635 aliquo
1793 610 1853 628 eum
1865 603 1985 634 deducit,
2000 602 2047 629 vbi
2061 603 2163 632 futurus
2176 606 2207 632 fit
2219 613 2352 632 aeternus.

232 629 300 681 ffns„
329 637 408 678 A'mel.
425 635 430 641 '
498 668 504 674 ι
543 668 548 674 ,
593 647 654 673 Non
674 642 836 674 recusamus,
858 641 923 676 quin
942 640 1051 666 illorum
1065 636 1175 664 libidini
1191 636 1260 662 Sext.
1278 646 1302 672 ¹5
1319 637 1453 664 Deducere
1471 637 1660 664 adolescentem
1679 636 1711 662 ad
1735 637 1822 662 senem
1848 637 1920 663 Idem
1940 647 1988 672 pro
2003 638 2073 664 Cael.
2110 658 2117 666 .
2153 661 2159 668 ,
2195 662 2201 668 ,
2275 643 2305 667 Et
2319 641 2351 666 de

234 664 321 716 Rgstii
334 687 386 713 vita
398 670 515 712 d'ed'imr‘
1320 673 1425 699 Amicit.
1441 683 1449 699 1
1488 674 1543 707 Ego
1568 678 1655 699 autem
1677 681 1691 697 a
1710 678 1782 705 patre
1802 672 1839 698 ita
1860 681 1931 699 eram
1950 673 2077 700 dedu&us
2090 674 2122 700 ad
2137 675 2295 708 Scaeuolam,
2307 684 2355 704 etc.

271 721 388 750 DfiDiT
399 728 438 747 vs
481 728 494 745 a
529 726 581 742 um.
623 713 715 740 Partic.
753 708 935 745 [ἐκδεδομένος]
977 710 1027 740 Vt,
1045 707 1153 734 Deditns
1174 705 1261 733 amori
1320 708 1442 742 Sponsam
1460 709 1557 735 marito
1575 709 1616 734 vel
1631 706 1663 733 ad
1676 708 1816 738 maritum,
1841 707 1900 733 Liu.
1916 717 1953 741 10,
1966 717 1994 741 23
2021 710 2088 735 Cum
2101 710 2125 735 se
2140 711 2260 745 Virginia
2273 719 2297 739 et
2311 721 2353 746 pa-

235 759 334 785 animus
348 756 415 783 Ter.
435 738 531 783 lice-'3’
547 759 567 783 1,
582 758 618 777 12.
655 751 730 779 Item,
747 747 882 774 amatoriis
902 743 1056 771 leuitatibus
1081 744 1137 769 Cic.
1159 742 1190 768 de
1204 742 1261 782 bin.
1320 744 1424 770 triciam
1445 750 1471 770 et
1489 744 1627 778 pudicam,
1643 749 1669 768 et
1686 743 1733 782 yni
1751 749 1875 777 nuptam,
1894 743 1926 769 ad
1945 753 2022 778 quem
2036 746 2114 779 virgo
2130 745 2238 773 deduffia
2258 748 2287 774 fit
2307 755 2352 773 m..

236 803 244 820 1
271 796 298 819 61
377 791 484 816 Animus
502 784 610 813 libidini
630 784 702 811 Idem
724 792 771 818 pro
785 782 856 809 Cael.
870 790 890 807 c.
905 789 941 814 19·
1013 779 1123 805 Deditus
1142 778 1230 817 literis
1246 786 1260 803 a
1328 778 1385 805 Vid,
1401 781 1506 806 cronon,
1520 780 1551 805 ad
1565 778 1718 805 p1aut‚M,1·
1732 786 1754 810 3,
1767 786 1787 810 ι,
1801 786 1838 810 91·
1893 779 1973 805 Ouid·
1994 780 2059 806 fast.
2081 791 2109 814 4,
2127 789 2155 813 53
2197 783 2285 814 Qmm
2302 783 2356 817 pri-

248 813 346 854 'ueritia
366 825 402 851 Id.
418 825 487 849 Fam.
504 831 523 854 1,
537 829 562 856 7.
632 819 742 846 Deditae
760 827 792 845 eo
811 823 911 843 mentes
930 824 989 841 cum
1001 814 1084 840 oculis
1098 820 1171 840 erant
1201 813 1261 839 Liu.
1277 827 1311 844 20
1323 823 1396 840 inum
1409 814 1505 850 cupido
1518 816 1604 840 Venus
1621 813 1656 839 est
1675 813 1785 839 deduEta
1798 813 1904 840 marito.
1947 815 1987 841 Sic
2002 816 2117 842 onrem
2131 816 2236 843 deducit
2248 821 2355 844 maritus

235 839 250 890 i,
292 883 297 888 .
335 880 340 885 .
375 860 427 885 Hoc
441 857 474 891 est
509 859 539 884 Et
550 859 627 883 animi
641 863 663 881 et
676 856 738 882 oculi
751 861 820 880 erant
833 852 866 878 ad
872 850 1035 887 spes-landum
1049 852 1149 876 intenti.
1212 849 1262 873 De·
1324 849 1432 876 domum
1452 851 1519 877 Ter.
1533 851 1598 876 Hec.
1617 858 1638 882 1,
1653 858 1675 881 2,
1690 851 1732 875 60.
1762 849 1836 885 Conf.
1857 859 1882 874 η.
1899 858 1924 881 4.
1950 884 1955 888 Ι
1996 850 2130 878 Dcducere
2148 861 2178 878 ex
2198 851 2357 879 honnus-in

235 883 303 924 d’itus
322 879 514 928 voluptatibiis,
532 891 642 919 Deditus
662 891 775 925 Epicuro
794 889 849 915 Cic.
869 889 900 913 dc
918 886 976 913 Fin.
996 894 1023 918 2,
1058 905 1064 910 .
1102 904 1109 911 .
1189 883 1263 923 Idem
1323 884 1590 912 AcademiamCic.de
1599 885 1677 919 Legg.
1693 893 1711 915 1,
1747 904 1754 910 .
1792 904 1798 910 .
1877 885 1914 910 Ex
1922 884 2012 924 aliquo
2024 886 2083 913 loco
2096 887 2193 914 milites
2202 887 2359 914 memvel-r,

235 941 282 967 pro
296 930 367 957 Cael.
380 935 412 959 80
447 931 534 963 Qiem
553 928 570 954 si
590 927 682 958 vobis,
708 925 725 951 fi
746 925 814 956 suis,
839 923 857 950 li
880 920 991 956 Reipub.
1013 920 1172 946 conseruatis
1191 919 1265 957 addi·
1323 929 1347 952 3,
1383 940 1390 947 ,
1427 941 1434 947 ,
1505 922 1542 948 Ex
1556 920 1689 955 praefidijs
1702 919 1822 946 cohortes
1834 920 1906 946 caefi
1915 920 2013 954 Paffim·
2085 923 2181 957 Copias
2194 925 2222 950 in
2238 932 2358 958 campum

234 967 305 993 &uin
336 965 454 991 deditum
482 963 637 991 obstridtum
650 961 742 991 vobis,
755 969 783 986 ac
796 959 889 985 liberis
910 957 999 984 vestris
1018 955 1159 982 habebitis.
1215 956 1264 981 Ca·
1325 956 1481 983 Marathona
1501 956 1632 982 deduxere
1651 956 1719 990 Nep.
1740 964 1761 987 1,
1781 964 1807 988 4,
1828 963 1853 981 2.
1867 990 1873 995 .
1925 955 1981 981 Cic.
1997 956 2050 982 Att.
2061 964 2087 991 7,
2124 978 2130 984 ,
2168 979 2174 985 ,
2209 960 2244 985 vt
2264 959 2310 986 jue
2327 959 2360 985 de

234 1002 283 1029 stra
298 986 385 1027 d’edita
398 1000 443 1026 Sil.
457 985 495 1032 1³0,
531 1019 537 1025 .
574 1018 580 1024 .
650 998 769 1030 Corpora
783 999 932 1029 paupertate
945 998 970 1019 et
983 992 1080 1018 morbo
1094 991 1182 1017 dedita
1193 999 1264 1016 mor-
1279 1002 1310 1027 25
1323 991 1368 1017 -his
1380 992 1494 1026 oppidis,
1503 1001 1568 1026 quae
1581 997 1654 1017 extra
1668 992 1738 1017 suain
1752 990 1918 1025 prouinciam
1932 992 2120 1025 occupauiss'et,
2136 994 2262 1027 praesidia
2282 990 2362 1021 dau-

233 1039 254 1064 ti
274 1038 377 1063 Lucret.
398 1038 424 1067 6,
444 1043 507 1067 1253.
538 1035 594 1060 Alii
612 1034 694 1068 legunt
713 1031 838 1057 Tradita.
908 1030 998 1055 Homo
1019 1027 1145 1066 grauitati
1164 1026 1266 1066 deditus
1326 1033 1403 1053 cerer.
1475 1028 1604 1062 Legiones
1620 1027 1647 1052 in
1660 1027 1744 1053 aciem
1754 1026 1847 1066 Tacit.
1862 1025 1930 1052 Hist.
1945 1035 1963 1058 1,
1976 1031 2016 1059 89.
2029 1035 2052 1054 et
2059 1036 2085 1060 2,
2098 1036 2140 1061 43.
2194 1030 2319 1065 Aliquem
2333 1030 2363 1056 in

236 1074 291 1100 Cic.
307 1080 355 1106 pro
368 1072 438 1098 Cael.
452 1073 492 1101 63.
563 1070 628 1094 Hor.
648 1068 728 1094 Serm.
748 1075 769 1097 2,
782 1075 805 1098 3,
820 1073 862 1097 ιος
900 1065 957 1090 Nec
976 1064 1066 1089 Musae
1087 1063 1190 1088 deditus
1209 1061 1265 1102 vlli.
1325 1071 1457 1104 carcerem
1467 1063 1525 1096 Sall.
1541 1065 1597 1090 Cat.
1617 1070 1654 1102 ἧς,
1670 1071 1694 1088 2.
1729 1062 1784 1088 cic.
1806 1061 1838 1087 de
1856 1062 1958 1093 Inuent.
1972 1070 1995 1094 2,
2032 1082 2038 1089 .
2076 1082 2082 1089 .
2118 1065 2159 1091 Sic
2177 1065 2312 1092 Deducere
2332 1065 2363 1092 in

236 1109 324 1142 Opera
343 1106 445 1138 dedita,
462 1105 524 1142 idem
537 1103 600 1139 quod
615 1103 674 1129 data
692 1109 772 1137 opera.
827 1101 895 1126 Ter.
912 1101 977 1126 Eun.
992 1106 1014 1131 ς,
1028 1107 1051 1130 2,
1065 1107 1080 1124 2
1101 1097 1175 1132 Apud
1191 1098 1265 1123 Anti·
1326 1098 1412 1124 sedem
1424 1098 1540 1132 aliquem
1556 1098 1711 1132 hospitalem
1728 1097 1801 1124 Idem
1813 1097 1844 1124 de
1855 1098 1918 1131 Leg.
1932 1098 1994 1132 Agr.
2031 1117 2038 1124 .
2076 1118 2082 1124 .
2120 1118 2127 1125 .
2230 1098 2250 1138 ff
2267 1110 2279 1133 3
2306 1102 2362 1128 Me-

236 1144 349 1178 phonem
373 1149 481 1175 vterque
504 1147 574 1174 pater
596 1145 621 1164 et
645 1144 728 1163 mater
741 1158 749 1171 ‚
773 1135 858 1169 ‘Qiasi
878 1135 967 1161 dedita
987 1142 1067 1168 opera
1086 1133 1159 1159 domi
1184 1139 1266 1161 erant.
1325 1134 1445 1168 taphoras
1461 1134 1533 1160 habet
1544 1133 1771 1170 frequentissimas:
1818 1133 1873 1159 Cic.
1887 1134 1958 1159 Fam.
1974 1141 2014 1166 14,
2026 1142 2045 1167 4
2070 1134 2165 1169 Neque
2182 1134 2246 1170 legis
2264 1137 2364 1171 impro-

237 1180 291 1205 Cic.
306 1188 352 1213 pro
368 1178 440 1203 Rosc.
456 1177 544 1201 Ainer.
560 1183 607 1207 104
618 1183 639 1199 c.
653 1176 683 1205 36
696 1180 760 1199 extr.
783 1173 857 1205 Quae
880 1171 984 1202 facitis,
999 1169 1129 1196 eiusmodi
1150 1170 1223 1200 sunt,
1237 1175 1266 1195 vt
1278 1179 1310 1203 30
1325 1169 1442 1196 biffimae
1461 1178 1545 1203 poena
1564 1168 1689 1195 deductus
1708 1168 1760 1200 est,
1779 1176 1833 1202 quo
1852 1168 1938 1194 minus
1952 1168 2061 1203 hospitii
2074 1169 2206 1196 amicitiae
2226 1172 2283 1205 ius,
2305 1170 2364 1198 offi-

237 1224 266 1240 ea
286 1213 372 1239 dedita
386 1220 465 1246 opera
479 1219 492 1236 a
506 1209 582 1236 vobis
601 1215 694 1235 contra·
710 1207 880 1241 vosmetipsos
899 1207 985 1232 facere
1005 1204 1161 1231 videamini.
1196 1204 1266 1231 Add.
1326 1205 1452 1240 ciumque
1474 1204 1622 1239 praestaret.
1694 1204 1758 1230 Non
1780 1212 1813 1230 eo
1834 1203 1978 1236 deducam,
1998 1210 2043 1232 aut
2063 1206 2187 1240 progredi
2208 1208 2308 1241 patiar,
2333 1212 2363 1234 vt

236 1250 273 1275 Id.
288 1250 338 1275 Att.
356 1257 388 1273 10.
406 1257 426 1278 3.
449 1253 472 1272 et
490 1246 518 1272 in
532 1246 613 1271 Bruto
627 1254 648 1271 c.
662 1250 683 1274 8.
756 1244 860 1269 Lucret.
878 1251 906 1275 4,
926 1247 965 1274 813
997 1240 1103 1274 Qubus
1124 1240 1160 1266 cst
1184 1240 1213 1266 in
1227 1249 1267 1266 re·
1326 1249 1406 1275 opera
1419 1249 1477 1266 mea
1490 1249 1580 1266 manus
1596 1240 1664 1266 inter
1676 1248 1724 1265 vos
1743 1240 1899 1272 conseratis,
1918 1243 1936 1265 i.
1952 1241 2017 1266 .Non
2031 1244 2196 1274 committam,
2213 1250 2256 1269 aut
2267 1251 2315 1278 per
2328 1250 2366 1268 me

237 1285 282 1311 bus
303 1269 402 1309 deditn’s
423 1282 483 1316 ipse.
553 1280 624 1307 Tibi
641 1279 764 1313 sanguine
784 1284 842 1305 toto
861 1278 964 1304 deditus
983 1277 1044 1303 Stat.
1065 1276 1129 1302 Silii.
1146 1284 1165 1308 i,
1179 1285 1203 1306 2,
1217 1283 1267 1310 171.
1328 1286 1376 1303 non
1389 1276 1448 1312 fiet,
1462 1282 1491 1302 vt
1502 1274 1670 1302 Pseudo-Cic.
1690 1280 1776 1309 anteq.
1791 1275 1841 1301 iret
1854 1275 1882 1301 in
1896 1275 1958 1301 exil.
1973 1284 2013 1301 20.
2083 1276 2130 1303 Sed
2146 1278 2312 1304 elementorum
2326 1287 2365 1304 or-

237 1321 290 1346 Cic.
306 1319 338 1344 de
352 1319 425 1344 Orat.
439 1326 459 1349 1,
474 1324 505 1350 57
534 1317 570 1342 Ac
591 1316 642 1342 iam
656 1321 712 1341 tuni
727 1319 781 1341 erat
795 1313 998 1340 adolescentulus
1014 1311 1054 1338 his
1068 1311 1159 1338 studiis
1174 1311 1269 1338 mirifi-
1328 1311 1385 1337 dine
1393 1319 1516 1347 ponamus
1529 1309 1699 1343 Substantiua:
1739 1310 1878 1337 Actionem
1893 1310 2021 1337 deducere
2034 1311 2061 1337 in
2076 1312 2206 1338 iudicium
2220 1312 2365 1347 Tryphon.

235 1364 264 1380 ce
278 1354 388 1380 deditus.
457 1351 549 1378 Studio
561 1352 693 1377 musarum
706 1349 808 1376 deditus
827 1349 919 1375 Claud.
932 1349 960 1375 in
975 1347 1086 1382 Epithal.
1099 1346 1208 1373 Palladii
1222 1349 1267 1379 46.
1284 1353 1312 1380 35⁴
1329 1348 1357 1374 in
1372 1347 1390 1373 l.
1407 1348 1433 1373 Si
1448 1347 1549 1373 alienus
1563 1347 1594 1373 D.
1607 1345 1641 1372 de
1659 1345 1852 1372 noxal.ac‘tion.
1889 1346 1928 1372 Ad
1943 1347 2071 1381 Agnatos,
2090 1347 2143 1374 vid.
2162 1355 2182 1374 A
2193 1354 2366 1375 GNATVS.

236 1391 296 1415 Vita
310 1390 383 1414 vitiis
396 1388 557 1421 flagitiisque
578 1386 701 1412 omnibus
714 1385 801 1412 dedita
820 1385 874 1411 Cic.
888 1393 936 1419 pro
950 1384 1024 1410 Rose.
1039 1384 1128 1409 Amet.
1142 1387 1177 1414 38.
1215 1384 1268 1408 Vo-
1331 1384 1434 1417 Aquam
1446 1382 1478 1408 ad
1498 1382 1639 1408 vtilitatein
1657 1381 1712 1415 agri
1733 1381 1787 1408 Cic.
1802 1381 1834 1407 de
1847 1381 1939 1408 Diuiii.
1955 1391 1978 1414 2,
1991 1384 2025 1415 69
2045 1391 2065 1408 c.
2080 1391 2119 1415 32.
2190 1385 2257 1410 Hor,
2271 1383 2323 1410 Od,

235 1425 328 1451 luntati
349 1425 482 1450 bonorum
498 1428 523 1447 et
538 1421 690 1447 auctoritati
710 1421 817 1447 Senatus
837 1420 942 1447 deditus
963 1418 1035 1445 Idem
1054 1428 1102 1452 pro
1123 1417 1218 1444 Milon.
1231 1426 1271 1450 92.
1331 1427 1354 1450 2,
1371 1426 1396 1449 ²3
1416 1433 1460 1437 -—-
1480 1417 1745 1456 Moresqueflureos
1763 1417 1868 1456 deducit
1889 1417 1916 1443 in
1935 1417 2010 1444 astra.
2048 1418 2156 1445 Brachia
2164 1418 2312 1454 fiiltcmtium
2324 1394 2368 1445 εἲ

235 1462 345 1495 Compar.
365 1457 499 1486 onribus
512 1457 627 1483 deditior
640 1457 748 1489 Eutrop.
764 1464 801 1486 io,
816 1463 849 1487 ις.
945 1455 1039 1489 Superl.
1058 1455 1113 1480 Cic.
1129 1455 1199 1480 Fam.
1214 1462 1239 1486 9,
1253 1461 1270 1485 9
1331 1454 1449 1487 Propert.
1469 1461 1493 1483 2,
1515 1458 1547 1483 18,
1568 1460 1580 1485 ς
1615 1452 1675 1478 Siue
1694 1452 1790 1486 aliquis
1808 1453 1884 1479 molli
1904 1452 2007 1479 ddducit
2029 1453 2137 1480 candida
2156 1454 2227 1488 gestu
2246 1453 2366 1482 Brachia.

237 1497 277 1522 Ab
291 1495 394 1529 optimo
413 1499 481 1519 certe
494 1492 583 1518 animo
602 1501 629 1517 ac
649 1489 807 1518 deditissimo
828 1488 895 1521 tibi,
915 1495 941 1515 et
952 1489 1066 1522 cogitata
1078 1495 1104 1514 et
1117 1489 1210 1522 scripta
1224 1489 1271 1514 effe
1333 1491 1451 1515 Imitatur
1464 1489 1524 1514 Stat.
1532 1488 1597 1514 Silu.
1610 1496 1631 1520 3,
1645 1495 1668 1519 ς,
1682 1490 1716 1513 66
1736 1487 1853 1514 Candida
1867 1488 1993 1514 seumolli
2007 1488 2112 1516 deducit
2126 1490 2231 1523 (editur
2249 1490 2371 1524 diducit)

237 1531 347 1558 iudices·
1283 1523 1444 1555 40-Bracliia
1456 1529 1540 1549 motu.
1564 1522 1719 1549 Vidfleins.
1735 1523 1766 1549 ad
1775 1523 1858 1550 Ouid.
1875 1524 2079 1558 Rern.Am.334.
2116 1525 2262 1552 Caesariem
2275 1526 2371 1559 longae

275 1573 316 1592 DE
326 1573 343 1592 1)
353 1564 393 1591 ἲΤ
403 1565 487 1590 fclv
497 1570 527 1595 s,
544 1571 573 1595 a,
592 1571 646 1588 um.
684 1561 743 1588 Adi.
779 1557 907 1594 [ἰέιδοτος]
944 1558 1031 1595 Qss'fi’
1039 1560 1168 1594 permittit
1180 1558 1273 1583 alienae
1310 1575 1314 1576 γ
1334 1557 1423 1583 dextri
1438 1557 1564 1583 deducere
1577 1557 1674 1583 barbae
1688 1558 1769 1584 Ouid.
1784 1560 1847 1585 Met.
1862 1566 1896 1591 15,
1909 1561 1966 1591 656.
2039 1561 2136 1586 Lucan.
2149 1569 2173 1591 2,
2186 1563 2240 1595 697
2262 1561 2369 1586 Stric‘ta-

237 1603 361 1628 voluntati
374 1606 397 1626 et
408 1602 517 1633 imperio.
560 1598 616 1624 Cic.
631 1597 663 1624 ad
676 1598 749 1624 Brut.
762 1605 774 1628 3
804 1598 894 1630 Itaque
908 1594 935 1620 id
949 1593 1206 1621 Senatusconsultmn
1220 1592 1273 1626 ple·
1334 1602 1386 1627 que
1416 1592 1556 1627 pendentes
1583 1592 1714 1617 deducunt
1735 1593 1846 1619 Carbasa
1877 1600 1985 1625 nautae,
2011 1597 2030 1621 i.
2051 1597 2185 1630 explicant.
2221 1596 2334 1631 Metapb.
2353 1604 2370 1622 a

236 1637 315 1671 rique
330 1637 535 1669 interpretantur
555 1634 634 1660 etiam
652 1632 683 1658 ad
703 1638 761 1658 tuos
781 1631 833 1658 siue
847 1631 980 1665 captiuos,
994 1629 1047 1656 liue
1065 1629 1205 1656 dediticios
1217 1636 1273 1662 per·
1334 1628 1390 1654 filo.
1433 1628 1514 1654 Ouid.
1540 1627 1604 1653 Met.
1635 1636 1655 1658 1,
1674 1636 1693 1660 4
1729 1627 1767 1653 Ad
1786 1636 1844 1653 mea
1861 1634 2016 1662 perpetuum
2036 1630 2157 1656 deducite
2176 1634 2295 1664 tempora
2307 1632 2371 1656 Car-

237 1673 330 1699 tinere.
366 1670 460 1697 Liuius
475 1677 501 1704 7,
514 1678 539 1702 31
560 1667 698 1703 Qudquid
717 1667 811 1694 deinde
831 1668 961 1702 patiemur
979 1665 1100 1692 dediticii
1120 1664 1200 1691 vestri
1219 1663 1273 1697 pas·
1333 1672 1402 1690 men.
1474 1663 1600 1689 Carmina
1620 1663 1696 1688 versu
1722 1663 1839 1696 Propert.
1860 1672 1880 1695 1,
1901 1666 1939 1695 16,
1958 1672 1997 1697 4¹·
2029 1665 2087 1690 Vid.
2112 1664 2247 1691 Dcducere
2271 1666 2371 1692 versun.

237 1708 299 1733 sur„
335 1706 407 1733 Caes,
421 1706 447 1732 Β,
462 1706 494 1731 G.
511 1713 530 1736 1,
545 1713 586 1738 27.
624 1703 662 1736 Est
677 1707 749 1730 etiam
763 1703 818 1729 Cic.
833 1702 863 1728 ad
876 1703 946 1729 Brut.
961 1710 982 1734 3.
1012 1701 1071 1728 Sall.
1080 1702 1135 1734 Iug.
1151 1707 1186 1731 31,
1200 1707 1235 1731 19.
1288 1706 1321 1733 45
1335 1699 1406 1725 Hirt.
1419 1697 1482 1724 Bell.
1498 1698 1571 1738 Alex.
1582 1706 1614 1737 -4,
1628 1704 1645 1731 7
1681 1697 1786 1723 Tantus
1800 1698 1895 1724 incessit
1913 1699 2013 1730 timor,
2031 1705 2060 1725 vt
2075 1699 2108 1738 ad
2126 1706 2273 1726 extremum
2284 1702 2372 1727 casum

273 1749 290 1768 D
300 1747 454 1772 EDiT10,
473 1742 539 1766 anis.
566 1740 586 1765 f.
613 1738 736 1766 Verbale.
772 1736 896 1772 [ἔκδυσις]
932 1738 988 1777 Cic.
1004 1745 1052 1772 pto
1066 1736 1127 1770 Leg.
1142 1735 1234 1761 Manil.
1246 1740 1273 1766 33
1335 1742 1427 1761 omnes
1439 1733 1545 1760 deduc'n
1560 1733 1724 1759 Viderentur.
1796 1733 1868 1759 Caes.
1883 1733 1911 1758 B.
1925 1734 1956 1759 G.
1969 1742 1990 1764 2,
2003 1741 2028 1765 31
2064 1734 2121 1760 Sibi
2139 1735 2283 1768 praestare,
2304 1735 2322 1761 fi
2341 1736 2371 1764 'in

237 1776 312 1811 Spem
330 1775 472 1802 deditionis
494 1783 547 1800 non
563 1775 662 1806 demit,
681 1774 834 1808 obsidesque
853 1774 1001 1807 imperauit.
1072 1772 1173 1798 Locum
1192 1769 1273 1796 alicui
1335 1779 1395 1796 eum
1403 1770 1497 1796 Casum
1512 1768 1719 1800 deducerentur,
1737 1769 1858 1803 quamuis
1870 1768 2004 1794 fortunam
2016 1778 2030 1795 a
2043 1769 2104 1803 Pop.
2119 1770 2197 1796 Rom.
2212 1771 2276 1804 pati,
2291 1779 2373 1805 quam

239 1812 372 1847 reliquum
386 1819 439 1836 non
451 1809 531 1836 niodo
544 1809 576 1835 ad
596 1818 701 1843 pacem,
722 1809 763 1835 sed
782 1819 815 1835 ne
834 1809 865 1836 ad
886 1808 1047 1834 deditionem
1062 1807 1170 1842 quidem
1188 1806 1275 1832 facere
1335 1805 1368 1832 ab
1388 1806 1421 1831 iis
1441 1814 1486 1839 per
1504 1804 1649 1831 cruciatum
1667 1803 1789 1830 interfici.
1860 1804 1970 1831 Causam
1984 1804 2012 1830 in
2024 1804 2154 1831 iudiciuin
2167 1805 2295 1831 deducere
2313 1806 2372 1832 Cic.

240 1848 296 1873 Cic.
318 1846 430 1880 Philipp.
450 1853 484 1876 13,
502 1849 542 1877 48.
637 1843 782 1870 Deditione
800 1844 920 1878 corporis
934 1844 1005 1879 quod
1026 1843 1154 1877 deliquit,
1173 1842 1273 1867 euitare
1336 1842 1367 1868 de
1389 1842 1499 1874 Optimo
1519 1840 1584 1865 Gen.
1603 1839 1677 1865 Orat.
1691 1847 1728 1872 19.
1782 1839 1855 1865 Idem
1876 1848 1924 1873 pro
1936 1839 2006 1865 Sulla
2018 1848 2054 1872 90
2074 1848 2096 1866 c.
2109 1848 2138 1871 32
2176 1840 2295 1866 Honoris
2311 1849 2374 1867 con-

242 1883 295 1909 litis
316 1881 523 1908 aestimationem
543 1879 622 1905 Caius
642 1879 669 1904 in
681 1878 720 1905 l.i
741 1879 773 1904 D.
791 1879 822 1904 de
836 1879 932 1905 Noxal.
947 1879 1046 1905 aetion.
1118 1878 1213 1904 Facere
1231 1875 1274 1901 de·
1296 1885 1327 1911 50
1336 1876 1421 1902 tentio
1442 1883 1490 1901 vos
1505 1873 1537 1900 ad
1551 1875 1668 1906 causam,
1688 1883 1742 1899 non
1757 1874 1914 1905 inimicitiae
1933 1874 2106 1902 deduxerunt.
2159 1875 2220 1901 Liu.
2234 1878 2273 1908 36,
2286 1883 2299 1909 ς
2327 1877 2374 1903 Pe·
2404 1886 2406 1888 v

241 1919 369 1944 ditionem
389 1915 421 1942 ad
440 1914 541 1941 hostem
560 1914 688 1947 Qinciil.
704 1922 726 1945 3,
740 1919 761 1943 Β.
798 1914 869 1940 Hirt.
883 1914 910 1940 B.
923 1914 997 1948 Hisp.
1012 1923 1032 1939 c.
1047 1922 1089 1939 20.
1167 1913 1275 1937 Paratur
1335 1910 1425 1937 tebant
1438 1911 1559 1943 enim,ne
1571 1909 1596 1935 se
1609 1916 1707 1936 temere
1720 1909 1748 1934 in
1760 1910 1868 1935 Causam
1882 1908 2037 1942 deduceret,
2054 1912 2071 1935 i.
2091 1912 2125 1936 im
2143 1911 2232 1938 lii-aret
2243 1911 2301 1938 bello
2319 1920 2375 1938 cum

243 1953 345 1980 deditio
370 1950 462 1978 Claud.
480 1951 570 1984 Paneg.
590 1958 617 1981 4.
689 1949 728 1975 Ad
746 1948 909 1975 deditionem
930 1949 1073 1984 perpellere
1085 1967 1093 1980 ,
1118 1947 1171 1973 vid.
1196 1953 1276 1973 PER·
1336 1948 1462 1973 Romanis.
1532 1945 1600 1971 Ter.
1620 1945 1684 1971 Eun.
1702 1953 1724 1976 2,
1739 1952 1759 1976 3,
1772 1953 1802 1977 23
1835 1944 1862 1970 Si
1876 1953 1928 1979 qua
1940 1945 2061 1972 habitior
2073 1953 2123 1980 pau
2135 1946 2176 1977 lo,
2196 1947 2312 1981 pugilem
2325 1948 2375 1974 effe

245 1995 376 2016 FELLO.
446 1987 587 2019 Properate
608 1983 769 2010 deditionem
794 1983 884 2009 Tacit.
904 1985 970 2011 Ann.
989 1993 1010 2014 2,
1033 1992 1073 2010 22.
1144 1982 1275 2016 Redigere
1337 1982 1426 2008 aiunt:
1451 1980 1582 2007 deducunt
1608 1980 1706 2006 Cibum
1719 1979 1817 2007 tametfi
1839 1979 1910 2006 bona
1935 1980 1972 2006 est
1993 1986 2100 2013 natura,
2122 1981 2235 2008 reddunt
2251 1988 2374 2009 curatura

246 2024 273 2050 in
287 2023 448 2049 deditionem
461 2020 569 2055 imperii
583 2020 638 2046 Cic·
654 2019 767 2053 PhiliPP·
783 2027 810 2050 4,
826 2027 849 2050 ¹3
868 2027 889 2044 c·
905 2026 926 2051 ς.
997 2018 1148 2045 Deditionis
1162 2017 1277 2044 formula
1337 2018 1456 2047 iunceas,
1474 2019 1492 2042 i.
1507 2015 1664 2051 ficbducunt,
1678 2015 1828 2051 velsubtrah
1863 2021 1882 2041 t.
1918 2015 1965 2042 Sed
1977 2015 2043 2042 Cels.
2057 2024 2080 2047 3,
2092 2020 2117 2045 18
2144 2016 2185 2042 Ad
2193 2017 2291 2044 Cibum
2306 2025 2374 2053 quo-

246 2059 310 2095 apud
323 2058 432 2085 Liuium
451 2055 597 2092 describitur
609 2057 636 2080 in
649 2054 764 2080 Collatiae
774 2053 896 2079 deditione
909 2064 929 2085 1,
939 2060 970 2084 38
983 2054 1022 2079 his
1036 2053 1133 2079 verbis:
1170 2054 1224 2078 Rex
1239 2053 1277 2077 in-
1295 2059 1322 2086 55
1338 2061 1390 2087 qne
1403 2051 1528 2086 quosdam
1541 2061 1594 2078 non
1606 2051 1777 2077 desiderantes
1790 2050 1821 2077 de
1841 2056 1953 2077 nxerunt
1970 2050 1998 2076 hi
2007 2070 2015 2082 ,
2035 2051 2083 2085 qui
2098 2051 2167 2079 inter
2180 2052 2314 2087 epulantes
2326 2062 2373 2080 eos

247 2094 405 2128 terrogauit,
427 2092 523 2118 Estisne
540 2099 588 2117 vos
607 2090 699 2123 legati,
720 2096 890 2123 oratoresque
909 2088 972 2114 miffi
992 2097 1005 2114 a
1019 2088 1119 2122 populo
1133 2088 1276 2118 Collatino,
1339 2087 1543 2114 collocauerunt.
1579 2116 1581 2119 ,
1611 2087 1668 2114 Cic.
1685 2087 1736 2113 Att.
1753 2094 1780 2119 9,
1816 2106 1822 2112 .
1859 2105 1866 2112 .
1904 2086 1943 2112 De
1960 2086 2044 2120 gratia
2065 2091 2090 2112 et
2102 2095 2152 2121 ope
2166 2087 2232 2122 quid
2250 2087 2377 2123 fignifica-

248 2136 276 2156 vt
296 2139 360 2161 vos,
386 2127 566 2163 populumque
586 2125 746 2159 Collatinum
767 2124 910 2151 dederitis?
937 2124 1038 2150 Sunius.
1076 2123 1150 2149 Estne
1170 2123 1281 2157 populus
1338 2132 1395 2155 res,
1416 2132 1519 2149 mecum
1539 2122 1593 2156 ipse
1611 2121 1776 2157 quaerebam.
1813 2122 1861 2156 Spe
1873 2127 1960 2147 tamen
1982 2121 2129 2149 deducebar
2148 2123 2180 2149 ad
2199 2132 2256 2150 eam
2269 2125 2378 2159 Cogita-

248 2165 394 2192 Collatinus
415 2165 442 2189 in
461 2164 505 2189 sua
524 2162 665 2196 potestate?
685 2160 734 2186 Est.
760 2160 896 2186 Deditisne
914 2168 961 2185 vos
975 2159 1155 2193 populumque
1169 2159 1280 2185 Collati-
1340 2160 1450 2191 tionem,
1464 2164 1492 2184 vt
1505 2164 1531 2185 te
1544 2166 1592 2198 pro
1605 2164 1650 2184 tua
1660 2157 1814 2184 admirabili
1827 2166 1855 2183 ac
1863 2156 1988 2191 singulari
2002 2157 2137 2191 sapientia,
2147 2158 2179 2184 de
2186 2159 2254 2192 otio,
2263 2159 2295 2187 de
2302 2168 2376 2195 pace,

247 2210 326 2232 num,
346 2199 455 2231 vrbem,
473 2206 564 2231 agros,
583 2197 726 2228 terminos,
746 2204 855 2229 aquam,
879 2194 1002 2226 delubra,
1023 2193 1157 2225 vtenfilia,
1178 2194 1279 2227 diuina,
1342 2195 1373 2221 de
1388 2194 1529 2220 concordia
1544 2194 1645 2220 ciuium
1665 2193 1708 2228 agi
1723 2193 1794 2219 velle
1811 2192 1965 2219 arbitrarer.
2001 2193 2130 2220 Coloniae
2140 2194 2378 2231 Jbllemnisormula

250 2236 414 2270 humanaque
432 2234 522 2260 onmia
539 2233 567 2259 in
585 2241 671 2258 meam
690 2231 835 2265 Populique
856 2230 970 2256 Romani
989 2229 1168 2255 deditionem?
1202 2230 1280 2255 Dedi·
1290 2236 1324 2260 60
1340 2230 1434 2256 deduci
1448 2230 1566 2255 dicuntur
1585 2239 1610 2256 v.

1644 2250 1650 2255 .
1669 2229 1723 2256 Cic.
1736 2229 1767 2255 de
1780 2229 1842 2263 Leg.
1856 2228 1947 2262 Agrar.
1962 2236 1978 2254 2.
1997 2237 2018 2254 c.
2034 2235 2066 2263 27
2097 2230 2183 2264 Atque
2195 2230 2225 2256 in
2235 2230 2284 2257 hos
2296 2239 2374 2265 agros

249 2281 315 2298 muS.
351 2271 381 2297 Et
402 2279 451 2303 ego
472 2278 519 2295 vos
537 2268 647 2302 recipio.
683 2268 767 2293 Aliam
780 2266 830 2292 oid.
846 2277 871 2301 7,
882 2276 917 2297 3¹·
988 2266 1112 2298 Accipere
1126 2265 1154 2290 in
1169 2264 1281 2291 deditio·
1341 2281 1386 2286 —
1404 2265 1523 2291 colonias
1535 2264 1568 2291 ab
1581 2265 1615 2291 iis
1624 2238 1794 2291 {Decemuiris
1807 2263 1904 2290 deduci
1916 2263 2000 2290 iubet.
2036 2265 2067 2290 Et
2080 2267 2107 2290 in
2118 2265 2201 2292 trihus
2213 2266 2265 2292 illis
2285 2268 2378 2292 oratio-

249 2316 309 2333 nem
322 2306 393 2332 Caes.
408 2306 435 2332 B.
452 2305 484 2332 G.
499 2314 519 2336 i,
533 2309 573 2333 28.
644 2301 796 2329 Concedere
817 2302 845 2327 in
858 2300 1019 2327 deditionem
1039 2301 1098 2326 Liu.
1114 2300 1144 2326 de
1158 2301 1221 2326 Bell.
1235 2302 1281 2326 Pu·
1341 2301 1412 2326 nibux
1424 2302 1506 2336 saepe.
1543 2301 1583 2327 Sic
1598 2300 1629 2326 de
1639 2300 1749 2326 Diuin.i
1762 2309 1784 2326 c.
1799 2307 1832 2333 45
1852 2300 1881 2326 In
1894 2299 2024 2326 lustranda
2035 2299 2140 2326 colonia
2152 2299 2185 2327 ab
2198 2310 2246 2335 eo,
2260 2302 2308 2336 qui
2320 2310 2378 2328 eam

250 2342 300 2367 nic.
339 2360 346 2366 .
382 2360 388 2366 .
427 2360 433 2365 .
505 2340 644 2368 Deserere,
657 2339 696 2364 uel
713 2338 838 2364 omittere
857 2336 1020 2362 deditionem
1041 2335 1100 2361 Sall.
1119 2335 1148 2360 in
1163 2336 1281 2369 Iugurth.
1342 2336 1490 2363 deduceret.
1525 2337 1566 2362 sic
1577 2336 1650 2372 saepe
1668 2335 1735 2371 apud
1755 2337 1862 2362 Liuium.
1898 2334 1966 2362 Add.
1987 2336 2059 2362 Caes.
2079 2336 2107 2362 Β.
2120 2336 2150 2363 C.
2165 2345 2183 2367 1,
2195 2346 2223 2371 4.
2266 2337 2335 2364 Vell.
2355 2345 2379 2370 1,

251 2387 274 2412 p.
291 2384 343 2402 120.
413 2374 564 2407 Significare
585 2374 746 2400 deditionem
767 2373 839 2399 Caes.
857 2373 882 2398 B.
899 2372 929 2398 G.
949 2378 975 2403 7,
990 2380 1034 2404 40.
1106 2370 1230 2404 Subigere
1250 2372 1281 2397 ad
1344 2381 1373 2405 ¹4
1386 2379 1432 2397 etc.
1503 2371 1574 2397 Caes.
1588 2372 1615 2399 B.
1631 2372 1662 2398 G.
1675 2379 1700 2407 7,
1714 2373 1743 2404 63
1782 2372 1820 2398 Re
1838 2371 1990 2405 impetrata,
2010 2371 2179 2406 contendunt,
2187 2378 2216 2398 vt
2234 2372 2293 2407 ipsis
2310 2373 2379 2399 sum-

251 2412 412 2439 deditioncni
445 2409 504 2434 Liu.
525 2411 558 2439 6,
595 2428 602 2434 .
639 2428 645 2434 .
717 2407 812 2434 Subire
844 2407 1006 2433 deditionem
1041 2406 1112 2433 Caes.
1127 2407 1154 2432 B.
1170 2407 1199 2432 C.
1216 2415 1235 2439 1,
1249 2412 1284 2436 81-
1299 2409 1329 2438 65
1345 2416 1384 2433 nia
1400 2407 1506 2440 imperii
1519 2407 1649 2433 tradatur:
1667 2413 1692 2433 et
1706 2407 1734 2432 iri
1748 2405 1955 2433 controuersiam
1968 2405 2093 2439 deducta,
2109 2407 2190 2434 totius
2204 2408 2306 2435 Galliae
2318 2416 2379 2435 con-

254 2447 351 2473 Venire
363 2447 389 2471 in
402 2444 564 2470 deditionem
578 2442 651 2469 Idem
665 2443 693 2468 B.
705 2443 736 2467 G.
751 2445 777 2474 6,
790 2452 801 2474 3
816 2449 839 2468 rt
851 2451 875 2475 9.
897 2446 926 2468 it.
942 2448 962 2473 8,
977 2451 1010 2474 31.
1344 2443 1434 2469 cilium
1448 2441 1568 2467 Bibrae'te
1583 2441 1718 2468 indicitur.
1789 2441 1899 2467 Crimen
1913 2441 2019 2466 deducis
2036 2442 2068 2468 ad
2080 2442 2172 2468 oculos
2190 2443 2271 2469 Ouid.
2285 2445 2379 2470 Amor.

288 2479 448 2511 DEDiTOR,
468 2479 531 2504 oris.
552 2487 586 2503 m.
622 2477 740 2503 Tei-tull.
753 2478 784 2502 de
798 2478 872 2503 Orat.
886 2486 907 2503 c.
923 2486 946 2503 ιι
973 2477 1107 2503 Deditoris
1127 2477 1283 2511 exemplum.
1346 2487 1374 2510 3,
1393 2485 1438 2509 14,
1459 2484 1494 2508 33.
1566 2477 1675 2503 Crinein
1705 2475 1833 2502 deducere
1868 2475 1963 2510 pingui
1993 2484 2099 2501 amomo
2125 2477 2187 2503 Stat.
2205 2478 2268 2503 Silu.
2284 2486 2305 2509 1,
2318 2486 2344 2509 2,
2356 2486 2378 2509 3.

291 2514 443 2546 ῡῑῡόειῑο,
458 2513 586 2544 ιι1,ἑ”1υ111,
600 2516 652 2538 ere.
671 2509 869 2546 [μεταδιδάσκω]
890 2513 986 2543 facere,
999 2520 1026 2538 ut
1037 2516 1093 2547 quii
1107 2520 1181 2537 mutet
1189 2518 1285 2548 smmi.
1344 2514 1406 2539 Dies
1426 2512 1553 2538 deducere
1572 2519 1663 2538 contra
1676 2511 1796 2537 omnium
1815 2511 1952 2537 sententias
1965 2510 2020 2537 Cic.
2033 2510 2111 2537 Acad.
2129 2520 2138 2537 1
2152 2518 2215 2538 extr.
2233 2515 2252 2539 i.
2268 2512 2379 2548 disputa-

255 2552 471 2585 tiam,v»l.1gendi
482 2551 609 2573 rationem.
630 2547 675 2572 cm·
690 2550 840 2572 contrarium
855 2545 885 2579 est
900 2546 999 2572 Doceo.
1020 2548 1106 2582 Itaque
1120 2551 1161 2583 qui
1176 2547 1285 2574 dedoce-
1344 2551 1408 2574 tione
1423 2547 1558 2574 extrahere.
1594 2547 1634 2574 stc
1647 2546 1739 2582 quidem
1758 2549 1936 2581 interpretatur
1950 2546 2056 2573 Gronau.
2091 2546 2162 2581 Qid
2172 2546 2198 2580 fi
2212 2551 2248 2573 itti
2262 2547 2328 2573 dedit
2341 2547 2382 2573 Ci-

256 2595 298 2613 tur
313 2585 429 2621 dediscit,
443 2590 471 2610 vt
490 2583 564 2618 discit
576 2585 618 2617 qui
630 2581 745 2607 docetur.
793 2582 934 2613 Qiin&.2,
948 2592 959 2612 3
975 2583 1005 2608 Et
1020 2582 1127 2616 quidem
1141 2583 1284 2609 dedocendi
1299 2592 1334 2618 70
1345 2593 1413 2610 cero:
1434 2584 1469 2609 Vt
1484 2588 1574 2608 contra
1593 2583 1712 2608 omnium
1732 2582 1870 2608 sententias
1888 2581 1977 2607 dicens
1997 2581 2089 2616 (quam
2108 2590 2188 2607 vocem
2201 2585 2338 2617 corripiens
2352 2583 2381 2608 1i-

256 2631 321 2648 onus
333 2621 439 2655 grauius
460 2628 487 2644 ac
501 2618 589 2652 prius,
609 2625 686 2651 quam
699 2616 811 2641 docendi
825 2616 867 2641 est.
904 2617 959 2642 Cic.
978 2618 1009 2642 de
1021 2618 1077 2642 Fin.
1097 2627 1114 2650 1,
1128 2627 1158 2643 20
1176 2629 1197 2644 c.
1214 2621 1229 2644 6
1259 2618 1286 2644 Si
1346 2619 1445 2645 brarius
1464 2621 1490 2643 in
1509 2618 1571 2650 dfis,
1593 2617 1661 2643 dedit
1680 2616 1838 2650 occasionem,
1851 2623 1880 2642 ut
1899 2618 1945 2642 alii
1962 2617 2069 2651 legerent
2081 2615 2155 2651 dies)
2169 2617 2221 2643 iam
2240 2617 2380 2652 plerosque

257 2668 271 2684 a
288 2657 417 2689 Polyaeno
439 2654 566 2681 familiari
584 2653 631 2678 suo
652 2651 823 2685 geometriam
842 2651 940 2676 discere
958 2652 1098 2681 maluifl'et,
1117 2662 1195 2685 quani
1210 2654 1287 2680 illuni
1347 2654 1416 2688 (eo)
1431 2652 1577 2683 deduceret,
1592 2660 1636 2678 etc.
1679 2653 1753 2678 Plane
1772 2653 1821 2678 alio
1834 2651 1908 2687 sensu
1924 2651 1982 2677 Val.
1997 2651 2078 2677 Flacc.
2092 2660 2113 2683 1,
2127 2659 2174 2688 227
2193 2653 2298 2679 Totum
2311 2652 2382 2678 Min-

257 2694 337 2719 etiam
351 2691 487 2717 dedocere.
557 2688 694 2714 Docendus
708 2686 786 2712 iudex
798 2685 833 2712 est
851 2693 896 2712 aut
913 2685 1078 2711 dedocendus
1099 2687 1155 2712 Cic.
1168 2687 1199 2712 de
1213 2688 1288 2713 Orat.
1347 2689 1386 2721 gis
1402 2688 1556 2713 laetantibus
1577 2687 1659 2713 vndae
1679 2686 1817 2712 Deduxere
1837 2686 1917 2712 diem.
1954 2688 2046 2722 Nempe
2067 2687 2141 2712 Solem
2158 2687 2303 2714 occidentem
2323 2696 2338 2713 a
2351 2687 2381 2722 se

258 2738 267 2755 i
282 2739 303 2755 c.
319 2737 362 2761 40.
399 2726 471 2761 Cous.
491 2725 546 2751 Sen.
561 2724 654 2749 Contr.
670 2731 694 2750 2.
707 2731 744 2754 ¹4·
1348 2722 1474 2747 detrahere
1494 2730 1523 2746 ac
1541 2721 1668 2746 deducere
1684 2721 1783 2746 videtur
1800 2729 1910 2746 oceanus.
1946 2721 2016 2746 Certe
2033 2720 2160 2748 deducere
2179 2721 2213 2748 ad
2229 2725 2336 2748 animum
2357 2728 2381 2748 et

296 2770 338 2790 DE
349 2768 412 2789 Do!
429 2768 490 2792 Eo,
505 2760 549 2791 ui,
571 2763 622 2785 ere.
659 2757 814 2792 [α’παλγέω]
851 2756 964 2782 Dolorem
981 2755 1112 2790 deponere,
1128 2755 1231 2789 definere
1249 2755 1288 2782 do·
1305 2754 1428 2789 75studia
1442 2758 1582 2790 pertinere,
1590 2755 1658 2790 finis
1676 2756 1783 2789 exempla
1795 2754 1937 2787 declarant,
1954 2764 2014 2791 quae
2025 2756 2109 2782 damus
2121 2765 2176 2783 mox
2185 2756 2232 2792 fi¹b
2245 2757 2381 2784 Dcducere

259 2801 316 2826 lere.
353 2797 432 2824 Ouid.
447 2795 511 2822 Fan.
530 2803 552 2826 3,
564 2802 617 2828 479
638 2792 710 2827 Quid
724 2801 766 2818 me
782 2792 811 2818 in
824 2790 930 2817 desertis
946 2792 1103 2817 morituram
1112 2791 1192 2816 Liber
1206 2791 1291 2817 arenis
1351 2791 1382 2817 de
1401 2790 1526 2816 sententia
1536 2810 1543 2822 ,
1563 2790 1590 2818 in
1603 2790 1761 2815 Sententiam
1776 2796 1820 2816 etc.
1878 2792 1934 2817 Huc
1953 2794 2066 2825 pertinet
2091 2794 2164 2817 etiam
2178 2792 2247 2827 Nep.
2267 2793 2351 2819 Alc-ib.
2366 2798 2381 2823 8

260 2833 403 2861 Sernabas3
423 2831 499 2866 potui
511 2829 651 2856 dedoluisse
663 2828 749 2854 semel.
787 2828 841 2853 Hoc
853 2825 902 2858 esi,
922 2828 1005 2853 Morte
1025 2826 1128 2852 dolorem
1142 2826 1257 2861 deponere
1270 2833 1293 2852 et
1351 2826 1407 2854 Sibi
1421 2832 1506 2857 autem
1525 2826 1573 2851 else
1593 2825 1685 2856 facile,
1703 2824 1817 2851 Seutlien
1833 2834 1922 2860 regem
1936 2826 2073 2852 Thracum
2088 2826 2214 2854 deducere
2234 2828 2327 2862 (etiam
2341 2830 2382 2856 hic

254 2871 341 2903 finire.
359 2867 470 2893 Ariadne
497 2866 617 2892 Bacchum
642 2865 782 2899 alloquitur.
853 2856 925 2888 Idem
945 2862 976 2888 de
998 2863 1072 2888 Rem.
1092 2863 1182 2888 Amor.
1205 2871 1224 2893 i,
1245 2870 1292 2894 295
1352 2860 1458 2895 omiffinn
1472 2864 1520 2892 eo)
1534 2867 1562 2887 vt
1574 2869 1617 2886 eos
1629 2866 1697 2886 terra
1710 2860 1858 2894 depelleret.
1928 2861 1983 2887 Cic.
1999 2861 2076 2887 Aead.
2087 2871 2114 2894 4,
2152 2883 2158 2889 .
2196 2883 2202 2889 .
2238 2864 2313 2897 Qiae
2326 2870 2381 2890 tan-

262 2905 383 2939 Optimus
404 2903 448 2929 ille
469 2902 521 2927 fuit
538 2901 653 2932 vindex,
673 2898 803 2925 laedentia
821 2897 911 2932 pce‘tus
947 2897 1059 2924 Vincula
1078 2897 1124 2932 qui
1144 2898 1229 2932 rupit,
1249 2896 1291 2923 de·
1353 2897 1413 2924 deni
1432 2905 1462 2923 ea
1482 2896 1516 2922 est
1534 2896 1690 2938 Disciplina,
1709 2896 1740 2922 ad
1754 2905 1834 2938 quain·
1851 2905 1894 2938 me
1908 2895 2034 2938 deducas,
2054 2896 2072 2922 ti
2091 2897 2123 2923 ab
2143 2897 2189 2924 hac
2211 2899 2383 2927 abstraxerjgg

261 2940 400 2973 dommine
416 2936 502 2964 semel·
1305 2937 1337 2962 80
1354 2934 1373 2959 A
1389 2933 1488 2959 Dolore
1507 2932 1617 2973 deduci,
1636 2942 1654 2957 1.
1675 2931 1761 2972 ¹dolore
1778 2941 1832 2967 cogi
1851 2933 1925 2958 aliter
1937 2932 2033 2972 sentire
2051 2932 2079 2958 de
2097 2942 2124 2959 re
2146 2935 2244 2969 aliqua,
2263 2942 2287 2961 et
2301 2935 2382 2962 dolore

298 2980 502 3003 DEDOLENTIA
512 2991 521 3004 ‚
539 2981 577 2998 ae·
597 2971 617 2996 f·
651 2969 808 3002 Ἀπαλγησία
827 2969 884 2994 Vet-
905 2968 984 2994 Gloffi
1353 2969 1498 3004 asententia
1512 2968 1614 2994 abduci:
1650 2968 1705 2993 Cic.
1719 2967 1800 2993 Tusc.
1813 2976 1835 2999 2,
1849 2970 1883 2993 60
1908 2968 1927 2993 E
1943 2967 2039 3001 quibus
2053 2967 2134 2994 homo
2147 2970 2205 2995 sane
2221 2970 2286 2996 leuis
2300 2972 2383 2997 Hera-

301 3018 319 3037 D
329 3017 344 3036 E
355 3017 372 3036 D
382 3008 401 3036 ὁ
412 3016 426 3034 1.
438 3014 457 3035 0
469 3028 475 3039 ,
490 3012 542 3034 are.
579 3004 618 3039 Est
638 3007 715 3031 veluti
735 3004 835 3030 dolabra
848 3005 887 3029 vel
903 3005 951 3029 alio
967 3001 1125 3036 instrumento
1140 3001 1227 3037 ferreo
1237 3009 1293 3037 pcr—
1353 3004 1447 3029 cleotes
1460 3003 1598 3035 Dionysius
1607 3023 1614 3034 ,
1631 3012 1712 3037 quum
1725 3011 1739 3028 a
1752 3004 1856 3029 Zenone
1874 3002 2026 3029 fortissimus
2044 3004 2092 3030 esse
2105 3003 2246 3037 didicifl'et,
2260 3014 2273 3031 a
2283 3005 2382 3032 Dolore

259 3045 332 3083 [εὕρ
350 3045 431 3071 dolare
445 3051 467 3070 et
482 3041 627 3079 exscindere.
662 3039 793 3067 Columel.
806 3048 834 3072 4,
849 3041 881 3065 26
903 3040 972 3064 Haec
987 3047 1130 3073 eorumque
1145 3038 1238 3064 similia
1252 3046 1294 3072 pe·
1353 3038 1477 3065 dedueius
1497 3039 1541 3064 est.
1578 3039 1647 3065 Nam
1668 3047 1749 3073 quum
1768 3047 1799 3064 ex
1812 3038 1918 3064 renibus
1931 3038 2077 3071 laboraret,
2097 3039 2151 3074 ipse
2170 3040 2198 3067 in
2217 3041 2316 3067 eiulatu
2334 3042 2383 3067 cla-

267 3082 384 3108 damenta
405 3079 459 3114 post
478 3079 641 3113 putationem
659 3074 821 3102 retrabianda
842 3076 915 3106 sunt,
940 3081 1077 3108 partesque
1097 3083 1187 3099 eornm
1208 3081 1295 3108 putres
1355 3074 1464 3100 niitabat
1479 3074 1540 3100 falsa
1554 3075 1601 3100 effe
1615 3074 1747 3109 illa,quae
1760 3080 1835 3100 antea
1846 3073 1878 3100 de
1891 3073 1983 3100 dolore
1996 3074 2104 3101 senfiss‘et
2116 3075 2178 3110 ipse.
2250 3076 2385 3103 InDiscri-

268 3115 433 3142 dedolandae.
482 3113 597 3141 Martial.
620 3121 651 3143 11,
666 3116 693 3144 85
713 3111 741 3137 de
759 3111 892 3146 chirurgo,
918 3109 1060 3144 Frac'laque
1078 3109 1167 3135 fabrili
1189 3109 1293 3135 dedolat
1310 3112 1338 3140 85
1354 3119 1415 3136 inen
1430 3110 1556 3136 deducere
1579 3110 1634 3136 Cic.
1649 3110 1719 3136 Fam.
1734 3118 1771 3141 io,
1785 3118 1825 3143 24.
1896 3109 2037 3136 Fastidium
2052 3110 2179 3137 deducere
2196 3111 2289 3137 dicitur
2301 3111 2382 3139 herba

268 3153 318 3178 oss'a
331 3160 417 3177 manu.
453 3150 539 3176 Minae
552 3147 677 3184 furiosum
690 3147 718 3182 se
734 3144 872 3179 simulamur
890 3144 969 3171 Plaut.
988 3146 1058 3171 Men.
1073 3153 1095 3178 ς,
1110 3154 1134 3176 2,
1149 3147 1193 3170 106
1220 3145 1294 3170 Secu-
1354 3146 1459 3180 aliqua,
1481 3149 1498 3171 i.
1519 3144 1619 3180 auferre
1633 3144 1697 3171 Plin.
1711 3153 1747 3177 23,
1761 3150 1782 3174 8.
1852 3145 1919 3171 Hor.
1933 3145 2011 3179 Epist.
2025 3154 2044 3177 1,
2060 3154 2083 3172 2.
2098 3153 2136 3180 47
2155 3146 2217 3172 Non
2232 3146 2299 3172 aeris
2313 3156 2382 3174 acer-

271 3187 320 3212 rim
341 3187 437 3220 capiam
457 3184 613 3219 ancipitem,
632 3189 709 3217 atque
728 3181 796 3208 hunc
815 3182 901 3207 senem
915 3181 1058 3212 Exossabo,
1074 3180 1142 3206 dein*
1165 3180 1295 3206 dedolabo
1355 3191 1402 3207 vus
1414 3188 1439 3208 et
1457 3181 1515 3207 auri
1535 3182 1650 3215 Aegi-oto
1668 3180 1768 3206 domini
1783 3180 1891 3206 deduxit
1907 3180 2128 3215 corpoi·eFebres.
2147 3185 2164 3207 i.
2184 3179 2292 3213 abstulit.
2326 3184 2382 3212 Cic,

270 3221 393 3246 affiilatim
414 3222 521 3247 viscera.
588 3218 667 3252 Apul.
688 3218 750 3244 Met.
770 3226 786 3250 9
806 3226 830 3251 p.
846 3225 903 3246 220,
918 3225 941 3248 13
980 3217 1012 3242 Α1
1031 3225 1096 3242 vero
1115 3215 1215 3241 adulter
1251 3231 1295 3235 —-
1357 3218 1432 3243 Verr.
1449 3216 1503 3243 A&
1518 3225 1543 3249 1,
1558 3225 1585 3250 23
1617 3216 1699 3242 Cuius
1717 3216 1828 3242 diuitiae
1840 3225 1883 3242 me
1901 3215 1932 3242 de
1946 3215 2010 3242 Fide
2022 3216 2148 3242 deducere
2167 3225 2220 3242 non
2233 3218 2382 3251 potuissent,

272 3256 419 3282 inclinatam
432 3256 505 3282 dolio
519 3263 627 3289 pronam
643 3262 751 3280 vxoretn
769 3252 839 3278 fabri
859 3253 934 3285 super
951 3252 1101 3277 incuruatus
1115 3252 1201 3277 secure
1216 3251 1296 3277 dedo·
1357 3253 1381 3278 h.
1396 3262 1414 3278 c.
1433 3260 1548 3278 auri-tere.
1619 3252 1657 3277 Ad
1674 3252 1762 3277 fletum
1783 3251 2042 3286 misericordiamque
2060 3251 2153 3277 deduci
2180 3252 2235 3278 Cic.
2257 3252 2288 3279 de
2308 3252 2381 3280 Orat.

272 3291 349 3317 labat.
417 3292 512 3318 Fustini
534 3289 632 3316 crebris
658 3288 755 3315 ictibus
781 3288 901 3322 persaepe
927 3286 1068 3313 dedolabar
1101 3287 1177 3321 Apul.
1199 3287 1261 3312 Met.
1281 3293 1345 3321 790
1357 3297 1382 3320 2,
1398 3293 1448 3319 189.
1519 3287 1600 3314 Ouid.
1620 3288 1710 3313 Amor.
1730 3296 1749 3319 1,
1772 3296 1811 3320 14,
1829 3295 1846 3322 7
1880 3287 1927 3313 Vel
1958 3287 2022 3321 pede
2051 3285 2122 3320 quod
2149 3288 2241 3321 gracili
2278 3288 2383 3315 deducit

272 3336 296 3360 p,
320 3332 388 3361 193,¹
402 3334 442 3359 ²7-
1358 3332 1451 3349 aranea
1465 3323 1559 3350 Filum.
1596 3323 1683 3349 Filum
1701 3323 1828 3349 deducens
1848 3322 1901 3348 leui
1914 3322 2010 3356 pollice
2027 3321 2105 3347 Ouid.
2120 3323 2183 3348 Met.
2198 3332 2225 3356 4,
2239 3326 2279 3356 36.
2332 3323 2382 3349 De-

311 3363 498 3386 1)1,11(11,Ᾱτν5
508 3381 515 3391 ,
532 3370 559 3391 a,
580 3368 633 3386 11111.
654 3360 721 3385 Part.
763 3359 811 3390 Vt,
823 3357 964 3384 Dedolatae
978 3355 1087 3383 Ridicae
1109 3357 1212 3383 Colum.
1228 3366 1258 3389 11,
1274 3366 1297 3383 2.
1357 3359 1451 3384 ducere
1461 3359 1491 3384 dc
1498 3359 1589 3385 Fundo
1598 3358 1711 3394 formula
1721 3361 1795 3390 iuris,
1810 3367 1858 3393 qua
1871 3359 2017 3392 caerimonia
2032 3357 2159 3384 indicatur
2166 3358 2313 3393 poſjbſjbrem
2322 3366 2383 3394 pro-

311 3403 328 3421 n
338 3402 351 3420 r
363 3402 380 3420 n
392 3400 410 3419 0
423 3401 438 3419 1.
448 3401 496 3420 AT
508 3402 558 3427 10,
573 3395 639 3421 onis.
666 3395 684 3420 f.
720 3394 825 3419 Vitrnu.
864 3413 869 3418 .
906 3412 912 3418 .
949 3412 955 3418 .
1357 3396 1460 3420 vomam
1470 3415 1477 3425 ,
1495 3401 1522 3420 vt
1536 3393 1673 3429 poffiffione
1687 3393 1765 3420 cedat.
1801 3394 1856 3420 Cic.
1871 3401 1919 3427 pro
1928 3393 2032 3419 Caecin.
2047 3400 2080 3418 20
2099 3402 2120 3418 c.
2133 3401 2151 3427 7
2185 3395 2250 3421 cnm
2269 3393 2319 3420 hoc
2335 3403 2382 3421 no.

313 3437 347 3455 ni
366 3431 548 3455 DOLAITOR
564 3450 571 3461 ‚
595 3431 659 3456 Oris.
689 3438 724 3454 m.
768 3428 874 3463 Apuleii
907 3426 950 3461 ‹ffc
982 3427 1091 3453 dicitur:
1128 3435 1201 3464 negat
1225 3428 1298 3454 index
1358 3439 1404 3455 vae
1425 3430 1478 3455 litis
1496 3439 1574 3464 genus
1591 3436 1642 3456 tam
1662 3429 1791 3455 malitiose
1807 3427 1968 3459 intenderet,
1984 3427 2081 3461 placuit
2093 3429 2219 3455 Caecinae
2237 3428 2268 3454 de
2287 3430 2382 3456 amico-

278 3465 378 3491 Floridz.
1310 3472 1341 3497 95
1359 3475 1417 3491 runi
1433 3467 1555 3491 sententia
1572 3465 1742 3497 constituere,
1763 3473 1815 3498 quo
1835 3463 1877 3489 die
1891 3463 1919 3488 in
1938 3471 1993 3488 rem
2012 3465 2172 3496 praesentem
2185 3463 2334 3497 veniretur,
2356 3472 2382 3492 et

315 3507 332 3525 D
343 3506 355 3524 1-·
367 3506 382 3524 n
393 3506 410 3522 o
421 3505 488 3528 Mo,
513 3501 565 3523 arc.
600 3500 668 3533 Eqna
683 3500 797 3534 primuni
811 3498 946 3525 dedomata
967 3497 1105 3524 Commod.
1122 3497 1238 3523 instruet.
1259 3506 1297 3531 34.
1359 3501 1390 3527 de
1398 3501 1489 3527 Fundo
1501 3502 1611 3528 Caecina
1623 3501 1741 3527 moribus
1756 3499 1933 3526 deduceretur.
1969 3498 2040 3533 Conf.
2055 3500 2073 3524 s.
2087 3508 2121 3533 27
2134 3509 2153 3524 c.
2167 3507 2183 3531 9
2213 3500 2246 3525 Vt
2260 3500 2382 3527 moribus

316 3541 333 3560 1)
345 3542 358 3558 i,
368 3541 385 3558 n
395 3540 413 3557 v
423 3539 438 3557 C
448 3541 481 3563 ω,
505 3533 547 3563 Χῖ,
563 3532 632 3558 &Um
643 3553 650 3564 ‚
674 3539 724 3561 ere.
748 3534 879 3595 szw'yw
889 3554 895 3565 ,
915 3534 1033 3568 ,v-trx'we,
1053 3532 1156 3567 v‘cnys'w]
1195 3536 1228 3558 lxv
1248 3537 1297 3560 alto
1358 3536 1482 3562 deduciio
1500 3537 1581 3563 fieret.
1651 3537 1744 3562 Furem
1757 3534 1882 3560 deducere
1893 3532 1925 3559 ad
1938 3533 2097 3567 praefedluin
2110 3533 2201 3561 Iulian.
2216 3534 2242 3560 in
2255 3534 2272 3561 l.
2299 3536 2382 3563 Inter·

278 3569 383 3604 dem-simi
397 3568 495 3597 ducere,
513 3575 576 3592 caric
588 3568 615 3592 de
628 3570 675 3593 loco
690 3571 733 3604 fi⁴⁰
765 3579 838 3596 iacere.
875 3570 947 3604 Virg.
961 3569 1011 3595 ΕΗ.
1026 3574 1048 3600 8,
1063 3572 1096 3600 69
1119 3569 1240 3595 (ffl'mim
1256 3569 1295 3595 vel
1360 3571 1420 3597 dum
1436 3572 1487 3598 fur.
1505 3573 1534 3597 D.
1549 3572 1579 3597 de
1594 3572 1679 3597 furtis.
1734 3570 1789 3597 Cic.
1804 3570 1874 3595 Fam.
1890 3577 1928 3600 10,
1941 3577 1969 3600 23
1991 3570 2043 3602 Qui
2060 3569 2164 3604 quidem
2174 3578 2254 3603 quum
2268 3571 2295 3596 in
2303 3571 2382 3598 Frau-

278 3604 350 3629 caelo
364 3604 461 3636 potsunt
475 3602 600 3627 deducere
615 3602 706 3629 lunam.
777 3606 878 3631 Lucret.
893 3614 915 3638 2,
928 3613 975 3637 205
993 3606 1159 3638 Quanquam,
1173 3606 1297 3635 ronch-ra,
1360 3607 1418 3633 dem
1442 3608 1466 3633 se
1489 3607 1629 3633 deductum
1648 3606 1764 3637 videret,
1789 3613 1879 3630 manus
1901 3612 1962 3637 quas
1977 3605 2068 3631 iustius
2086 3605 2112 3631 in
2128 3604 2219 3638 Lepidi
2237 3607 2382 3640 perniciem

279 3645 401 3672 quantum
420 3638 446 3662 in
467 3636 537 3667 sest,
555 3637 672 3662 deorluni
685 3639 807 3665 deducere
827 3647 946 3675 pugnent.
1017 3640 1149 3665 Dcducere
1163 3639 1194 3664 de
1208 3640 1351 3667 rostrisioo
1359 3644 1489 3675 armasset,
1511 3643 1557 3669 fibi
1570 3643 1662 3668 afferre
1673 3646 1779 3667 conatus
1793 3639 1836 3665 est.
1906 3640 1975 3665 Idem
1991 3649 2038 3674 pro
2051 3639 2153 3666 Caecin.
2167 3649 2199 3665 20
2215 3641 2311 3667 Placuit
2319 3642 2381 3668 Cae.

279 3680 414 3699 <0¹¹³¹¹¹⁰¹¹¹
435 3672 583 3697 confimari
610 3673 679 3697 caes·
695 3674 720 3698 B·
736 3674 765 3699 C·
781 3683 802 3705 3⁷
814 3684 850 3701 21-
920 3677 958 3702 De
978 3676 1061 3710 capite
1081 3682 1106 3700 et
1126 3675 1156 3700 de
1175 3676 1256 3700 oculi>
1269 3684 1296 3700 0-
1358 3678 1430 3704 cinae
1452 3678 1483 3704 de
1502 3679 1647 3704 amicorum
1665 3677 1788 3702 sententia
1801 3674 1972 3706 constituere,
1988 3684 2041 3710 quo
2058 3675 2100 3700 die
2113 3673 2139 3699 in
2154 3684 2208 3701 rem
2223 3678 2381 3710 praesentem

281 3710 351 3734 mnia
366 3707 488 3737 deducet,
508 3714 531 3731 et
550 3707 636 3732 sanum
655 3707 731 3733 saciet
746 3709 812 3733 Cato
828 3718 878 3743 157,
892 3712 908 3736 6
927 3711 955 3737 dc
972 3711 1087 3744 quffica.
1160 3711 1206 3735 Pcr
1224 3719 1296 3736 nares
1358 3714 1508 3745 veniretur,
1530 3721 1554 3739 et
1568 3714 1598 3739 de
1613 3712 1704 3738 Fundo
1722 3710 1832 3736 saccina
1850 3710 1969 3738 moribus
1989 3710 2164 3736 deduceretur.
2219 3711 2283 3737 Plin.
2299 3721 2336 3743 10,
2349 3721 2381 3744 43

279 3743 404 3769 deducere
423 3741 538 3767 Scribon.
556 3750 579 3773 9·
769 3741 788 3778 Ἵ
809 3752 823 3768 2
860 3746 1079 3782 westflsie‘ssficah
1093 3753 1120 3771 U!
1133 3745 1255 3778 (limma,
1269 3746 1296 3770 de
1357 3749 1386 3773 In
1402 3757 1429 3774 ea
1444 3748 1618 3782 vrbe‚inqua
1632 3747 1774 3773 multorum
1790 3746 1936 3780 principum
1944 3754 2021 3772 nemo
2035 3744 2176 3772 deduxerat
2185 3747 2280 3772 Funus.
2316 3748 2382 3773 Tia-

276 3781 325 3804 [ηερ
341 3778 373 3803 ml
385 3779 458 3803 alium
473 3778 547 3803 locum
563 3776 659 3802 ducere:
697 3777 731 3802 Ex
746 3778 833 3804 Africa
846 3778 1013 3816 decedensQ
1027 3782 1139 3808 Ennium
1155 3782 1295 3807 deduxerat
1357 3792 1411 3809 ram
1425 3783 1473 3809 fibi
1491 3783 1617 3809 deducere
1630 3783 1698 3809 Suet.
1714 3781 1740 3808 in
1755 3781 1856 3807 Neron.
1874 3790 1906 3813 ¹3·
1978 3781 2033 3806 Sen.
2049 3781 2117 3807 Med.
2132 3790 2176 3807 210
2201 3783 2312 3820 Auoque
2332 3783 2381 3809 cla-

277 3815 342 3846 Ncp.
360 3821 400 3844 24.
415 3821 434 3842 1,
449 3821 476 3843 4-
511 3811 577 3838 ΑΜ·
590 3819 630 3843 2-5,
642 3820 667 3844 4,
682 3819 705 3836 2.
757 3814 887 3840 Exercitus
907 3815 937 3840 dc
956 3816 1051 3844 tinibus
1069 3817 1150 3845 Fiant.
1167 3817 1258 3851 Amph.
1274 3825 1292 3847 i,
1306 3822 1414 3849 105rum
1435 3819 1488 3844 sole
1509 3818 1606 3845 deduxi
1621 3819 1716 3844 Genus.
1787 3816 1826 3843 Ab
1839 3816 2015 3847 humanitate,
2040 3815 2189 3850 integritate
2206 3823 2232 3843 et
2251 3818 2381 3879 reiigione

1127 3863 1133 3870 ¹
2263 3861 2277 3879 a
2291 3863 2378 3887 iqucin
