2479 4225
38 189 178 272 4¹7*
397 217 430 258 Ε
519 217 563 257 Τ
651 216 684 255 E
1522 218 1556 260 E
1644 218 1688 259 T
1779 217 1796 257 1
2106 230 2176 272 418

40 306 163 340 Adriani,
175 310 201 332 et
214 305 347 339 Firmani,
361 312 388 333 et
399 305 587 334 Ariminenses:
613 312 638 333 et
652 306 685 333 ab
700 304 782 332 altero
797 303 879 334 mari,
892 302 1028 343 Pontiani,
1042 308 1068 329 et
1130 306 1229 334 seetum
1241 306 1368 338 dicimus-3
1395 306 1502 334 alteram
1521 302 1593 341 ἦθος,
1612 307 1687 334 cuius
1705 307 1830 341 nomine,
1844 315 1872 335 vt
1886 318 1934 344 ego
1948 309 2056 345 quidem
2076 310 2174 348 sentio,

41 342 167 374 Paestani,
179 347 204 368 et
217 342 336 368 ColI'ani:
361 350 386 368 et
401 342 605 373 Mediterranei;
619 341 809 372 Beneuentani,
830 345 855 365 et
877 339 1013 365 Aesernini
1023 359 1030 371 ,
1043 343 1069 364 ct
1132 351 1199 369 caret
1215 344 1299 369 sei-nio
1314 344 1460 373 Romanus;
1480 353 1556 370 mores
1570 345 1747 378 appollon-r:
1767 350 1845 378 atque
1860 345 1920 370 inde
1935 356 1991 379 pars
2006 356 2113 381 quoque
2126 347 2175 373 illa

42 377 186 413 spoletani,
199 383 224 403 ct
243 377 402 408 Placentini,
417 384 442 403 et
457 379 654 405 Cremonenses.
707 377 798 402 Contra
816 384 843 400 ea
863 375 894 400 Et
914 384 928 413 a
940 375 1070 414 Cicerone
1134 377 1317 412 philosophiae
1330 376 1416 409 ιῖἃικῆ,
1430 388 1529 404 morans
1542 380 1577 405 cst
1591 380 1670 406 dieta.
1708 379 1756 406 Sed
1767 379 1847 414 ipsam
1861 380 1901 405 rei
1914 388 2032 408 naturam
2045 382 2172 416 speeianti

40 421 206 474 nonnuvdquam
219 415 358 444 omittitur,
373 422 392 439 ε.
404 423 425 439 c.
461 415 495 439 Vt
515 414 568 448 ipse
582 413 694 442 iudices,
708 410 811 436 homini
825 416 849 436 te
862 410 1018 443 gratitlxmo‚
1034 419 1073 435 ιιι·
1135 414 1202 438 mihi
1231 423 1285 440 non
1308 420 1362 440 tam
1385 422 1472 439 mores
1495 414 1633 448 tigmncari
1655 414 1797 447 videntur,
1817 424 1895 449 quam
1917 424 2022 442 morum
2043 418 2171 451 quat-dam

40 448 121 478 eundi
137 456 190 475 11110
212 447 324 484 bmigne
345 448 431 475 fecisse
461 449 531 476 Fani.
549 458 584 482 13,
606 453 640 479 18.
674 445 749 482 Conf-
771 444 808 472 ib.
828 445 908 480 Epist.
927 453 971 479 24.
999 452 1027 479 et,
1040 444 1072 471 ad
1098 454 1112 481 ς
1134 449 1279 482 proprietas
1314 463 1357 468 -
1393 449 1531 475 Cautiorcs
1567 465 1612 471 —-
1647 451 1762 477 Affectus
1776 451 1822 477 hos
1842 450 1892 482 (τοὶ
1908 450 1998 482 πάθη)
2016 454 2172 486 comitatos,

41 483 93 511 An,
111 493 140 518 4,
158 491 181 515 3,
1135 484 1195 510 illos
1217 484 1266 515 (τοὶ
1286 482 1350 515 ἤθη)
1371 485 1447 510 mites
1460 491 1538 517 atque
1555 487 1711 520 compositos
1731 487 1779 513 tss'e
1792 486 1930 517 dixerunt;
1952 487 1980 511 in
1995 487 2077 512 altero
2094 488 2172 514 vehe-

86 518 88 522 ’
417 522 445 554 E
540 522 575 553 T
669 518 696 551 E
1134 527 1236 546 menter
1250 526 1396 546 commotos
1406 538 1414 551 ‚
1430 519 1457 544 iu
1475 520 1557 546 altero
1579 521 1662 552 lcnes3
1693 521 1806 556 denique
1820 521 1868 548 hos
1882 521 2027 555 imperare,
2041 521 2100 548 illos
2115 532 2171 557 per-

1135 555 1256 586 suadet-123
1287 557 1332 581 hos
1354 554 1385 580 ad
1404 554 1645 588 perturbationem,
1671 557 1731 583 illos
1745 558 1775 583 ad
1791 557 2002 583 beneuolentiam
2021 558 2171 591 praeualere

74 595 121 617 ΕΤ
130 596 147 616 E
158 595 181 616 N
191 597 200 617 1
209 596 243 618 M.
258 589 337 617 Coni.
355 590 476 627 Confidis,
491 589 556 624 [ιςᾳὴ
569 587 629 624 γοέρ]
649 595 711 623 quae
719 587 860 622 plerumque
873 589 948 614 initio
958 589 1073 622 ponitur,
1134 605 1178 610 ——-
1201 592 1288 616 Amor⁴
1302 591 1396 622 πάθος,
1415 591 1507 615 caritas
1526 585 1581 619 ἦθος
1617 606 1661 611 —
1690 589 1777 618 ''⁴H305
1789 599 1848 619 ante
1867 593 1957 619 onmia
1971 593 2089 619 bonitate
2102 602 2171 619 com.

10 649 11 652 ,
33 630 82 662 pro
96 626 176 660 Qua,
189 627 228 652 vel
241 627 318 653 Certe.
355 627 436 653 Plaut.
450 626 544 660 Amph.
557 624 624 659 prol.
638 626 678 650 26.
719 623 788 649 Ter.
803 621 883 650 Andr.
897 631 923 655 2,
936 625 962 656 6,
981 632 1001 648 11
1031 623 1071 649 lt-
1091 634 1119 653 ιο
1135 625 1319 657 mendabimr,
1334 634 1387 651 non
1405 626 1489 650 solum
1507 625 1572 651 mite
1591 635 1618 652 ac
1638 626 1783 662 placidum,
1805 629 1845 654 scd
1862 629 2017 663 plerumque
2035 627 2169 659 blandum,

0 685 3 689 ,
38 660 110 687 enim
124 669 180 687 eam
198 662 282 688 secum
296 671 351 688 rem
366 663 436 689 reeta
451 660 582 696 reputabit
593 659 645 685 via.
690 659 746 685 Cic.
760 659 837 685 Verr.
851 667 880 692 4,
896 667 940 692 ¹29
968 659 1030 684 Eten
1045 667 1071 684 m
1133 669 1157 688 et
1173 662 1315 686 humana-ni
1325 681 1332 692 ,
1346 668 1371 686 et
1385 660 1554 686 audientibus
1568 662 1681 688 amabile
1698 670 1775 697 atque
1795 663 1955 690 iucundum:
1975 665 2004 690 in
2017 672 2071 698 quo
2086 663 2173 697 expri-

40 695 76 725 ess
89 696 187 730 primus
199 697 324 723 ciuitatis.
344 705 367 724 ct
385 699 459 724 Verr.
473 705 493 729 5,
514 715 520 722 .
548 715 555 721 .
581 694 684 726 Etenim
699 694 776 720 tacite
792 695 884 728 magis,
895 701 941 720 ‘’tc-
1001 694 1071 719 Ter·
1133 695 1230 723 mendo
1244 695 1343 721 summa
1363 695 1447 721 virtus
1467 704 1496 721 ca
1517 695 1568 728 est,
1588 704 1615 723 vt
1635 698 1714 724 fluere
1728 699 1816 726 onmia
1831 708 1861 725 ex
1876 706 1968 725 natura
1983 707 2070 725 rerum
2085 697 2171 725 homi-

0 725 1 730 *
41 732 107 760 Eun.
122 739 144 765 5,
159 740 186 764 9,
198 740 235 765 44
255 734 349 767 Cogita
369 733 462 764 inodo,
475 737 503 757 tu
521 730 610 757 hercle
628 739 688 756 cum
710 729 756 755 illa
770 729 895 756 Phaedria
913 735 939 755 et
958 728 1071 768 libenter
1132 740 1248 765 numque
1263 731 1415 760 videantur.
1429 740 1482 765 quo
1497 740 1583 758 mores
1596 732 1706 759 dicentis
1721 743 1751 759 ex
1766 736 1886 760 oratione
1898 735 2053 769 pclluccant,
2068 741 2093 761 et
2105 742 2171 769 quo-

39 767 123 798 viuis,
141 768 238 794 etenim
254 768 320 795 bene
335 768 447 795 libenter
461 765 575 793 victims.
626 767 694 792 Hor.
709 765 791 791 Serm.
806 774 829 797 2,
842 773 864 798 5,
877 767 912 791 60
942 765 1072 791 Diuinare
1133 768 1192 794 dam
1215 766 1297 792 modo
1316 767 1496 801 agnoscantur,
1509 775 1555 793 etc.
1609 768 1671 795 Sunt
1691 773 1753 795 enim
1776 773 1867 805 psum,
1889 771 1936 807 μά
1959 770 2036 807 φὲηα
2055 779 2114 806 quae
2137 770 2174 797 ib,-

0 805 1 808 ’
40 802 136 829 etenim
149 811 256 837 magnus
267 804 335 830 mihi
350 804 428 830 donat
441 801 546 835 Apollo.
617 802 720 827 Etenim
735 800 823 827 dicere
843 801 909 826 bene
923 808 1002 825 nemo
1016 809 1072 834 poi-
1091 810 1115 836 15
1132 805 1254 840 legantur.

39 836 91 869 ‘st’
110 836 158 863 nist
184 839 230 873 qui
250 839 389 874 prudenter
405 837 531 871 intelligit
550 836 606 863 Cic.
625 836 657 863 de
671 836 741 864 Clar.
753 837 828 863 Orat.
847 844 886 868 23.
956 836 1073 868 Etenim,
1170 835 1292 865 1:¹⁷1*ch
1302 843 1334 868 E,
1355 845 1389 862 es.
1406 836 1426 862 f.
1462 835 1571 870 [n’fflmi]
1608 839 1672 864 Pars
1681 838 1849 874 philosophiae
1862 840 1896 867 ad
1908 848 1985 867 mores
1992 842 2132 875 pertinens,
2144 840 2172 867 de

0 873 3 887 ¹¹
29 877 81 934 {ro
93 874 131 899 At
140 877 303 910 ponipueam
315 875 379 901 Ter.
393 872 497 899 Phorm.
510 880 533 905 5,
547 877 571 904 8,
585 877 616 904 89
642 873 782 907 Afl'equere
796 880 824 897 ac
837 871 1007 901 retine,du1n
1022 881 1071 905 ego
1131 883 1178 910 qua
1192 873 1249 900 Cic.
1262 871 1294 898 de
1311 873 1374 897 Foro
1391 881 1398 897 1
1420 873 1490 905 Qiia
1511 874 1622 906 pertinet
1641 874 1672 900 ad
1690 883 1791 907 mores,
1807 884 1873 909 quos
1895 873 1942 905 ἤθη
1956 877 2050 902 Graeci
2070 882 2174 907 vocant,

57 916 87 933 uc
104 909 193 935 seruos
208 919 299 937 euoco.
319 915 348 936 c.
367 908 471 934 Etenim
483 916 586 942 nequeo
595 908 672 940 solus,
684 916 791 934 accurre
805 906 865 932 huc.
901 906 948 934 Sed
960 908 1072 933 meliores
1133 919 1180 936 nos
1208 917 1265 934 eam
1283 914 1382 941 partem
1405 908 1586 942 paulosophiae
1614 916 1630 935 D
1641 916 1656 935 Ε
1682 915 1705 934 Μ
1718 916 1737 935 o
1750 917 1767 935 R
1780 918 1787 935 1
1800 916 1844 936 BV
1855 916 1884 943 S,
1904 911 2034 945 appellare
2050 912 2173 944 solemus,

35 943 130 975 Enim,
142 945 231 980 ellipsi,
242 955 311 981 quam
321 941 387 970 αὲἶίο
401 943 484 978 facile
496 942 605 978 supplet.
626 942 692 979 quod
709 942 813 970 laudant
825 945 852 968 in
865 941 963 968 eandem
972 942 1070 978 senten·
1133 946 1176 971 sed
1197 944 1270 971 decet
1287 949 1424 977 augentem
1445 944 1559 978 linguam
1575 945 1711 976 Latinam,
1727 946 1865 972 nominare
1884 947 2024 973 Moralem.
2066 949 2173 975 Vocabu-

0 993 4 999 .
35 981 98 1004 tiam
111 980 192 1007 Plaut.
204 981 281 1007 Most.
295 988 318 1012 3,
330 987 353 1010 2,
367 987 405 1004 121
422 987 471 1004 non
484 976 517 1011 est
530 981 631 1005 certius.
668 980 733 1005 Nam
747 979 823 1005 Gron.
839 978 873 1004 At
887 977 969 1003 enim.
1016 979 1071 1005 Cic,
1082 992 1117 1012 20
1132 982 1182 1007 lum
1194 983 1316 1014 reperitur
1331 978 1397 1013 afml
1411 979 1541 1011 Qinciil.
1555 987 1579 1010 2,
1592 987 1626 1010 21,
1640 987 1660 1011 3.
1682 982 1708 1011 6,
1722 987 1747 1011 2,
1761 985 1781 1009 8.
1805 988 1841 1011 12,
1852 989 1878 1011 z,
1891 989 1924 1013 15.

36 1014 114 1041 Verr.
131 1023 153 1047 3,
170 1024 195 1048 53
221 1015 320 1042 Etenim
338 1013 466 1048 quoniam
484 1014 611 1040 summam
623 1019 650 1040 et
668 1021 810 1040 numerum
828 1013 989 1039 iniuriarum
1002 1014 1072 1040 Iudi·
1170 1022 1246 1042 ΕΤΗ
1257 1014 1268 1041 f
1276 1020 1360 1043 CVS‚
1376 1023 1406 1043 a,
1428 1024 1480 1040 um.
1518 1015 1578 1040 Adi.
1615 1013 1736 1048 [ἧθικός]
1773 1015 1825 1049 Qu
1838 1019 1907 1041 circa
1926 1018 2030 1042 moralia
2048 1018 2173 1052 versatur.

38 1057 96 1082 ces,
111 1051 188 1077 vobis
204 1059 256 1077 non
275 1050 373 1084 possum
391 1058 532 1083 exponere.
596 1050 678 1076 Plaut.
698 1048 793 1085 Amph.
817 1057 836 1081 1,
852 1058 870 1080 1,
886 1057 927 1074 110
959 1049 1074 1076 Etenim·
1133 1051 1190 1078 Cic.
1204 1051 1232 1076 in
1246 1051 1320 1077 Orat.
1340 1055 1382 1079 128
1397 1059 1418 1075 c.
1434 1057 1462 1083 37
1489 1050 1567 1082 Qiod
1583 1050 1677 1075 Graeci
1690 1048 1770 1078 ἠθικόν
1784 1056 1896 1082 vocant,
1909 1050 1939 1075 ad
1953 1059 2089 1084 naturam,
2104 1061 2129 1079 et
2142 1054 2174 1080 ad

36 1093 104 1111 vero
117 1087 242 1119 quoniam
253 1086 367 1112 formam
379 1086 436 1119 cepi
450 1084 527 1111 huius
542 1085 570 1111 in
582 1094 624 1111 nie
636 1091 662 1111 et
673 1084 780 1115 statum,
794 1090 839 1110 etc.
876 1085 952 1111 Plane
964 1084 1022 1119 11ch
1035 1085 1073 1112 dt·
1133 1095 1238 1118 mores,
1252 1092 1278 1111 et
1297 1085 1329 1111 ad
1343 1093 1448 1110 omnem
1469 1086 1538 1111 vitae
1555 1084 1770 1110 consuetudinem
1789 1085 2025 1112 accommodatum.
2062 1089 2175 1115 Contro-

0 1147 1 1151 ,
35 1119 108 1153 :tillet
120 1122 269 1148 Enimuero.
337 1121 399 1148 Alia
412 1121 532 1147 connubia
544 1121 616 1147 huius
627 1121 771 1155 particulae
784 1120 861 1155 sunt:
897 1120 953 1147 Cic.
967 1120 999 1146 de
1013 1122 1071 1148 Fin.
1132 1121 1231 1149 versiae
1252 1120 1354 1147 ethicae
1380 1121 1436 1146 Sen.
1451 1121 1543 1147 Contr.
1557 1129 1580 1152 2,
1595 1128 1630 1146 10.
1687 1119 1776 1146 Sidon.
1789 1119 1868 1154 Epist.
1882 1125 1905 1152 8,
1920 1129 1942 1146 11
1974 1121 2065 1148 Dietio
2079 1123 2174 1156 ethica,

35 1163 57 1188 1,
71 1164 103 1188 30
119 1156 222 1183 Etenim
236 1155 361 1191 quoniam
379 1155 502 1182 detraeiis
519 1156 551 1182 de
569 1156 678 1182 homine
699 1154 812 1182 sensibus
830 1154 928 1190 reliqui
943 1156 1011 1182 nihil
1026 1160 1070 1189 est,
1085 1169 1117 1196 ²5
1133 1160 1151 1184 i.
1174 1158 1286 1184 Morata.
1344 1155 1370 1182 Si
1385 1156 1446 1182 licet
1459 1165 1489 1182 ex
1505 1156 1600 1182 ethicis
1614 1154 1759 1189 quidquam
1775 1156 1940 1189 praesumere
1963 1157 2040 1184 Prud.
2054 1158 2174 1186 Hamart.

35 1197 82 1217 etc.
132 1191 205 1219 Idem
218 1193 293 1218 Verr.
308 1200 329 1224 2,
344 1193 390 1224 169
410 1192 513 1218 Etenim
527 1191 582 1217 fic.
592 1192 747 1223 Verres,ttc.
786 1191 911 1217 Caeterum
919 1198 968 1226 pro
980 1193 1070 1218 Enim·
1131 1203 1158 1220 v.
1170 1197 1221 1226 583.
1241 1193 1284 1219 vbi
1291 1194 1378 1227 prima
1387 1198 1516 1226 perperam
1528 1193 1675 1226 corripitur.

34 1233 101 1252 vero
119 1227 219 1262 positum
238 1227 336 1253 uidetur
354 1227 458 1253 Etenim
477 1227 597 1261 deinceps
617 1226 771 1259 videamus,
797 1226 961 1253 Herbitensis
977 1228 1070 1255 ciuitas
1168 1234 1275 1255 ETHO
1286 1224 1362 1255 L6G
1373 1234 1391 1253 v
1403 1234 1414 1253 s
1425 1247 1433 1258 ,
1462 1228 1479 1253 i.
1510 1236 1547 1253 m.
1583 1225 1747 1259 [ἧῧόλογος]
1783 1226 1882 1253 Morum
1912 1222 2017 1261 effi'flor.
2054 1228 2110 1255 Cic.
2141 1227 2174 1256 de

0 1274 1 1278 =
33 1259 151 1293 honesta,
165 1269 209 1289 etc.
229 1263 285 1290 Cic.
300 1264 377 1289 Verr.
390 1271 413 1295 3,
428 1270 474 1297 47.
499 1274 506 1279 -
1133 1265 1206 1291 Orat.
1221 1271 1244 1295 2,
1258 1271 1313 1296 244
1326 1272 1348 1289 c.
1361 1270 1392 1295 59
1410 1263 1438 1288 de
1450 1263 1492 1288 illo
1506 1265 1612 1288 iocorum
1625 1271 1711 1297 genere
1724 1271 1799 1297 agens
1820 1263 1837 1288 s.
1852 1269 1915 1295 241,
1935 1272 1981 1298 quo
1994 1263 2031 1289 ita
2049 1263 2118 1290 faeta
2132 1263 2176 1290 de—

73 1303 90 1324 E
102 1303 124 1324 *Γ
134 1304 205 1325 EOC
215 1304 257 1325 LE
267 1305 297 1330 S,
318 1298 350 1324 is.
370 1307 406 1325 m.
442 1298 606 1332 [Ἐτεοκλῆς]
644 1298 724 1324 filius
737 1296 827 1333 Oedipi
837 1300 904 1334 regis
922 1298 1071 1332 Thebarum,
1133 1299 1326 1329 monstrantur,
1345 1305 1373 1324 vt
1387 1307 1475 1324 mores
1489 1297 1544 1323 eius
1558 1297 1589 1323 de
1601 1305 1655 1331 quo
1668 1305 1757 1323 narres
1766 1317 1775 1330 ,
1787 1303 1815 1323 vt
1827 1298 1923 1330 sermo,
1939 1303 1967 1324 vt
1981 1299 2069 1325 vultus
2083 1308 2175 1326 omnes

2 1336 6 1341 '
33 1335 138 1359 cuicum
153 1334 266 1368 Polynice
279 1333 370 1369 fratre
384 1334 430 1370 suo
443 1337 481 1359 ita
498 1339 660 1367 conuenerat,
678 1340 707 1360 vt
721 1334 827 1360 alternis
839 1336 914 1360 annis
930 1342 1073 1369 regnarent.
1090 1345 1123 1370 30
1136 1335 1333 1369 exprimantur,
1351 1339 1380 1360 vt
1400 1333 1448 1365 iiS,
1468 1334 1515 1367 qui
1533 1333 1658 1368 audiunt,
1671 1338 1728 1358 tum
1752 1333 1809 1366 geri
1828 1333 1874 1359 illa
1894 1333 2007 1368 fierique
2024 1334 2176 1369 videantur,

34 1367 84 1396 Sed
96 1368 211 1395 Eteocles
233 1378 297 1395 anno
306 1369 401 1404 finito,
411 1368 501 1405 fratri
521 1377 596 1404 regno
614 1369 696 1396 cedere
718 1370 806 1395 noluit.
841 1370 925 1404 ,Θέωνα
946 1371 1075 1404 Polynices
1134 1371 1206 1397 addit
1227 1369 1369 1406 quibusdam
1387 1366 1541 1399 interiectu,
1562 1370 1647 1402 Atque
1669 1367 1705 1394 ita
1721 1367 1755 1394 est
1771 1375 1856 1394 totum
1871 1369 1921 1394 hoc
1933 1369 1990 1403 ipso
2002 1379 2098 1404 genere
2110 1370 2177 1397 ridi-

32 1402 168 1436 Adrfflum
187 1413 264 1440 regem
276 1407 401 1440 Argiuum
415 1405 527 1440 socerum
541 1405 630 1439 Juum,
648 1410 672 1431 et
685 1405 749 1431 alios
760 1408 888 1439 principes
902 1406 1014 1432 Achaiae
1033 1416 1074 1432 ar·
1135 1406 1232 1436 culum,
1245 1411 1273 1432 vt
1287 1404 1426 1431 cautissiuie
1440 1403 1604 1430 tractandum
1620 1403 1663 1429 fit:
1684 1403 1829 1429 Mimorum
1843 1404 1876 1429 esi
1894 1405 1964 1431 enim
1977 1405 2176 1439 ethologorum,

31 1441 111 1464 mauit
120 1445 207 1466 contra
221 1440 359 1468 Eteoclem,
397 1441 429 1466 In
449 1449 494 1475 quo
508 1440 566 1466 bello
586 1449 658 1475 quum
678 1441 750 1466 multi
768 1443 884 1475 utrinque
904 1440 975 1474 σαψ
990 1440 1073 1474 efflnt,
1135 1442 1153 1469 fi
1172 1441 1255 1468 nimia
1276 1440 1312 1467 est
1331 1440 1463 1471 imitatio,
1478 1439 1540 1466 sicut
1554 1439 1713 1465 obscenitas:
1732 1446 1755 1465 et
1773 1448 1829 1465 mox
1844 1440 1957 1466 Vitanda
1974 1440 2010 1466 est
2029 1442 2174 1468 mimorum

29 1473 129 1499 tandem
140 1474 244 1510 fratres
261 1475 307 1511 ipst
321 1479 413 1501 mutuis
426 1475 455 1511 se
468 1475 610 1501 vulneribus
627 1475 796 1511 confecerunt.
830 1477 939 1510 Qorum
952 1478 1075 1503 cadauera
1132 1477 1323 1511 ethologorum
1343 1475 1497 1502 similit-ndo.

28 1516 101 1544 quum
120 1518 180 1545 rogo
201 1509 273 1543 ostent
294 1510 419 1546 imposita.
429 1511 546 1546 flammae
565 1510 658 1546 diuzsae
671 1511 749 1546 sunt,
763 1517 880 1546 tanquam
898 1512 996 1538 illorum
1014 1522 1073 1538 non·
1090 1524 1119 1551 35
1171 1518 1188 1538 E
1198 1518 1249 1538 ΤΗ
1261 1518 1281 1538 0
1292 1519 1308 1538 1.
1318 1518 1366 1538 OG
1376 1519 1414 1538 1Α
1425 1531 1433 1543 ,
1452 1519 1490 1536 ae.
1509 1510 1529 1535 f.
1566 1508 1697 1550 Quirifffl.
1712 1517 1756 1542 1,9
1776 1508 1915 1550 Ethologia
1929 1512 2047 1545 personis
2059 1512 2177 1539 contine-

0 1574 1 1580 1
27 1542 85 1570 dum
96 1543 214 1578 ceffizrent
227 1546 291 1572 odia.
326 1547 387 1573 Stat.
401 1546 493 1573 Theb.
506 1554 530 1578 3,
544 1554 593 1578 214
612 1545 780 1580 Multumque
794 1546 865 1572 nefas
874 1547 988 1574 Eteoclis
1002 1556 1072 1574 acer-
1134 1555 1187 1575 tur.
1230 1547 1271 1573 Est
1291 1553 1379 1573 autem
1400 1555 1521 1578 morum,
1540 1553 1568 1570 ac
1590 1545 1731 1570 effectuum
1765 1554 1892 1579 cunisque
1916 1549 2040 1581 personae
2065 1547 2175 1575 effioio.

29 1584 90 1612 vat,
125 1580 285 1614 Crudelem,
299 1581 491 1616 infandumque
504 1590 616 1613 vocans,
628 1589 778 1616 poenasque
793 1581 925 1608 daturum.
975 1583 1072 1609 Saeuus
1135 1582 1209 1618 Conf.
1222 1582 1281 1608 Sen.
1295 1581 1374 1615 Epist.
1392 1590 1434 1613 105
1454 1591 1480 1606 ea
1497 1582 1651 1612 rgstttutzone
1666 1579 1750 1615 LJJJii.
1823 1581 1963 1616 Ethologia
1978 1583 2083 1609 Rutilio
2097 1584 2175 1617 Lupo

26 1614 89 1641 Stat.
104 1615 197 1642 Theb.
211 1625 248 1649 12,
260 1625 299 1649 91.
1133 1619 1229 1652 Figura
1249 1617 1285 1643 est
1304 1616 1507 1647 sententiarum,
1527 1624 1585 1641 cum
1605 1615 1693 1641 verbis
1713 1616 1831 1649 sonoque
1850 1618 1923 1642 vocis
1945 1619 2120 1650 exprimitur,
2145 1626 2176 1644 ac

65 1656 83 1676 E
93 1656 168 1677 TEO
178 1658 196 1678 C
208 1659 227 1678 R
237 1657 352 1684 A'rEs,
378 1661 432 1678 um.
453 1661 489 1678 m.
508 1652 547 1678 Pl.
582 1649 770 1686 [Ἐτεόκρητες]
809 1650 963 1686 Peloponnesi
976 1653 1072 1687 populi,
1134 1652 1294 1680 describitur
1308 1652 1424 1678 hominis
1441 1651 1553 1678 alicuius
1567 1650 1727 1676 consuetudo
1741 1656 1766 1675 et
1777 1659 1843 1676 mos.
1868 1651 1925 1676 lsid.
1940 1651 2030 1678 nidor.
2045 1660 2068 1682 2,
2083 1660 2121 1683 14.

8 1689 11 1723 1
28 1683 170 1718 Australem
183 1696 252 1713 oram
273 1688 421 1719 incolentes,
438 1696 540 1723 quorum
554 1685 664 1719 Prafium
683 1685 716 1720 est
735 1686 851 1721 pusillum
864 1687 927 1722 jIme
948 1688 1072 1723 oppidum,
1080 1699 1117 1725 40
1169 1695 1185 1714 F
1195 1694 1216 1713 T
1226 1694 1246 1713 H
1257 1694 1277 1714 O
1288 1694 1355 1714 ΡΟΕ
1366 1695 1374 1713 1
1385 1695 1405 1713 A
1415 1707 1421 1717 ‚
1442 1695 1480 1712 ae.
1503 1686 1521 1711 f.
1559 1684 1717 1717 [iamlam]
1754 1684 1886 1716 Quinctil.
1899 1694 1924 1717 9,
1932 1694 1958 1717 2,
1973 1692 2000 1717 58
2019 1685 2053 1719 est
2067 1687 2177 1714 Morum

10 1733 11 1776 7
29 1719 74 1746 vbi
85 1720 188 1747 Diffaei
201 1724 270 1748 Iouis
275 1723 369 1757 fanum
381 1729 459 1750 extat.
487 1721 545 1748 Vid.
559 1721 642 1748 Strab.
654 1730 689 1748 10-
726 1723 795 1749 Hinc
808 1722 855 1749 Sil.
872 1731 912 1755 14,
926 1732 956 1757 41
973 1724 1072 1758 quidam
1133 1723 1283 1749 alienorum
1298 1722 1428 1747 imitatio:
1448 1724 1517 1747 cuius
1535 1722 1643 1753 exempla
1660 1720 1717 1744 lacet
1730 1719 1796 1753 apud
1813 1720 1911 1747 eundem
1930 1721 2022 1748 indere,
2058 1723 2178 1750 Meminit

27 1755 128 1791 “gun'’
141 1756 200 1782 Dux
213 1758 388 1784 Eteocretum.
425 1757 473 1785 Sed
485 1757 538 1784 vid.
551 1756 676 1783 Drakenb.
1132 1764 1156 1782 et
1168 1757 1292 1782 Priscian.
1306 1760 1334 1782 in
1348 1755 1563 1782 Praeexercitam.
1601 1756 1662 1780 Item
1675 1754 1732 1779 Sen.
1746 1754 1826 1787 Epist.
1838 1762 1863 1781 z.

64 1797 82 1816 Ε
91 1797 138 1817 TE
148 1793 169 1818 ὁ
176 1799 198 1818 N
207 1799 263 1823 os,
279 1793 298 1818 i.
335 1793 460 1827 Oppidum
475 1794 595 1818 Boeotiae.
631 1791 693 1815 Stat.
706 1788 799 1815 Theb.
813 1796 840 1822 7,
853 1792 910 1821 269.

64 1831 249 1852 Eri-:Rani
275 1827 408 1852 Castanea.
449 1826 507 1851 Vid.
529 1829 758 1850 conssrmvs.
912 1855 918 1860 ·
1515 1825 1542 1855 E
1647 1824 1681 1856 T
1785 1825 1800 1856 Ι

64 1865 82 1884 Ε
91 1866 113 1886 Τ
122 1865 138 1884 Ε
147 1867 160 1885 s
169 1866 207 1885 1Α
216 1866 279 1890 CA,
300 1861 372 1896 Vrffie
385 1867 466 1892 genus
485 1857 521 1883 est
535 1857 631 1887 fallax,
645 1864 712 1889 quae
725 1864 779 1894 quo
797 1855 854 1888 plus
868 1856 947 1888 tulit,
961 1864 994 1882 eo
1015 1856 1113 1896 ¹³1¹*45

18 1891 140 1920 labilius
153 1893 254 1919 fundit:
272 1893 426 1927 mirumque
442 1891 604 1918 fecunditate
624 1890 698 1916 cessat
716 1890 781 1915 Plin.
798 1898 837 1923 14,
849 1899 870 1922 3,
1114 1893 1124 1897 ⁴*
1165 1899 1233 1921 ETI
1244 1899 1310 1921 Am„
1346 1894 1425 1921 (joni.
1462 1893 1538 1927 [ἴῃ]
1574 1893 1719 1929 Copulatiua
1733 1895 1876 1929 particula,
1890 1900 1920 1921 „t
1934 1895 2051 1932 [nffimm
2066 1898 2175 1934 ρέψας.

38 1950 41 1953 ,
64 1933 112 1955 E'r
122 1935 138 1955 Ε
148 1934 248 1960 SlAS,
273 1936 312 1955 ae.
348 1934 372 1954 et
397 1927 560 1963 frequentius
592 1926 663 1952 Plur.
696 1930 744 1950 ET
754 1931 792 1952 Es
802 1933 841 1952 lA
852 1932 869 1951 Ε
880 1945 888 1957 ,
910 1934 995 1952 arum.
1033 1936 1068 1954 m.
1131 1929 1202 1956 Ter.
1215 1930 1296 1956 Andr.
1309 1939 1334 1961 2,
1349 1939 1371 1962 2,
1386 1938 1410 1961 31
1448 1930 1532 1955 Etxam
1552 1939 1661 1962 puerum
1681 1929 1770 1955 abiens
1789 1939 1902 1956 conuem
1916 1931 2046 1959 Chremis.
2102 1936 2134 1960 Et
2146 1943 2176 1967 a,

0 1958 5 1971 '¹
29 1963 62 1998 [ὅ
77 1963 188 1998 ἐτησίας]
224 1963 269 1990 Ad
281 1963 381 1990 verbum
395 1960 428 1995 est
441 1971 552 1991 annuus,
562 1958 643 1994 statis
653 1963 716 1987 anni
729 1961 877 1995 temporibus
890 1961 997 1989 rediens.
1024 1963 1072 1989 Sed
1131 1973 1150 1995 1,
1163 1973 1187 1997 31
1208 1966 1294 1991 Immo
1307 1965 1398 1997 etiam,
1412 1974 1467 1999 quo
1482 1972 1509 1990 tu
1525 1965 1609 1990 minus
1625 1965 1670 1990 scis
1685 1973 1821 1991 aerumnas
1836 1975 1921 1998 meaS,
1938 1966 1986 1993 hae
2000 1968 2106 2002 nuptiae
2120 1978 2175 1995 non

0 2011 5 2022 κ
45 2001 182 2026 eculiariter
193 2000 321 2026 ventorum
335 2008 420 2025 nomen
434 1996 475 2030 esi.
517 1997 583 2023 Plin.
596 2005 621 2029 2,
633 2003 670 2030 47
696 1995 723 2021 de
737 1996 879 2022 Caniculae
893 1996 992 2029 fidere,
1011 1998 1070 2024 Post
1132 2000 1324 2034 apparabantur
1340 1999 1417 2026 mihi.
1474 2000 1530 2026 Cic.
1546 2000 1617 2026 l-am.
1640 2008 1678 2031 10,
1693 2008 1720 2032 32
1758 2001 1879 2035 Cumque
1903 2009 1932 2027 ea
1952 2005 2087 2030 contentio
2105 2004 2175 2032 mihi

0 2005 138 2062 Tziduum
155 2037 261 2061 exortus
282 2034 364 2061 iidem
378 2033 524 2068 Aquilones
543 2032 703 2058 constantius
723 2033 832 2066 perflant
850 2031 944 2058 diebus
958 2033 1069 2066 quadra·
1084 2048 1116 2073 50
1132 2044 1256 2069 magnum
1267 2055 1276 2068 ,
1295 2036 1375 2062 etiam
1393 2035 1476 2067 foris,
1501 2035 1618 2061 frudhnn
1638 2036 1741 2062 tulisset.
1813 2037 1885 2062 Idem
1899 2036 1931 2062 de
1950 2038 2020 2064 Clar.
2036 2040 2110 2066 Orat.
2128 2042 2176 2068 261

10 2076 12 2111 Ι
31 2071 116 2106 ginta,
135 2078 200 2105 quos
213 2069 308 2096 Etesias
321 2075 424 2097 vocant.
461 2067 567 2095 Molliri
585 2067 623 2094 eis
641 2066 759 2094 creditur
772 2067 840 2093 Solis
859 2076 942 2102 vapor
953 2068 1069 2102 gemina·
1131 2072 1218 2103 Voce,
1230 2077 1322 2103 motu,
1336 2071 1423 2097 forma
1437 2071 1515 2096 etiam
1529 2069 1675 2104 magnifica.
1712 2071 1845 2097 Abundare
1859 2072 1982 2099 interdum
1996 2074 2103 2108 videtur,
2112 2085 2137 2102 v.
2149 2085 2177 2111 g.

31 2112 71 2133 tus
83 2105 176 2133 ardore
193 2105 298 2132 sideris:
321 2115 369 2132 nec
392 2105 443 2132 vlli
458 2110 602 2131 ventorum
623 2103 706 2137 magis
728 2103 787 2129 stati
806 2104 873 2129 sunt.
927 2103 1001 2129 Idem
1017 2111 1039 2136 5,
1052 2112 1069 2137 9
1131 2106 1201 2132 Ter.
1216 2108 1279 2132 Hec.
1295 2114 1351 2139 5,1,
1365 2111 1378 2136 8
1417 2107 1470 2140 Ego
1495 2106 1538 2139 pol
1557 2114 1666 2140 quoque
1686 2107 1765 2132 etiam
1787 2106 1881 2133 timida
1901 2108 1972 2141 sum,
1997 2119 2080 2144 quum
2100 2113 2175 2138 venit

10 2117 13 2160 l
33 2142 123 2168 Causas
138 2141 213 2168 huius
227 2141 386 2168 incrementi
398 2140 449 2175 (de
464 2141 525 2166 Nilo
538 2140 669 2175 loquitur)
684 2139 769 2164 varias
787 2138 943 2172 prodidere,
957 2138 1000 2164 sed
1014 2148 1068 2165 ma·
1131 2140 1200 2167 mihi
1215 2142 1242 2167 in
1258 2148 1372 2167 mentem
1389 2150 1455 2175 quae
1469 2140 1524 2167 sim.
1597 2141 1693 2167 Stultus
1707 2148 1785 2176 atque
1799 2143 1878 2169 etiam
1892 2143 1996 2171 insanus
2011 2146 2079 2172 Hor.
2090 2146 2174 2173 Serm-

11 2166 13 2208 l
35 2177 104 2204 xime
115 2176 276 2211 probabiles,
293 2177 437 2204 Etesiarum
455 2184 488 2202 eo
501 2181 620 2209 tempore
633 2183 664 2200 ex
678 2173 790 2200 aduerso
803 2174 924 2200 flantium
937 2176 1068 2214 repercus-
1131 2185 1154 2208 2,
1168 2185 1189 2208 3,
1207 2180 1256 2210 156.
1325 2179 1373 2203 Pro
1387 2177 1484 2203 Adhuc.
1505 2177 1573 2203 Ter.
1583 2175 1663 2203 Andr.
1679 2185 1697 2207 1,
1714 2186 1732 2209 1,
1747 2183 1778 2210 89
1798 2179 1909 2212 Egomet
1923 2188 2032 2215 quoque
2044 2182 2101 2208 eius
2114 2191 2175 2208 cau-

11 2210 13 2247 Ι
34 2212 104 2244 sum,
116 2212 181 2240 vltro
193 2213 222 2238 in
235 2221 310 2239 oram
324 2212 383 2239 3610
397 2212 479 2238 mari:
498 2218 543 2237 aut
557 2210 655 2236 imbres
662 2209 821 2244 Aethiopiae
833 2209 956 2242 aestiuos,
971 2210 1067 2236 iisdem
1082 2225 1111 2251 55
1130 2213 1156 2238 sa
1171 2213 1199 2238 in
1219 2213 1299 2239 funus
1312 2212 1413 2246 prodeo
1423 2232 1431 2245 ,
1452 2211 1519 2238 nihil
1539 2212 1666 2246 suspicans
1679 2213 1759 2239 etiam
1773 2214 1845 2240 mali.
1902 2214 1969 2241 Ibid.
1983 2224 2006 2248 3,
2022 2225 2045 2246 2,
2058 2225 2087 2249 23
2107 2217 2173 2244 Non

31 2247 120 2275 Etesiis
145 2247 235 2274 nubila
258 2248 308 2275 illo
330 2247 478 2275 ferentibus
497 2255 529 2273 ex
546 2246 652 2280 reliquo
678 2245 753 2273 orbe.
806 2244 880 2271 Idem
900 2251 935 2278 18,
951 2254 984 2279 34
999 2246 1015 2271 s.
1030 2254 1066 2281 77
1129 2248 1189 2274 satis
1209 2257 1251 2274 me
1269 2248 1386 2283 pernosti
1405 2249 1485 2274 etiam
1505 2248 1588 2282 qualis
1607 2247 1653 2274 sim
1677 2249 1758 2274 Simo.
1791 2249 1849 2276 Vid.
1872 2250 1968 2277 Donat.
2004 2252 2076 2287 Conf.
2099 2253 2174 2287 Virg-

30 2283 129 2317 Aquilo
148 2283 266 2310 mollitur
289 2283 372 2310 sidere
385 2303 395 2316 ,
416 2282 511 2309 aestate
529 2281 632 2314 media,
643 2287 780 2316 mutatque
797 2289 914 2313 nomen,
931 2288 957 2308 et
971 2282 1064 2309 Etefias
1129 2284 1193 2310 Aen.
1208 2287 1234 2316 6,
1250 2289 1308 2318 485.
1348 2286 1421 2309 Nunc
1440 2283 1559 2310 connubia
1571 2293 1624 2310 cum
1636 2285 1696 2310 aliis
1710 2286 1848 2318 particulis
1863 2286 2043 2321 persequemur.
2114 2289 2173 2315 Cic.

28 2324 144 2345 vocatur.
178 2321 235 2346 Alii
245 2320 330 2355 paullo
344 2321 434 2351 aliter,
454 2325 496 2349 vt,
516 2318 580 2344 Sunt
595 2317 687 2344 etesiae
701 2324 727 2343 et
741 2315 879 2351 prodromi
894 2317 1019 2351 spirantes
1034 2326 1066 2344 ex
1129 2320 1206 2346 Verr.
1222 2328 1242 2353 1,
1258 2328 1307 2353 194
1334 2319 1384 2346 Sed
1403 2319 1508 2345 fortasse
1520 2318 1604 2345 adhuc
1621 2320 1650 2345 in
1670 2320 1745 2346 nullo
1758 2320 1838 2346 ctiam
1852 2321 2028 2349 vindicatum.
2098 2323 2174 2351 Idem

0 2366 13 2391 νη
27 2353 101 2380 omni
118 2360 189 2389 parte
207 2363 239 2381 eo
258 2361 377 2390 tempore
395 2354 512 2386 aestatis,
532 2362 587 2388 quo
607 2353 678 2380 canis
691 2353 780 2379 oritur
793 2352 870 2387 Apul.
883 2352 916 2378 de
928 2353 1030 2379 Mundo
1043 2363 1068 2388 p.
1128 2354 1160 2381 de
1172 2355 1246 2381 Orat.
1265 2363 1286 2388 1,
1306 2363 1355 2390 ¹74
1380 2355 1590 2389 Qinqueremes
1611 2361 1714 2386 autem,
1728 2362 1773 2381 aut
1790 2357 1870 2382 etiam
1891 2358 2004 2383 maiores
2024 2358 2173 2392 gubernare

26 2391 68 2422 63,
79 2394 118 2419 28.
154 2389 200 2416 Sed
216 2389 282 2417 ibid.
297 2400 321 2425 p.
335 2393 377 2423 62,
391 2399 419 2416 22
443 2389 541 2416 Etesiae
556 2390 615 2415 sunt
632 2389 828 2423 frequentiores
843 2388 938 2415 aestate
951 2389 1013 2415 anni
1032 2391 1068 2415 se·
1084 2395 1120 2420 60
1128 2390 1256 2417 didicisse.
1330 2392 1359 2416 Et
1372 2390 1404 2416 de
1418 2391 1491 2417 Orat.
1508 2398 1529 2422 1,
1544 2398 1589 2424 ¹72
1610 2391 1735 2417 Caeteros
1754 2400 1820 2418 vero
1838 2401 1892 2418 non
1910 2392 2039 2420 dubitabo
2052 2395 2172 2429 primurn

25 2425 197 2459 ptentriones.
241 2425 311 2452 Add.
334 2426 403 2452 Gell.
417 2434 442 2457 2,
455 2434 497 2451 22.
526 2432 550 2450 et
568 2424 625 2450 Sen.
645 2424 751 2457 Quaest.
774 2424 836 2450 Nat.
861 2432 884 2456 5,
899 2433 937 2455 10,
953 2433 976 2450 11
992 2431 1016 2450 et
1031 2430 1065 2454 18.
1127 2426 1240 2452 inertiae
1253 2426 1427 2452 condemnare
1441 2426 1566 2451 sententia
1581 2434 1655 2458 mea,
1673 2426 1729 2460 post
1742 2427 1822 2454 etiam
1836 2428 2024 2462 impudentiae.
2101 2431 2170 2457 Hor.

26 2460 81 2486 Cic.
94 2461 147 2487 Att.
160 2465 186 2494 6,
203 2468 220 2495 7
249 2461 313 2486 Inde
329 2469 408 2494 quam
421 2461 540 2493 primuni
551 2459 681 2491 Athenas,
705 2459 750 2485 etsi
765 2459 861 2485 Etesiae
874 2459 950 2485 valde
963 2461 1064 2488 reflant.
1127 2461 1206 2495 Epist.
1217 2470 1243 2494 2,
1257 2471 1277 2492 1,
1291 2470 1336 2496 127
1371 2461 1498 2496 Torquet
1523 2461 1555 2487 ab
1575 2461 1694 2488 obscenis
1720 2463 1773 2489 iam
1794 2472 1863 2489 nunc
1884 2464 2048 2489 sermonibus
2066 2472 2169 2497 aurem,

29 2496 88 2523 Vid.
103 2496 177 2522 Idem
190 2495 222 2521 de
235 2495 272 2521 N.
287 2496 319 2521 D.
335 2504 358 2527 2,
374 2503 425 2526 132.
479 2495 534 2525 Cic.
550 2494 582 2520 ad
596 2495 667 2521 Brut.
681 2501 706 2527 15
725 2495 817 2528 Itaque
830 2494 858 2520 in
872 2494 962 2520 medio
972 2495 1065 2522 Achai·
1126 2498 1192 2524 Mox
1211 2497 1291 2524 etiam
1311 2496 1401 2532 peetus
1420 2497 1564 2531 praeceptis
1582 2497 1680 2523 format
1698 2497 1797 2523 amicis.
1867 2498 1940 2523 Idem
1956 2498 2034 2532 Epist.
2054 2507 2080 2531 2,
2093 2508 2119 2532 2,
2132 2501 2170 2532 96

12 2539 58 2557 -co
68 2532 153 2562 cursu,
168 2538 250 2564 quum
257 2529 398 2556 Etesiarum
412 2529 505 2556 diebus
518 2530 611 2556 Auster
623 2539 666 2556 me
678 2530 706 2556 in
720 2530 824 2557 Italiam
833 2550 840 2561 ,
856 2530 927 2565 quasi
940 2529 1065 2558 dissuasor
1128 2533 1219 2566 Aspice
1234 2534 1361 2567 primum,
1374 2540 1420 2558 etc.
1458 2534 1523 2558 Mox
1542 2532 1622 2558 etiam
1631 2552 1639 2564 ,
1652 2532 1670 2557 si
1690 2532 1761 2558 forte
1780 2540 1867 2563 vacaS,
1882 2533 2005 2567 sequere,
2017 2541 2063 2560 etc.
2137 2537 2170 2562 Et

25 2566 80 2592 mei
98 2565 200 2591 consilii
217 2565 357 2598 retulisset,
370 2572 416 2591 etc.
485 2566 542 2592 Sen.
556 2565 667 2598 Thyest.
682 2574 726 2598 129
754 2566 840 2592 Niues
858 2581 903 2586 —
919 2566 1006 2593 Aestas
1022 2576 1065 2593 ve-
1081 2571 1112 2603 65
1127 2568 1205 2602 Epist.
1221 2577 1240 2601 1,
1253 2574 1286 2598 18,
1299 2576 1346 2602 107
1375 2568 1413 2593 Sit
1428 2568 1496 2592 mihi
1509 2567 1579 2601 quod
1594 2576 1662 2593 nunc
1678 2567 1714 2592 est
1728 2567 1808 2592 etiam
1824 2567 1927 2600 minus,
1940 2574 1968 2594 vt
1981 2568 2049 2595 mihi
2067 2569 2168 2598 viuarn.

25 2600 113 2634 liferis
125 2600 204 2626 soluit
216 2600 308 2629 etesiis.
378 2601 433 2628 Cic.
447 2601 519 2627 Fam.
535 2609 558 2633 2,
575 2610 603 2635 14
633 2602 688 2636 Ego
700 2600 753 2627 nisi
763 2601 829 2636 quid
841 2611 882 2628 me
896 2602 993 2629 Etesiae
1007 2610 1064 2630 uio-
1126 2605 1187 2630 Liu.
1202 2612 1223 2635 3,
1236 2611 1252 2637 7
1273 2603 1380 2629 Interim
1396 2603 1524 2633 Hernici,
1539 2601 1679 2635 Latinique
1691 2601 1793 2635 pudore
1806 2603 1885 2629 etiam
1894 2623 1902 2635 ,
1916 2612 1971 2629 non
1983 2603 2169 2633 misericordia

24 2636 171 2670 rabuntur,
182 2636 303 2663 celeriter
316 2639 365 2668 (vt
380 2638 473 2671 spero)
487 2645 534 2663 vos
546 2636 654 2664 videbo.
1126 2639 1212 2664 solum
1226 2638 1303 2663 moti.
1374 2637 1502 2662 Secundas
1516 2637 1596 2662 etiam
1609 2645 1650 2663 res
1664 2636 1763 2663 nostras
1772 2657 1779 2670 ,
1803 2646 1857 2663 non
1872 2640 1954 2664 modo
1973 2638 2094 2666 aduersas
2111 2650 2169 2675 per-

4 2699 9 2707 ,
63 2678 79 2697 Ε
89 2678 111 2696 Τ
121 2678 158 2698 Es
169 2678 176 2697 1
187 2678 244 2701 vs,
263 2681 293 2704 a,
311 2681 365 2698 um.
401 2672 462 2698 Adi.
500 2671 642 2706 [Ἐτῆσιος]
683 2672 735 2704 Vt,
753 2671 848 2698 Flabra
862 2672 944 2697 Etesia
959 2671 1065 2697 Lucret.
1127 2672 1302 2698 timescebam
1315 2672 1371 2698 Cic.
1384 2673 1455 2698 Fam.
1475 2680 1502 2704 4,
1517 2680 1554 2705 14.
1627 2671 1700 2698 Idem
1720 2673 1773 2698 Att.
1788 2677 1812 2704 8,
1825 2681 1860 2698 20
1895 2674 1934 2700 Da
1947 2683 2064 2708 operam,
2078 2675 2095 2701 fi
2115 2676 2167 2703 vlla

0 2703 1 2706 ¹
23 2709 51 2740 6,
64 2709 120 2741 716.
172 2707 243 2732 Anni
261 2712 380 2741 tempore
402 2715 452 2739 eo,
470 2715 523 2739 quo
537 2706 618 2732 Etesia
631 2706 714 2732 flabra
730 2706 862 2732 feruntur.
903 2706 1022 2741 Versatur
1034 2708 1062 2731 in
1126 2707 1230 2733 ratione
1248 2707 1327 2734 etiam
1347 2716 1416 2733 nunc
1433 2705 1536 2733 efficere
1556 2713 1644 2741 potes,
1658 2713 1686 2733 vt
1705 2712 1731 2733 te
1746 2707 1879 2741 explices,
1893 2708 1943 2735 huc
1956 2719 2035 2744 quam
2050 2712 2168 2745 primum

22 2741 169 2777 explicanda
182 2742 254 2778 caufiz
265 2745 469 2768 incrementorum
485 2741 556 2772 Nili,
575 2749 646 2775 quam
660 2747 798 2776 tangentem
809 2740 877 2766 modo
890 2740 999 2766 vidimus
1013 2742 1064 2767 Pli-
1078 2753 1113 2781 70
1127 2743 1226 2769 venias.
1297 2743 1365 2769 Ter.
1381 2743 1462 2768 Andr.
1478 2751 1500 2775 5,
1513 2751 1538 2774 2,
1553 2748 1566 2772 8
1591 2743 1676 2773 Etiam
1697 2748 1724 2768 tu
1744 2742 1796 2769 hoc
1816 2744 1972 2778 respondes?
2013 2747 2062 2772 Vbi
2078 2747 2167 2774 Dona-

23 2781 99 2804 nium.
153 2778 227 2803 Idem
241 2785 264 2809 5,
278 2785 326 2811 741
358 2777 421 2803 dicit
440 2775 522 2802 Etesia
543 2776 625 2803 flabra
647 2776 827 2811 Aquilonum,
847 2783 979 2811 propterea
1002 2776 1064 2811 quod
1127 2784 1185 2810 tus,
1204 2778 1289 2804 Etiam
1309 2784 1353 2804 aut
1372 2777 1490 2804 hortatio
1509 2778 1561 2809 est,
1580 2784 1624 2804 aut
1644 2777 1809 2805 coniunctio.
1847 2779 1919 2807 Seru.
1942 2781 2037 2815 Sulpic.
2057 2782 2088 2808 ad
2109 2784 2167 2809 Cic.

24 2813 97 2840 iidem
112 2812 177 2847 sunt
199 2815 268 2838 venti
290 2812 387 2839 Etesiae
401 2819 424 2840 et
437 2811 591 2846 Aquilones.
609 2826 611 2828 -
747 2809 768 2848 q
788 2820 804 2837 2
840 2810 881 2844 Est
904 2814 977 2837 etiam
997 2812 1064 2845 lapis
1126 2814 1198 2840 Fam.
1210 2822 1239 2846 4,
1252 2822 1273 2846 5.
1310 2814 1395 2839 Etiam
1417 2820 1444 2839 tu
1463 2813 1495 2839 ab
1515 2813 1586 2839 hisce
1603 2813 1681 2840 rebus
1701 2814 1819 2841 animum
1836 2814 1869 2841 ad
1889 2816 2078 2850 cogitationem
2093 2823 2167 2846 tuam

25 2848 125 2876 etesius.
160 2847 223 2874 Plin.
240 2850 280 2880 36,
294 2857 326 2874 22
334 2856 376 2883 pr.
407 2846 566 2874 Auctoribus
586 2855 663 2873 curae
682 2847 791 2873 fuerunt
811 2847 909 2880 lapides
922 2848 1064 2873 mortario·
1125 2857 1216 2875 auoca.
1413 2847 1434 2885 ἢ
1454 2857 1469 2874 z
1491 2849 1739 2888 ,Etiamzrrsponlio
1755 2857 1803 2885 pro
1823 2852 1872 2877 Ita.
1909 2852 1974 2879 Plin.
1994 2853 2072 2888 Epist.
2091 2862 2120 2886 4,
2140 2862 2165 2886 13

22 2893 82 2912 rum
96 2892 203 2918 quoque
217 2883 250 2917 (e
263 2884 350 2918 quibus
359 2883 452 2918 fierent
471 2883 612 2916 mortaria)
626 2891 673 2908 nec
686 2881 883 2908 medicinalium
903 2888 1004 2908 tantum
1020 2888 1064 2908 aut
1125 2884 1216 2910 Studes
1235 2883 1360 2918 inquam?
1403 2884 1558 2918 Respondit,
1573 2891 1663 2910 etxam.
1706 2885 1848 2920 Numquid
1880 2887 1937 2913 vis?
1978 2888 2064 2915 Etiam
2082 2890 2166 2917 Plaut.

9 2935 11 2938 ⁴
23 2919 57 2947 ad
69 2919 201 2954 pigmenta
214 2919 413 2953 pertinentium.
449 2917 561 2944 Etcfium
574 2917 687 2952 lapidem
701 2918 727 2944 in
742 2918 774 2943 iis
783 2918 930 2951 praetulere
944 2918 1062 2945 caeteris.
1078 2927 1110 2955 75
1124 2919 1219 2954 Amph.
1233 2928 1252 2951 1,
1266 2928 1288 2951 3,
1302 2922 1347 2952 46.
1419 2919 1606 2946 Misericordia
1624 2927 1771 2947 commotus
1791 2930 1824 2948 ne
1841 2920 1881 2948 fis.
1916 2923 2017 2955 Etiam3
2037 2925 2065 2950 in
2079 2925 2165 2951 dissol-

24 2956 67 2982 Sic
83 2955 241 2987 Harduinus,
251 2961 300 2989 pro
313 2953 465 2988 Ephesium:
490 2960 513 2979 et
523 2953 615 2988 firmat
627 2963 655 2979 ex
669 2953 757 2979 Indice
768 2953 864 2986 Plinii,
876 2953 976 2979 Isidoro
992 2956 1029 2985 16,
1043 2963 1062 2986 4
1122 2955 1209 2982 venda
1222 2955 1358 2981 seueritate
1371 2955 1428 2981 Cic.
1442 2964 1489 2989 pro
1502 2956 1622 2981 Muraen.
1633 2958 1664 2988 65
1676 2965 1697 2981 c.
1711 2965 1744 2988 31.
1765 2960 1784 2983 ι’.
1805 2960 1879 2983 etiam
1897 2966 1939 2994 ego
1957 2962 1995 2985 ita
2010 2967 2088 2994 puta,
2106 2970 2165 2996 qua-

22 2989 66 3016 vbi
77 2989 180 3017 Edefius
192 2997 296 3016 vocatur
307 2990 355 3023 (in
369 2989 429 3015 edit.
445 2990 571 3025 Reutlmg.
586 2997 651 3024 1472
670 2989 689 3015 f.
704 2988 834 3021 Ethesius‚
859 2989 924 3024 quod
943 2992 1016 3015 etiam
1029 2989 1062 3015 ad
1121 2997 1192 3018 tenus
1212 2990 1381 3026 misericordia
1393 2991 1527 3027 jetieritoti
1545 2991 1647 3026 aduersa
1667 2990 1708 3024 est.
1780 2993 1836 3019 Cic.
1851 2994 1904 3019 Att.
1920 3002 1940 3026 1,
1956 3002 1985 3020 10
2024 2995 2099 3021 Noui
2112 2996 2167 3022 tibi

25 3026 132 3052 Plinium
151 3028 247 3051 notauit
260 3034 272 3051 e
283 3026 347 3052 libro
360 3025 408 3061 suo
421 3026 449 3051 P.
464 3026 607 3060 francius)
633 3031 657 3051 et
679 3027 758 3051 veteri
777 3025 998 3060 Lexico-Chymiae
1020 3025 1063 3051 vbi
1094 3037 1099 3042 ·
1123 3027 1249 3061 quidnam
1263 3025 1376 3052 scribam
1387 3027 1468 3060 quid?
1488 3026 1583 3053 Etiam.
1620 3027 1725 3053 Messala
1738 3028 2038 3055 ConsulAntronianam
2052 3030 2163 3058 domum

18 3058 59 3100 est
75 3061 235 3095 Βοςρυχίτης,
253 3062 364 3096 πυρίτης,
376 3060 419 3095 ¹192)
434 3059 529 3087 zrimos.
1123 3063 1198 3094 emit,
1212 3069 1258 3088 etc.
1295 3061 1368 3087 Idem
1385 3063 1437 3087 Att.
1451 3070 1476 3093 2,
1490 3065 1506 3088 6
1525 3063 1564 3088 De
1576 3071 1664 3093 muro,
1678 3063 1758 3088 statue
1772 3064 1836 3097 quid
1851 3064 2000 3090 faciendum
2013 3065 2051 3091 sit.
2080 3065 2162 3093 Aliud

0 3111 3 3122 ι
18 3101 19 3119 1
62 3101 284 3122 ETESTICVL
294 3102 364 3123 AT1
375 3103 411 3129 o,
431 3096 497 3122 onis.
524 3095 544 3122 f.
580 3093 712 3129 Castrinio.
735 3094 812 3131 Apud
823 3095 929 3122 Celsum
942 3094 985 3130 effi
999 3095 1061 3122 dici·
1083 3100 1116 3127 80
1123 3097 1204 3132 quid?
1226 3098 1318 3123 Etiam.
1339 3097 1445 3131 quando
1463 3104 1489 3123 te
1508 3098 1583 3124 istinc
1606 3097 1736 3132 proficisci
1756 3100 1824 3132 posse
1843 3107 1915 3133 putes
1929 3119 1937 3132 ,
1965 3100 2005 3126 fac
2024 3107 2053 3126 vt
2072 3101 2160 3127 sciam.

0 3127 83 3167 l‘tur:
95 3130 181 3167 falfi),
196 3130 242 3165 ng‘fi
254 3131 345 3167 fallor.
1122 3134 1178 3160 Cic.
1193 3132 1224 3158 de
1238 3133 1274 3159 N.
1288 3133 1320 3158 D.
1335 3141 1353 3165 1,
1368 3141 1402 3167 70
1415 3142 1435 3159 c.
1450 3141 1480 3165 25
1509 3134 1531 3159 A
1547 3134 1645 3168 quibus
1663 3134 1766 3168 (nempe
1778 3133 1939 3169 dialceticis)
1953 3144 2012 3161 cum
2031 3136 2159 3162 traditum

1 3171 5 3195 1
370 3192 373 3197 ,
403 3171 431 3202 E
523 3168 558 3201 T
652 3169 685 3200 H
1121 3169 1167 3202 fit,
1188 3170 1215 3195 in
1229 3167 1354 3194 omnibus
1367 3168 1606 3202 disiunctionibus,
1622 3170 1650 3195 in
1662 3169 1759 3204 quibus
1779 3176 1824 3196 aut
1841 3173 1914 3196 etiam
1926 3178 1970 3196 aut
1987 3180 2034 3197 non
2049 3180 2159 3205 ponere-

2 3199 4 3215 *
1121 3210 1181 3237 tur,
1198 3204 1353 3230 alterutrum
1374 3213 1467 3230 verum
1488 3206 1550 3240 csse,
1565 3206 1702 3239 pertimuit
1714 3206 1878 3240 (Epicurus)
1891 3214 1923 3232 ne
1935 3205 1953 3231 fi
1965 3208 2107 3233 concessum
2122 3208 2160 3233 es-

63 3241 82 3262 Ὲ
93 3237 221 3263 ΤΗῐῖιν
231 3244 260 3268 s,
279 3237 299 3264 i.
322 3247 358 3266 m.
392 3240 543 3275 Cyzicenus,
555 3236 785 3275 ingentisstaturae
801 3238 831 3266 ab
842 3238 941 3266 Ancaeo
956 3237 1061 3274 interfe-
1122 3241 1158 3266 set
1173 3239 1327 3266 huiusmodi
1339 3239 1457 3274 aliquid,
1473 3241 1525 3267 Aut
1543 3242 1617 3267 viuet
1637 3250 1691 3267 cras
1704 3248 1749 3267 aut
1768 3249 1821 3267 non
1839 3242 1914 3268 viuet
1927 3241 2066 3276 Epicurus,
2081 3243 2159 3269 alter-

27 3269 93 3299 Hm.
110 3271 193 3298 Flace.
205 3280 227 3304 3,
241 3278 289 3304 138.
1076 3275 1106 3305 85
1122 3282 1212 3302 utrum
1225 3275 1300 3302 fieret
1314 3276 1497 3303 necessarium:
1517 3282 1603 3303 totum
1620 3276 1669 3303 hoc
1681 3283 1724 3302 aut
1736 3279 1809 3302 etiam
1820 3284 1863 3303 aut
1874 3286 1923 3303 non
1936 3278 2041 3311 negauit
2053 3278 2100 3303 ess'e
2114 3287 2158 3304 ne-

64 3314 108 3334 ET
117 3314 137 3333 H
147 3306 163 3332 ἑ
172 3313 222 3333 Mo
231 3314 269 3340 N,
286 3309 352 3336 5¹¹1ss-
377 3319 413 3337 m·
451 3312 545 3337 Nomen
558 3312 612 3336 viri
624 3312 769 3344 Proprium,
783 3318 831 3336 ⁷10n
849 3316 929 3335 tamen
943 3307 1058 3342 arcqffen-
1122 3312 1265 3338 cessarium.
1311 3310 1384 3337 Idem
1399 3311 1477 3337 Acad.
1492 3320 1520 3345 4,
1534 3320 1569 3346 97
1581 3321 1602 3338 e.
1617 3320 1648 3343 30
1673 3313 1742 3338 Cum
1755 3312 1887 3338 dialectici
1900 3312 1932 3338 sic
1943 3312 2068 3345 statuant,
2078 3322 2158 3341 omne

26 3342 84 3369 dum
97 3351 125 3368 ex
134 3342 206 3375 Virg.
214 3343 276 3369 Aen.
291 3352 326 3375 10,
338 3348 391 3373 126.
427 3346 457 3373 Et
472 3346 557 3372 clarus
566 3345 695 3372 Ethemon
702 3345 781 3377 Lycia
794 3345 936 3372 comitatur
950 3344 984 3371 ab
999 3344 1058 3371 alta.
1121 3347 1193 3382 quod
1214 3348 1250 3373 ita
1266 3345 1428 3373 disiunctum
1448 3347 1494 3380 sit,
1507 3347 1576 3382 quasi
1597 3354 1641 3374 aut
1653 3351 1743 3380 etiam,
1757 3355 1800 3373 aut
1814 3358 1876 3380 non,
1889 3356 1943 3373 non
1963 3349 2043 3374 modo
2063 3357 2157 3376 verum

25 3379 67 3407 Ibi
80 3380 143 3404 enim
158 3377 242 3410 Heius.
255 3385 278 3403 et
289 3380 373 3408 Burm.
396 3381 428 3407 Et
448 3382 553 3414 Clarus,
568 3387 594 3408 et
613 3382 743 3407 Haemon.
780 3381 878 3407 Certim
898 3378 930 3413 el}
953 3378 1058 3413 tfsttmo-
1120 3384 1186 3415 effe,
1205 3381 1249 3409 sed
1263 3384 1342 3408 etiam
1353 3383 1521 3409 necessarium
1535 3390 1580 3409 etc.
1634 3384 1666 3409 Et
1681 3392 1729 3417 pro
1743 3383 1816 3409 Rosc.
1831 3384 1906 3410 Com.
1920 3388 1933 3411 8
1967 3383 1993 3408 Si
2007 3392 2076 3416 non,
2090 3393 2155 3419 quo-

25 3417 93 3441 nium
106 3412 187 3439 Ouid.
202 3413 264 3437 Met.
281 3421 301 3445 5,
315 3417 355 3447 163
389 3416 499 3447 Instabat
523 3423 596 3452 parte
617 3416 718 3443 sinistra
752 3416 888 3444 Chaonius
907 3415 1059 3451 Molphe1¹S‚
1120 3419 1202 3445 modo
1216 3418 1316 3445 tabulas
1335 3418 1459 3444 conficis?
1486 3419 1512 3445 Si
1524 3419 1620 3450 etiam,
1632 3427 1710 3453 quam
1731 3418 1766 3445 ob
1780 3428 1845 3450 rem,
1859 3427 1917 3444 cum
1931 3424 2033 3445 caetera
2047 3421 2158 3447 nomina

26 3448 116 3476 dextra
129 3447 297 3474 Nabathaeus
309 3450 445 3479 Ethemon.
1070 3463 1106 3488 90
1119 3456 1147 3482 in
1161 3454 1283 3481 ordinem
1296 3454 1429 3481 referebas
1451 3461 1497 3481 etc.
1538 3456 1629 3481 Tuitus
1646 3464 1672 3481 er
1691 3464 1703 3480 0
1721 3451 1786 3481 reHe
1804 3453 1837 3486 esi
1855 3453 1920 3479 hunc
1931 3454 2001 3489 vsum
2015 3458 2157 3490 particulae

44 3500 47 3503 -
63 3491 82 3511 E
93 3491 114 3510 T
123 3491 142 3510 Η
154 3490 169 3508 Ε
179 3490 190 3509 s
201 3490 209 3509 1
220 3490 240 3509 V
250 3488 277 3514 S,
312 3484 364 3511 vid.
399 3493 470 3515 ΕΤΕ
479 3494 492 3514 s
502 3495 511 3514 1
522 3495 574 3514 vs.
601 3496 628 3514 n.
650 3496 672 3514 2.
1119 3491 1233 3518 Borrich.
1249 3491 1328 3526 Cogit.
1344 3499 1368 3524 p.
1384 3498 1413 3522 95
1428 3490 1464 3524 sq.
1661 3463 1690 3528 ξ
1704 3498 1715 3521 3
1753 3488 1875 3514 Connubia
1888 3489 1955 3521 alia,
1967 3497 2032 3516 certe
2047 3490 2104 3526 usus
2117 3490 2158 3518 di-

62 3525 198 3546 ETHNO
209 3526 238 3550 8,
259 3526 312 3544 eos·
337 3528 363 3545 n·
397 3521 497 3557 [ἔθνος]
535 3525 636 3550 Graecis
648 3532 709 3559 gens
720 3520 762 3556 esl-
799 3524 854 3549 Hoc
869 3525 965 3549 nomine
977 3528 1057 3549 autem
1117 3526 1219 3563 versus:
1254 3526 1309 3553 Cic.
1324 3526 1378 3552 Att.
1394 3534 1414 3557 1,
1428 3533 1439 3556 3
1475 3524 1554 3560 Appii
1570 3524 1721 3551 tabellarius
1750 3523 1818 3550 mihi
1843 3531 1898 3549 tuas
1916 3523 2006 3551 literas
2024 3527 2156 3554 reddidit:

7 3579 13 3591 .>
27 3558 113 3587 Iudaei
126 3558 215 3584 Graece
228 3559 364 3592 loquentes,
380 3560 459 3595 vtsuo
476 3567 511 3587 ππ,
532 3569 558 3589 et
579 3569 672 3591 mnu,
693 3563 848 3598 appellabam
856 3573 1007 3590 omnm-non.
1016 3565 1057 3590 lu.
1119 3571 1150 3588 ex
1165 3561 1262 3595 quibus
1276 3570 1329 3588 non
1342 3560 1452 3592 dubito,
1465 3561 1539 3595 quin,
1552 3566 1580 3586 vt
1592 3561 1746 3594 Pompeium
1767 3558 1937 3599 exspeQaris,
1953 3559 2016 3587 dum
2031 3562 2156 3589 Arimino

4 3594 10 3614 '¹
28 3594 116 3626 dacos,
127 3599 156 3620 vt
170 3594 258 3619 Graeci
274 3592 400 3619 Barbaros
415 3595 524 3623 dicebant
535 3608 583 3625 non
599 3600 713 3625 Graecos.
750 3599 818 3625 Hinc
1117 3597 1233 3629 rediret,
1252 3597 1333 3623 etiam
1353 3597 1380 3622 in
1399 3597 1507 3631 Epirum
1526 3596 1660 3631 profeGius
1678 3595 1717 3621 fis.
1737 3597 1754 3619 i.
1775 3595 1875 3628 Eli-mist
1887 3595 2024 3631 Pompeium
2043 3597 2156 3633 expefl'a·

4 3635 9 3662 ἱ
61 3635 166 3656 ETHN
178 3637 186 3654 1
196 3634 212 3654 C
222 3636 242 3654 V
252 3635 280 3658 Ss
295 3631 396 3663 quinon
410 3628 442 3660 es?
457 3632 570 3667 Iudaeus,
585 3642 608 3660 et
619 3644 690 3667 mox,
705 3637 748 3669 qui
766 3632 799 3667 est
810 3643 826 3660 a
837 3633 923 3669 sin-ris
935 3631 1056 3666 Christia-
1072 3637 1105 3664 95
1118 3636 1156 3659 ris
1167 3652 1175 3664 ,
1193 3636 1312 3658 tamenin
1327 3634 1435 3666 Epirum,
1450 3639 1494 3658 etc.
1566 3633 1614 3658 Pro
1631 3633 1668 3656 Et.
1697 3631 1764 3655 Hor.
1778 3629 1857 3664 Epist.
1873 3638 1893 3663 1,
1907 3632 1945 3663 16,
1960 3639 1985 3664 ις
2014 3633 2071 3660 Hae
2091 3633 2154 3670 lagg.

2 3671 7 3694 ξ
28 3673 110 3691 norum
127 3666 237 3699 alienus,
257 3672 323 3699 quem
335 3664 467 3691 Gentilem
485 3672 555 3694 etlam
569 3669 663 3696 dicunt.
701 3670 797 3703 Sulpic.
812 3670 869 3696 Seu.
884 3669 951 3695 Hist.
972 3678 989 3698 1,
1005 3677 1024 3698 1,
1035 3678 1055 3702 4
1118 3667 1181 3694 brae
1194 3667 1300 3699 dulces,
1317 3668 1396 3693 etiam
1415 3667 1450 3699 (fi
1469 3666 1571 3697 eredis)
1584 3673 1715 3691 amoenae.
1786 3665 1890 3692 Lucret.
1903 3674 1928 3699 2,
1942 3674 1954 3699 5
1978 3667 2042 3701 Sed,
2056 3670 2155 3704 quibu·

1 3706 7 3719 ν’
28 3699 91 3727 Non
109 3700 207 3734 pigebit
226 3699 320 3730 fateri,
341 3708 382 3725 me
397 3699 472 3726 vsum
489 3703 535 3728 effe
549 3703 680 3732 historicis
701 3705 822 3732 ethnicis.
864 3704 923 3732 Vid.
941 3704 1053 3731 Hieron.
1118 3703 1173 3737 ipse
1187 3703 1261 3729 malis
1274 3711 1360 3729 careas
1373 3704 1436 3737 quia
1449 3711 1554 3729 cernere
1568 3702 1646 3727 suaue
1658 3699 1707 3726 est:
1735 3700 1819 3727 Suaue
1832 3702 1911 3727 etiam
1931 3702 1994 3729 belli
2010 3706 2156 3731 certamina

30 3734 104 3769 Epist.
117 3744 151 3767 33.
169 3743 192 3762 et
205 3738 232 3761 in
244 3734 334 3770 Ephes.
347 3743 369 3767 5,
381 3743 422 3760 20.
1118 3747 1215 3772 magna
1225 3739 1295 3765 tueri
1319 3739 1367 3765 Per
1381 3747 1484 3773 campos
1497 3736 1629 3775 instructa,
1643 3742 1688 3762 tua
1700 3734 1753 3762 sine
1766 3742 1838 3770 parte
1851 3738 1954 3771 pericli.
2022 3740 2072 3766 Pro
2086 3742 2156 3774 Qin

62 3775 136 3797 ἘΤΗ
146 3777 166 3795 N
176 3779 186 3797 1
196 3777 250 3797 cr.
286 3770 354 3796 Adu.
389 3769 466 3804 Apud
478 3770 592 3798 Tertull.
606 3774 637 3801 de
647 3776 757 3802 Pudicit.
771 3785 793 3802 e.
806 3784 831 3808 9.
1115 3777 1207 3810 potius.
1244 3773 1310 3800 Plin.
1325 3774 1352 3800 in
1366 3775 1456 3808 Paneg.
1471 3781 1505 3807 77
1532 3771 1638 3798 Nulhus
1649 3771 1683 3798 ab
1700 3780 1732 3797 eo
1746 3772 1909 3806 magistratus
1922 3774 1979 3806 ius,
1998 3775 2095 3801 nullius
2108 3784 2153 3801 au-

54 3807 55 3810 ’
67 3809 212 3832 ΕΤΗΝιε
222 3813 243 3832 Α
252 3813 268 3832 1.
278 3813 286 3831 1
296 3813 326 3839 s,
345 3805 463 3832 Ethmcu:
475 3806 551 3831 Tert.
568 3808 598 3834 de
609 3810 721 3843 Spectac.
735 3820 747 3845 5
754 3819 799 3847 pr.
1062 3819 1109 3838 100
1117 3809 1225 3836 &oritas
1241 3810 1382 3836 imminuta
1396 3810 1448 3840 est,
1462 3807 1535 3834 aucta
1548 3806 1636 3832 etiam.
1708 3808 1758 3833 Pro
1772 3808 1872 3835 Contra.
1909 3808 1964 3835 Cic.
1980 3809 2006 3835 in
2020 3811 2093 3836 Orat.
2105 3811 2155 3841 236

22 3829 23 3860 l
67 3843 252 3873 ETHN1c1s
262 3848 353 3874 Μνς,
374 3841 448 3867 Prud.
463 3841 522 3867 Pais.
537 3842 616 3870 Laur.
629 3851 687 3877 498.
1068 3846 1069 3849 ’
1118 3846 1153 3872 Vt
1168 3854 1197 3871 ea
1212 3853 1278 3879 qnae
1295 3852 1417 3877 Vtamur,
1431 3851 1483 3869 non
1496 3841 1566 3867 stulti
1581 3842 1700 3869 homines
1713 3842 1806 3870 haberi
1819 3843 1926 3878 possint,
1944 3845 2023 3871 etiam
2040 3846 2154 3879 plerum-

65 3875 196 3909 E'rl-ios,
215 3886 268 3903 εοε.
287 3886 312 3902 n.
348 3872 465 3911 [fl-130⁵]
502 3878 603 3903 Graecis
617 3888 673 3905 mos
688 3879 729 3912 est.
765 3882 924 3908 Domicilium
935 3880 993 3907 haec
1003 3890 1052 3907 vox
1116 3890 1167 3916 que
1180 3879 1328 3915 prudentes.
1400 3880 1472 3905 Idem
1486 3878 1557 3903 Fam.
1570 3887 1598 3911 4,
1613 3886 1632 3911 4
1668 3879 1730 3904 Vno
1749 3887 1774 3905 te
1793 3879 1923 3912 vicimus,
1946 3879 2018 3920 quod
2037 3881 2069 3906 de
2082 3881 2153 3906 Mar-¹

22 3906 96 3943 lbahet
113 3913 138 3935 in
151 3911 279 3947 disciplina
296 3917 415 3939 oratoria.
454 3911 545 3938 Dedita
560 3919 630 3947 opera
641 3914 670 3939 de
688 3924 714 3940 ea
733 3926 759 3942 re
773 3921 827 3952 agit
840 3916 949 3950 Quin&
961 3918 987 3948 6,
1000 3925 1025 3948 2,
1038 3921 1051 3946 8
1114 3917 1174 3943 celli
1196 3915 1320 3949 Collegae
1344 3916 1383 3941 tui
1402 3914 1481 3940 salute
1508 3913 1596 3945 paullo
1622 3920 1682 3940 ante
1707 3923 1785 3949 quam
1803 3921 1831 3941 tu
1849 3923 2023 3950 cognommus
2035 3934 2044 3947 ,
2071 3917 2153 3941 etiam

22 3943 89 3973 {vnde
108 3947 217 3980 quaedam
231 3947 392 3983 decerpcmus.
429 3949 533 3974 Horum
546 3947 723 3983 (uffifluum)
736 3950 800 3977 duae
812 3953 870 3978 sunt
883 3953 993 3986 species:
1015 3951 1050 3978 al·
1113 3950 1281 3982 mehercule,
1304 3950 1376 3983 quod
1396 3948 1617 3983 quemadmodum
1637 3959 1666 3976 ea
1684 3959 1725 3976 res
1746 3958 1882 3984 ageretur,
1900 3951 2023 3976 vidimus.
2095 3950 2153 3976 Cic.
2176 3971 2178 3973 .

30 3983 105 4008 teram
117 3981 208 4008 Graeci
225 3982 305 4046 παέῖαῐς
322 3990 434 4018 vocant,
450 3992 530 4019 quam
548 3992 596 4011 nos
614 3990 744 4015 vertentes
762 3987 833 4013 reete
850 3993 875 4014 et
889 3987 998 4023 proprie
1010 3987 1048 4015 af·
1056 3996 1100 4023 105
1112 3988 1144 4016 de
1159 3987 1229 4015 Clar.
1243 3987 1376 4047 Οῐᾱῐὲεόᾶ
1415 3984 1561 4012 Probabilis
1573 3990 1679 4018 orator,
1695 3986 1748 4013 iam
1762 3994 1828 4014 *²210
1846 3987 1928 4013 emm
1946 3984 2089 4020 P¹0bm¹22
2096 3992 2152 4047 ceff-

152 4024 237 4045 vor..
299 4038 307 4047 .
1349 4029 1365 4055 g
1385 4029 1402 4054 g
2120 4030 2152 4049 m.
