2479 4225
38 1905 49 1913 x

144 237 235 285 1269
360 235 367 243 “
543 234 560 272 1
648 234 684 273 V
775 233 810 274 V
1636 238 1652 277 I
1732 241 1769 280 V
1791 276 1793 279 .
1850 244 1885 282 X
2194 264 2279 302 1270

145 323 234 356 Equus
257 319 384 347 iuuencas
407 321 513 348 Lucret.
535 329 558 354 ς,
581 329 649 356 1073.
844 318 866 358 ff
886 329 897 353 3
935 322 1015 347 Etiam
1035 322 1184 350 Fenu'rzinum
1247 327 1341 353 mortis
1354 327 1400 353 ess'e
1415 326 1513 361 lignum
1535 327 1600 353 Plin.
1614 335 1639 368 7!
1652 335 1685 360 51.
1790 330 1891 358 Viridis
1910 333 1983 368 Virg.
1996 335 2061 362 Aen.
2074 345 2097 369 ς,
2109 344 2162 370 293.
2233 339 2282 366 Ex.

146 356 188 391 est.
233 356 320 381 Varro
333 356 363 382 R.
377 357 408 382 R.
423 365 444 389 2,
458 365 479 389 ς,
492 360 507 382 6
528 357 656 383 Iunc-neus
669 362 694 382 et
707 356 827 383 iuuenca.
919 356 999 382 Ouid.
1015 357 1090 391 Epist.
1106 366 1126 391 ς,
1142 367 1183 393 117
1247 371 1336 388 erce-re
1358 362 1490 388 iuuentam
1525 363 1610 389 Catul.
1633 372 1659 389 ιιι
1674 362 1830 397 Epithalam.
1844 367 1925 394 Iuliae
1939 378 1977 401 59,
1990 379 2042 402 233.
2136 373 2283 402 Mnlmudo

145 392 224 420 Graia
237 390 349 417 iuuenca
363 392 451 423 venit,
465 401 530 426 quac
544 399 583 424 te,
597 392 761 427 patriamque
775 389 937 425 domumque
972 392 1070 419 Perdat.
1141 395 1183 420 Iu-
1248 397 1374 423 iuuenum
1389 408 1394 423 t
1430 397 1543 424 Martial.
1557 407 1581 431 2,
1596 404 1626 430 98
1647 399 1812 432 Quintiliane
1827 409 1904 434 vagae
1916 406 2067 432 moderator
2079 408 2178 434 summe
2192 419 2283 436 niuen-

145 433 241 456 vencae
255 435 314 453 aues
340 426 405 452 Plin.
420 436 457 459 10,
471 436 506 460 53.
1247 438 1296 458 tac.
1492 430 1512 469 fl
1534 442 1549 459 2
1585 435 1638 460 Dm
1654 435 1783 461 quentas.
1820 436 1901 462 Ouid.
1914 447 1943 463 ex
1957 441 2040 467 Ponto
2054 450 2072 471 1.
2086 451 2123 475 ι’),
2139 452 2159 470 ιι
2182 445 2282 473 Nechx

152 482 161 486 ,,
181 468 219 488 iv
229 469 272 488 vE
285 468 305 488 Ν
317 460 362 489 cx*
372 469 387 487 L
398 469 418 488 v
428 470 457 495 s,
483 463 501 490 i.
531 471 568 490 m.
604 462 706 489 Dimin.
742 459 900 496 [δαμάλεσι]
937 462 1021 488 Catul.
1035 472 1075 495 22,
1091 472 1099 490 1
1125 464 1181 498 Qii
1206 473 1220 500 ς
1247 474 1272 493 ct
1286 465 1456 499 ambrosiam,
1477 467 1631 503 laticesque,
1649 469 1789 504 epulasque
1803 470 1920 498 Deorum
1934 474 1982 501 Det
1996 476 2064 503 mihi
2076 477 2191 506 formosa
2203 480 2284 508 Graia

144 496 265 523 flosculus
279 506 305 523 es
322 497 532 524 iimenculoriun.
727 497 748 534 fl
774 505 791 523 2
825 496 983 524 quenculae
999 499 1092 526 viduae
1114 499 1182 526 Ter·
1245 503 1354 529 quenta
1367 503 1477 534 (lic-be)
1498 513 1585 529 manu.

143 532 201 559 mli.
216 532 248 559 de
267 534 417 567 Monogam.
439 542 460 560 c.
477 542 494 560 1.
856 567 860 571 Ι
1285 545 1405 564 ιννιῑΝ
1417 545 1499 569 riis,
1519 540 1576 565 ntis.
1610 539 1630 565 f.
1668 539 1754 567 Eadem
1775 549 1834 576 quae
1850 541 1976 568 iuuentus
1989 550 2010 569 ee
2024 545 2142 574 quenta.
2179 549 2284 578 Lucret.

183 574 192 594 1
204 575 223 593 V
233 575 253 593 v
262 575 277 594 r:
289 575 310 594 N
322 574 339 594 C
353 575 372 593 v
383 576 398 595 L
408 576 429 595 Α
440 572 478 595 s‘c
487 575 506 595 0
515 588 524 602 ,
547 569 600 595 ere.
636 567 756 595 Anibros.
771 566 803 594 de
815 568 888 594 Cain.
903 576 924 593 c.
938 576 955 594 1.
1249 580 1270 605 ς,
1286 576 1331 604 886
1348 574 1423 599 Tum
1437 574 1540 600 demum
1555 575 1641 608 pueris
1650 595 1658 607 ,
1677 584 1744 601 acuo
1759 576 1868 603 florente
1878 596 1886 608 ,
1907 577 2030 604 quentas
2042 582 2145 616 Oct-ipit
2154 604 2162 616 ‚
2182 591 2206 610 et
2219 587 2283 613 mol.

182 610 190 628 ι
204 610 222 628 v
234 611 253 630 v
264 602 281 630 1?
292 610 367 636 N1S,
403 604 462 630 Adi.
498 604 576 637 [νέοῃ
591 603 664 638 ring]
699 603 871 637 affirmando,
885 603 949 638 quod
967 613 994 630 ea
1015 611 1083 631 aetas
1106 607 1185 631 maxi·
1251 609 1270 634 li
1284 609 1359 635 vestit
1374 609 1497 644 lanugine
1510 611 1596 636 malas.
1670 611 1736 637 Hor.
1750 612 1837 638 canu.
1854 621 1876 643 2,
1890 621 1922 644 ιι,
1936 615 1952 638 6
1984 613 2059 648 Fugit
2080 624 2150 643 retro
2164 620 2230 646 leuis
2245 622 2283 647 iu-

143 648 179 664 ηις
192 638 229 672 stt
253 646 312 674 apta
329 639 362 665 ad
377 640 482 666 laborem
501 638 664 665 tolerandum.
705 640 766 670 Vel,
779 640 900 665 mVarro
912 645 951 672 ap.
965 640 1101 668 Censorin.
1115 650 1136 666 c.
1154 649 1184 673 ¹4
1202 652 1231 671 10
1247 651 1336 671 ventas
1351 650 1375 670 ct
1388 645 1477 672 decor.
1581 646 1622 672 Sic
1643 655 1668 679 4.
1685 656 1713 679 4,
1734 654 1746 679 ς
1772 647 1884 680 Qualem
1903 648 2052 676 ministrum
2064 649 2180 680 fulminis
2194 656 2285 683 alitem

144 674 224 707 Quod
237 675 329 708 Rcmp.
343 675 371 701 in
385 683 414 702 re
427 674 538 701 militari
554 675 654 708 poss'unt
668 675 769 700 iuuare.
839 674 869 700 Et
880 683 894 699 α
908 675 1093 711 Iuriscwrsidtis
1107 677 1183 702 Iunc·
1246 694 1291 699 —
1327 680 1447 706 iuuentae
1462 685 1487 706 ct
1501 680 1598 715 patrius
1611 681 1688 715 vigur
1714 696 1760 702 —
1778 683 1905 716 propulit.
2100 683 2120 723 fl
2142 696 2156 713 2
2191 691 2285 717 quen-

144 718 188 735 ιιι-ε
201 709 334 741 (hemitur,
351 711 406 744 Qxi
419 710 623 737 adolescentium
637 710 794 737 excesserunt
806 714 930 741 aetatem,
950 712 1036 744 quoad
1056 711 1184 745 incipiant
1247 721 1284 741 tas
1321 713 1412 749 [Ἥβη
1425 716 1438 750 ]
1475 717 1543 745 Dm,
1560 725 1618 750 quac
1631 719 1754 743 iuuentuti
1762 718 1867 753 praccj‘li'
1875 718 2019 753 putabatur.
2055 721 2199 750 quentatis
2215 727 2284 753 sacra

145 745 214 771 inter
227 746 342 772 seniores
355 746 498 772 numerari.
569 747 647 772 Aetas
659 745 717 771 haec
730 755 745 771 a
766 746 848 771 XXX
860 745 894 771 all
912 746 990 772 XLV
1001 756 1090 772 annum
1107 757 1186 773 nunic-
1247 759 1296 784 pro
1310 750 1450 776 iuuenibus
1466 751 1521 777 sunt
1536 752 1661 778 instituta.
1681 752 1746 778 rest.
1817 753 2003 787 Hor.Carn=.1‚
2019 763 2058 787 30,
2071 763 2087 790 7
2114 756 2148 783 ad
2163 760 2287 794 mmmm,

144 787 218 807 »nitur
232 782 306 806 Varr.
321 789 359 816 ap.
376 782 514 808 Censor-in.
528 780 560 807 de
573 781 623 807 Die
636 781 698 807 Nat.
712 790 732 807 c.
747 790 783 814 14.
820 780 893 816 Con-f.
907 781 974 807 Gcll.
988 790 1025 814 ιο,
1039 787 1074 812 28.
1127 784 1185 808 Ma-
1249 787 1278 812 Et
1300 795 1392 819 parum
1415 787 1497 812 comis
1520 786 1572 812 linc
1594 792 1619 812 tc
1638 788 1769 814 quentas.
1877 790 1932 815 Cic.
1949 791 2030 816 'l’ustz
2047 800 2066 823 1,
2080 794 2110 823 6,-
2125 801 2146 819 c.
2161 795 2195 820 26
2223 796 2286 822 Non

145 822 198 841 nur.
212 816 246 842 ad
257 816 313 842 Cic.
328 817 398 843 Fam.
413 826 438 849 2,
452 826 470 844 1.
512 814 576 850 Voffi
590 815 652 849 Just.
667 818 828 852 Or.1p.291.
897 816 960 843 run.
973 825 999 851 7,
1014 819 1040 849 36
1062 818 1186 844 Cornelia
1205 825 1230 852 ις
1249 822 1319 847 enim
1334 820 1462 847 ambrosia
1476 823 1542 848 Deos
1556 827 1599 848 aut
1612 822 1730 854 nec'tarc‚
1747 828 1791 849 aut
1806 824 1939 851 quentate
1953 825 2044 859 pocula
2059 826 2222 856 ministrante
2237 830 2287 857 lae-

145 851 217 877 enim
242 852 347 879 iuuenis
368 852 418 883 eli,
436 859 461 878 et
483 860 574 884 parere
595 852 679 878 adbuc
700 851 790 886 potest.
884 852 968 878 Furor
980 853 1107 879 iuuenum
1126 853 1186 880 Seu.
1249 857 1300 883 tari
1322 856 1446 883 arbitror.
1554 858 1608 884 Cic.
1630 861 1682 885 Att.
1703 867 1728 890 1,
1746 864 1770 888 18
1788 867 1812 892 p.
1832 868 1878 892 ¹42
1897 861 1985 886 Graeu.
2007 861 2088 888 §inat
2105 862 2148 889 liic
2161 874 2227 891 num-
2242 866 2289 893 ille

144 885 236 912 Theb.
250 889 266 914 s.
281 896 304 914 2.
398 887 518 922 Princeps
534 888 661 914 iuuenum
682 887 763 914 Ouid.
777 886 808 913 de
821 886 885 913 Arte
899 888 957 914 Am.
972 897 992 920 ι,
1007 896 1062 922 ι94.
1145 889 1187 915 Sic
1250 901 1331 918 annus
1344 892 1472 926 egregius.
1508 892 1570 918 Eius
1582 893 1690 919 initium
1703 894 1834 920 eiusmodi
1845 895 1912 927 fnit,
1930 902 1958 922 vt
1971 898 2149 925 annium-saria
2167 901 2233 927 sacra
2248 902 2290 928 lu-

147 921 261 954 iuuczns,
276 922 419 956 limilisque
429 923 482 950 tibi
494 924 524 950 iit
537 930 611 949 natus
630 922 713 950 Ouid.
727 922 813 949 ‘ri-ist.
827 930 925 954 4,5,31.
946 926 964 949 i.
980 923 1064 960 filius.
1118 924 1187 951 Add.
1250 927 1362 954 ventatis
1376 937 1428 953 non
1446 929 1681 954 committerentur.
1776 929 1848 955 Idem
1863 931 1944 957 Bruto
1958 940 1979 957 c.
1994 938 2018 960 18
2042 934 2122 959 Ludis
2136 936 2288 964 lunc-matis,

144 955 235 984 Tacit.
250 960 282 985 Η.
297 967 323 990 2,
338 967 382 994 77,
397 968 420 985 2.
527 959 634 985 Nouem
652 959 761 984 iuuenes
781 957 870 984 eadem
885 965 966 985 matre
989 959 1072 993 geniti
1087 966 1186 993 patrem
1249 963 1309 990 Liu.
1330 971 1351 995 ς,
1372 972 1404 997 54
1437 964 1486 989 Hic
1507 964 1667 997 Capitolium
1686 963 1722 989 est
1756 979 1800 983 —
1838 966 1888 991 Hic
1908 975 1965 992 cum
1986 976 2114 1001 augurato
2132 969 2291 999 liberaretur

145 994 340 1020 ⁶0¹¹¹i¹l¹b³¹¹t¹¹r
359 996 434 1021 CUT‘-
448 997 472 1024 6·
489 1003 511 1028 5,
523 1004 549 1027 4·
617 994 691 1031 Cons.
706 994 780 1026 id.'8,
796 1002 818 1026 2,
832 1001 867 1024 33.
944 995 1058 1029 Agrippa
1074 995 1186 1026 iuuenis,
1197 1009 1232 1028 20
1250 999 1430 1033 Capitolium,
1460 1000 1582 1025 quentas
1595 1000 1795 1034 'l'criiiinusque
1809 1002 1912 1027 moueri
1927 1003 1949 1027 se
1963 1011 2015 1028 noi:
2030 1004 2086 1029 sunt
2101 1006 2167 1038 pani.
2229 1009 2287 1034 Liu.

145 1029 276 1056 Antonius
289 1030 393 1056 iuuenis
413 1031 482 1056 Suet.
503 1051 509 1056 .
533 1049 539 1056 .
576 1030 677 1057 Marius
690 1030 803 1061 iuuenis,
812 1029 1046 1063 Pompeiiiuuencs
1061 1031 1130 1057 Flor.
1152 1051 1157 1056 .
1180 1050 1186 1056 .
1252 1037 1290 1066 36,
1305 1037 1333 1066 36
1363 1035 1506 1061 quentatis
1519 1035 1609 1060 aedem
1624 1035 1651 1060 in
1665 1036 1734 1061 circo
1748 1036 1864 1062 maximo
1877 1037 1907 1063 C.
1922 1037 2044 1071 Licinius
2057 1039 2176 1066 Lucullus
2191 1042 2291 1070 Duum.

145 1064 214 1090 AM.
229 1066 245 1091 l.
260 1075 278 1098 4
293 1063 315 1100 §-
332 1075 360 1091 ιο
373 1066 405 1091 l).
421 1066 452 1092 de
467 1074 495 1092 re
510 1065 590 1091 milit.
694 1065 815 1091 Telluris
829 1065 936 1091 iuuenes
956 1067 1021 1092 Hor.
1035 1066 1085 1092 Od.
1100 1075 1131 1098 z,
1153 1075 1187 1098 ιε,
1252 1070 1296 1097 vir
1313 1069 1444 1096 dedicauit
1462 1077 1506 1096 etc.
1525 1069 1557 1103 1st
1578 1073 1640 1096 enim
1660 1071 1695 1095 tbi
1707 1074 1758 1095 eius
1772 1071 1884 1104 hisioria.
2001 1075 2072 1100 Idem
2088 1083 2124 1108 21,
2138 1079 2170 1102 62
2192 1078 2291 1105 itunae

144 1106 170 1132 7.
191 1101 271 1136 i.fi11'1
279 1102 304 1137 Ji
317 1104 442 1137 gigantes.
456 1118 463 1126 .
539 1101 638 1128 Praelia
651 1100 728 1127 differ
741 1101 769 1126 In
786 1100 909 1127 iuuenem
927 1102 1018 1127 Claud.
1028 1102 1105 1128 Cons.
1114 1103 1186 1128 Hon.
1251 1105 1439 1132 lectisternium
1459 1106 1599 1132 quentati.
1688 1105 1778 1140 Ncmpe
1798 1108 1921 1133 quentas
1940 1109 1993 1134 Dea
2009 1118 2056 1135 non
2070 1111 2210 1145 iuuentus,
2228 1114 2292 1149 quod

145 1144 169 1165 4,
183 1140 234 1168 383-
285 1140 303 1163 i.
336 1143 440 1162 asturem
465 1138 601 1162 iuucnitcm.
707 1135 833 1170 Egregius
859 1137 961 1162 iuuenis
990 1136 1065 1171 Virg.
1084 1138 1148 1164 Aen.
1163 1146 1186 1170 ς,
1250 1141 1394 1177 quibusdam
1408 1141 1522 1168 librariis
1536 1149 1558 1167 Μ
1571 1139 1706 1167 editoribus
1713 1142 1825 1175 placuit:
1861 1148 1890 1168 vt
1903 1141 2056 1174 rfimderune
2068 1146 2102 1171 ad
2117 1146 2142 1172 H.
2156 1157 2192 1173 cc.
2230 1152 2291 1177 (iro.

144 1174 196 1201 361.
313 1172 421 1198 Feruidi
444 1173 509 1199 Hor.
524 1173 610 1198 Carni.
626 1180 652 1204 4,
666 1179 699 1204 13,
713 1174 756 1198 26.
850 1172 947 1198 lseruus
968 1172 1024 1198 Seu.
1040 1173 1148 1207 Hippol-
1163 1182 1184 1199 2·
1200 1185 1231 1212 ²5
1250 1186 1304 1202 nou.
1319 1177 1442 1204 Drakenb.
1497 1176 1563 1203 Aild.
1577 1176 1681 1202 Merula
1694 1177 1725 1201 ad
1739 1176 1803 1202 Enii.
1819 1185 1843 1211 p.
1860 1185 1909 1203 110.
1947 1185 1970 1203 rc
1995 1179 2052 1205 νηί
2064 1179 2131 1207 4205)
2142 1184 2176 1208 ad
2188 1183 2257 1213 ΠΟΥ.
2274 1195 2293 1218 7,

143 1205 275 1232 lniberbis
307 1209 373 1234 Hor.
397 1207 429 1233 de
454 1209 516 1234 Arte
539 1208 610 1233 Poct.
625 1210 674 1233 161.
778 1206 906 1233 Laudatus
928 1208 988 1234 Stat.
1004 1209 1066 1234 Silu.
1082 1217 1104 1241 ς,
1119 1218 1139 1241 ι,
1154 1217 1185 1235 ιι.
1252 1221 1273 1244 7,
1287 1218 1308 1241 g.
1381 1213 1460 1239 Etiam
1474 1216 1500 1238 in
1513 1213 1598 1238 Plinio
1612 1221 1653 1244 29,
1667 1221 1684 1244 4
1695 1219 1738 1246 pr.
1775 1219 1797 1237 ct
1812 1220 1846 1244 35,
1862 1221 1890 1238 ιο
1903 1213 1921 1238 s.
1932 1215 1971 1244 36,
1987 1222 2020 1240 22
2044 1216 2186 1244 quentatis
2199 1221 2290 1246 aedem

142 1242 264 1268 Proterui
282 1244 349 1270 Hor.
364 1245 450 1270 Carni.
465 1252 482 1274 ι.
502 1252 538 1274 25,
552 1250 574 1268 2.
601 1270 604 1272 ,
681 1243 776 1269 Valens
797 1243 876 1269 Ouid.
892 1244 954 1270 Met.
969 1252 1002 1277 ις,
1016 1253 1072 1276 207.
1134 1244 1185 1270 Ad·
1250 1253 1273 1273 et
1288 1247 1432 1274 aediculam
1449 1248 1561 1283 exprqffit
1583 1248 1746 1279 Hal-iluimus,
1764 1252 1807 1283 qm·
1825 1251 1898 1274 etiam
1911 1258 1981 1274 numo
1994 1250 2098 1277 Aurelii
2112 1252 2227 1280 Caesaris
2236 1255 2292 1291 post

141 1276 270 1312 stringere
283 1279 422 1311 iuuenem,
443 1279 494 1305 vid.
516 1283 713 1305 ADSTRiNGo.
785 1279 856 1305 Fieri
871 1279 993 1305 iuuenem
1021 1279 1151 1313 Qiinffll.
1164 1289 1185 1310 2,
1250 1283 1371 1310 Vrfinum
1385 1283 1418 1309 ad
1430 1284 1486 1309 Cic.
1503 1285 1555 1310 Att.
1569 1285 1586 1310 I.
1600 1293 1621 1309 c.
1638 1287 1734 1315 utitur,
1753 1285 1796 1309 vbi
1808 1282 1841 1317 est
1863 1289 2027 1312 1VVENTAS
2054 1292 2096 1314 SC.

143 1320 165 1338 2.
363 1313 383 1351 ⁸]
405 1323 417 1340 2
444 1314 539 1340 Iunior
552 1315 579 1338 1⁴71
593 1313 854 1349 Corriparatiuofacit.
891 1315 1041 1342 Columella
1057 1316 1187 1342 quenior
1284 1325 1293 1343 ι
1306 1325 1324 1344 ν
1333 1325 1353 1344 V
1364 1325 1378 1345 L*
1388 1326 1405 1345 R
1416 1326 1436 1345 N
1448 1325 1467 1344 Λ
1476 1338 1483 1349 ,
1504 1319 1556 1345 uid.
1571 1325 1608 1344 lv
1618 1325 1634 1345 E
1643 1325 1661 1344 R
1673 1325 1693 1344 N
1706 1325 1738 1351 ᾼ.

142 1348 211 1374 dixit
225 1359 251 1383 9,
266 1359 289 1375 11
308 1349 337 1376 de
348 1350 449 1384 apibus,
471 1348 609 1375 iuueniori
626 1351 740 1375 examini
758 1350 823 1376 solet
839 1351 963 1377 accidere.
1034 1353 1095 1377 Alia
1109 1361 1185 1377 exem·
1203 1361 1234 1385 30
1288 1361 1296 1379 1
1312 1360 1331 1379 v
1344 1360 1412 1386 VO,
1440 1355 1515 1386 iuui,
1542 1355 1642 1384 iutum,
1671 1357 1722 1380 are.
1760 1353 1847 1386 [duim.
1873 1353 1986 1388 ὦφελέω]
2022 1357 2170 1391 Auxiliari,
2188 1364 2211 1385 et
2224 1365 2292 1395 opem

135 1384 223 1419 pluria
237 1385 324 1411 habent
337 1385 450 1411 Iuniori.
546 1385 636 1410 Aetate
649 1385 774 1412 iuuenior
795 1386 872 1419 Apul.
889 1387 952 1412 Met.
966 1392 978 1416 3
992 1396 1015 1420 p.
1026 1395 1077 1413 210.
1115 1386 1184 1413 Add.
1244 1388 1328 1425 ferre.
1385 1390 1473 1415 luuari
1503 1389 1608 1416 admota
1641 1390 1698 1423 Ope
1739 1389 1819 1415 Ouid.
1832 1397 1863 1414 ex
1877 1390 1950 1416 Pont.
1965 1399 1984 1422 1,
1998 1399 2018 1421 3.
2034 1400 2076 1423 90.
2097 1394 2135 1428 fi,
2150 1390 2291 1422 medicinae,

141 1419 208 1446 Plin.
224 1421 269 1454 Ep.
285 1430 312 1453 4,
325 1425 348 1452 8,
362 1428 383 1453 ς.
405 1420 448 1446 vbi
465 1423 538 1446 etiam
552 1421 651 1446 Coruus
663 1428 765 1453 retinet,
778 1428 801 1446 ct
815 1431 843 1446 cx
853 1423 926 1448 MSS.
940 1429 962 1447 et
976 1424 1079 1458 Apuleio
1093 1422 1187 1455 firmat.
1250 1424 1325 1460 Conf.
1341 1425 1406 1450 Plin.
1423 1434 1459 1459 17,
1474 1433 1513 1458 24.
1605 1425 1673 1451 Ter.
1687 1425 1783 1452 Heaut.
1798 1433 1816 1455 1,
1830 1433 1848 1456 1,
1862 1432 1895 1458 34
1925 1425 2009 1452 Crede
2025 1436 2132 1461 inquam
2145 1429 2229 1462 mihi,
2249 1436 2294 1457 aut

141 1455 207 1482 Plin.
223 1461 277 1488 ¹8‚3
299 1456 439 1482 luniorum
454 1455 571 1481 familiae
586 1455 728 1482 bubulcum
741 1456 956 1483 nominaucrunt.
1051 1458 1129 1483 Toto
1145 1458 1185 1484 iu-
1249 1460 1425 1495 consolando,
1439 1468 1484 1487 aut
1499 1460 1625 1492 confilio,
1648 1466 1693 1485 aut
1707 1468 1734 1485 re
1748 1460 1852 1486 iuuero.
1942 1462 2038 1488 lunare
2051 1463 2164 1498 aliquem
2178 1466 2290 1492 consilio

140 1491 202 1517 nior
215 1500 286 1517 anno
304 1492 372 1517 Hor.
386 1491 464 1525 Epist.
481 1500 503 1523 ε,
519 1500 538 1522 ι,
551 1499 597 1524 44.
714 1492 819 1519 Galeria
833 1492 971 1519 iuniorum
985 1492 1103 1524 (tribus)
1118 1502 1185 1528 quae
1249 1496 1305 1522 Cic.
1321 1495 1373 1521 Off.
1388 1505 1409 1527 2,
1422 1504 1459 1527 32.
1562 1497 1656 1521 quare
1671 1496 1804 1530 aliquem,
1820 1494 2021 1531 quibuscunque
2035 1499 2122 1525 Rebus
2137 1500 2209 1533 possis
2236 1502 2292 1527 Cic.

140 1526 210 1553 sorte
225 1527 410 1560 praerogatiua
424 1532 479 1553 crat
509 1527 569 1552 Liu.
585 1533 626 1560 27,
640 1529 665 1552 6.
781 1528 902 1554 iuniores
914 1529 986 1554 cerui
1013 1529 1078 1555 Plin.
1095 1534 1123 1561 8,
1146 1538 1184 1561 32.
1202 1539 1230 1566 35
1249 1532 1320 1557 Fam.
1336 1539 1370 1563 13,
1384 1539 1424 1557 22.
1540 1531 1613 1557 Idem
1628 1539 1676 1565 pro
1687 1531 1769 1557 Corn.
1782 1539 1810 1561 23
1833 1531 1859 1556 Si
1874 1531 1983 1557 consilio
1994 1533 2086 1560 iuuare
2100 1535 2170 1561 ciues
2181 1542 2206 1562 ct
2217 1536 2293 1563 auxi-

138 1559 160 1598 Ἴ
180 1571 192 1594 3
228 1563 353 1594 quenis,
372 1561 530 1588 Adiefflmaem
551 1561 594 1594 effi’
614 1560 735 1595 ostendit,
752 1563 817 1599 quod
837 1566 910 1590 etiam
932 1563 1064 1599 Jcssmina
1083 1565 1186 1590 dicitnr.
1249 1567 1288 1592 lio
1313 1575 1395 1601 aequa
1426 1566 1455 1592 in
1474 1565 1551 1592 laude
1582 1565 1734 1602 ponendum
1764 1565 1815 1597 est,
1840 1567 1914 1600 pari,
1931 1573 1976 1592 etc.
2073 1569 2237 1604 supplicibus
2251 1572 2293 1598 iu-

140 1598 218 1631 Apul.
234 1598 298 1624 Met.
312 1606 328 1631 7
344 1607 368 1632 p.
383 1606 430 1633 197
442 1597 504 1623 rard.
524 1598 586 1623 Visa
601 1597 712 1632 quadam
727 1598 833 1625 honesta
846 1599 942 1625 iuuene
956 1600 983 1625 in
999 1608 1055 1625 eam
1070 1600 1184 1626 furiosos
1248 1601 1342 1628 vandis
1363 1602 1473 1628 assuetus
1502 1601 1582 1628 Ouid.
1596 1610 1627 1628 cx
1643 1602 1717 1628 Pont.
1730 1609 1754 1634 3,
1768 1610 1789 1633 3,
1804 1609 1855 1633 107.
1963 1603 2092 1630 Facundia
2106 1606 2176 1632 inuit
2190 1608 2292 1633 causam

141 1632 239 1659 direxit
254 1634 375 1667 impetus.
453 1633 582 1660 Columel.
599 1642 625 1667 7,
640 1642 652 1664 3
674 1634 782 1660 Femina
796 1634 851 1669 post
867 1634 996 1661 bimatum
1009 1637 1129 1662 maritari
1143 1634 1186 1661 de·
1249 1638 1321 1664 Idem
1336 1639 1400 1663 Met.
1415 1645 1443 1672 7,
1455 1644 1509 1670 503.
1626 1637 1681 1663 Cic.
1698 1637 1751 1671 Att-
1767 1638 1806 1668 16,
1823 1645 1847 1662 21
1868 1637 1982 1663 Multum
1998 1644 2071 1671 potes
2084 1649 2130 1666 nos
2144 1643 2294 1675 apudPIan-

140 1668 200 1700 bet,
219 1668 375 1703 iuuenisque
389 1667 503 1695 habetur
515 1668 704 1703 quinquennis.
808 1669 889 1696 Ouid.
906 1671 969 1697 Met.
985 1677 1010 1705 7,
1022 1679 1066 1704 293
1089 1686 1134 1690 —
1155 1671 1186 1697 Et
1249 1682 1308 1699 cum
1320 1673 1422 1699 iuuare.
1493 1674 1588 1699 quare
1601 1672 1633 1698 ad
1649 1672 1706 1698 beat
1731 1672 1847 1699 ‘'*vaitam
1868 1672 1923 1699 Cic.
1937 1672 1969 1699 de
1982 1673 2039 1700 Fin.
2055 1683 2075 1707 1,
2089 1682 2117 1709 71
2133 1685 2154 1702 c.
2170 1686 2203 1702 21.
2252 1677 2294 1705 Id.

138 1703 289 1730 admonitus
312 1704 422 1730 iuuenes
444 1704 592 1731 nutricibus
606 1713 687 1730 annos
722 1706 792 1732 Posse
805 1706 856 1732 suis
868 1705 952 1734 reddi.
1058 1708 1184 1733 quenem
1193 1716 1230 1741 40
1249 1709 1326 1735 Verr.
1341 1717 1361 1740 1,
1375 1717 1413 1740 1²3
1439 1708 1516 1741 Legis
1534 1708 1676 1737 Corneliae
1691 1716 1716 1734 m
1762 1707 1823 1739 init,
1837 1716 1905 1741 quae
1925 1709 2099 1742 proscriptum
2112 1710 2201 1737 iuuari
2213 1717 2293 1738 vetar.

140 1739 268 1773 praestare
281 1740 406 1773 capillum
425 1740 557 1766 Sammon.
579 1749 602 1773 p.
618 1748 638 1765 2.
1248 1744 1308 1769 Liu.
1323 1752 1360 1778 37,
1376 1749 1405 1773 28
1414 1750 1456 1778 pr.
1476 1743 1570 1769 iuuisse
1583 1752 1628 1769 eos
1642 1742 1716 1768 omni
1728 1748 1877 1768 commeatu
1891 1742 1991 1768 ciatrem
2003 1743 2128 1771 hostium.
2236 1745 2257 1784 fl
2277 1756 2294 1774 z

175 1782 180 1799 1
194 1782 212 1800 V
223 1782 267 1802 ΥΕ
281 1782 301 1801 Ν
317 1777 353 1800 ‘IL
366 1782 374 1800 1
385 1783 397 1801 S
407 1795 415 1807 ‚
437 1785 459 1801 e.
497 1776 557 1802 Adi.
594 1775 727 1808 [νεανικός,
750 1775 845 1811 νεαρός]
881 1776 955 1812 Quod
967 1779 993 1803 in
1008 1779 1091 1803 iuuene
1105 1777 1188 1812 depm-
1247 1780 1339 1810 quat,
1358 1782 1376 1805 ι’.
1390 1776 1514 1805 Dea-Hac·
1565 1779 1651 1810 Τέρπει
1664 1777 1744 1837 (3ΙὲΠῖ
1758 1777 1815 1804 Lat.
1830 1777 1876 1802 Gr.
1947 1777 2029 1803 Aures
2043 1788 2135 1806 iuuare
2155 1781 2258 1808 Lucret.
2272 1792 2295 1815 ς,

136 1810 271 1844 ληναίην,
289 1821 338 1837 cum
353 1810 419 1837 decet
432 1818 478 1836 etc.
515 1818 543 1836 vt
559 1810 689 1837 iuuenilis
707 1811 782 1837 ludus
797 1816 836 1838 uel
849 1812 922 1838 iocus
945 1813 1005 1838 Liu.
1021 1821 1040 1845 1,
1077 1832 1084 1838 .
1122 1832 1128 1838 .
1164 1819 1187 1837 et
1251 1819 1308 1846 1380
1317 1815 1358 1848 Ji).
1372 1813 1400 1838 de
1412 1811 1508 1844 mustea.
1600 1812 1682 1837 Plaut.
1719 1817 1769 1845 apt.
1784 1819 1802 1842 1,
1818 1821 1838 1851 εἰ,
1853 1820 1879 1843 33
1906 1811 2002 1847 Neque
2017 1822 2133 1848 vnquam
2148 1816 2294 1850 quidquam

132 1853 159 1878 5,
198 1865 204 1871 .
243 1866 249 1872 .
339 1847 421 1873 Annis
434 1845 598 1873 iuuenilibus
611 1846 697 1872 iuncti
734 1846 816 1872 Ouid.
832 1847 896 1872 Mct.
912 1852 935 1877 8,
949 1850 1004 1878 632.
1097 1847 1186 1872 Ardor
1249 1857 1291 1873 me
1304 1849 1376 1873 iuuat
1391 1845 1462 1881 quod
1476 1845 1526 1871 edo
1540 1844 1623 1872 domi.
1710 1846 1783 1873 Ideni
1799 1846 1862 1872 Cist-
1877 1854 1905 1878 4,
1920 1855 1939 1878 ι,
1954 1852 1978 1877 18
2010 1849 2125 1882 Qiando
2140 1851 2173 1876 ita
2187 1851 2238 1878 tibi
2255 1853 2294 1878 iu-

136 1882 194 1905 Sen.
225 1881 321 1907 Oftau.
353 1891 380 1914 4.
453 1881 510 1907 Val.
532 1882 603 1906 Max.
632 1888 660 1912 ς,
675 1883 691 1905 6
710 1886 763 1906 ext.
872 1881 968 1911 Calor,
988 1880 1042 1905 vid.
1064 1885 1121 1906 CAI
1134 1887 1184 1906 OR.
1195 1890 1228 1916 45
1248 1888 1306 1912 vat,
1325 1882 1381 1909 vale
1397 1888 1474 1916 atque
1488 1881 1566 1907 salue.
1658 1881 1816 1920 Ter3Adel.
1830 1889 1853 1910 2,
1868 1889 1888 1912 3,
1902 1889 1916 1906 2
1943 1883 2044 1909 Verum
2057 1885 2196 1913 enimuero
2209 1887 2236 1913 id
2251 1888 2294 1914 de.

136 1915 262 1941 Carmina
282 1915 364 1941 Ouid.
379 1915 464 1941 Trist.
480 1924 504 1945 2,
518 1923 572 1946 339.
644 1916 746 1948 Corpus
767 1914 842 1948 Virg.
857 1916 922 1941 Aen.
937 1922 1028 1948 5‚475.
1101 1916 1186 1941 Decus
1248 1926 1320 1944 mum
1344 1917 1430 1946 iuuat,
1450 1916 1485 1949 fi,
1506 1924 1584 1950 quem
1607 1924 1722 1950 aequum
1742 1916 1779 1942 est
1798 1915 1862 1941 bene
1884 1916 1987 1950 facere,
2006 1917 2028 1944 is
2042 1919 2114 1946 facit.
2210 1924 2290 1958 Virg‘.

133 1949 230 1976 Lucan.
245 1950 277 1976 ad
290 1951 376 1977 Pison.
414 1969 420 1976 .
457 1970 463 1975 .
501 1968 507 1975 .
594 1949 686 1975 Gratia
725 1949 786 1975 Stat.
801 1949 865 1975 Situ.
878 1958 901 1982 2,
914 1959 936 1981 ε,
951 1955 987 1975 10.
1080 1950 1187 1984 Incepta
1247 1953 1300 1979 Ecl.
1315 1961 1344 1985 4,
1360 1961 1375 1978 2.
1408 1952 1472 1978 Non
1494 1960 1583 1977 omnes
1597 1950 1699 1977 arbusta
1715 1951 1822 1983 iuuant,
1841 1950 2006 1987 humilesque
2022 1956 2146 1987 myricae.
2217 1959 2294 1994 Cous.

135 1985 218 2011 Ouid.
234 1985 311 2018 Epist.
327 1991 361 2014 18,
374 1991 409 2016 ὃς.
465 1984 658 2017 Superflnentes
666 1984 780 2009 iuuenili
789 1984 901 2017 quadam
911 1983 1017 2009 dicendi
1028 1984 1186 2018 Impunitate
1247 1986 1317 2013 Ibid.
1331 1995 1354 2020 ς,
1367 1992 1403 2019 83.
1486 1987 1545 2012 Hoc
1560 1986 1632 2012 iuuat
1646 1994 1670 2012 ct
1684 1986 1759 2013 melli
1772 1986 1807 2012 est
1829 1987 1895 2014 Hor.
1909 1987 1959 2014 Sat.
1975 1999 1995 2021 s,
2010 1991 2035 2021 6,
2049 1999 2087 2022 32.
2193 1994 2250 2020 Cic,
2263 1995 2293 2020 in

133 2027 159 2046 et
166 2020 285 2046 Licentia
294 2019 383 2046 Cic.dc
393 2019 603 2049 Cla¹·.Orat.c.91.
639 2019 712 2051 Opus
720 2018 819 2045 nitidae
827 2018 946 2044 iuuenile
953 2019 1092 2052 palaestrae
1100 2020 1182 2046 Ouid.
1245 2023 1322 2049 Verr.
1332 2033 1359 2056 4,
1369 2031 1396 2048 12
1416 2022 1493 2048 quat
1506 2030 1547 2047 me
1561 2021 1622 2048 haec
1633 2022 1763 2055 praeclara
1775 2023 1884 2048 nomina
1896 2022 1930 2048 fic
1942 2025 2090 2055 concidisse.
2109 2054 2114 2057 ¹
2157 2027 2212 2054 Cic.
2221 2030 2293 2055 Fam.

134 2056 198 2082 Met.
209 2058 232 2085 6,
242 2064 299 2088 241.
335 2055 478 2085 Dra-ancisa
496 2053 576 2080 Ouid.
587 2054 793 2086 Re111.A1n.399.
828 2054 914 2080 Subiti
928 2055 1051 2089 Praeceps
1066 2056 1183 2082 iuuenile
1197 2066 1228 2092 50
1246 2066 1268 2089 3,
1283 2067 1292 2084 1
1303 2065 1346 2092 pr.
1370 2058 1397 2083 de
1411 2058 1522 2088 Phania,
1543 2058 1580 2084 Ita
1596 2057 1630 2084 cst
1645 2057 1726 2083 homo
1737 2066 1791 2092 non
1805 2056 1887 2083 modo
1899 2058 2026 2091 prudens,
2045 2060 2089 2086 sed
2102 2060 2197 2095 etiam,
2218 2064 2291 2098 quod

134 2091 229 2126 pericli
250 2092 311 2117 Stat.
319 2091 384 2116 Silu.
396 2099 413 2121 1,
423 2098 493 2121 4.‚51.
565 2089 659 2115 Robur
673 2089 745 2115 velut
757 2090 890 2121 iuuenile,
910 2090 938 2116 de
952 2092 1047 2116 vitibus
1077 2091 1182 2118 Colum.
1244 2093 1333 2125 iuuet,
1351 2093 1485 2127 curiosus,
1503 2096 1520 2118 ι’.
1535 2102 1582 2119 non
1595 2093 1697 2128 vitiose,
1719 2094 1901 2125 noywmm'tt'r,
1912 2092 1960 2127 fi'd
1972 2101 2088 2128 quantum
2100 2104 2185 2128 munt,
2205 2101 2291 2126 iuuare

133 2137 161 2161 4,
175 2137 197 2160 ὃ,
210 2136 236 2160 4.
342 2125 390 2152 Vis
407 2124 490 2152 Ouid.
505 2125 570 2150 Met.
585 2133 622 2156 12,
636 2127 691 2156 461.
766 2125 845 2161 Laeta
858 2130 883 2151 et
897 2125 1028 2152 iuuenilia
1042 2125 1088 2152 lusi
1107 2126 1182 2153 Idem
1237 2127 1317 2163 potest
1326 2135 1461 2162 patronum
1475 2128 1582 2161 illizcsft
1595 2131 1694 2154 amicor-
1799 2125 1844 2152 ΤΕ
1864 2127 1913 2152 effe
1932 2128 2022 2154 ‘'fflimO
2038 2129 2115 2157 hilari
2125 2151 2133 2164 9
2154 2133 2291 2161 valde”me

106 2171 109 2173 >
131 2163 218 2190 'frist¹
234 2170 257 2195 ς,
274 2171 293 2194 1,
308 2168 334 2195 7,
443 2160 574 2186 iuuenile.
610 2159 719 2187 Aduerb.
756 2161 899 2194 Vagantem
921 2161 982 2187 Stat.
998 2161 1092 2194 Silu.3,
1130 2181 1136 2187 .
1175 2182 1182 2188 .
1244 2165 1318 2189 iuuat
1337 2163 1393 2189 Cic.
1409 2162 1440 2188 ad
1454 2163 1490 2192 Q
1502 2163 1583 2186 Fratr.
1599 2168 1625 2192 Ζ,
1643 2168 1677 2200 ¹23
1749 2161 1825 2201 quat
1840 2161 1941 2188 emfiffe
1955 2170 1994 2190 ‘0‘
2008 2164 2086 2192 vrbes
2107 2168 2179 2201 Vlfg·
2195 2165 2293 2202 Aen-3,

132 2199 283 2225 quenilior
299 2207 303 2222 :
341 2195 422 2224 Ouid.
454 2196 518 2221 Met.
547 2204 587 2228 14,
621 2198 670 2227 639
707 2195 864 2229 Silenusque
894 2196 946 2221 suis
978 2197 1080 2230 semper
1105 2197 1182 2222 iuue-
1244 2200 1282 2227 36.
1352 2199 1429 2220 quat
1443 2195 1577 2228 indulgere
1591 2195 1678 2221 labori
1699 2195 1771 2221 Idem
1785 2196 1851 2222 1b1d.
1864 2198 1944 2229 6,135.
2038 2200 2140 2226 Bonum
2156 2203 2230 2229 iuuat
2248 2204 2292 2232 ha-

130 2235 214 2261 nilior
228 2233 310 2260 annis·
1197 2238 1225 2264 ςς
1243 2229 1349 2255 bentem
1368 2231 1424 2256 Sen.
1441 2231 1486 2263 Ep.
1501 2239 1526 2262 4.
1598 2232 1673 2263 Qiae
1688 2231 1759 2257 Scire
1773 2232 1856 2266 magis
1870 2232 1945 2258 iuuat
1959 2242 2037 2267 quam
2049 2235 2152 2268 prodest
2175 2239 2230 2265 Sen.
2245 2241 2290 2275 Ep.

169 2278 207 2296 ιν
217 2276 237 2295 v
246 2276 262 2296 Ε
273 2275 295 2294 Ν
310 2274 318 2293 1
334 2274 349 2294 L
361 2265 402 2293 i'T
411 2272 434 2292 Λ
443 2273 455 2293 s
464 2286 472 2298 ‚
499 2265 556 2292 atis.
595 2265 616 2291 f.
653 2273 703 2298 pro
724 2265 849 2297 quentus
864 2275 870 2291 ι
907 2264 1064 2296 Antiquum.
1102 2264 1182 2288 Varr.
1243 2267 1267 2290 6.
1386 2264 1450 2297 Paffi
1481 2272 1531 2300 pro
1543 2265 1673 2292 Adimam·
1685 2275 1707 2291 ez
1720 2268 1839 2293 auxilium
1846 2267 1981 2302 fiaescipere.
2016 2270 2082 2297 Plin.
2096 2279 2125 2306 17
2131 2292 2140 2304 ‚
2155 2281 2189 2306 24
2209 2275 2290 2308 Qlod

128 2305 274 2336 Tithono,
294 2305 383 2337 Qiam
411 2301 556 2334 dereliquit
587 2299 761 2330 multicupida
790 2296 954 2322 iuuenilitas.
1017 2298 1054 2322 Ex
1085 2291 1180 2323 Nonio
1242 2299 1276 2325 fic
1290 2299 1369 2325 etiam
1384 2300 1501 2327 iuuatur.
1608 2301 1665 2334 Ope
1679 2301 1784 2328 admota
1797 2301 1887 2328 iuuari
1906 2303 1986 2329 Ouid.
2001 2313 2032 2330 ex
2047 2306 2119 2333 Pont.
2136 2317 2154 2340 ι,
2170 2317 2192 2341 3,
2200 2318 2244 2342 90.

129 2351 155 2374 2,
169 2346 225 2374 418-
263 2346 286 2365 et
304 2348 327 2371 5,
344 2347 388 2370 42·
705 2365 718 2371 Ν
884 2367 888 2371 .
1261 2340 1286 2374 Ι,ι
1299 2341 1318 2372 γ
1331 2341 1449 2375 Vlia-IS,
1468 2335 1543 2362 antis.
1563 2336 1657 2363 Partic.
1694 2336 1827 2375 [ὠφελῶν]
1864 2336 1920 2363 Cic.
1935 2339 2005 2365 Fam.
2020 2348 2051 2380 7,
2067 2350 2090 2367 21
2107 2345 2164 2375 (20)
2190 2345 2288 2380 Meque

164 2385 174 2403 1
182 2384 202 2402 v
213 2382 233 2401 v
241 2382 258 2402 13
267 2381 289 2400 N
298 2381 308 2399 1
317 2379 333 2397 L
343 2372 357 2398 f
365 2379 386 2398 T
394 2378 412 2396 Ε
421 2378 450 2396 R.
487 2368 555 2395 Adu.
593 2368 606 2400 [
626 2375 730 2391 γεοινικως
746 2365 759 2398 ]
794 2364 867 2390 More
877 2373 1004 2397 iuuenum,
1030 2365 1180 2406 quemadmo-
1239 2369 1291 2394 diis
1304 2370 1457 2397 iuuantibus
1471 2377 1529 2398 aute
1543 2371 1664 2398 brumam
1677 2370 1847 2404 exspefikabis.
1917 2373 1985 2400 Add.
1994 2375 2053 2401 Liu.
2062 2384 2088 2411 7,
2098 2386 2133 2403 ιο.
2164 2380 2213 2412 Ite,
2223 2381 2281 2408 Diis

128 2411 184 2437 dum
198 2416 222 2434 et
235 2407 378 2435 Pueriliter.
453 2405 510 2428 Cic.
524 2403 556 2426 de
570 2400 671 2426 Sene&
684 2408 713 2426 10
726 2408 747 2425 c.
761 2407 780 2432 4
824 2400 914 2432 Qium
930 2400 1006 2434 plane
1021 2401 1126 2435 grandis
1141 2403 1178 2429 es·
1196 2406 1231 2428 60
1238 2404 1305 2430 benc
1331 2405 1486 2432 iuuantibus
1523 2407 1632 2438 Liu.25,
1646 2411 1683 2438 38.
1719 2407 1829 2432 quante
1842 2407 1899 2432 Deo
1927 2409 1981 2435 Cic.
1995 2409 2027 2436 de
2039 2411 2101 2438 Nat,
2116 2413 2146 2439 D,
2161 2423 2176 2440 2
2190 2424 2213 2441 c,
2225 2419 2269 2443 66·

128 2447 166 2472 set
206 2449 232 2470 et
261 2439 425 2469 *Annibalem
451 2435 611 2463 iuueniliter
642 2435 805 2462 exultantem
835 2435 964 2468 patientia
994 2437 1039 2462 sua
1073 2437 1177 2464 niollie-
1274 2446 1345 2465 Ivv
1356 2447 1378 2466 Α
1391 2446 1414 2467 Τ
1425 2447 1445 2466 V
1456 2447 1503 2466 RV
1513 2448 1540 2471 S,
1559 2449 1573 2466 a
1583 2460 1592 2472 ‚
1613 2449 1666 2467 uin.
1689 2441 1755 2468 Part.
1791 2441 1850 2468 Sall.
1864 2443 1920 2477 Ing.
1934 2453 1955 2470 c.
1963 2452 2008 2479 47.
2077 2448 2145 2475 Plin.
2160 2450 2204 2485 Ep.
2218 2461 2236 2484 4
2261 2460 2285 2485 13

125 2465 182 2507 bat-⁹
287 2477 418 2502 Venatum
434 2473 462 2498 in
474 2471 550 2498 filuas
565 2471 722 2497 iuueniliter
733 2470 773 2497 ire
786 2470 902 2497 solebam
921 2471 1002 2507 Ouid.
1016 2472 1081 2500 Met.
1090 2482 1112 2505 7,
1121 2478 1176 2506 805.
1237 2480 1262 2500 et
1277 2481 1311 2506 15.
1406 2475 1538 2501 Ammian.
1559 2484 1603 2507 20,
1615 2485 1642 2509 4.
2239 2471 2247 2484 '

125 2514 238 2550 Ingenio
251 2512 292 2539 vti
305 2509 462 2537 iuueniliter
483 2506 563 2533 Ouid.
578 2506 664 2533 Trist.
679 2515 702 2538 2,
717 2513 766 2540 117.
1014 2538 1017 2542 .
1276 2515 1285 2533 1
1297 2516 1317 2535 v
1328 2514 1414 2540 TVS,
1434 2518 1464 2542 a,
1484 2519 1539 2536 um.
1582 2512 1648 2537 Part.
1686 2510 1787 2544 Lingua
1808 2511 1952 2539 offenfione
1972 2513 2090 2543 dentium
2118 2519 2234 2548 Laclant.
2254 2521 2287 2549 de

163 2556 257 2577 1vvn
269 2555 290 2574 N
301 2549 385 2573 Ᾰιις
396 2565 404 2578 ,
435 2552 458 2570 c.
490 2541 550 2568 Adi.
589 2542 601 2575 [
619 2541 696 2582 nug&
718 2542 731 2574 ]
784 2540 851 2567 Idem
863 2540 929 2576 quod
942 2542 1070 2568 quenilis.
1105 2542 1174 2568 Plin.
1238 2544 1312 2577 Opis.
1328 2544 1360 2570 D.
1375 2553 1394 2569 c.
1411 2553 1443 2576 ¹3-
1546 2546 1623 2571 Rami
1645 2545 1781 2572 stercocati
1800 2552 1825 2573 et
1848 2546 2006 2576 humoribus
2021 2552 2071 2579 iuti
2097 2554 2191 2582 Pallad.
2205 2567 2223 2590 4
2248 2567 2277 2585 10

127 2595 154 2620 33
180 2594 209 2612 22
239 2585 330 2617 Quum
353 2582 384 2608 C.
406 2579 533 2613 Sulpitius
553 2577 638 2603 Galba
655 2576 807 2603 iuuenalem
829 2576 930 2602 famam
941 2575 1010 2610 apud
1024 2576 1173 2611 principem
1187 2578 1218 2609 65
1238 2578 1350 2605 Solen-tia
1365 2585 1484 2613 tempore
1497 2580 1553 2607 iuta
1587 2581 1655 2608 Tac.
1672 2582 1738 2607 Anu.
1758 2590 1836 2620 1434,
1851 2591 1869 2608 1.
2226 2579 2234 2592 ’
2279 2578 2287 2586 '

145 2606 283 2656 o'pinarum
295 2618 387 2653 poenis
399 2620 559 2649 aucupatur,
577 2619 622 2639 etc.
729 2612 827 2637 Animo
841 2611 959 2637 iuuenali
974 2612 1051 2638 senex
1073 2614 1171 2639 Auson.
1269 2621 1278 2639 1
1291 2621 1310 2638 V
1320 2620 1341 2639 T
1351 2621 1369 2640 V
1381 2621 1398 2640 R
1409 2622 1429 2640 V
1440 2621 1468 2646 s,
1488 2624 1517 2651 a,
1535 2624 1590 2642 um.
1643 2614 1795 2650 Rqstituitur
1824 2618 1957 2646 Columel.
1988 2629 2031 2654 10,
2049 2631 2095 2655 131.
2135 2625 2165 2652 ab
2195 2627 2283 2664 Heipffi

126 2632 193 2685 {rof
215 2654 323 2689 Burdjg,
341 2661 403 2686 13‚1.
475 2651 505 2676 Et
519 2648 587 2674 mihi
600 2656 666 2682 quae
679 2647 780 2673 fuerint
799 2646 919 2672 iuuenali
930 2646 959 2672 in
972 2655 1085 2682 corpore
1099 2649 1170 2675 vires
1232 2649 1267 2676 ad
1280 2650 1324 2676 Sil.
1339 2658 1366 2685 7,
1383 2658 1438 2683 354.

126 2677 201 2727 Virg',
217 2693 280 2718 Aen.
295 2699 317 2722 ς,
331 2696 392 2723 473.
428 2685 482 2714 vid.
495 2685 520 2711 h.
534 2686 551 2710 1.
565 2685 631 2709 Pier.
678 2685 708 2708 it.
723 2681 847 2708 Drakenb.
861 2681 895 2708 ad
908 2681 954 2708 Sil.
970 2691 996 2714 2,
1009 2691 1059 2714 312.
1122 2685 1171 2710 Pu-
1271 2692 1280 2711 1
1292 2693 1311 2712 v
1323 2692 1343 2711 V
1354 2693 1376 2712 A
1387 2693 1410 2712 M
1425 2692 1440 2712 Ε
1451 2692 1472 2710 N
1485 2705 1494 2718 ,
1514 2686 1574 2712 inis.
1597 2695 1624 2713 n.
1659 2685 1734 2716 ὄνησις
1748 2686 1827 2715 Glols.
1842 2689 1888 2715 Gr.
1901 2689 1959 2717 Lat.
2016 2692 2047 2719 Et
2061 2693 2165 2722 confert
2177 2695 2285 2726 haemo.

126 2729 213 2756 bertas
239 2726 316 2761 Apul.
336 2724 367 2750 de
385 2721 488 2749 Mundo
503 2729 528 2754 p.
541 2721 580 2750 67.
651 2717 725 2754 Conf.
739 2717 828 2761 Sidon.
842 2718 964 2759 Ep.t1‚·2.
1000 2725 1024 2744 ee
1037 2728 1063 2751 4,
1079 2728 1110 2751 13.
1147 2727 1171 2746 et
1231 2721 1327 2757 ptoicis
1339 2721 1390 2747 hoc
1405 2723 1477 2756 saepe
1492 2721 1627 2761 iuuamen.
1656 2723 1754 2749 Macer.

300 2760 363 2787 Dies
397 2756 546 2788 iuuenalis,
571 2756 677 2781 quenili
708 2760 786 2779 aetati
812 2754 976 2788 peculiariter
1009 2755 1173 2782 celebrandus.
1185 2762 1221 2790 70
1267 2764 1307 2789 IV
1317 2763 1367 2784 VA
1379 2764 1403 2784 M
1415 2764 1431 2784 E
1441 2764 1463 2784 N
1473 2763 1494 2783 T
1505 2764 1525 2784 V
1534 2765 1575 2790 M,
1595 2766 1616 2795 ι.
1637 2766 1663 2784 n.
1698 2758 1830 2786 Praestare
1854 2761 1946 2795 Veget.
1957 2769 1987 2795 3,
2001 2770 2027 2796 4.

127 2767 235 2826 {ii-gion.
255 2797 287 2823 de
306 2794 425 2830 Caligula
441 2803 460 2818 c.
476 2799 504 2826 17
536 2790 640 2817 Adiecit
669 2789 740 2816 diem
763 2789 959 2819 Saturnalibus,
976 2789 1172 2826 appellauitque

127 2821 287 2862 iuuenalem.
394 2827 547 2859 quenalia,
571 2825 644 2857 Ludi,
660 2828 703 2861 qui
723 2832 770 2860 pro
785 2824 868 2859 salute
883 2827 993 2851 iuuenum
1010 2826 1172 2853 celebrantur.
1619 2832 1632 2863 Ι
1735 2832 1765 2863 V
1869 2833 1898 2864 X

131 2871 182 2897 1711
203 2871 274 2895 quet.
289 2868 355 2894 Ner.
371 2875 392 2892 c.
409 2874 439 2891 ιι.
512 2862 580 2889 Ludi
594 2861 760 2888 iuuenalium
779 2861 870 2887 Tacit.
885 2861 952 2887 Ann.
966 2870 1005 2893 ¹4>
1019 2870 1052 2894 ις.
1098 2863 1174 2899 Cous,

128 2889 257 2938 misael
290 2904 360 2930 Tac.
396 2898 533 2928 quenalia
560 2897 664 2932 perucia
690 2896 778 2924 Sidon.
800 2898 953 2929 Ca1·m.23‚
966 2903 1025 2930 428-
1059 2897 1173 2932 astuitia
1270 2905 1417 2934 IVXTA,
1452 2900 1576 2936 (quidam
1597 2901 1725 2928 iv'x'rA
1741 2903 1858 2936 malunt)
1894 2903 1998 2939 [παραὶ]
2035 2906 2191 2942 Praepffm,
2205 2910 2285 2946 Apud

124 2927 268 2968 imiintutis.
1186 2938 1219 2966 75
1234 2937 1275 2962 vel
1287 2938 1381 2972 Prope,
1400 2939 1531 2970 Proxime,
1538 2936 1691 2973 signficans.
1728 2938 1847 2972 Sepultus
1861 2938 1895 2964 est
1909 2939 1980 2966 iuxta
1995 2940 2066 2967 viam
2078 2943 2190 2977 Appiam
2209 2945 2279 2981 Nep,

163 2984 173 3001 ι
183 2984 202 3002 v
213 2983 233 3000 v
245 2982 261 3000 E
273 2981 295 3000 N
306 2981 322 3000 E
332 2981 344 3000 s
354 2979 370 3000 c
380 2979 399 2999 o
409 2992 417 3004 ‚
438 2973 491 2998 ’ἐι-ε.
530 2969 691 3004 [usedomi]
730 2966 918 3005 Iuracyzemfieri.
953 2967 1019 2994 Plin.
1036 2977 1069 2999 ει,
1083 2978 1105 2995 ιι
1120 2970 1173 2996 Ro.
1234 2979 1273 3004 23,
1289 2980 1330 3003 22,
1347 2982 1373 3005 4.
1441 2973 1517 3007 Virg.
1533 2973 1596 2999 Aen.
1611 2982 1640 3005 4,
1653 2980 1698 3006 255
1718 2974 1836 3000 Humilis
1849 2974 1921 3001 volat
1934 2984 2049 3010 aequora
2062 2977 2142 3004 iuxta.
2195 2981 2278 3008 Flam,

126 3013 154 3038 sa
166 3018 190 3037 et
206 3009 419 3044 quinquennium
432 3007 532 3042 perfert
545 3014 599 3032 non
612 3005 710 3035 recisa,
731 3013 778 3031 nec
792 3003 888 3030 adusta.
936 3003 986 3030 Illo
999 3004 1070 3030 enim
1090 3006 1172 3032 modo
1233 3006 1318 3036 Trin.
1331 3017 1354 3040 3,
1370 3017 1395 3040 2,
1409 3013 1438 3038 82
1453 3009 1530 3035 quta
1544 3014 1568 3035 te
1581 3009 1653 3039 sum,
1679 3014 1704 3035 te
1719 3009 1762 3043 pie
1777 3009 1873 3036 tuearis
1887 3016 1999 3045 oportet.
2039 3027 2042 3028 ν
2105 3013 2191 3042 Statua
2205 3017 2279 3044 iuxta

103 3063 108 3068 -
127 3047 281 3074 iuuenescit.
384 3044 425 3071 Sic
433 3049 493 3077 &57
506 3048 570 3068 extr.
591 3041 619 3067 de
631 3040 753 3077 gliribus,
774 3040 871 3066 Rursus
884 3039 978 3065 aestate
991 3040 1172 3068 iuuenescunt.
1233 3043 1315 3078 posita
1337 3044 1428 3078 Nepos
1444 3052 1477 3076 13,
1492 3052 1513 3074 ε,
1527 3053 1549 3076 3.
1631 3045 1770 3071 Furiarum
1785 3045 1900 3072 maxima
1913 3046 1985 3072 iuxta
1999 3047 2108 3074 accubat
2126 3050 2276 3085 Virg,Aen,

129 3082 212 3111 Ouid.
226 3083 317 3109 Amor.
333 3089 355 3112 3,
369 3087 396 3114 7,
410 3088 439 3112 41
458 3078 530 3105 Illius
545 3087 559 3104 a
571 3076 640 3103 taciu
655 3076 742 3109 Pylius
758 3076 925 3102 iuuencscere
939 3076 1026 3109 posset.
1097 3078 1174 3104 Vitu-
1233 3081 1259 3111 6,
1274 3081 1332 3105 606.
1404 3081 1479 3106 quta
1496 3080 1646 3114 genitorem
1659 3080 1740 3107 adstat
1756 3081 1868 3107 Lauinia
1884 3082 1961 3115 virgo
1996 3082 2071 3118 Virg.
2092 3085 2158 3111 Aen.
2179 3094 2211 3121 7,
2231 3095 2272 3122 7²·

130 3119 170 3145 lus
184 3110 369 3145 iuuenescitin
383 3114 474 3142 herbis
490 3114 557 3140 Hor.
572 3113 660 3139 Carm.
675 3121 701 3145 4,
714 3119 783 3146 2‚55.
890 3112 944 3138 [ain
960 3112 1060 3145 senuit,
1080 3121 1110 3139 ex
1120 3123 1174 3148 quo
1194 3115 1309 3142 801uxta
1321 3114 1423 3141 diuinas
1434 3115 1579 3150 religiones
1593 3115 1656 3142 fides
1669 3114 1782 3142 humana
1796 3116 1895 3142 colitur
1914 3117 1975 3144 Liu.
1989 3126 2014 3150 9,
2028 3127 2052 3150 9.
2124 3121 2192 3147 Tac.
2207 3123 2276 3151 Ann.

116 3154 252 3180 >iuuenuit
276 3151 396 3179 Tertull.
411 3150 520 3177 Exhort.
534 3149 565 3176 ad
582 3149 648 3175 Cast.
663 3157 684 3174 c.
699 3151 724 3174 6.
1234 3152 1260 3183 6,
1275 3159 1298 3182 ¹3
1320 3150 1415 3177 Iisdem
1437 3150 1596 3178 Consulibus
1615 3151 1745 3186 grauitate
1763 3160 1881 3178 annonae
1901 3152 1974 3179 iuxta
1987 3154 2143 3181 seditionem
2157 3164 2274 3186 ventum.

165 3196 174 3214 ι
184 3195 288 3216 VVi-:N
298 3194 343 3215 οἳ.
354 3206 360 3217 ,
378 3187 426 3213 ari.
465 3187 531 3219 Dep.
568 3183 698 3219 [νεανίζω]
734 3183 801 3209 dixit
819 3183 887 3210 Hor.
908 3183 935 3209 in
956 3184 1020 3210 Arte
1038 3184 1109 3211 Poet.
1123 3186 1174 3218 246
1233 3187 1320 3212 Varro
1334 3193 1373 3221 ap.
1388 3187 1460 3213 Non.
1474 3196 1503 3222 4,
1517 3195 1559 3220 233
1581 3189 1671 3221 Qium
1685 3188 1784 3214 interea
1796 3187 1959 3215 lucubrando
1972 3188 2057 3216 facere
2076 3190 2148 3217 iuxta
2168 3193 2276 3220 ancillas

129 3228 181 3253 Aut
196 3224 309 3250 nimium
321 3223 418 3248 teneris
431 3223 591 3249 iuuenentur
604 3219 721 3247 vcrfibus
736 3227 859 3254 vnquam.
883 3223 900 3246 i.
916 3220 1058 3247 iuueniliter
1073 3221 1173 3256 loquan-
1231 3221 1326 3247 lanam.
1366 3224 1383 3247 i.
1414 3224 1469 3249 Vna
1490 3232 1542 3250 cum
1568 3224 1676 3250 ancillis.
1772 3223 1921 3256 Secimdnm,
1932 3223 1985 3258 fiae
2010 3223 2074 3258 Post.
2109 3227 2175 3254 Plin.
2196 3236 2221 3263 7,
2240 3237 2274 3262 45

123 3269 181 3291 tur,
201 3266 244 3286 aut
263 3258 403 3293 lastiniam.
1232 3258 1306 3283 quta
1321 3257 1382 3283 haec
1396 3258 1508 3285 Variana
1522 3257 1615 3284 clades.
1710 3258 1778 3285 Gell.
1792 3268 1818 3292 4,
1832 3268 1848 3291 9
1868 3259 1995 3294 Nigidius
2010 3261 2117 3295 Figulus
2130 3262 2211 3290 homo
2226 3268 2272 3296 (vt

167 3303 202 3321 [v
213 3303 233 3321 v
243 3301 288 3322 EN
298 3293 447 3325 Tvsffltis.
466 3292 485 3319 f,
503 3290 617 3326 [νεότης]
644 3291 723 3317 Aetas
736 3291 861 3322 iuuenilis,
875 3299 934 3325 quae
948 3296 971 3316 et
986 3290 1134 3317 quenilitas
1147 3298 1171 3317 et
1185 3292 1214 3322 85
1229 3301 1278 3327 ego
1296 3293 1430 3325 arbitror)
1450 3294 1522 3320 iuxta
1541 3295 1578 3320 M.
1599 3295 1747 3321 Varronem
1767 3293 1933 3321 dociiffimns.
1967 3299 1986 3322 i.
2008 3296 2158 3330 Secundum,
2176 3300 2212 3325 ho.
2239 3297 2274 3333 ‘fi

126 3334 230 3360 quenta
239 3330 341 3356 dicitur.
351 3332 380 3355 it.
390 3331 489 3355 quenes
501 3325 604 3353 collem.
641 3326 722 3353 Nulla
731 3325 766 3351 est
775 3326 982 3360 spesiuuentutis
1002 3325 1168 3361 Plaut.Capt.
1222 3326 1279 3363 post
1298 3338 1364 3360 eum,
1383 3336 1407 3355 et
1430 3338 1454 3355 eo
1474 3336 1572 3364 excepto
1591 3329 1749 3365 dofhffinms.
1844 3331 1974 3357 Velocitas
1999 3331 2071 3358 iuxta
2096 3333 2272 3363 formidinem

127 3377 169 3398 1,2
189 3376 222 3400 19.
237 3365 296 3392 Sall.
306 3365 428 3398 Carspr.
449 3363 541 3397 Ibique
551 3363 715 3388 iuuentutem
723 3362 793 3388 suam
807 3363 932 3388 exercuit.
948 3361 1036 3388 Cruda
1044 3362 1168 3389 iuuentus
1227 3364 1295 3390 Tac.
1313 3365 1373 3398 Agr.
1388 3373 1409 3390 c.
1421 3373 1458 3396 30,
1472 3373 1494 3397 ς.
1520 3368 1538 3391 ι’.
1552 3367 1645 3392 uicina.
1697 3369 1701 3374 '
1740 3365 1852 3392 Vilitate
1864 3366 1938 3393 iuxta
1951 3366 2040 3393 beluas
2053 3369 2100 3393 effe
2127 3369 2191 3396 Plin.
2208 3379 2232 3403 ε,
2244 3378 2270 3405 7,

126 3388 209 3435 Si1.'3‚
223 3410 275 3434 3ο]-
379 3399 479 3425 Docilis
498 3400 564 3425 Hor.
578 3398 607 3423 in
622 3399 710 3424 Carni.
724 3399 788 3424 saec.
802 3406 840 3431 52.
914 3397 998 3424 Effera
1016 3397 1088 3431 Virg.
1103 3399 1167 3425 Aen.
1228 3400 1304 3426 quta
1327 3400 1402 3431 de05,
1424 3399 1452 3426 in
1476 3405 1519 3427 tua
1543 3409 1621 3427 manu
1641 3400 1753 3436 positum
1774 3401 1810 3428 est
1836 3402 1926 3428 Tacit.
1942 3403 2008 3428 Hist.
2025 3411 2044 3434 1,
2058 3405 2100 3437 76.
2195 3406 2271 3433 Idem

125 3445 138 3469 8
164 3447 182 3465 ⁶.
219 3436 325 3464 Torosa
336 3435 482 3467 Pers.3‚86.
509 3433 854 3465 Acuereiuuentutem‚vid.
867 3439 968 3460 ACVO.
995 3433 1077 3459 Plani.
1088 3434 1164 3460 Most.
1229 3436 1298 3461 Ann.
1312 3438 1338 3467 6,
1352 3444 1384 3468 4²
1404 3436 1473 3462 Nam
1495 3436 1588 3470 populi
1603 3436 1763 3470 imperium,
1786 3437 1861 3463 iuxta
1880 3437 2044 3469 libertatem,
2064 3447 2206 3471 paucorum
2225 3441 2271 3468 do-

127 3459 147 3501 1'
156 3457 172 3500 ,³
184 3482 222 3506 29·
289 3471 362 3497 Caes.
371 3470 398 3496 Β.
407 3470 438 3495 G.
447 3478 469 3504 3,
479 3472 507 3495 ι6
527 3470 595 3496 Nam
605 3478 686 3504 quum
695 3470 781 3495 omnis
790 3468 1013 3500 iuuentus,0mnis
1022 3469 1101 3506 etiam
1110 3478 1166 3503 gra·
1179 3479 1215 3504 90
1227 3471 1339 3497 minatio
1354 3471 1442 3505 regiae
1454 3470 1563 3497 libidini
1577 3473 1702 3506 proprior
1715 3471 1759 3498 est.
1867 3472 1916 3499 Sed
1935 3473 2133 3507 periculofiores
2147 3476 2206 3502 sunt
2218 3477 2270 3504 ini.

126 3495 210 3537 v³io'ris
224 3508 332 3539 aetatis,
353 3506 380 3532 in
396 3504 491 3539 quibus
504 3504 604 3540 aliquid
617 3505 719 3531 consilii
734 3510 778 3531 ant
792 3504 926 3538 dignitatis
939 3504 1004 3534 fuit,
1024 3512 1057 3530 eo
1071 3513 1166 3530 (ouue-
1226 3506 1343 3533 micitiae
1358 3506 1430 3532 iuxta
1444 3506 1610 3540 libertatem,
1628 3511 1646 3533 i.
1661 3510 1726 3534 inter
1740 3507 1827 3534 liberos
1853 3508 1921 3534 Tac.
1936 3509 2024 3535 Germ.
2039 3517 2077 3542 21,
2092 3519 2113 3536 2.
2193 3513 2269 3539 quta

124 3550 216 3572 nerant
251 3549 323 3573 tuni,
344 3548 388 3567 etc.
485 3540 542 3566 Cic.
561 3540 644 3566 Tusc.
670 3549 694 3572 2,
714 3549 746 3574 34
775 3539 1093 3572 quentutcmlaboribus
1107 3543 1166 3566 e‘ru-
1225 3542 1291 3574 else,
1309 3548 1359 3576 pro
1376 3542 1586 3576 Eimiliaremeffe
1600 3554 1607 3567 .·
1642 3543 1711 3569 Suet.
1728 3543 1755 3568 in
1770 3543 1853 3577 Calig.
1875 3553 1896 3570 c.
1912 3552 1940 3570 10
1966 3544 2105 3579 Tantique
2126 3545 2155 3572 in
2178 3556 2268 3579 auum,

125 3565 231 3607 ditum,
281 3577 355 3612 Conf.
378 3575 437 3602 Sall.
458 3574 536 3601 Catil.
561 3570 583 3602 c.
606 3584 639 3602 12.
834 3573 854 3613 Ἴ
889 3584 906 3601 z
941 3576 1081 3606 quenum}
1102 3577 1164 3602 Dea.
1225 3584 1251 3603 et
1276 3577 1323 3611 qui
1349 3577 1423 3604 iuxta
1441 3584 1529 3608 erant,
1549 3578 1689 3612 obsequii,
1707 3585 1734 3604 vt
1747 3587 1799 3604 non
1813 3578 1951 3605 immerito
1967 3579 1996 3605 fit
2011 3579 2127 3613 dicium,
2147 3582 2204 3608 Nec
2216 3584 2266 3609 ser-

127 3616 187 3644 lvd<
202 3624 256 3641 mox·
278 3617 462 3640 IVVENTAS.
899 3618 906 3625 ⁶
1227 3622 1292 3638 vum
1306 3613 1446 3639 meliorem
1459 3613 1558 3645 vllum,
1578 3623 1625 3640 nec
1638 3613 1795 3640 deteriorem
1809 3613 1946 3640 dominum
1959 3615 2043 3641 fuiffe.
2209 3615 2230 3653 fl
2247 3625 2267 3642 7-

161 3657 255 3678 1VV13
267 3655 289 3675 N
300 3655 367 3679 TA,
383 3655 423 3673 ae.
459 3645 479 3671 f.
515 3643 628 3678 [νεότης]
665 3647 742 3673 Aetas
760 3647 883 3672 iuuenilir.
919 3645 1008 3672 Valer.
1022 3646 1122 3680 Argon.
1138 3655 1166 3679 4,
1185 3654 1217 3680 95
1226 3649 1308 3675 quta.
1344 3647 1412 3674 Adu.
1450 3648 1565 3683 [ἐπίσης]
1603 3652 1620 3675 i.
1641 3648 1882 3684 Aeque‚fimiliter,
1899 3650 1978 3676 eodem
1996 3650 2074 3677 modo.
2141 3651 2215 3683 Spem
2234 3660 2264 3677 ae

124 3695 178 3719 233·
247 3685 312 3712 Plin,
330 3691 363 3718 7,
381 3691 402 3713 13
430 3680 497 3707 Aliis
511 3680 606 3707 sterilis
619 3681 654 3707 est
668 3682 790 3714 iuuenta,
808 3682 868 3708 aliis
882 3681 960 3708 semel
976 3681 1005 3707 in
1019 3682 1072 3707 vita
1087 3680 1165 3708 datur
1226 3690 1327 3710 metum
1352 3685 1423 3710 iuxta
1447 3691 1568 3718 grauatus
1593 3685 1685 3710 Tacit.
1709 3685 1776 3710 Ann.
1800 3692 1823 3717 ς,
1846 3690 1868 3715 8.
1963 3686 2062 3712 Eorum
2081 3694 2128 3718 ego
2140 3686 2222 3712 vitam
2237 3692 2265 3713 et

124 3705 240 3757 gignere,
350 3718 415 3744 Non
439 3716 475 3742 ita
500 3716 526 3741 se
548 3724 562 3740 a
585 3715 691 3744 iuuenta
712 3727 772 3744 eum
791 3717 884 3751 geffiss'e‘
929 3716 990 3743 Liu.
1003 3724 1040 3749 35,
1053 3725 1088 3750 42
1101 3723 1166 3743 extr.
1225 3725 1338 3745 mortem
1364 3720 1437 3746 iuxta
1461 3719 1571 3746 aestimo
1598 3719 1698 3745 Sallust.
1718 3721 1773 3747 Cat.
1791 3728 1815 3746 2.
1920 3720 1994 3748 Idem
2013 3722 2039 3747 in
2054 3720 2179 3754 Iugurtha
2193 3731 2213 3747 c.
2228 3724 2264 3756 67

126 3759 167 3784 Ab
185 3758 310 3787 iuuenta,
331 3753 385 3780 vid>
406 3758 449 3779 AB
472 3749 681 3785 PfflePOJllth‘m·
775 3753 870 3780 Calida
889 3752 998 3778 iuuenta
1023 3751 1115 3778 Claud.
1134 3753 1167 3779 de
1225 3755 1301 3781 quta
1313 3754 1394 3787 boni„
1413 3755 1545 3796 malique,
1565 3755 1662 3781 strenui
1677 3760 1702 3781 et
1716 3754 1834 3781 imbelles
1846 3754 1923 3785 multi
1936 3755 2082 3794 obtruncati
2103 3755 2168 3781 sunt.
2203 3757 2228 3783 h.
2242 3765 2262 3783 e.

124 3794 152 3820 B.
168 3794 227 3819 Get.
241 3795 300 3826 408·
393 3787 483 3814 Dulcis
509 3787 576 3812 Hor·
591 3786 679 3812 Carm-
689 3796 709 3819 1,
725 3790 763 3821 16,
777 3797 812 3820 23.
906 3787 999 3814 Audax
1027 3787 1101 3821 Virg.
1115 3788 1166 3814 Ge·
1224 3792 1307 3825 Aeque
1320 3791 1376 3817 boni
1389 3800 1418 3816 ac
1429 3792 1497 3816 mali.
1591 3791 1656 3816 Plin.
1671 3799 1697 3822 9,
1712 3798 1738 3822 35
1771 3791 1793 3816 A
1807 3791 1913 3816 feminis
1926 3792 1996 3817 iuxta
2008 3797 2124 3823 virisque
2135 3791 2263 3823 gestaren-

124 3837 181 3863 οῖς,
195 3838 212 3862 4
236 3816 289 3860 565.
377 3824 471 3850 Nerua
484 3828 528 3848 tua
542 3821 666 3855 iuuenta,
685 3827 731 3849 tuo
743 3824 840 3850 robore
853 3823 968 3850 inualuit
991 3823 1056 3850 Plin.
1071 3824 1279 3857 Paneg.100tur.
1336 3823 1343 3832 s
1361 3827 1436 3858 Qiac
1450 3825 1527 3852 bonis
1542 3825 1669 3860 malisque
1681 3825 1845 3860 temporibus
1858 3826 1928 3852 iuxta
1944 3825 2028 3851 valent
2047 3825 2113 3850 Tac.
2122 3825 2155 3850 H.
2166 3833 2231 3860 1‚73,
2239 3836 2261 3858 3,

125 3872 147 3890 c.
161 3869 183 3893 8.
215 3848 223 3860 ³
279 3862 381 3887 Lumen
400 3866 560 3893 purpureum
580 3857 704 3883 iuuentae
732 3859 804 3894 Virg.
820 3860 884 3885 Aen.
897 3868 916 3892 1,
930 3867 988 3892 590.
1105 3859 1164 3885 Flo·
1224 3862 1280 3887 Cic.
1293 3861 1349 3894 post
1363 3861 1486 3888 Reditum
1500 3861 1527 3888 in
1541 3861 1625 3888 Senat.
1638 3869 1672 3887 20
1691 3861 1768 3887 Tum
1782 3861 1892 3896 reliquis
1905 3859 1999 3898 officiis
2012 3859 2100 3891 iuxta,
2119 3868 2147 3886 ac
2162 3861 2179 3886 fi
2189 3871 2262 3901 incus

121 3905 195 3925 rente
219 3898 328 3925 iuuenta
355 3893 474 3921 feruidus
500 3893 567 3919 Hor.
587 3892 620 3918 de
637 3893 700 3918 Arte
718 3892 789 3922 Po'et.
809 3902 855 3927 115.
949 3894 1069 3921 Imbellis
1089 3894 1162 3921 Idem
1226 3896 1307 3922 frater
1332 3898 1405 3927 estet,
1421 3897 1580 3923 sustentauit.
1608 3897 1632 3924 h.
1648 3906 1666 3922 e.
1685 3896 1761 3931 Qmfi
1782 3898 1822 3923 vel
1842 3903 1958 3930 tanquam
1972 3897 2014 3928 st,
2032 3896 2072 3920 vel
2090 3904 2162 3934 ireque
2185 3906 2214 3923 ac
2225 3900 2260 3930 Ji.

121 3934 245 3966 Carm..3,
259 3942 281 3965 ρ,
297 3940 330 3964 15,
446 3928 551 3955 Mediae
566 3928 688 3954 iuuentae
702 3927 801 3955 robore
812 3930 858 3956 ille
879 3930 939 3956 Liu.
953 3939 997 3962 40,
1011 3932 1036 3956 6.
1108 3930 1162 3957 Pri-
1224 3932 1345 3958 Vestrum
1373 3941 1469 3958 nomen
1491 3931 1685 3966 imperiumque
1705 3933 1778 3958 iuxta
1797 3940 1825 3957 ac
1845 3932 1913 3968 Deos
1928 3929 2088 3969 immortales
2101 3931 2260 3964 iampridem

120 3977 164 3995 ma
190 3969 341 3996 florescente
368 3965 476 3991 iuuenta
509 3964 555 3990 Sil.
577 3972 613 3997 ις,
632 3970 690 3998 741.
785 3964 926 3992 Pubescens
951 3966 1024 3992 Idem
1044 3967 1080 3998 16,
1100 3969 1158 3999 678.
1223 3967 1341 3994 intuetur
1361 3968 1421 3993 Liu.
1436 3975 1475 4002 37,
1490 3975 1531 4000 54·
1638 3967 1710 3993 Idem
1725 3977 1766 4000 24,
1781 3975 1808 3998 19
1840 3965 1934 3991 Fabius
1947 3965 2119 4004 omittendam
2132 3975 2188 3992 rem
2202 3975 2259 4000 par.

119 4005 203 4031 Rosea
240 4004 327 4031 Valer-
343 4002 442 4035 Argon·
457 4007 479 4033 52
494 4007 545 4033 395·
660 3997 775 4025 Senilem
807 3999 941 4029 iuuentam
949 4021 968 4037 ,ὤ
976 4009 1157 4037 praematurae
1165 4005 1209 4033 ¹05
1221 4011 1281 4030 vam
1295 4011 1323 4029 ac
1336 4003 1410 4031 iuxta
1424 4003 1522 4039 magnis
1537 4000 1686 4066 diffcilem,
1704 4000 1943 4035 abscedendumque
1955 3998 2017 4026 inde
2029 3999 2154 4027 censebat.
2172 4004 2189 4027 i.
2199 4004 2259 4043 {Van

1528 4044 1544 4073 7
1619 4046 1633 4064 2
2172 4045 2254 4063 minus
