2479 4225
4 0 107 60 w.

5 62 10 74 1
43 66 51 72 ι’

94 218 170 257 1153
493 207 510 248 1
599 208 642 250 N
732 208 759 249 S
1583 212 1599 253 1
1686 213 1731 254 N
1816 219 1842 259 S
2157 244 2238 282 „54

129 302 140 322 1
149 302 171 322 N
180 303 193 324 s
202 301 326 324 Truc‘r
335 301 354 324 ο
363 303 383 323 R
393 317 401 330 ‚
423 296 489 324 oris.
525 306 562 325 m.
616 295 750 333 [ῶθητῆς]
803 296 892 325 Tacit.
905 296 974 324 Hist.
989 305 1009 330 t,
1024 305 1052 324 22
1077 297 1135 325 Nec
1236 306 1247 327 1
1256 306 1300 327 ns
1309 307 1330 328 T
1341 296 1354 327 ἴ
1362 307 1383 327 Τ
1393 307 1411 328 R
1420 308 1430 328 1
1441 310 1473 333 x,
1493 301 1550 330 icis.
1586 301 1729 340 [καπηλὰ]
1765 305 1867 342 Sifides
1880 310 1996 346 perona,
2016 323 2031 341 a
2043 314 2134 343 Plauto
2141 325 2247 346 vocatur

89 329 191 363 deerat,
206 332 293 367 inquit
305 332 483 366 Ptolemaeus,
497 333 600 359 sceleris
616 334 763 360 instintior.
800 334 824 360 h.
837 342 857 359 e.
867 333 1005 368 ,lmpulme
1060 334 1136 361 Acer·
1202 336 1317 367 Ancilla,
1337 346 1397 372 quoe
1413 345 1459 372 pro
1474 338 1572 365 domina
1586 343 1735 376 negotiatur.

92 366 177 394 rimus
192 367 256 394 belli
270 368 409 395 instinfior
437 369 476 395 Id.
491 368 556 395 ibid.
572 378 600 402 4,
612 372 653 402 68,
667 374 689 399 8.
727 369 859 395 Ammian.
873 376 912 400 21,
935 377 970 394 12.
1040 369 1138 396 Diffen-
1238 378 1246 396 1
1260 378 1281 396 Ν
1294 377 1307 397 s
1317 379 1337 398 T
1348 379 1354 397 1
1366 379 1386 398 T
1398 380 1416 398 v
1427 381 1462 403 o,
1484 375 1528 406 ui,
1551 381 1624 401 utum
1634 393 1642 407 ,
1662 377 1715 404 ere.
1750 376 1936 413 [προαιρέομαι,
1955 380 2086 421 demum]
2129 388 2165 414 px
2178 389 2207 415 1n
2220 395 2245 415 et

93 403 198 429 ‘ionum
213 403 353 431 instingmr
386 404 517 431 Ammian,
533 413 574 437 30,
590 413 609 431 1.
1200 406 1305 437 Statum
1334 407 1463 443 fignificat
1480 411 1538 444 plus
1557 420 1627 446 quam
1647 411 1749 444 statuo,
1774 414 1814 439 vel
1827 416 1944 446 Dea-erno,
1959 407 2039 453 netnpfc
2054 410 2245 458 ipfinn‘initium

131 445 309 472 1NST11¹O,
335 444 387 466 fise,
442 441 566 475 D,=„sare‚
593 440 725 466 inculcare.
781 439 860 465 Gloss.
879 438 934 464 Lat.
950 439 996 466 Gr.
1016 439 1139 476 Instipat,
1159 447 1173 473 ς
1200 441 1326 475 abiimus,
1347 451 1390 469 aut
1410 448 1499 478 oprris.
1557 445 1600 472 Ad
1611 447 1690 482 solum
1709 446 1832 474 decretum
1852 458 1910 476 raro
1928 452 2055 484 o·e·s‹·r1m·;
2085 458 2158 492 jone
2175 459 2244 486 Ter,

92 472 229 507 tveoic'oe'g'a.
326 476 446 502 Marcell.
460 477 534 511 Emp.
550 484 607 502 c.10
634 474 756 509 Instipari
771 474 890 500 nauibus.
1203 477 1308 504 Phorm.
1323 487 1351 511 4,
1367 487 1396 509 2,
1409 487 1438 512 ¹4
1470 481 1557 506 Petam
1571 481 1632 507 hinc
1648 482 1714 508 vnde
1727 491 1741 509 a
1755 483 1842 517 primo
1862 481 1977 512 institui:
2007 490 2078 524 som·
2097 497 2170 519 ctiam
2189 495 2245 521 Cic,

128 507 339 542 INS‘rtrx‘iLOR,
359 511 407 538 511,
433 512 497 545 Del).
516 510 671 546 [impe-reim]
711 512 768 537 Non
778 509 876 536 videtur
884 508 1008 542 diffcrrea
1019 512 1138 546 Simplici.
1202 514 1278 539 Verr.
1294 523 1314 545 2,
1329 521 1359 548 57
1374 523 1395 540 e.
1405 523 1433 545 23
1469 515 1515 541 'l‘u
1531 517 1576 550 qui
1593 517 1739 544 institueras
1763 518 1865 552 (editio
1878 521 2010 556 arbitror)
2031 525 2058 550 in
2072 536 2116 553 eos
2128 529 2245 556 animad-

91 543 176 570 Plaut.
190 545 279 572 Pseud.
294 555 329 579 4,
342 549 358 572 6
369 566 377 577 ,
388 549 405 573 6
443 548 533 574 Minae
545 547 643 581 viginti
658 548 748 578 sanae,
767 553 795 571 ac
809 544 893 571 saluae
906 546 963 571 sunt
977 546 1027 572 tibi
1042 547 1138 580 hodie,
1201 555 1321 580 vertere,
1343 550 1388 584 qui
1409 558 1543 584 perperam
1559 552 1718 579 iudieallent.
1791 555 1836 581 Sed
1855 555 1914 590 le.
1930 557 1957 583 in
1971 557 1986 583 Ι.
2003 559 2029 585 Si
2044 563 2151 589 maritus
2166 564 2197 590 D.
2212 565 2245 591 ad

92 587 156 613 quas
170 580 215 606 abs
230 589 255 608 te
272 581 307 608 est
328 582 494 617 instipulatus
515 582 665 609 Pseudolus,
737 581 778 609 Sic
796 587 860 607 certe
879 581 999 608 Priscian.
1013 588 1025 612 8
1047 592 1070 616 p.
1084 591 1139 617 794
1202 584 1286 618 legem
1299 585 1411 618 Iuliam,
1438 585 1470 611 de
1484 586 1643 619 Adulteriis,
1662 589 1687 614 Si
1703 589 1811 616 maritu·
1824 593 2005 626 praeuencrit,
2024 598 2192 632 accusat-eque
2205 600 2243 626 in.

91 621 116 640 et
130 616 206 642 Gron.
268 617 410 652 Stipulatus
425 620 480 645 alii.
543 617 677 654 Significat
688 622 785 648 autem,
811 623 840 642 vt
853 625 882 642 ex
902 624 926 647 Ι,
940 625 967 649 5,
984 626 1029 644 122
1043 620 1079 653 [ἶ]-
1100 622 1138 644 ῘΗ-
1159 629 1188 648 10
1201 620 1328 650 stituerit,
1361 621 1400 654 (i.
1426 627 1454 647 ut
1469 621 1562 647 ditium
1583 622 1600 648 l.
1616 631 1631 648 2
1651 621 1673 659 §.
1690 629 1702 654 8
1725 624 1830 652 libellos
1852 627 2052 662 inscriptionum
2075 630 2245 667 deposuerit)

87 649 229 686 telligitur,
249 653 293 678 abs
310 653 516 689 repromitti-fibi
529 656 635 680 curauit.
706 651 788 678 Plaut.
803 651 870 678 Rud.
885 659 907 684 ς,
923 660 948 683 3,
964 661 990 685 25
1021 654 1058 680 Ni
1075 653 1137 680 dolo
1203 662 1323 689 tempora
1336 665 1390 683 non
1401 656 1496 683 cedunt
1512 657 1593 691 patri:
1628 659 1691 693 quia
1709 661 1898 688 accusationem
1921 663 2055 692 instituere
2076 675 2131 693 non
2151 670 2246 702 potest:

89 687 163 712 malo
176 687 343 722 instipulatus
354 688 384 715 fis
392 709 401 722 ,
428 693 447 716 i.
463 692 582 725 promitti
594 688 641 714 tibi
654 691 796 720 tumuerit,
813 688 992 722 promistioncm
1007 693 1138 724 acceperis.
1198 691 1239 718 hic
1252 693 1308 726 plus
1325 700 1397 727 quam
1410 699 1522 719 conatum
1531 712 1537 723 ‚
1557 695 1657 720 initium
1670 695 1805 730 quoddam,
1824 704 1901 728 notat,
1916 706 1938 724 et
1952 703 1988 726 im
2001 701 2130 737 aliquoties
2142 704 2183 730 illo
2202 708 2245 732 tit.

128 729 189 749 1Ns
200 729 240 750 T1
252 730 321 755 ΤΛ,
341 733 380 751 ae.
410 725 430 751 f.
465 726 558 759 [χειρία
572 725 630 750 Vet.
644 723 707 757 GL]
766 723 851 759 Fufi-ia
864 722 897 755 est
911 728 991 750 variis
1006 724 1082 756 usibus
1098 725 1138 750 de·
1200 726 1268 753 Ter.
1286 728 1353 761 prol.
1370 728 1434 754 Eun.
1451 733 1476 758 18
1508 730 1582 761 Quae
1603 730 1773 763 proferentur
1791 733 1863 765 post,
1889 733 1905 759 si
1924 741 2013 769 perget
2026 736 2128 764 laedere
2146 738 2198 771 ita,
2218 746 2246 766 vt

81 753 191 788 stinata.
246 761 400 794 Incipiamus
416 760 447 787 ab
469 758 654 796 anfiquiffima,
681 768 753 794 quam
772 761 895 790 norimus,
925 760 991 786 illius
1008 764 1135 787 mentione.
1200 762 1286 788 facere
1306 763 1428 789 instituit.
1520 765 1574 790 Cic.
1596 764 1623 790 in
1643 765 1721 792 Verr.
1758 785 1765 792 .
1803 786 1809 793 .
1846 769 1961 802 Verum,
1980 776 2007 797 vt
2028 771 2130 800 institui
2151 774 2246 801 dicere.

87 792 182 819 Horat.
197 794 278 821 Serm.
294 803 313 828 ι,
327 804 352 827 2,
366 804 400 828 29
418 796 490 826 Sunt,
503 796 551 830 qui
563 795 651 821 nolint
663 794 782 829 tetigisse,
799 794 846 820 nili
862 794 928 827 illas,
947 796 1066 829 Qiarum
1077 796 1135 822 sub·
1156 804 1181 830 ις
1199 800 1218 824 ι’.
1241 798 1320 835 Coepi.
1429 798 1499 825 Idem
1517 808 1564 834 pro
1577 800 1682 827 Cluent.
1699 807 1711 830 8
1729 810 1749 827 c.
1763 811 1774 833 3
1807 803 1926 836 Qiaeso,
1940 811 1967 832 vt
1978 815 2022 833 me
2035 808 2153 840 Iudices,
2173 810 2247 837 sicuti

87 827 145 854 suta
159 829 224 855 talos
237 836 307 864 tegat
320 831 408 857 instita
421 831 500 857 veste.
571 831 644 857 Seru.
659 830 692 857 ad
705 832 769 857 Aen.
783 838 814 863 2,
827 831 876 865 616
904 830 1012 858 Limbus
1027 831 1063 857 est
1077 841 1135 866 pars
1199 833 1285 860 facere
1308 833 1471 867 instituistis,
1497 835 1625 870 benigne,
1655 842 1806 872 attenteque
1826 838 1948 866 audiatis.
2019 842 2086 869 (min
2106 845 2248 873 Instituere

87 863 167 891 vestis
180 870 295 892 extrema
305 886 312 898 ‚
352 875 400 893 uae
414 867 503 893 instita
515 866 630 899 dicitur,
648 872 676 892 vt
691 865 817 892 Horatius
829 864 914 891 deinde
927 867 1013 893 laudat
1028 867 1050 895 h.
1065 869 1082 894 l.
1103 867 1137 894 ad
1199 869 1302 901 facere,
1323 870 1447 896 interilum
1462 869 1494 903 ist
1508 871 1769 907 Facer‹¹,fimpliciter.
1812 873 1869 900 Vni.
1885 875 1986 912 Casaub.
1996 869 2056 904 N'o's.
2066 881 2092 904 in
2102 882 2167 907 Nou.
2179 880 2246 914 Tffl.

86 906 156 933 quem
170 902 217 932 ism
238 903 295 928 Vet.
311 902 339 928 Sc
360 902 396 928 ol.
412 902 515 937 Cruqu.
529 901 686 937 Periphrasis
699 908 896 933 matronarum,
921 902 982 937 quia
1000 908 1136 933 matronae
1198 905 1257 930 Luc.
1271 915 1296 936 1,
1319 915 1339 931 1.
1375 908 1404 931 it.
1417 904 1478 932 Αέῗ.
1494 916 1520 939 ι,
1541 917 1560 933 ι.
1597 914 1619 932 ιτ
1633 917 1656 934 ιι
1666 927 1672 938 ,
1692 917 1724 941 15·
1778 909 1894 945 Gothofr.
1908 911 1943 937 ad
1952 913 1969 938 l.
1984 920 1997 937 2
2018 915 2047 946 ,οἵ
2062 914 2117 948 1ff'.
2133 908 2161 942 He
2175 917 2205 943 Ο.
2222 919 2245 945 Ι.

84 934 151 961 stola
166 942 274 963 vtuntur
288 938 320 963 ad
334 937 403 964 imos
417 946 498 972 vsque
512 937 588 972 pedes
601 937 723 970 demissa,
747 937 821 963 cuius
840 936 918 963 imam
940 945 1039 972 partem
1052 939 1136 965 ambit
1198 939 1257 966 Cic.
1273 939 1305 965 de
1320 940 1379 966 Fin.
1399 951 1434 975 4,
1453 949 1485 974 34
1522 941 1625 968 Phidias
1645 943 1727 976 potest
1743 952 1758 969 a
1779 944 1867 981 primo
1881 945 2016 973 instituere
2029 948 2144 984 signum,
2165 951 2247 987 idque

86 969 310 1005 institasubsuta,
325 973 352 999 id
367 972 420 1006 est,
438 973 587 1000 coniunc'ta.
643 972 734 999 Instita
760 978 848 998 autem
869 973 967 1000 Graece
985 974 1083 1000 dicitur
1105 973 1133 1000 τὸ
1144 979 1179 998 20
1198 974 1334 1009 perficere.
1430 977 1582 1011 Suscipere,
1603 978 1758 1010 instituere,
1775 986 1800 1005 et
1815 980 1940 1014 perficere
1953 982 2068 1017 aliquam
2088 995 2145 1013 rem
2172 987 2246 1014 Idem

83 1004 246 1040 κερικέδιλον,
266 1008 338 1042 quod
352 1008 434 1035 stolae
459 1009 582 1044 (fabric.
596 1011 690 1043 togae)
713 1007 900 1040 subsucbatur,
928 1018 979 1044 qua
998 1015 1134 1037 matronae
1197 1011 1269 1036 Fam.
1282 1020 1302 1041 ς,
1316 1019 1352 1036 12.
1410 1012 1442 1037 Et
1455 1012 1554 1038 vidi-eur
1570 1013 1669 1039 verbum
1683 1017 1710 1038 in
1723 1013 1830 1048 officinis
1845 1024 1943 1049 ortum,
1963 1019 2005 1044 vbi
2017 1023 2099 1054 primo
2111 1021 2246 1054 instituunt

84 1041 243 1069 vtebantur:
279 1044 419 1070 eratenim
439 1044 583 1071 tenuiffima
596 1043 717 1074 fasciola,
743 1052 811 1078 quae
825 1050 971 1077 praeteXtae
991 1045 1134 1072 adiicieba-
1197 1046 1258 1072 rude
1276 1053 1335 1081 opus
1351 1052 1474 1080 textores,
1490 1048 1585 1084 figuli,
1603 1046 1745 1080 statuarii,
1766 1049 1894 1084 peiores,
1923 1053 1990 1087 quod
2005 1055 2092 1081 deinde
2109 1059 2244 1092 expoliant,

83 1082 128 1102 tur
147 1077 246 1110 (fabr.
268 1087 336 1113 quae
348 1085 482 1114 praetexta
495 1079 603 1112 dicitur,
623 1081 663 1105 cui
676 1078 834 1115 consentiunt
846 1079 916 1105 editt.
924 1081 1104 1116 antiqmffimae
1105 1081 1135 1142 1)
1195 1079 1218 1143 ἓ
1241 1089 1258 1107 2
1293 1081 1339 1108 scd
1364 1082 1476 1116 praestat
1505 1087 1676 1109 elementorum
1695 1084 1782 1110 ordine
1811 1089 1884 1111 etiam
1910 1088 1951 1113 hic
1968 1096 2059 1123 ponere
2078 1092 2244 1125 Substantias.

83 1113 209 1139 Noramus
221 1114 276 1145 bic,
303 1120 355 1140 eam
369 1115 421 1141 dici
436 1114 502 1151 pqffi‘
519 1115 616 1142 vestem
635 1113 784 1146 subitum,
807 1117 848 1140 cui
861 1115 948 1142 instita
970 1116 1069 1142 adiebla
1083 1118 1104 1149 ej
1125 1136 1134 1149 ,
1221 1116 1337 1143 &ionem
1356 1117 1493 1144 instituere
1537 1118 1597 1152 le.
1622 1119 1651 1144 in
1674 1118 1690 1144 l.
1718 1119 1757 1145 De
1779 1119 1871 1146 eadem
1894 1122 1926 1148 D.
1951 1123 1983 1149 de
2005 1133 2103 1160 except.
2129 1129 2168 1154 rei
2187 1129 2243 1156 iud.

81 1155 154 1182 quam
167 1148 245 1184 ipsium
257 1149 375 1176 institam
389 1149 452 1184 vqsli
465 1151 527 1187 fime
545 1150 684 1177 subsutam.
743 1149 840 1176 Deinde
862 1151 1032 1178 Fabricianum
1050 1152 1134 1178 leflio-
1151 1153 1183 1179 25
1197 1151 1340 1178 Actionem
1365 1153 1456 1179 Iustiu.
1470 1153 1507 1184 l.4
1526 1153 1588 1179 Tit.
1603 1153 1634 1180 de
1648 1162 1731 1189 poena
1744 1160 1807 1181 tem.
1820 1155 1889 1190 litig.
1998 1160 2121 1188 Auiones
2139 1164 2243 1198 leian.

80 1190 135 1208 nem
149 1189 226 1217 togae
237 1187 359 1211 meliorem
367 1193 500 1222 putamus,
513 1192 537 1212 et
549 1186 581 1221 ,β
591 1188 719 1221 pieamur,
743 1194 805 1220 quae
823 1190 884 1220 toga
901 1185 956 1219 estet
975 1189 1039 1213 alim
1048 1207 1057 1220 ,
1083 1197 1134 1214 eam
1191 1188 1213 1214 ¹l.
1229 1188 1390 1222 Pomponius
1402 1187 1443 1224 §.1
1459 1189 1489 1214 D.
1505 1188 1536 1214 de
1550 1189 1747 1216 Procuratorib.
1865 1191 1921 1218 Cic.
1936 1192 2007 1219 Fam.
2024 1203 2047 1227 ¹3
2057 1215 2063 1226 ,
2078 1201 2102 1226 ¹8
2133 1198 2202 1225 Nam
2218 1206 2244 1226 eg

78 1216 241 1254 stolam-fieri
254 1221 382 1247 accedente
396 1221 528 1257 etsubfit'ta
542 1224 579 1254 ins
593 1224 638 1247 ita.
692 1221 803 1256 Denique
817 1224 890 1247 etiam
910 1225 936 1247 in
949 1223 994 1248 hoc
1003 1221 1132 1258 pratstare
1196 1223 1322 1250 Amicitia
1334 1231 1456 1258 peruetus
1470 1224 1538 1250 mihi
1557 1233 1616 1250 euni
1630 1234 1662 1251 eo
1676 1225 1727 1257 est,
1752 1230 1781 1252 vt
1794 1225 1910 1259 primum
1928 1229 1956 1254 in
1971 1229 2061 1256 forum
2075 1232 2151 1266 veni,
2172 1234 2244 1261 iusti.

80 1253 256 1281 Fabricianum
269 1253 412 1288 stelionem,
438 1256 503 1292 quod
518 1265 567 1282 non
586 1261 735 1291 praetextae
749 1256 831 1283 adiici
846 1257 976 1290 institam,
996 1258 1045 1294 scd
1053 1258 1132 1293 ipsam
1194 1263 1260 1286 tuta.
1365 1260 1415 1285 Pro
1429 1259 1516 1286 nostra
1531 1269 1585 1286 non
1597 1261 1731 1293 instituta,
1758 1261 1798 1287 sed
1816 1262 1869 1288 iam
1882 1263 2028 1292 inueterata
2049 1268 2174 1295 Amicitia
2203 1270 2243 1297 ld.

79 1287 197 1316 institam
210 1297 388 1324 praetextam,
406 1291 435 1318 id
446 1291 490 1325 est,
507 1290 611 1324 affictam
624 1294 685 1317 etin
698 1301 742 1318 ora
757 1298 879 1319 attextum
893 1300 1009 1329 tanquam
1022 1295 1133 1324 limbum,
1194 1294 1262 1321 ibid.
1276 1303 1297 1326 3,
1311 1303 1336 1327 9.
1373 1295 1427 1321 vid.
1440 1295 1476 1321 ibi
1488 1296 1596 1322 Gronou.
1673 1297 1729 1322 Cic.
1744 1297 1821 1323 Verr.
1836 1306 1864 1330 4,
1878 1306 1905 1324 21
1934 1300 2027 1327 Fecisti
2042 1302 2105 1329 item
2119 1305 2157 1331 vti
2172 1313 2244 1339 prae-

77 1322 153 1350 dicit.
208 1327 257 1352 Res
275 1326 309 1359 est
327 1327 445 1363 obscura:
474 1327 523 1363 sed
542 1327 684 1353 videbamur
701 1327 788 1360 nobis,
803 1327 832 1360 fi
844 1332 899 1364 quis
910 1329 980 1355 nobis
994 1329 1051 1362 det,
1072 1338 1131 1365 quae
1148 1335 1182 1360 30
1195 1329 1276 1356 dones
1289 1331 1388 1356 solent:
1423 1331 1470 1365 qui
1489 1339 1571 1365 quum
1589 1340 1743 1358 communes
1762 1331 1847 1358 hostes
1868 1333 1916 1360 sint
1933 1336 2069 1368 omnium,
2093 1344 2179 1366 tamen
2197 1340 2244 1367 ali.

76 1357 204 1393 diximus,
229 1364 305 1388 multa
318 1362 471 1398 intelligere,
490 1371 564 1397 quam
576 1362 656 1389 adhuc
662 1361 767 1398 fabium
782 1362 826 1396 est,
848 1365 940 1390 melius.
995 1366 1132 1400 Pergamus
1195 1374 1263 1400 quos
1276 1365 1325 1392 fibi
1341 1366 1482 1392 instituunt
1495 1367 1619 1399 Amicos,
1641 1367 1738 1401 quibus
1751 1376 1805 1393 non
1819 1368 1901 1394 modo
1914 1377 2035 1405 parcant,
2054 1381 2148 1401 verum
2162 1376 2243 1403 etiam

74 1394 110 1420 ad
122 1396 174 1422 alia
185 1395 333 1429 testimonia.
403 1396 487 1424 Ouid.
497 1398 553 1424 Art.
563 1399 622 1424 Am.
632 1406 680 1430 ι,3ι
700 1398 757 1424 Este
770 1399 863 1433 procul
873 1399 954 1426 vittae
967 1405 1068 1430 tenues,
1091 1400 1132 1426 in·
1195 1401 1293 1436 praeda
1306 1409 1373 1435 quos
1387 1408 1506 1436 augeant.
1597 1402 1732 1437 Amphora
1752 1403 1841 1437 coepit
1860 1404 1962 1431 institui
1983 1415 2105 1435 currente
2123 1417 2183 1438 rota
2197 1420 2244 1439 cur

77 1429 149 1464 signe
169 1431 293 1465 pudoris,
319 1433 449 1467 Qlaeque
465 1434 529 1467 tegis
550 1433 670 1465 medios,
691 1433 779 1460 instita
795 1434 887 1469 longa,
915 1435 1001 1469 pedes.
1060 1437 1132 1471 Toga
1193 1445 1288 1463 vrceus
1302 1437 1373 1463 exit?
1411 1440 1479 1464 Hor.
1495 1437 1525 1463 de
1540 1438 1603 1464 Arte
1617 1439 1687 1464 Poet.
1703 1446 1744 1464 22..
1838 1439 1906 1466 Ter.
1921 1440 2025 1469 Phorm.
2041 1452 2067 1476 ι,
2086 1452 2115 1478 ς,
2138 1454 2167 1473 10
2204 1448 2243 1474 lta

74 1466 249 1493 libertinarum
261 1467 296 1493 ad
315 1467 408 1494 medios
426 1475 523 1495 tantum
534 1469 610 1503 pedes
623 1468 764 1504 descendit,-
799 1470 887 1496 instita
902 1471 995 1505 longa,
1022 1478 1131 1505 metony-
1194 1473 1251 1498 sum
1264 1472 1391 1503 irritatus,
1414 1473 1543 1499 Animum
1556 1479 1584 1499 vt
1599 1474 1728 1507 nequeam
1744 1473 1775 1499 ad
1791 1475 1959 1509 cogitandum
1971 1477 2117 1506 instituere.
2170 1482 2242 1510 Adel.

74 1503 152 1533 mic-e,
170 1510 231 1537 quae·
239 1502 358 1538 producit
371 1510 394 1529 et
405 1504 584 1540 longamsacit
595 1510 694 1539 togam,
713 1510 743 1530 vt
756 1505 899 1540 Stolafiat‚
919 1506 1021 1533 medios
1035 1506 1129 1541 pedes,
1148 1509 1177 1536 35
1195 1507 1264 1534 Ibid.
1281 1517 1303 1540 2,
1318 1516 1339 1540 1,
1350 1516 1386 1534 10.
1458 1509 1487 1534 In
1501 1508 1600 1534 Animo
1626 1509 1693 1535 Ter.
1709 1508 1819 1543 Adelph.
1835 1518 1854 1542 ι,
1870 1519 1888 1541 ι,
1904 1520 1935 1543 ι3.
2025 1515 2140 1542 Arbores
2171 1517 2242 1545 Suet.

71 1536 180 1563 incestos
193 1544 269 1573 toga,
287 1539 355 1564 velat
367 1548 397 1564 ac
408 1542 481 1574 tegit.
573 1540 643 1565 Hinc
654 1538 816 1576 eodemftnfit
828 1541 913 1568 Trist.
929 1550 960 1574 2,
976 1550 1025 1575 241
1057 1544 1130 1576 Qias
1194 1543 1271 1570 Galb.
1286 1552 1307 1569 c.
1318 1551 1337 1569 1.
1442 1544 1523 1570 Plaut.
1538 1544 1615 1570 Most.
1630 1553 1653 1574 1,
1667 1553 1693 1576 2,
1708 1553 1717 1570 1
1750 1545 1911 1572 Recordatus
1924 1547 2053 1580 multum,
2074 1557 2099 1577 et
2111 1552 2156 1578 diu
2171 1554 2243 1588 cogi-

73 1571 141 1598 stola
154 1574 273 1607 contingi
289 1574 427 1607 sumtaque
441 1573 508 1600 vitta
521 1579 602 1600 vetat.
644 1574 701 1601 Vid.
725 1582 739 1601 s
749 1581 771 1600 Τ
782 1581 801 1601 0
811 1582 827 1601 L
836 1583 868 1603 A.
942 1579 1008 1603 Hinc
1019 1583 1067 1612 pro
1079 1587 1130 1603 mu·
1196 1579 1269 1611 taui,
1289 1579 1502 1613 Argumentaque
1514 1579 1598 1605 multa
1611 1579 1640 1605 in
1652 1581 1742 1614 pec-“tus
1756 1580 1859 1606 institui
1875 1590 1932 1616 ego,
1953 1589 2031 1618 atque
2044 1585 2072 1612 in
2084 1588 2162 1614 corde
2174 1598 2243 1616 meo,

72 1613 148 1633 trona
157 1608 357 1643 ponitlustitam
370 1609 434 1634 idem
443 1611 518 1635 Pot‘ea
526 1609 558 1635 de
567 1610 630 1636 Arte
638 1610 697 1636 Am.
705 1618 731 1642 2,
742 1612 795 1636 600
812 1611 948 1639 Innostris
960 1613 1049 1638 instita
1056 1613 1130 1639 nulla
1193 1614 1268 1641 Idem
1282 1613 1358 1648 Epid.
1371 1622 1383 1646 3
1393 1634 1400 1646 ,
1420 1623 1449 1647 2,
1469 1622 1502 1649 27
1533 1616 1631 1640 Verum
1646 1624 1715 1641 nunc
1730 1615 1778 1649 ego
1790 1616 1918 1643 Astutiam
1933 1617 1999 1645 hanc
2014 1620 2130 1649 institui:
2165 1623 2243 1650 deue-

74 1642 152 1669 iocis.
226 1645 347 1677 Manent,
374 1654 432 1680 ergo
453 1644 569 1670 institam
586 1644 655 1670 illam
674 1647 802 1680 antiquam
816 1647 925 1674 Horatii
939 1654 963 1674 et
977 1648 1072 1674 Ouidii
1086 1647 1130 1681 effi?
1191 1650 1281 1682 niam,
1311 1657 1356 1675 etc.
1463 1650 1622 1676 Auctionem
1655 1650 1712 1677 Cic.
1727 1651 1780 1677 Att.
1795 1659 1828 1685 7,
1843 1660 1855 1683 3
1876 1662 1900 1686 p.
1915 1656 1963 1687 672
1992 1656 2079 1682 Graeu.
2189 1660 2243 1684 Au-

66 1677 182 1714 fasciam
190 1679 259 1715 satit
272 1681 367 1712 latam,
392 1689 452 1715 quae
465 1686 541 1714 togae
554 1679 658 1706 subsuta
675 1680 769 1706 stolam
784 1680 892 1715 efficiat,
916 1684 957 1710 vc!
966 1683 1128 1715 certestolam
1144 1691 1182 1715 40
1193 1685 1295 1712 ditoria
1307 1685 1445 1710 instituere
1476 1685 1545 1711 Suet.
1559 1685 1636 1711 Rhet.
1651 1688 1683 1717 6,
1704 1695 1726 1717 3.
1829 1687 1884 1713 Cic.
1906 1689 1984 1714 Acad.
2005 1698 2030 1722 ι,
2048 1700 2080 1724 43
2111 1692 2178 1718 Cum
2196 1695 2244 1720 Ze-

71 1715 140 1740 velut
149 1714 283 1748 producat,
297 1721 326 1741 ut
340 1724 367 1740 ea
380 1717 460 1748 talos,
485 1719 593 1751 imosque
607 1715 683 1750 pedet
700 1722 779 1752 tegat.
836 1719 890 1743 Hoc
908 1717 942 1751 est
958 1717 1086 1754 περιπόδιον
1101 1721 1129 1744 in
1191 1729 1279 1752 none,
1309 1721 1432 1754 inquam,
1467 1726 1495 1746 vt
1518 1720 1681 1753 accepimus,
1708 1720 1832 1746 Arcesilas
1859 1721 1907 1747 sibi
1936 1731 2017 1750 omne
2041 1726 2180 1753 Certamen
2203 1730 2244 1755 in.

71 1749 132 1775 vet.
145 1749 186 1775 Gl.
202 1757 226 1776 et
237 1748 392 1784 περιπέδιλον.
450 1752 524 1777 Hanc
537 1750 634 1785 pallam
646 1758 720 1777 vocat
731 1752 825 1778 Horat.
841 1753 892 1779 Sat.
907 1761 927 1786 ι,
942 1762 964 1786 2,
977 1762 1011 1788 99
1029 1751 1128 1787 streete
1193 1756 1295 1788 stituit,
1324 1764 1379 1781 non
1410 1755 1552 1788 pertinacia
1583 1763 1627 1780 aut
1655 1754 1742 1781 studio
1772 1755 1911 1786 vincendi,
1955 1765 2000 1785 ete.
2081 1762 2138 1788 Wd,
2171 1763 2242 1791 Suet,

71 1786 143 1819 capio
155 1786 214 1812 Vet.
229 1785 315 1812 Sehol.
331 1785 400 1813 Palla
418 1795 467 1820 pro
479 1786 612 1821 peripodio
631 1787 733 1820 posuit,
760 1787 833 1821 quod
851 1788 944 1814 dicunt
957 1790 1061 1815 tunicae
1075 1788 1129 1822 pal·
1193 1791 1328 1816 Nerone
1339 1798 1372 1819 12,
1389 1794 1411 1818 8.
1446 1795 1470 1814 et
1478 1789 1579 1814 Domit.
1587 1798 1608 1813 e.
1616 1798 1644 1821 4,
1656 1797 1682 1820 9.
1754 1790 1884 1817 Ciuitates
1898 1792 2043 1826 instituere,
2061 1802 2087 1822 et
2099 1797 2167 1831 leges
2182 1801 2243 1826 scri.

70 1819 149 1846 lium.
206 1822 246 1848 Sic
267 1831 315 1847 non
333 1821 390 1857 sola
411 1828 488 1856 toga,
510 1821 560 1858 sed
578 1826 664 1848 tunica
683 1824 757 1847 etiam
769 1822 842 1856 fitam
861 1823 978 1849 institam
998 1824 1128 1848 habuerit:
1190 1825 1254 1850 bere
1286 1824 1343 1849 Cic.
1359 1823 1391 1848 de
1405 1823 1478 1848 Orat.
1494 1831 1519 1855 1,
1532 1825 1573 1852 86.
1603 1858 1608 1862 .
1644 1823 1810 1858 Collegium,
1833 1832 1882 1860 pro
1896 1837 1934 1859 ω,
1947 1830 2012 1863 quod
2023 1832 2136 1858 Fundare
2154 1834 2242 1862 dicum

70 1855 136 1890 quod
149 1858 176 1880 in
189 1856 266 1882 medio
278 1857 448 1891 relinquimus.
622 1854 644 1892 ff
663 1864 680 1882 2
715 1856 806 1882 Instita
818 1860 892 1882 etiam
904 1857 933 1882 de
945 1858 996 1882 alio
1010 1860 1077 1882 omni
1089 1857 1127 1881 fa·
1142 1864 1176 1890 45
1190 1858 1257 1884 Plin.
1269 1858 1348 1892 Epist.
1365 1866 1410 1889 ιο,
1431 1866 1467 1887 52.
1498 1892 1502 1896 ⁵
1577 1857 1634 1884 Cic.
1649 1859 1702 1884 Att.
1720 1867 1729 1884 1
1741 1881 1748 1893 ‚
1763 1869 1772 1886 1
1804 1861 1836 1886 Et
1849 1862 1936 1895 postea
1953 1866 2058 1897 prorsus
2071 1867 2104 1893 ab
2120 1864 2240 1897 instituta

69 1889 183 1915 sciarum
198 1899 285 1926 genere
298 1890 401 1916 dicitur.
445 1891 475 1916 V.
487 1899 514 1926 g.
534 1890 564 1915 de
576 1890 627 1916 illis
638 1910 646 1922 ,
666 1890 753 1925 quibus
767 1890 932 1917 intenduntur
943 1890 1012 1917 [ccli.
1083 1891 1128 1917 Pe·
1190 1893 1279 1920 nostra
1288 1913 1296 1924 ‚
1317 1901 1462 1930 paucorum
1477 1891 1581 1919 dierum
1595 1894 1793 1920 Consuetudine
1808 1896 1886 1930 longe
1899 1899 2006 1932 refugit.
2105 1903 2239 1933 Conuiuia

69 1929 142 1952 tron.
157 1933 192 1959 97
230 1925 363 1959 imperaui
384 1925 493 1957 Gitoni,
514 1932 544 1951 vt
558 1925 654 1959 raptim
667 1925 806 1959 grabatum
819 1925 934 1958 subiret,
961 1925 1128 1952 annetsteret-
1191 1929 1260 1955 Suet.
1268 1929 1330 1955 Tit.
1347 1938 1368 1954 c.
1376 1936 1402 1961 7,
1414 1935 1435 1959 ς.
1533 1928 1646 1953 Cursum
1674 1929 1740 1954 Ter.
1754 1929 1860 1957 Phorm.
1878 1941 1900 1965 ς,
1913 1935 1940 1965 6,
1954 1939 1976 1963 8.
2075 1937 2131 1964 Cic.
2146 1949 2193 1973 pro
2207 1942 2238 1968 L.

71 1969 123 1994 que
137 1956 213 1995 pedes
227 1967 253 1986 et
264 1968 357 1986 manus
371 1960 486 1993 institis,
503 1960 601 1995 quibus
614 1960 712 1995 sponda
726 1961 850 1986 culcitam
863 1961 977 1993 ferebat,
994 1968 1039 1987 etc.
1095 1963 1128 1986 Et
1189 1964 1286 1989 Manil.
1305 1972 1328 1989 c.
1343 1971 1373 1995 ¹4
1400 1963 1462 1988 Non
1477 1962 1588 1988 auaritia
1606 1962 1639 1988 ab
1652 1963 1773 1990 instituto
1788 1966 1872 1992 Cursu
1885 1968 1917 1994 ad
1930 1968 2052 2003 praedam
2067 1972 2182 2008 aliquam
2198 1985 2239 2002 re-

69 2004 133 2021 c.20
157 1997 225 2021 Duas
239 1996 340 2021 institas
352 1995 447 2022 ancilla
459 1995 572 2030 protulit
585 1995 616 2021 de
629 1995 701 2027 sinu,
720 1995 857 2030 alteraque
872 1997 949 2030 pedes
957 1996 1059 2021 nostros
1068 1995 1127 2021 alli·
1190 1999 1314 2030 vocauit,
1344 2006 1398 2023 non
1420 1996 1508 2022 libido
1532 1997 1564 2023 ad
1590 1998 1771 2033 voluptatem,
1803 2008 1849 2028 etc.
1967 2005 2040 2040 Virg.
2055 2009 2120 2035 Aen.
2140 2017 2172 2044 7,
2191 2020 2238 2045 ¹09

70 2032 159 2065 gauit‚
179 2031 260 2057 altera
273 2039 375 2057 manus.
467 2031 530 2057 Stat.
543 2030 636 2057 Theb.
650 2038 667 2065 7
678 2050 686 2063 ,
699 2032 750 2063 634
777 2030 897 2062 Candida
908 2031 1050 2065 pampineo
1067 2030 1125 2056 sub-
1138 2036 1172 2063 30
1346 2034 1466 2066 Corpora
1486 2032 1531 2058 sub
1550 2033 1630 2059 ramis
1652 2035 1788 2068 deponunt
1806 2036 1911 2063 arboris
1929 2038 2013 2072 altae,

68 2066 187 2093 nectitur
206 2066 294 2093 instita
315 2066 388 2100 pilo,
426 2069 446 2092 i.
466 2065 561 2102 thyrso.
679 2065 799 2091 Scribon.
823 2066 917 2102 Comp.
935 2074 973 2098 133
1010 2066 1125 2100 Oportet
1343 2068 1540 2101 Instituuntque
1560 2069 1650 2102 dapes,
1670 2076 1695 2096 et
1713 2071 1810 2097 adorea
1829 2071 1885 2098 liba
1902 2082 1949 2107 per
1967 2073 2061 2103 herbas

68 2108 193 2128 ventrem
205 2102 337 2136 hydropici
354 2100 533 2135 constringere
552 2106 627 2127 extra
640 2100 730 2127 instita
744 2100 830 2136 longa.
917 2101 948 2127 L.
962 2110 991 2134 23
1019 2101 1104 2127 Vestis
1115 2121 1125 2134 ,
1345 2103 1496 2129 Subiiciunt
1521 2103 1614 2136 epulis.

71 2135 95 2173 ᾧ.
112 2146 121 2163 ι
152 2137 184 2163 de
197 2146 263 2163 auro
277 2142 304 2163 et
316 2145 370 2171 arg.
385 2137 434 2171 leg.
463 2137 570 2164 Institae
577 2137 642 2172 sunt
653 2138 720 2163 inter
732 2146 775 2169 ea,
799 2145 865 2171 quae
878 2136 994 2163 vestibus
1007 2136 1124 2175 acceffio—
1188 2138 1262 2164 Caes.
1277 2138 1305 2163 B.
1321 2137 1352 2163 C.
1367 2146 1385 2168 1,
1400 2140 1428 2176 16
1456 2138 1553 2177 Caesar
1565 2137 1690 2172 conquiri
1704 2139 1813 2172 milites,
1834 2141 1880 2176 qui
1893 2142 1927 2170 ab
1939 2153 1972 2171 eo
1985 2145 2164 2182 discesserant,
2185 2152 2235 2178 De-

68 2172 111 2198 nis
127 2173 186 2199 loco
201 2172 306 2199 cedunt.
398 2172 539 2206 Vulg.1nt.
556 2173 594 2198 Io.
611 2180 651 2204 11,
672 2180 710 2206 44
742 2171 771 2197 de
784 2173 883 2198 Lazaro
897 2178 993 2198 mortuo
1015 2173 1124 2204 Ligatus
1186 2172 1340 2205 lectumque
1359 2172 1463 2198 institui
1483 2172 1566 2199 lubet.
1661 2174 1833 2209 Diligentiam
1854 2178 1992 2207 instituere
2010 2192 2057 2208 non
2076 2184 2143 2210 dixit
2177 2187 2236 2214 Cic.

69 2217 162 2234 manus
177 2214 203 2234 et
217 2207 294 2243 pedes
307 2207 420 2239 institis,
441 2209 544 2243 κειρίοως.
601 2206 744 2233 ‘Caeterum
764 2207 853 2233 instita
872 2206 981 2233 Horatii
995 2215 1024 2231 ac
1038 2206 1123 2243 Naso·
1140 2207 1170 2234 53
1185 2207 1257 2233 Fam.
1274 2209 1312 2238 16,
1329 2215 1370 2233 20.
1407 2206 1472 2242 quod
1483 2210 1509 2233 in
1524 2208 1631 2235 hocloco
1645 2217 1789 2236 annotatum
1802 2220 1873 2242 cram
1902 2215 1950 2250 fid
1961 2219 2012 2248 ita,
2036 2218 2150 2247 Confido
2166 2221 2181 2246 si
2197 2223 2236 2248 di-

66 2243 109 2270 nis
123 2247 197 2270 etiam
210 2244 244 2270 ad
255 2244 301 2270 boc
311 2253 388 2280 genus
401 2242 642 2279 referendafuerit,
660 2248 685 2267 et
697 2239 1123 2276 cruralemfasciamfignificahit,
1184 2242 1339 2276 ligentiam,
1365 2252 1443 2278 quam
1466 2243 1602 2281 instituisti
1633 2245 1704 2278 (int.
1717 2246 1861 2279 adhibere)
1889 2250 2058 2286 adhibueris,
2085 2255 2138 2281 cito
2152 2262 2176 2282 te
2191 2257 2235 2284 fir.

60 2279 88 2315 st
100 2278 204 2313 verastt
221 2278 294 2306 letho
316 2280 436 2310 Horatii,
459 2278 525 2313 quod
537 2275 667 2312 praestare
677 2285 726 2301 non
737 2275 812 2309 aufim
831 2284 842 2301 e
860 2275 956 2306 uidem,
975 2285 1052 2336 §uam
1068 2278 1123 2311 qui·
1184 2286 1259 2304 mum
1272 2278 1340 2304 fore.
1412 2279 1507 2312 Epulas
1537 2279 1582 2305 Sil.
1600 2289 1628 2312 il,
1643 2289 1696 2314 27?-
1804 2283 1961 2318 Exemplum
1989 2287 2054 2314 Plin.
2065 2290 2139 2324 Epist.
2155 2302 2233 2326 4,29.

69 2315 126 2341 dam
140 2316 200 2341 libri
211 2315 298 2341 Seruii
308 2313 408 2345 habent,
421 2315 568 2338 nominatim
586 2311 731 2337 Fabriciani
744 2317 767 2337 et
780 2311 837 2347 step
844 2313 945 2337 ,aniani
958 2320 973 2337 a
1011 2312 1075 2336 Aen.
1090 2319 1121 2342 2,
1185 2313 1242 2339 Cic.
1257 2321 1307 2347 pro
1320 2313 1424 2339 Caecin.
1440 2321 1466 2346 53
1496 2315 1623 2341 Probauit
1635 2315 1760 2342 omnibus
1778 2318 1814 2344 M,
1828 2319 1950 2353 Curium,
1975 2323 2021 2356 qui
2034 2325 2116 2351 Heres
2131 2327 2234 2355 instim-

67 2353 115 2377 616
140 2351 260 2383 Qiarum
273 2348 410 2375 substrieta
427 2348 494 2374 talos
506 2353 577 2381 tegat
598 2346 686 2373 instita
700 2346 779 2372 veste.
852 2346 980 2373 Sententia
997 2348 1061 2371 enim
1076 2345 1121 2381 fo·
1183 2354 1224 2374 tus
1239 2349 1317 2380 esl'et,
1334 2350 1386 2380 ita,
1404 2356 1450 2375 etc.
1493 2349 1551 2376 vid.
1573 2357 1617 2377 ΗΕ
1631 2357 1649 2376 R
1660 2358 1676 2376 Ε
1686 2358 1708 2376 s.
1816 2354 1948 2382 Heredem
1962 2367 1993 2383 ex
2008 2361 2072 2392 asse,
2093 2363 2133 2388 uel
2146 2365 2232 2390 omni.

64 2392 113 2418 νει,
126 2394 229 2420 quarum
241 2387 314 2410 etiam
321 2381 461 2420 'Jiabstrifla
473 2381 537 2415 veste
550 2391 599 2408 non
616 2387 753 2416 appareant
763 2380 833 2419 nuder
843 2391 934 2412 crura,
961 2384 1049 2416 quippe
1062 2390 1122 2415 quae
1137 2383 1172 2407 60
1183 2383 1232 2410 bus
1245 2383 1323 2410 bonis
1355 2385 1421 2410 Plin.
1434 2384 1513 2418 Epist.
1526 2393 1553 2417 ς,
1572 2393 1592 2411 1.
1647 2386 1720 2411 Idem
1741 2394 1773 2421 7,
1791 2391 1831 2420 36.
1938 2393 2055 2421 Historia
2068 2396 2170 2425 institui
2183 2399 2231 2426 nifi

65 2427 187 2456 tegantur*
207 2417 313 2453 institis.
381 2418 455 2452 Qcod
477 2420 552 2443 etiam
573 2416 753 2443 accommodari
769 2414 850 2452 postet
873 2416 908 2442 ad
930 2416 1019 2443 Ouidii
1041 2416 1120 2449 illud,
1183 2425 1337 2453 praeparato
1348 2419 1408 2445 otio
1422 2428 1476 2445 non
1490 2420 1584 2453 potest,
1601 2429 1648 2446 nec
1657 2422 1754 2455 exiguo
1768 2430 1887 2458 tempore
1901 2426 2003 2455 absolui
2027 2431 2083 2458 Cic.
2097 2432 2128 2459 de
2136 2434 2230 2468 Legib.

65 2457 197 2490 Qaeque
218 2455 285 2489 tegis
306 2453 409 2480 medios
433 2452 523 2478 instita
545 2452 624 2485 longa
644 2451 732 2486 pedeS.
806 2452 873 2477 Huic
889 2451 1030 2488 fintentiae
1042 2451 1120 2487 fauet
1184 2463 1205 2486 1,
1218 2463 1243 2486 9,
1306 2454 1383 2480 *Ten
1398 2454 1510 2488 Adelph.
1526 2463 1545 2487 ι,
1562 2464 1582 2488 1,
1596 2465 1620 2488 ¹3
1647 2457 1715 2490 Vah,
1735 2467 1931 2494 quemquamne
1945 2463 2124 2494 hominemJn
2138 2471 2230 2498 animo

64 2495 140 2518 etiam
159 2490 291 2525 appellatio
309 2486 470 2523 περιπέδὶλον,
494 2484 640 2521 περιπόδιον,
664 2496 724 2523 quae
735 2486 830 2521 similis
848 2485 882 2520 est
901 2488 954 2513 illis
972 2487 1120 2529 nffccmk's,
1180 2489 1334 2529 instituere,
1352 2494 1398 2516 aut
1413 2498 1504 2530 parare
1517 2491 1591 2524 quod
1602 2491 1632 2531 sit
1646 2493 1747 2525 carius,
1768 2503 1846 2528 quam
1859 2497 1913 2530 ipsc
1922 2498 1957 2524 est
1972 2499 2038 2526 sibi?
2092 2503 2147 2530 Cic.
2158 2506 2228 2532 Fam.

65 2525 227 2561 περικνῆμιογ,
250 2532 274 2550 et
288 2524 405 2560 fasciae,
426 2532 474 2558 qua
493 2522 653 2549 obuoluantur
665 2522 754 2558 pedes,
774 2523 880 2558 pulchre
891 2529 1015 2549 conuenit.
1070 2521 1121 2550 Sed
1182 2532 1217 2557 ις,
1233 2532 1246 2557 5·
1272 2525 1397 2551 Instituto
1410 2527 1509 2552 Itinere
1524 2528 1688 2553 securitatem
1702 2528 1920 2566 diligentiamque
1935 2535 2012 2561 sociis
2026 2543 2051 2562 et
2069 2538 2142 2573 Reip.
2155 2549 2228 2574 prae.

58 2563 128 2600 fatis
142 2559 190 2594 est,
210 2569 254 2587 nec
264 2563 328 2586 enim
340 2559 369 2585 de
382 2558 536 2585 Periscelide
550 2558 788 2594 Britannia-aserim
802 2556 845 2592 qli.
1131 2557 1164 2591 65
1180 2560 1226 2586 sta.
1282 2561 1337 2587 Iter
1352 2561 1501 2587 institutum
1514 2571 1637 2596 rumpere
1670 2563 1737 2590 Hor,
1753 2565 1840 2592 Carm-
1854 2575 1878 2599 3,
1892 2576 1935 2602 27,
1948 2578 1969 2602 ς.
2065 2573 2161 2608 Legem
2176 2577 2227 2603 mi-

103 2603 114 2622 1
128 2603 148 2622 Ν
161 2604 174 2623 s
186 2602 209 2622 Τ
222 2602 281 2623 1T1
292 2600 313 2622 ο
322 2615 331 2628 ,
360 2594 415 2620 vid.
435 2602 444 2620 1
454 2601 497 2621 Ns
507 2602 516 2620 1
525 2601 537 2620 S
546 2600 567 2620 T
579 2599 610 2620 0.
1180 2604 1260 2630 quam
1273 2601 1299 2622 et
1312 2597 1438 2623 miseram
1450 2596 1631 2623 conditionem
1647 2599 1770 2632 periculis
1785 2600 1923 2629 hominum
1938 2604 2074 2633 instituere
2107 2611 2161 2637 Cic.
2175 2621 2225 2646 pro

104 2638 215 2659 1NST1
227 2638 249 2658 'r
262 2637 282 2657 o
293 2651 301 2662 ‚
320 2634 373 2657 are.
410 2630 550 2664 Frequent.
605 2629 679 2655 Caes.
692 2629 721 2655 B.
735 2629 767 2655 G.
781 2637 807 2659 1,
820 2635 852 2662 ις
884 2628 984 2656 Rursus
996 2627 1118 2655 institare
1180 2631 1302 2658 Muraen.
1317 2634 1361 2657 60.
1443 2632 1531 2659 Litem
1562 2633 1733 2667 Triphonius
1749 2635 1775 2661 in
1790 2636 1805 2661 1.
1822 2637 1903 2665 Filius
1917 2640 1949 2666 D,
1965 2641 1997 2667 de
2009 2642 2108 2671 inoffic.
2124 2647 2225 2674 testam·

64 2672 92 2696 et
104 2667 235 2702 praelium
249 2666 440 2700 redintegrare.
475 2666 518 2692 Al.
533 2664 641 2691 Instare.
1178 2665 1267 2693 Ludos
1284 2667 1398 2693 instituit
1412 2667 1512 2694 celebri
1530 2669 1676 2695 certamine
1711 2671 1793 2697 Ouid.
1808 2673 1871 2699 Met.
1885 2683 1911 2707 1,
1923 2680 1987 2709 446.
2079 2681 2225 2711 Met-catum

103 2710 113 2728 1
127 2710 146 2728 Ν
160 2710 172 2729 s
182 2709 202 2727 Τ
212 2703 256 2729 sT
269 2708 288 2728 O
299 2708 317 2728 R
327 2721 335 2734 ,
356 2701 420 2727 oris.
453 2710 490 2726 m.
532 2700 673 2731 [κοξπηλος,
691 2698 899 2733 παλιγκάπηλος]
954 2699 1118 2733 Negotiator
1179 2701 1352 2729 domesticum
1364 2711 1455 2729 rerum
1468 2703 1618 2738 aliquarum
1641 2706 1697 2731 Cic.
1711 2705 1824 2742 Philipp.
1837 2717 1859 2741 3,
1870 2719 1907 2740 30.
2025 2714 2096 2741 Caes.
2114 2717 2140 2743 B.
2158 2719 2180 2745 G
2203 2727 2217 2752 ς

66 2739 210 2774 appellatus
224 2746 255 2764 ex
270 2746 302 2763 eo
316 2737 352 2763 est
371 2737 422 2770 (ve
434 2739 472 2763 ait
483 2735 588 2769 leian.
602 2735 639 2766 l.3
654 2736 686 2762 D.
701 2735 733 2760 de
746 2734 883 2760 Institoria
895 2734 1019 2765 aelione)
1043 2733 1115 2768 quod
1130 2745 1166 2773 70
1180 2746 1203 2763 11
1227 2738 1346 2768 Labieno
1359 2738 1466 2771 scribit,
1486 2745 1515 2765 vt
1528 2740 1733 2775 quamplurimas
1747 2744 1836 2776 posset,
1853 2743 1895 2771 his
1909 2745 2069 2782 legionibus,
2091 2761 2156 2786 quae
2166 2738 2225 2781 siml

66 2774 178 2808 negotio
189 2772 304 2807 gerendo
317 2771 423 2798 insistat.
478 2771 537 2798 Nec
549 2771 665 2797 multum
677 2770 757 2802 facit,
774 2770 898 2796 tabernae
913 2769 942 2796 sit
957 2769 1117 2804 praepositus
1177 2773 1247 2807 apud
1262 2783 1338 2807 eum,
1359 2783 1438 2800 naues
1450 2774 1577 2801 instituat.
1683 2777 1750 2804 Plin.
1763 2785 1794 2812 7,
1806 2783 1836 2812 56
1872 2782 2092 2817 Qiinqueremen
2107 2788 2225 2817 instituit

65 2819 100 2836 an
120 2808 230 2835 cuilibet
249 2809 298 2834 alii
318 2806 505 2842 negotiationi.
597 2808 628 2832 Et
648 2806 666 2839 l.
682 2815 702 2839 4
738 2806 991 2845 Cuicunqueigitur
1005 2805 1116 2840 negotio
1177 2809 1341 2836 Nefichthon
1356 2810 1512 2836 Salaminius
1525 2831 1533 2843 ‚
1562 2814 1581 2837 7‘,
1595 2811 1684 2846 facere
1697 2812 1825 2847 injlituit,
1844 2820 1944 2851 primus
1952 2819 2028 2854 scm-t.
2136 2824 2226 2859 Nego-

65 2844 227 2880 praepofitus
242 2844 288 2876 sit,
313 2843 421 2870 institor
438 2842 510 2869 tetiie
522 2841 706 2876 appellabitur.
776 2842 807 2867 Et
827 2841 843 2867 l.
860 2848 876 2881 3
894 2842 916 2878 §-
932 2850 951 2874 4
983 2841 1051 2869 Plin.
1073 2846 1115 2873 18,
1176 2844 1261 2878 tium,
1275 2845 1392 2882 Aggredi
1404 2853 1463 2880 opus
1495 2846 1577 2873 Plaut.
1590 2848 1668 2873 Poen.
1682 2857 1717 2882 4,
1730 2857 1761 2883 2,
1775 2859 1824 2882 103.
1896 2852 2036 2882 Nundinas
2062 2856 2127 2884 Plin.
2142 2860 2222 2894 Epist,

67 2889 95 2913 25
111 2891 132 2906 c.
142 2883 176 2907 60
201 2881 310 2906 Seruant
323 2879 350 2905 id
364 2879 447 2910 sidus,
471 2879 613 2914 Vergilias,
631 2877 712 2903 etiam
723 2876 802 2903 vestis
816 2876 966 2909 institores,
988 2892 1035 2898 —-
1056 2877 1115 2903 Nu·
1178 2888 1201 2913 ς,
1213 2890 1232 2914 4
1242 2888 1283 2915 pr,
1351 2880 1491 2908 Officinam
1518 2883 1576 2908 Cic⁴
1591 2884 1666 2909 Vel-r·
1681 2894 1709 2917 4,
1723 2892 1764 2917 34·
1820 2887 1949 2919 Qlimqss·
1963 2892 1989 2922 5,
2003 2900 2021 2923 4
2046 2892 2141 2926 Neque
2149 2896 2223 2923 enim

64 2915 124 2944 bilo
137 2917 228 2942 occasu
245 2915 390 2949 pluuiosam
404 2914 520 2940 hiemem
532 2913 688 2945 denunciat,
706 2919 732 2939 et
745 2912 831 2939 statim
843 2919 939 2946 augent
951 2912 1114 2939 lacernarum
1131 2920 1163 2948 75
1178 2916 1209 2942 de
1222 2918 1293 2948 risu,
1320 2916 1362 2942 sed
1379 2916 1411 2942 de
1424 2917 1574 2948 vrbanitate
1587 2918 1623 2944 est
1636 2920 1707 2953 Opus
1720 2920 1879 2948 institutum.
1952 2926 2006 2952 Cic.
2021 2926 2053 2953 de
2067 2929 2124 2954 Fin-
2133 2938 2145 2962 Ἰ,
2190 2934 2223 2961 86

66 2952 167 2987 pretia3
201 2952 292 2978 sereno
305 2952 437 2984 asperam,
457 2955 484 2976 et
501 2949 667 2984 reliquarum
680 2948 793 2975 vestium
820 2948 939 2982 (pretia)
959 2947 1114 2988 accendunt:
1177 2952 1247 2977 Audi
1262 2953 1360 2986 igitur,
1379 2952 1482 2987 inquit,
1503 2953 1583 2980 Luci:
1618 2960 1703 2981 tecum
1720 2956 1806 2989 enim,
1827 2964 1856 2983 vt
1867 2958 1905 2984 ait
1919 2959 2133 2996 Theophrastus,
2153 2953 2222 2994 131th

66 2987 116 3015 Sed
130 2989 264 3015 etiameos
278 2987 411 3013 institores
424 2985 549 3012 dicendos
557 2985 669 3019 placuit,
682 2983 779 3019 quibus
795 2984 929 3016 vestiarii,
942 2984 984 3010 vel
994 2984 1115 3010 lintearu
1175 2987 1336 3013 instituenda
1349 2988 1445 3014 Oratio
1461 2989 1505 3015 est.
1612 2991 1771 3027 Oratorem,
1791 2997 1808 3019 i.
1830 2993 1979 3029 describere,
1998 3005 2021 3023 ec
2032 3001 2069 3025 im
2082 3004 2223 3038 ett'amjor-

66 3024 130 3050 dant
138 3023 235 3049 vestem
244 3021 482 3048 circumferendam
494 3027 521 3048 et
528 3020 731 3049 distrahendam,
741 3029 807 3054 quos
816 3019 897 3054 vulgo
906 3020 1061 3046 circuitores
1071 3029 1114 3054 ap·
1175 3032 1242 3049 mare
1254 3023 1359 3049 docendo
1386 3024 1516 3057 Quinffil.
1530 3024 1558 3050 in
1571 3033 1690 3059 prooem.
1707 3035 1725 3053 ι.
1796 3029 2046 3063 Ornithobostimn,
2080 3036 2131 3062 uid,
2158 3044 2176 3063 0
2189 3045 2221 3064 R-

65 3059 202 3094 pellamus.
258 3057 307 3084 Sed
319 3064 345 3084 et
368 3057 499 3084 muliones
512 3056 571 3091 quis
587 3056 694 3091 proprie
713 3056 845 3082 institores
864 3055 985 3090 appellet.
1045 3057 1113 3082 Item
1176 3066 1198 3085 N
1210 3066 1219 3084 1
1228 3066 1250 3085 'r
1263 3065 1283 3084 Η
1297 3065 1316 3084 0
1329 3064 1345 3084 B
1356 3065 1374 3084 Ο
1384 3067 1396 3085 s
1407 3065 1424 3086 C
1436 3066 1444 3085 1
1456 3067 1476 3086 V
1487 3066 1523 3086 Μ.
1614 3061 1727 3088 Poenam
1743 3062 1771 3088 in
1783 3064 1899 3098 aliquem
1931 3067 1985 3092 Cic.
2002 3077 2050 3101 pro
2064 3070 2151 3098 Domo
2164 3076 2218 3100 126.

16 3095 25 3101 .
65 3095 202 3122 fullonum
214 3100 240 3120 et
256 3094 444 3120 sarcinatorurn
460 3092 634 3127 praepofitus:
669 3092 713 3118 sed
726 3097 752 3118 et
763 3091 898 3118 stabularii
912 3100 1033 3126 quoque,
1052 3091 1113 3118 loco
1127 3095 1160 3121 80
1174 3094 1327 3120 Portorium
1342 3094 1401 3120 vini
1429 3095 1467 3121 Id.
1483 3104 1531 3129 pro
1545 3096 1621 3123 Font.
1633 3106 1658 3130 9.
1749 3100 1878 3131 Qiiuc‘lil.
1892 3108 1925 3134 7,
1941 3110 1956 3127 2
1980 3103 2006 3129 Si
2019 3113 2099 3130 vnum
2115 3109 2219 3141 respon-

67 3130 219 3156 institorum
231 3129 348 3156 habendi
362 3130 428 3155 sunt.
483 3129 530 3154 Sed
544 3134 570 3154 et
583 3127 601 3154 fi
615 3126 779 3154 tabernarius
792 3128 897 3154 seruum
915 3128 989 3153 suum
1004 3136 1112 3161 peregre
1174 3130 1291 3162 deamus,
1308 3129 1452 3157 videndum
1465 3131 1516 3164 est,
1535 3132 1561 3157 in
1575 3141 1603 3158 re
1615 3133 1800 3166 Qiaestionem
1816 3135 1996 3170 instituamus,
2016 3147 2047 3164 an
2068 3140 2096 3166 in
2112 3143 2218 3177 scripw.
2244 3144 2246 3146 .

33 3183 38 3185 <
67 3166 187 3192 mitteret
199 3164 232 3191 ad
245 3174 345 3191 merces
361 3163 546 3199 comparandas
568 3169 594 3190 et
607 3162 656 3190 fibi
668 3162 822 3194 mittendas,
847 3163 906 3190 ¹000
921 3163 1050 3189 institoris
1067 3162 1111 3189 ha·
1173 3166 1228 3192 Cic.
1243 3175 1291 3200 pro
1306 3166 1399 3199 Quint.
1414 3175 1437 3192 12
1469 3167 1524 3201 Qi
1538 3167 1570 3193 ab
1583 3169 1774 3195 adolescentulo
1789 3171 1930 3203 Quaestum
1945 3172 1993 3199 sibi
2007 3174 2153 3204 instituisset
2166 3179 2220 3205 sine

66 3201 184 3231 bendum
193 3199 282 3227 Labeo
294 3200 402 3234 scripsit.
457 3199 531 3235 Conf.
543 3202 618 3225 etiam
627 3208 663 3232 ea,
671 3199 883 3235 quaefiquuntur,
902 3202 932 3225 it.
945 3199 1028 3225 Iulius
1042 3198 1111 3225 Paul.
1173 3201 1320 3236 impendio.
1392 3201 1472 3229 Plaut.
1482 3195 1563 3229 Stich.
1580 3212 1602 3236 3,
1617 3213 1636 3235 ι,
1651 3206 1681 3230 26
1700 3204 1725 3230 Si
1741 3210 1768 3230 tu
1783 3205 1848 3232 hane
1861 3207 2002 3235 Rationem
2016 3210 2139 3245 instituis,
2152 3215 2218 3240 inni-

21 3248 29 3252 .
67 3239 172 3271 Recept.
188 3237 256 3263 Sent.
271 3235 313 3262 l.2
325 3237 387 3266 tit.8
401 3235 433 3262 de
447 3234 625 3261 Institoribus.
695 3235 792 3261 Mercis
806 3234 911 3261 institor
944 3235 1004 3261 Liu.
1019 3243 1067 3267 22,
1081 3242 1112 3267 ι.)-
1173 3246 1229 3264 cam
1247 3246 1297 3271 ego
1312 3236 1398 3264 habeo
1412 3237 1598 3273 Stephanium,
1616 3245 1662 3265 etc.
1748 3241 1820 3267 Caes.
1835 3242 1863 3268 B.
1877 3243 1906 3269 C.
1922 3252 1946 3277 1,
1967 3253 1995 3275 42
2026 3246 2055 3271 [η
2071 3250 2218 3281 praesentia

67 3280 132 3299 extr.
228 3272 318 3297 quen.
332 3272 381 3298 Sat.
401 3280 433 3307 7,
453 3279 497 3297 221
535 3270 644 3297 Institor
656 3269 784 3297 hibernae
796 3270 906 3305 tegetis,
931 3270 1059 3304 niueique
1072 3278 1112 3295 ca-
1128 3272 1157 3301 85
1174 3273 1286 3300 similem
1299 3273 1431 3300 rationem
1444 3275 1531 3308 operis
1545 3274 1667 3300 instituit,
1755 3276 1876 3310 Regnum
1908 3279 1987 3305 plaut.
2001 3281 2068 3308 ΚΜ.
2082 3292 2115 3316 4,
2136 3292 2163 3317 Ξ,
2177 3294 2218 3317 ΞΟ·

19 3333 22 3336 .
67 3307 155 3337 durci.
225 3306 285 3332 Liu.
298 3309 343 3337 26,
356 3309 386 3334 16
417 3306 484 3334 Vrbi
497 3305 703 3341 frequentandae
715 3306 857 3333 multitudo
870 3305 1017 3332 incolarum
1031 3305 1113 3331 liber·
1173 3309 1212 3335 Ita
1221 3309 1324 3335 seruum
1333 3318 1379 3343 par
1387 3308 1570 3343 videturfrugi
1579 3310 1608 3335 Se
1618 3309 1753 3337 instituere
1770 3313 1842 3339 Idem
1851 3314 2011 3348 Amphitr.3‚
2020 3325 2040 3348 3,
2050 3326 2077 3349 4.
2113 3319 2217 3349 Seeetes

21 3346 25 3350 '
66 3344 257 3376 tinet-umque,
280 3347 306 3367 et
319 3342 486 3374 institorum,
511 3341 691 3377 opificumque
706 3347 815 3369 retenta.
888 3341 1004 3368 Martial.
1025 3350 1054 3374 7,
1078 3344 1112 3367 60
1176 3345 1253 3371 Varr.
1267 3345 1338 3371 R‚R‚
1355 3353 1381 3377 1,
1394 3352 1434 3379 37,
1507 3345 1579 3371 Caes,
1596 3345 1624 3371 Β,
1640 3345 1672 3371 G,
1689 3353 1718 3378 ς,
1733 3349 1764 3378 36
1793 3347 1965 3384 Longiorque
1980 3352 2097 3379 consulto
2111 3348 2217 3382 ἱὼ-ΑῘΠ-

26 3381 27 3384 ,
66 3379 176 3407 Institor
191 3376 356 3404 temerarius.
451 3378 642 3412 pigmentarius
655 3377 761 3405 institor
787 3376 906 3405 Scribon.
921 3385 962 3403 22..
1033 3378 1112 3403 Mun-
1173 3379 1281 3414 biorige
1295 3380 1444 3406 instituitur
1456 3380 1556 3407 Sermo.
1645 3381 1702 3407 Cic.
1717 3382 1748 3408 de
1759 3383 1832 3409 Orat.
1848 3393 1873 3417 2,
1887 3388 1938 3418 296
1956 3395 1977 3412 c.
1989 3393 2019 3422 73
2045 3389 2134 3421 Quum
2147 3391 2217 3418 mihi

69 3415 116 3443 dus
133 3412 245 3440 demiffis
258 3412 364 3439 institor
375 3412 405 3439 in
415 3413 513 3440 tunicis
538 3414 654 3448 Propett·
670 3423 699 3447 4,
712 3422 734 3446 2,
747 3419 784 3446 38-
857 3412 1005 3439 Discinffius
1030 3412 1111 3439 Ouid·
1178 3416 1270 3442 Sermo
1283 3425 1343 3441 cum
1359 3415 1409 3442 hoc
1424 3415 1480 3449 ipso
1493 3417 1581 3442 Crasso
1601 3416 1691 3442 multis
1707 3418 1876 3446 audientibus
1895 3422 1955 3447 efl'et
1974 3421 2006 3447 de
2025 3428 2050 3449 te
2068 3425 2218 3458 institutus,

69 3451 102 3477 de
116 3450 179 3476 Arte
195 3449 254 3475 Affl-
275 3456 302 3480 1,
321 3456 376 3480 42¹-
468 3449 576 3476 Institor
589 3449 755 3485 eloquentiae
786 3448 916 3483 Qlinflss-
931 3453 960 3481 8,
974 3456 1056 3480 3,,12-
1091 3451 1110 3474 ἰ-
1122 3453 1157 3478 90
1174 3458 1220 3478 etc.
1290 3451 1363 3478 Idem
1385 3451 1468 3477 Tusc.
1486 3460 1498 3477 2
1511 3471 1520 3483 ‚
1538 3459 1567 3477 to
1602 3451 1643 3477 Est
1663 3452 1745 3486 igitur
1756 3453 1949 3482 ambulantibus
1969 3457 2002 3483 ad
2020 3458 2088 3485 hunc
2105 3462 2217 3489 modum

73 3485 211 3516 deitor,
242 3481 393 3516 ostentator,
423 3489 448 3509 0²
472 3491 601 3516 mercator·
719 3484 793 3511 Idem
812 3493 849 3516 Η,
872 3492 894 3514 ¹,
919 3491 949 3516 50
985 3484 1112 3510 Commo·
1176 3488 1263 3514 sermo
1276 3487 1322 3513 ille
1335 3486 1413 3513 nobis
1426 3486 1573 3517 institutus,
1591 3493 1618 3513 et
1631 3496 1645 3513 a
1662 3488 1707 3513 tali
1726 3489 1840 3522 quodam
1855 3490 1949 3517 ductus
1960 3493 2081 3521 exordio.
2135 3496 2217 3524 sudes

20 3525 34 3541 z-
66 3517 196 3548 veaturne
209 3520 350 3553 quisquam
365 3519 421 3545 eius
435 3519 551 3553 fortuna,
563 3530 644 3556 quem
656 3520 789 3547 tumidum
803 3529 831 3547 ac
852 3519 890 3546 sui
903 3519 1060 3552 iaciantem,
1087 3524 1114 3546 et
1173 3523 1272 3549 multae
1297 3522 1445 3557 praeustae,
1476 3531 1584 3556 magnus
1607 3523 1749 3549 muralium
1774 3525 1891 3558 pilorum
1919 3536 2046 3555 numerus
2068 3530 2218 3561 instituitur

22 3562 24 3567 ’
68 3555 242 3584 ambitiosum
255 3554 404 3580 institorem
417 3554 585 3589 eloquentiae
599 3557 626 3583 in
639 3556 750 3591 ancipiti
769 3557 838 3583 sorte
851 3555 957 3582 videat?
1173 3559 1245 3585 Caes.
1260 3559 1287 3584 Β.
1302 3559 1333 3584 G.
1346 3565 1375 3590 ς,
1387 3567 1433 3591 40.
1505 3558 1608 3584 Sumtus
1637 3559 1692 3585 Cic.
1710 3568 1758 3593 pro
1772 3560 1853 3587 Flacc.
1868 3570 1903 3594 33.
1974 3564 2148 3594 Tabellarios
2162 3578 2217 3596 cer·

106 3599 116 3618 1
125 3599 148 3618 N
157 3599 170 3618 S
179 3598 200 3617 T
210 3598 219 3616 1
229 3597 250 3617 T
259 3598 278 3617 O
288 3596 307 3616 R
318 3596 326 3615 Ι
336 3596 357 3615 V
366 3596 379 3616 S
388 3609 395 3619 ‚
422 3598 451 3622 a,
472 3599 526 3616 um.
562 3592 622 3619 Adi.
658 3592 831 3627 [καπηλικός]
886 3590 958 3626 ‚Quod
970 3589 1004 3616 ad
1016 3588 1113 3623 instita·
1173 3598 1215 3621 tos
1234 3593 1273 3620 Id.
1287 3594 1359 3620 Fam.
1373 3601 1412 3625 14,
1428 3597 1463 3622 ιε.
1532 3592 1698 3620 Tei-trinum
1714 3594 1753 3621 Id.
1762 3596 1837 3622 Verr.
1851 3605 1878 3630 4,
1891 3602 1928 3630 58.
1998 3600 2133 3629 Tutorcm
2147 3604 2216 3630 filio-

68 3637 120 3655 rem
134 3629 252 3662 pertinet.
306 3625 375 3651 Suet.
384 3624 504 3651 Claud.e.
514 3633 546 3661 27
574 3628 718 3662 Dispofitae
732 3636 778 3662 per
790 3628 868 3654 litora
881 3633 906 3652 et
919 3626 988 3660 ripas
996 3625 1114 3652 diuerso·
1128 3634 1160 3660 95
1173 3638 1234 3656 rum
1248 3629 1360 3656 orbitati
1389 3628 1428 3656 Id,
1442 3627 1474 3654 de
1485 3629 1559 3655 Orat,
1573 3638 1601 3664 ι,
1614 3634 1665 3659 228.
1756 3631 1872 3665 Vestjgja
1886 3639 1958 3660 retro
1971 3634 2086 3664 instituit
2110 3639 2214 3665 Lucret.

68 3663 125 3690 riae
137 3662 261 3689 tabernae
275 3660 448 3694 parabantur,
474 3661 584 3695 insignes
603 3671 714 3697 ganeae,
737 3670 763 3690 et
775 3670 954 3690 matronarum
968 3661 1113 3688 institorias
1172 3674 1203 3697 4,
1216 3672 1279 3699 474.
1315 3664 1340 3691 h.
1354 3674 1374 3690 e.
1394 3664 1545 3691 Retrocedit.
1635 3665 1745 3691 Vineam
1758 3668 1893 3694 nouellam
1919 3670 2049 3698 Columel.
2066 3681 2093 3705 ς,
2109 3682 2130 3705 ς,
2165 3683 2212 3699 non

42 3722 45 3726 s
68 3707 161 3733 operas
180 3696 359 3727 imitantium,
383 3701 462 3730 atque
476 3695 542 3725 hinc
559 3697 619 3725 inde
640 3700 791 3732 orantium,
815 3705 844 3726 vt
863 3698 1012 3732 appelleret.
1065 3696 1113 3723 Sed
1167 3701 1258 3735 procul
1269 3699 1354 3734 afine.
1410 3699 1464 3726 Cic.
1480 3700 1570 3733 Agrar.
1584 3708 1597 3725 2
1616 3709 1638 3726 c.
1652 3709 1689 3732 23.
1780 3702 1868 3728 Vitam
1882 3705 2024 3741 sapienter,
2042 3708 2177 3742 Disponere
2190 3715 2214 3734 et

51 3761 53 3763 ,
67 3735 220 3760 vehementer
235 3735 320 3758 uariat
330 3729 412 3757 lesbio.
461 3731 617 3759 Burmannus
630 3735 698 3762 dedit
709 3735 823 3770 Insignes
835 3742 930 3769 ganeae
943 3738 969 3759 et
981 3737 1112 3759 matrona·
1165 3735 1291 3771 formare.
1361 3735 1430 3761 Ter.
1446 3735 1526 3760 Andr.
1540 3743 1561 3767 1,
1575 3744 1598 3767 ι,
1610 3744 1647 3767 40
1674 3736 1807 3770 Sapienter
1821 3738 1903 3766 vitam
1919 3741 2039 3768 instituit.
2109 3743 2212 3776 Vitem,

69 3779 129 3796 rum
145 3767 294 3799 institorio,
315 3775 392 3800 copas
405 3766 578 3793 imitantium·
649 3771 689 3797 sic
704 3771 870 3798 Institorium
883 3768 936 3803 estet
948 3775 1008 3804 opus
1019 3774 1043 3794 et
1051 3775 1111 3804 pro·
1167 3778 1216 3806 pro
1235 3770 1377 3806 Couserere,
1397 3778 1426 3797 vt
1440 3770 1468 3795 de
1480 3770 1563 3796 Vinea
1575 3770 1644 3797 modo
1658 3772 1781 3805 vidimus,
1805 3774 1873 3801 Suet.
1888 3776 1918 3801 de
1932 3777 1999 3802 Clar.
2015 3777 2130 3802 Gramm.
2142 3786 2186 3808 23,
2200 3787 2214 3811 ς

61 3804 137 3840 feffio
151 3805 286 3837 institoris.
357 3801 492 3828 Institoria
503 3802 575 3828 aestio
585 3802 694 3838 dicitur,
713 3808 768 3843 Qa
780 3807 892 3833 dominus
906 3803 1042 3837 institorem
1056 3807 1202 3832 con-100&
1219 3814 1295 3840 agros
1314 3806 1380 3832 adeo
1399 3806 1513 3837 coleret,
1540 3811 1568 3832 vt
1590 3806 1673 3832 vitem
1697 3816 1776 3834 manu
1797 3811 1854 3837 eius
1874 3811 2017 3838 institutam
2036 3811 2094 3836 satis
2113 3813 2211 3840 constet

65 3844 150 3870 venit,
173 3841 214 3866 vel
226 3846 275 3874 pro
289 3836 403 3870 institor-e
415 3841 569 3864 conuenitur.
636 3839 741 3874 leian.
761 3843 789 3869 in
808 3842 826 3868 l.
847 3842 1007 3875 Quicunque
1027 3840 1059 3866 D.
1076 3838 1109 3864 de
1174 3847 1192 3867 c:
1206 3847 1223 3867 C
1236 3847 1253 3867 c
1266 3848 1281 3867 L
1291 3848 1342 3868 xv
1357 3842 1416 3867 vasa
1429 3839 1545 3867 edidisse.
1586 3842 1643 3868 Viti.
1657 3841 1729 3870 Idem
1745 3852 1766 3877 1,
1778 3852 1803 3871 2.
1911 3848 1978 3872 Hinc
1991 3845 2144 3879 lanimem,
2169 3848 2209 3874 ab—

66 3875 202 3902 Institoria
216 3874 333 3905 aditione,
360 3873 386 3899 Si
401 3872 563 3900 libitinarius
586 3876 682 3908 (quem
696 3877 789 3903 Graeci
802 3877 907 3912 κτεριςῆν
918 3878 1030 3907 vocant)
1058 3875 1110 3901 ser·
1163 3876 1245 3912 solute
1258 3876 1325 3911 apud
1337 3876 1525 3910 Iurisconfidtos
1533 3883 1581 3911 pro
1594 3878 1703 3905 Arbore.
1715 3881 1755 3906 uel
1766 3883 1853 3907 vineas
1865 3883 1891 3907 in
1905 3883 1984 3914 aliquo
1998 3882 2047 3906 loco
2058 3889 2161 3915 ponere,
2181 3889 2211 3909 ve

66 3918 131 3936 vum
144 3910 332 3944 pollinetorem
346 3908 484 3941 habuerit,
509 3908 584 3943 isque
604 3916 739 3937 mortuum
755 3913 924 3947 spoliauerit,
951 3910 1061 3938 dandam
1080 3910 1110 3936 in
1170 3912 1243 3938 Paul.
1258 3911 1276 3938 l.
1290 3912 1420 3938 Dominus
1439 3911 1463 3948 β.
1477 3911 1505 3938 in
1518 3912 1648 3940 condutio
1664 3914 1696 3941 D.
1711 3914 1789 3942 locati
1803 3916 1878 3942 cond.
1907 3917 1936 3941 In
1952 3914 2081 3941 conducio
2095 3916 2176 3942 fundo
2190 3918 2208 3944 si

0 3963 3 3976 :
68 3953 131 3971 eum
144 3946 213 3979 quasi
227 3944 387 3972 institoriam
399 3943 548 3977 actionem,
573 3945 696 3980 quamn-is
710 3951 737 3973 et
749 3947 816 3975 furti
827 3954 854 3976 et
866 3948 1027 3976 iniuriarum
1039 3945 1110 3973 affio
1170 3947 1319 3974 conduetor
1331 3949 1375 3973 sua
1388 3955 1467 3981 opera
1481 3947 1582 3982 aliquid
1596 3951 1735 3978 necessario
1747 3951 1789 3978 vel
1805 3952 1905 3977 vtiliter·
1918 3950 2019 3976 auxerit
2031 3951 2070 3976 vel
2090 3952 2209 3980 aedifica.

36 3987 40 3990 '
69 3986 238 4016 competeret.
1120 3984 1220 4017 105rit,
1240 3983 1284 4010 vel
1296 3983 1450 4011 instituerit.
1491 3983 1628 4011 Turnebus.
1776 3983 1797 4023 ἦ
1817 3994 1830 4017 3
1864 3984 2004 4013 Instituere
2031 3986 2209 4021 [noeSnyeffiQ

224 4022 309 4046 von.
344 4015 381 4045 Π.
1367 4025 1386 4053 7
1421 4018 1447 4046 0
1798 4023 1803 4029 ’
2074 4020 2186 4049 null-2222..
2194 4025 2209 4058 J
