2479 4225
28 200 111 259 v769
425 204 458 243 F
531 204 567 243 V
652 206 729 258 N,
1508 207 1540 246 F
1629 208 1664 260 V
1744 212 1782 249 N
2091 229 2167 266 770

70 289 288 324 FVNGi'Dvs,
307 301 335 323 a,
363 300 415 318 tun.
452 292 512 319 Adi.
549 293 627 320 Gloss'.
659 293 704 320 Gr.
728 293 784 319 Lat.
806 290 914 325 σομφόε,
933 291 1069 326 sungidus,
1132 293 1177 320 des
1191 294 1299 320 Athenis
1311 303 1388 326 eum,
1408 295 1455 329 qui
1471 296 1606 323 neccss‘aria
1618 296 1758 324 funeribus
1771 299 1938 334 venditabat,
1958 303 2102 337 damnauit,
2110 313 2170 331 cum

34 329 164 363 fungosus.
1134 329 1276 363 probati'et,
1297 339 1419 364 magnum
1435 331 1534 358 lucrum
1549 333 1653 366 optass‘e.
1760 334 1867 360 Mortem
1890 338 2019 372 aliquando
2035 339 2169 375 significat.

63 371 89 391 ,Ρ
101 370 119 389 v
131 369 181 389 NG
192 359 263 388 i'NV
273 369 303 394 s,
322 371 353 394 a,
373 371 426 388 um,
466 362 527 389 Adi.
563 363 709 396 [μυκηνᾶς]
745 364 875 389 pertinens
905 361 940 387 ad
962 361 1070 398 fungos.
1133 366 1207 399 Virg.
1222 367 1283 392 Aen.
1297 374 1324 398 4,
1337 373 1382 397 302(
1405 365 1460 391 Nec
1484 368 1613 395 moritura
1634 374 1705 395 tenet
1725 368 1825 395 crudeli
1843 369 1935 396 funere
1954 374 2030 400 Dido.
2100 374 2168 401 ΑΜ.

37 400 116 428 Plaut.
134 393 213 424 Trinl
232 406 266 430 4,
280 406 306 429 2,
320 406 336 431 9
358 398 403 424 l’ol
416 398 458 424 hic
471 397 579 433 quidem
595 398 706 432 fungino
720 405 814 432 genere
827 396 877 428 est,
896 397 980 436 capite
995 398 1017 423 se
1032 405 1072 424 to·
1136 401 1174 425 Id.
1191 401 1243 426 Ecl.
1258 409 1279 433 5,
1296 410 1335 426 20.
1370 407 1392 426 ct
1406 402 1468 426 Aen.
1483 405 1509 434 6,
1524 411 1583 436 429.
1688 404 1768 430 Plaut.
1783 404 1876 440 Amph.
1890 414 1908 436 1,
1922 415 1940 437 1,
1953 416 1978 439 35
1998 409 2075 442 Qiod
2089 410 2171 436 multa

38 441 92 463 tum
105 433 182 468 tegit,
202 433 309 464 Illyrica
332 434 413 460 facies
429 434 536 460 videtur
558 434 688 465 hominis,
708 442 740 460 eo
768 439 863 458 ornatu
885 433 1007 463 aduenit,
1024 440 1069 460 etc.
1095 438 1109 464 5
1135 435 1270 462 Thebano
1285 435 1383 471 Populo
1395 436 1486 462 acerba
1498 438 1596 464 obiecit
1610 439 1709 466 funera.
1725 442 1742 466 i.
1757 441 1852 466 Multos
1866 442 1996 467 occiderat.
2074 445 2170 479 Reipu-

37 471 129 498 Penult.
141 474 247 502 corrept.
260 475 288 495 ut
301 471 356 495 vult
370 470 484 496 Borrich.
498 471 578 506 Cogit.
590 476 619 505 p.
629 479 679 502 313.
1135 470 1218 497 blicae
1231 473 1324 503 timus,
1348 471 1432 507 Casum
1440 472 1513 507 fitam
1526 480 1549 498 ct
1564 473 1686 508 dijstfliern
1700 482 1772 502 vocat
1791 476 1846 502 Cic.
1861 477 1893 502 dc
1906 477 2026 503 Prouinc.
2040 480 2117 504 fons.
2132 488 2171 513 43.

74 510 90 531 ιι·
99 512 119 530 ν
129 511 150 530 Ν
160 510 181 530 G
190 511 210 530 o
219 512 231 529 s
241 511 260 530 v
269 510 282 530 s
291 523 299 535 ‚
317 513 346 536 a,
365 514 420 531 um.
442 505 502 532 Adi.
538 502 713 538 [μυκητώδης]
748 502 822 537 Quod
833 500 866 534 est
879 511 963 529 rarum
976 510 999 528 et
1012 504 1070 536 leuc,
1134 506 1181 533 Sed
1193 514 1216 532 et
1230 507 1360 533 Gabinius
1374 515 1401 533 ac
1416 507 1472 533 Piso
1481 527 1488 538 ‚
1510 507 1563 533 duo
1576 510 1650 543 Rcip.
1665 517 1784 544 portenta
1797 521 1824 537 ac
1839 520 1918 546 paene
1933 512 2023 538 funera
2049 514 2118 539 idem
2133 515 2169 541 ib.

36 538 260 574 adfimilitudincm
267 540 358 576 fungi.
392 541 458 567 Ptin.
471 543 498 573 6,
512 543 542 572 36
563 541 639 566 Hunc
652 545 737 566 totum
751 537 861 572 fungosa
875 538 958 573 replet
971 539 1069 565 medul-
1133 550 1155 568 c.
1171 549 1190 568 ι.
1261 543 1352 569 Tacit.
1366 543 1432 568 Ann.
1449 550 1483 574 15,
1496 546 1531 575 64
1551 543 1618 569 Exin
1633 545 1726 571 balneo
1741 546 1843 579 matus,
1860 552 1885 574 et
1898 556 1996 582 vapore
2009 548 2066 573 eius
2085 550 2172 575 exani-

36 575 70 602 ia.
140 575 272 601 Columel.
287 584 308 607 4,
321 584 362 608 29.
434 577 490 608 Sic,
514 576 631 610 Fungosa
642 580 712 601 terra
728 572 800 599 Ideni
810 582 841 605 11,
851 582 886 606 ¹3·
959 575 1070 610 Compar.
1132 583 1216 603 matus
1225 597 1233 609 ,
1254 577 1306 604 fine
1319 577 1374 604 vllo
1386 577 1486 603 funeris
1500 578 1620 605 sollemni
1633 588 1771 607 crematur.
1805 583 1833 608 de
1846 585 1941 609 seneca.
2030 583 2172 610 Sollemnia

35 610 177 644 Fungofior
189 616 282 637 natura
305 611 370 637 Plin.
386 613 423 644 16,
438 613 477 643 36.
1099 619 1128 636 ιο
1136 613 1260 639 funerum
1278 613 1366 640 Tacit.
1381 614 1448 639 Aun.
1463 621 1485 646 3,
1500 622 1524 640 2.
1596 616 1645 641 Pro
1657 616 1792 649 cadauere,
1807 617 1850 653 seu
1867 625 1969 644 mortuo.
2003 618 2173 646 Inhumanum

74 652 149 672 FVN
160 652 227 672 Gos
238 645 348 678 iTAS,
367 647 425 673 fitis.
445 647 465 672 s.
501 644 676 680 [μυκητότης]
710 652 727 671 a
744 644 865 678 Fungoso
884 643 986 672 dicitur.
1022 646 1071 672 Pli-
1135 648 1214 674 funus
1235 649 1330 675 Lucan.
1343 656 1371 682 7,
1384 653 1441 678 820-
1512 648 1586 683 Virg.
1601 651 1663 676 Aen.
1680 660 1705 685 2,
1721 660 1765 684 539
1791 653 1822 678 Et
1834 653 1932 687 patrios
1950 653 2060 680 foedasti
2078 654 2172 681 funere

36 681 75 708 nii
107 680 149 715 effi
179 684 278 708 dicitur
310 682 385 709 Tota
407 682 548 717 fungofitas
572 680 668 708 derasa.
722 680 851 706 Harduini
878 680 973 715 quidem
994 682 1071 708 Index
1134 684 1232 710 vultus.
1308 683 1356 710 Vbi
1382 683 1488 710 Seruius
1502 694 1507 709 :
1544 686 1660 718 Funere,
1682 687 1833 720 Cadaucre,
1850 688 1882 714 ab
1902 698 1934 715 eo
1953 689 2025 724 quod
2045 690 2174 724 procedit,

31 724 80 743 non
99 717 178 744 babet.
1136 720 1163 745 id
1179 719 1250 753 quod
1264 719 1383 754 sequitur
1397 729 1402 745 :
1439 720 1526 745 Funus
1539 721 1611 747 enini
1624 722 1676 748 iam
1689 722 1781 748 ardens
1795 722 1915 750 cadauer.
1985 725 2026 752 Sic
2039 732 2106 761 vJum
2118 726 2174 752 Ma-

73 759 89 779 F
100 759 149 779 VN
160 760 168 778 1
179 759 207 784 S,
227 752 257 778 is.
295 754 306 785 [
321 756 415 789 χοῖνος,
433 752 528 783 κάλως,
547 750 675 786 μήρινθος,
692 749 816 786 cuipter]
850 756 901 776 tam
919 760 954 777 m.
968 759 1039 786 quam
1053 752 1072 778 f.
1136 755 1233 780 nilium
1247 752 1293 788 ²st0
1308 755 1440 786 vocabulo,
1458 755 1568 791 Scaliger
1580 767 1591 785 ,·
1625 764 1648 783 et
1662 758 1853 792 Claudianum,
1872 759 1962 786 Barth.
1980 763 2008 786 in
2025 760 2113 791 Cotum.
2132 770 2174 787 no-

33 797 90 824 gen.
103 785 161 821 teste
176 787 244 814 Gell.
258 796 292 820 13,
306 797 339 814 20
358 791 450 814 citante
461 787 545 823 versus
558 787 676 813 Lucretii
690 795 716 818 2,
730 794 781 819 1153
802 786 879 812 Haud
890 806 898 818 ,
918 792 947 812 vt
967 787 1072 821 opinor,
1092 798 1119 824 ις
1135 796 1232 817 tarunt.
1302 790 1389 816 Funus
1401 790 1500 817 nullius
1515 800 1546 817 ex
1561 792 1613 818 suis
1624 793 1693 819 vidit
1714 793 1782 828 Nep.
1796 802 1829 820 21.
1883 796 1932 821 Pro
1945 796 2073 830 Sepulcro:
2097 796 2174 832 Virg-

35 823 107 849 enim
124 823 248 850 mortalia
270 824 352 850 saecla
367 824 475 858 superne
512 823 599 848 Aurea
619 822 651 848 de
673 821 745 847 caelo
761 821 864 848 demisit
876 821 946 848 funis
960 821 987 848 in
1000 832 1071 849 arua.
1136 827 1200 852 Aen.
1218 834 1240 857 3,
1255 827 1288 851 62
1303 826 1372 860 Ergo
1384 825 1553 853 instauramus
1566 827 1698 860 Polydoro
1711 829 1798 855 funus.
1838 829 1897 856 Vid.
1914 830 1987 856 Seru.
2059 832 2108 858 Pro
2126 833 2174 860 Ex-

35 858 104 884 Citat
115 862 188 885 etiam
202 859 274 885 Non.
288 867 311 891 3,
325 868 363 892 91·
403 858 461 885 Vid.
483 857 603 884 Macrob.
625 858 713 884 Somn.
732 857 797 892 Scip.
817 866 837 889 1,
851 865 889 890 14.
926 864 948 883 et
965 858 1072 885 Turnfb.
1127 859 1338 897 sinistimu-,stu
1353 860 1478 887 deletione.
1524 863 1622 889 Lucan.
1646 875 1674 897 4,
1700 872 1738 896 231
1759 866 1809 891 Pro
1837 864 1896 892 dira
1917 866 2027 899 pudoris
2063 867 2174 894 Funera.

34 893 140 930 Aduers.
151 904 176 929 5,
190 904 225 928 25.
262 894 328 922 Plin.
344 896 381 927 16,
394 903 404 920 1
422 893 489 921 Vlua
502 900 527 919 et
540 893 648 928 palustri
661 893 742 919 iunco
756 892 831 920 funes
846 892 963 919 nectunt.
1012 894 1071 920 Col.
1135 898 1166 923 Et
1180 895 1300 922 Prudent.
1313 899 1406 930 Agnet.
1420 900 1453 929 69
1473 898 1529 931 Qli
1543 907 1585 924 me
1599 898 1707 933 pudoris
1722 900 1815 926 funere
1833 900 1962 935 perderet.
2118 900 2139 939 ff
2158 910 2175 929 2.

0 940 1 946 ¹
37 937 65 956 ιο
79 939 117 964 pr.
136 939 154 962 4
175 929 260 956 laudat
276 930 429 965 prouerbium
452 929 644 961 Graecumfix
664 927 925 962 incomprehensibili
944 930 1071 963 paruitate
1135 933 1203 958 Hinc
1215 932 1384 968 intelligentur
1399 933 1522 967 Epithcta.
1593 934 1726 960 Acerbum
1745 936 1819 970 Virg.
1834 937 1897 962 Aen.
1912 938 1937 969 6,
1946 945 2008 970 429.
2026 946 2115 970 eorum,
2129 941 2174 973 qui

34 973 128 991 arenae
142 965 213 992 funis
231 964 299 992 effici
311 974 365 991 non
377 964 468 999 potest.
540 965 680 996 Antarius,
705 963 757 990 vid.
771 964 796 991 h.
811 973 836 990 υ.
913 964 1070 996 Canabinus,
1085 974 1120 993 20
1135 971 1268 994 immatura
1293 968 1318 1003 J}
1344 969 1440 1003 puerili
1468 975 1548 995 aetate
1578 973 1726 996 moriuntur.
1795 971 1936 1005 Amplum,
1953 972 2008 998 vid.
2033 979 2082 999 AM
2089 979 2176 1000 PLVS.

33 1000 86 1027 vizi.
102 1006 250 1027 CANAssis.
321 1000 460 1027 Ductarius
478 999 585 1026 Vitruu.
601 1008 640 1032 10,
654 1009 665 1032 3
680 1005 744 1026 extr.
821 998 887 1025 Laxi
915 1001 990 1035 Virg.
1005 1002 1070 1027 Aen.
1136 1002 1262 1029 Ardentia
1280 1003 1342 1029 Stat.
1357 1003 1422 1029 Silu.
1435 1011 1460 1034 2,
1476 1011 1496 1035 1,
1510 1009 1558 1036 158.
1647 1005 1742 1031 Atrum
1767 1005 1872 1032 Lucret.
1887 1015 1909 1038 2,
1922 1013 1978 1038 580.
2066 1008 2177 1034 Crudeli

36 1040 60 1067 8,
74 1041 132 1071 708.
202 1035 283 1062 Lorei
322 1036 387 1062 Cato
410 1036 441 1062 R.
451 1036 487 1063 R.
502 1045 523 1068 3,
538 1044 559 1068 5.
647 1034 815 1068 Mediponti,
834 1035 952 1069 Spartei,
971 1035 1070 1062 Subdu-
1134 1038 1228 1064 funere
1248 1038 1389 1064 exstinctus
1416 1039 1490 1072 Virg.
1512 1039 1565 1065 Ecl.
1583 1046 1613 1072 ς,
1627 1048 1666 1065 20.
1737 1041 1877 1067 Familiare
1891 1042 1969 1067 funus
1981 1046 2006 1068 et
2019 1042 2176 1070 domesticus

35 1071 132 1105 etan-ii,
151 1071 283 1103 Torculi,
298 1070 350 1097 vid.
356 1069 390 1104 ff
403 1070 428 1097 LI.
533 1071 636 1097 Tortos
650 1070 767 1097 incidere
782 1070 858 1096 funes
878 1071 952 1106 Virg.
965 1072 1028 1098 Aen.
1042 1082 1070 1106 4,
1134 1073 1218 1100 luctus
1235 1074 1292 1100 Cic.
1308 1074 1335 1099 in
1351 1074 1438 1100 Vatin.
1457 1082 1497 1106 30.
1569 1075 1708 1101 Funestum
1736 1076 1791 1101 Cic.
1806 1084 1853 1109 pro
1865 1076 1954 1102 Domo
1968 1085 2012 1109 42.
2081 1079 2176 1105 Imma-

34 1114 89 1141 575.
160 1108 260 1133 Ducere
273 1107 363 1133 funem
375 1105 551 1133 contentionis
577 1105 696 1133 Tertull.
711 1105 771 1132 adu.
785 1106 867 1132 Marc.
880 1115 909 1139 4,
924 1116 950 1140 4.
1020 1108 1070 1133 Fu·
1133 1116 1223 1135 turum
1243 1109 1374 1142 Quinctil.
1388 1110 1416 1135 in
1429 1110 1550 1136 Prooem.
1565 1112 1590 1136 6.
1657 1110 1827 1137 Inhumatum
1848 1112 1944 1137 Lucan.
1961 1119 1987 1146 7,
2001 1117 2059 1141 820.
2129 1114 2178 1140 La-

34 1151 95 1168 nem
110 1142 300 1169 contentiosum
313 1142 414 1168 alterno
427 1141 508 1168 ductu
522 1142 550 1168 in
562 1141 664 1168 diuersa
677 1140 825 1168 distendere
850 1141 923 1168 Idem
939 1142 969 1169 dc
983 1143 1070 1169 Pudic.
1080 1151 1111 1176 25
1135 1145 1247 1170 crimosa
1275 1146 1341 1171 Hor.
1363 1147 1451 1172 Carni.
1478 1153 1498 1176 1,
1520 1150 1544 1177 8,
1569 1154 1603 1175 ις.
1672 1146 1881 1179 Lamentabilia,
1900 1147 1953 1173 vid.
1983 1154 2179 1177 LAMENTOR.

35 1186 57 1203 c.
70 1185 95 1203 2.
193 1177 352 1204 Conuellere
367 1178 456 1204 funem
469 1185 484 1202 a
497 1183 582 1208 terra,
600 1177 652 1203 uid.
669 1182 687 1203 c
698 1183 716 1202 0
727 1184 748 1203 N
758 1184 779 1203 v
789 1184 805 1204 E
815 1184 830 1203 ι.
841 1184 856 1203 L
866 1184 894 1204 O.
968 1179 1033 1204 Pers.
1049 1187 1071 1211 5,
1134 1181 1242 1207 Maturo
1256 1180 1369 1215 propior
1381 1180 1469 1207 funeri
1485 1181 1552 1207 Hor.
1566 1181 1654 1207 Carm.
1669 1190 1693 1213 3,
1707 1190 1742 1214 ι5,
1755 1191 1781 1215 4.
1853 1182 2032 1209 Miserandum
2052 1183 2149 1210 Lucan.
2159 1193 2179 1216 1,

33 1217 73 1242 118
92 1213 166 1246 Qae
179 1212 301 1239 dederam
315 1214 391 1248 supra
403 1218 501 1247 repeto,
517 1212 662 1247 funemque
674 1212 781 1239 reduco.
816 1212 840 1238 h.
853 1222 873 1239 e.
894 1214 966 1240 Muto
973 1214 1072 1249 senten-
1137 1224 1194 1248 104.
1290 1215 1429 1242 Modicum
1444 1216 1500 1242 eius
1520 1217 1611 1242 Tacit.
1626 1218 1693 1243 Ann.
1707 1225 1730 1250 5,
1745 1226 1762 1243 1.
1782 1219 1800 1243 i.
1817 1218 1908 1244 Tenue.
1980 1218 2179 1246 perluctuosum

32 1250 104 1277 tiam,
122 1254 232 1283 repetens
245 1257 282 1280 ea,
297 1258 356 1283 quae
369 1249 417 1275 tibi
429 1247 540 1274 dederam
546 1248 643 1283 supra,
655 1248 808 1283 sapientiam
819 1254 842 1274 et
854 1248 999 1281 libertatem,
1017 1252 1075 1275 vin-
1135 1251 1192 1277 Cic.
1206 1252 1243 1284 Q,
1253 1251 1337 1278 Fratr.
1351 1260 1373 1283 3,
1387 1257 1409 1281 8.
1481 1252 1577 1277 Lucan.
1592 1257 1613 1282 8,
1626 1255 1676 1286 736
1700 1253 1740 1278 Da
1752 1252 1833 1279 vilem
1844 1254 1942 1288 Magno
1956 1253 2057 1280 Plebeii
2076 1254 2179 1282 funeris

0 1282 3 1309 l
33 1283 141 1317 cutisque
146 1284 281 1318 seruitutis
294 1288 382 1310 iterum
395 1290 419 1310 te
431 1281 596 1318 adstringens.
656 1281 778 1310 Traflum
790 1292 806 1309 a
818 1286 948 1317 iumentis,
965 1294 1024 1320 quae
1039 1286 1074 1311 Ια-
1136 1294 1232 1313 arcam.
1267 1290 1286 1313 i.
1303 1289 1345 1313 Da
1361 1288 1473 1322 Pompeio
1478 1287 1568 1322 saltem
1583 1289 1700 1314 Pletaeium
1707 1293 1799 1324 janus.
1888 1289 2052 1316 Praeclarum
2069 1291 2137 1316 Pers.
2151 1299 2178 1323 2,

2 1333 3 1340 ι
33 1324 90 1344 xato
96 1317 164 1352 fune
178 1326 223 1344 aut
233 1319 346 1350 habenis,
364 1319 466 1345 liberius
478 1325 614 1354 vagantur.
673 1320 699 1345 V
697 1320 719 1346 el
724 1319 834 1356 sumtum
851 1329 866 1346 a
883 1320 954 1351 ludo,
974 1320 1037 1347 vnde
1050 1326 1073 1346 et
1082 1327 1113 1351 30
1137 1330 1173 1347 10.
1244 1321 1412 1349 Profanatum
1425 1321 1520 1348 acerbo
1532 1322 1641 1349 vulnere
1663 1323 1723 1349 Stat.
1735 1323 1828 1350 Theb.
1841 1332 1867 1356 9,
1882 1330 1904 1354 8.
1982 1325 2062 1351 Ouid.
2076 1327 2140 1352 Met.
2156 1334 2179 1358 3,

1 1383 3 1386 Α
81 1353 143 1379 illud
154 1354 257 1380 Ducere
270 1354 362 1380 funem
377 1354 565 1386 contentionis,
584 1360 607 1380 et
617 1354 717 1381 verbum
728 1354 895 1381 obtrectare.
1019 1353 1039 1392 ff
1061 1364 1073 1381 2
1138 1358 1181 1388 136
1216 1371 1261 1376 -—
1297 1357 1411 1392 Dicique
1431 1357 1521 1384 beatus
1557 1358 1625 1384 Ante
1644 1358 1748 1384 obitum
1773 1368 1868 1393 nemo,
1887 1359 2064 1395 Supremaque
2085 1361 2179 1387 funera

0 1400 3 1404 ⁴
58 1388 110 1423 “nis
117 1394 168 1423 pro
181 1397 238 1423 equo
244 1388 335 1423 funali
341 1409 350 1421 ,
370 1387 528 1422 uid.stat1m.
619 1390 742 1424 Religare
753 1391 846 1417 funem
868 1391 965 1417 Lucan.
977 1399 1004 1425 7,
1016 1393 1074 1421 860.
1135 1391 1222 1418 debet.
1316 1393 1420 1419 Tristia
1444 1393 1511 1420 Hor.
1530 1393 1607 1428 Epist.
1622 1402 1655 1426 2,
1670 1402 1695 1425 2,
1707 1401 1752 1428 74.
1949 1395 1969 1432 fl
1991 1404 2003 1428 3
2046 1397 2180 1423 Verborum

38 1422 175 1455 'Rtaietiius
187 1424 258 1450 funis
277 1424 351 1458 Virg.
364 1425 428 1451 Aen.
443 1432 465 1457 5,
479 1430 535 1458 488.
568 1426 648 1452 intell.
661 1426 832 1462 perforamen
850 1427 920 1453 mali.
1130 1428 1258 1464 formulae
1271 1438 1279 1453 :
1316 1429 1458 1455 Celebrate
1470 1428 1550 1454 funus
1564 1428 1645 1454 alicui
1666 1430 1729 1455 Plin.
1745 1439 1782 1461 10,
1801 1438 1842 1462 43.
1878 1430 1937 1456 Liu.
1952 1436 1975 1462 8,
1992 1440 2028 1457 10.
2108 1433 2179 1458 Con-

50 1487 54 1490 ,
71 1459 176 1486 FVNA'
187 1465 202 1484 L
213 1466 258 1491 ις,
277 1467 301 1485 e.
323 1459 384 1486 Adi.
419 1460 596 1496 [χοινοφόρος]
632 1461 718 1488 Valer.
732 1461 842 1488 Maxim.
858 1470 881 1493 3,
895 1464 927 1494 6,
943 1471 957 1493 4
976 1463 1075 1489 Cereus
1135 1462 1268 1489 celebrare
1281 1462 1378 1496 funus,
1413 1463 1551 1490 Conficere
1571 1464 1681 1496 funera,
1715 1465 1865 1499 Congerere
1882 1466 1992 1499 funera,
2011 1466 2064 1493 vid.
2079 1466 2122 1494 hh.
2135 1477 2180 1494 vv.

3 1507 6 1516 ι
34 1492 127 1521 'funalis
140 1494 250 1526 dicitur,
268 1495 334 1530 quod
343 1496 409 1521 alias
423 1496 522 1522 Fuuale
537 1494 578 1528 ist.
687 1496 797 1522 Funales
810 1498 890 1531 equi,
908 1501 951 1537 qui
962 1497 1034 1531 cſjbnt
1046 1501 1074 1524 in
1083 1506 1110 1532 35
1136 1498 1306 1525 Conueniunt
1318 1499 1350 1526 ad
1364 1499 1441 1525 funus
1455 1500 1535 1525 amici
1549 1500 1580 1525 ad
1594 1500 1717 1534 exequias
1731 1500 1933 1528 cohonestandas
1952 1502 2008 1528 Cic.
2021 1511 2069 1536 pro
2084 1503 2179 1537 Qint.

0 1542 5 1559 μ
32 1530 143 1557 curribus
155 1530 377 1565 triumphantium,
392 1530 536 1566 disputatur
550 1530 584 1556 ad
597 1530 705 1557 Sueton.
716 1531 784 1558 Tib.
794 1535 840 1558 c.6
859 1531 968 1559 ACuaco
982 1534 1076 1560 trium-
1136 1542 1167 1568 50
1181 1543 1202 1559 c.
1218 1542 1251 1566 15.
1342 1535 1411 1561 Dare
1425 1535 1500 1561 saeua
1512 1535 1606 1561 funera
1632 1536 1706 1569 virg.
1721 1536 1786 1562 Aen.
1800 1541 1823 1568 8,
1837 1543 1894 1571 570.
1990 1538 2060 1564 Dare
2070 1547 2179 1572 operam

33 1564 86 1599 pho
106 1574 214 1600 currum
234 1566 345 1600 Augusti
362 1567 502 1591 comitatus
525 1563 575 1595 est,
596 1565 756 1593 sinisteriore
778 1567 865 1594 funali
885 1577 970 1602 equo,
988 1578 1072 1603 quum
1136 1570 1224 1596 funeri
1244 1569 1300 1596 Cic.
1315 1571 1368 1596 Att.
1383 1578 1418 1602 15,
1435 1578 1454 1596 ι.
1524 1570 1658 1597 Deducere
1672 1572 1764 1604 funus,
1786 1571 1837 1598 vid.
1858 1577 1995 1598 DEDVCO.
2066 1573 2179 1599 Densan-

30 1599 170 1627 Marcellus
186 1600 316 1627 Oftauiae
328 1600 398 1626 filius
413 1600 561 1627 dexteriore
575 1601 724 1629 veheretur.
781 1603 858 1630 Nihil
868 1604 967 1629 videtur
979 1605 1075 1637 melius,
1137 1612 1180 1632 tur
1194 1605 1288 1631 funcra
1301 1605 1376 1632 mista
1390 1606 1479 1632 senum
1492 1614 1520 1631 ac
1534 1606 1660 1632 iuuenum
1686 1607 1753 1632 Hor.
1769 1608 1858 1632 Carm.
1872 1615 1892 1639 1,
1906 1612 1943 1638 28,
1958 1615 1993 1637 19.
2084 1607 2181 1635 Dotari

29 1644 102 1671 quam
107 1635 219 1668 statuere
231 1645 284 1662 cum
296 1637 440 1667 Torrentio,
448 1636 549 1662 funales
564 1645 635 1671 equos
648 1635 690 1670 ςίῖε
703 1640 846 1669 exteriores,
852 1640 983 1665 interiores
995 1646 1075 1666 autem
1136 1640 1277 1667 funeribus
1296 1640 1378 1668 Ouid.
1393 1642 1457 1667 Met.
1472 1649 1507 1672 13,
1521 1648 1574 1673 523.
1647 1641 1748 1666 Ducere
1767 1641 1845 1667 funus
1858 1641 2048 1667 acerbiffiuunn
2060 1642 2127 1668 viuo
2139 1642 2180 1668 vi-

31 1670 65 1696 ad
77 1674 103 1697 iu
122 1681 160 1697 um
173 1678 197 1697 et
209 1677 324 1697 temonem
337 1672 439 1707 iugales.
516 1671 575 1697 Viti.
587 1672 676 1699 Barth.
689 1672 723 1699 ad
741 1673 802 1699 Stat.
817 1673 908 1699 Theb.
923 1676 950 1706 6,
963 1677 1009 1708 461
1032 1675 1074 1701 vbi
1082 1685 1120 1709 40
1135 1676 1261 1710 dentique
1281 1677 1337 1702 Cic.
1354 1684 1402 1710 pro
1416 1675 1509 1708 Quint.
1523 1685 1553 1707 50
1566 1685 1588 1701 c.
1606 1683 1640 1707 15.
1693 1676 1797 1702 Ducere
1812 1676 1891 1701 funus
1910 1675 1976 1701 Plin.
1991 1684 2029 1707 ιο,
2042 1685 2083 1708 43.
2137 1677 2180 1703 Ef-

31 1707 102 1731 Funa
115 1715 156 1732 em
169 1705 271 1732 Thoen
286 1707 362 1733 Poeta
374 1713 499 1733 memorat.
536 1707 633 1734 Auson.
649 1707 769 1743 Epitaph.
784 1716 822 1741 35,
837 1717 864 1734 ιο
882 1710 990 1743 Pegasus
1012 1710 1073 1736 hinc
1137 1711 1208 1737 serre
1226 1711 1320 1736 funere
1333 1710 1409 1744 regio
1440 1710 1510 1736 Suet.
1524 1711 1626 1736 Neron.
1639 1718 1661 1735 c.
1674 1718 1714 1740 30.
1803 1710 1859 1736 Cic.
1874 1718 1923 1744 pro
1937 1711 2026 1737 Domo
2036 1720 2072 1745 42
2094 1712 2180 1739 Video

0 1750 2 1756 >
35 1740 125 1767 dexter
140 1747 227 1767 currat
241 1740 309 1774 tibi,
328 1741 418 1768 laeuus
431 1743 517 1769 Arion
530 1743 611 1769 Funis
624 1749 667 1769 eat
682 1754 687 1769 :
722 1751 846 1778 quartum
860 1743 902 1770 det
915 1744 967 1770 tibi
981 1745 1075 1771 Castor
1137 1745 1262 1779 quosdam
1276 1745 1427 1770 clarissirnos
1439 1744 1528 1775 viros,
1546 1744 1676 1777 principes
1688 1744 1820 1776 ciuitatis,
1845 1744 1950 1779 aliquot
1968 1746 2034 1773 locis
2047 1746 2181 1780 iudicasse,

0 1799 2 1805 ,
32 1784 129 1810 equum
143 1785 148 1800 :
186 1776 282 1807 Funis,
301 1779 319 1802 i.
338 1778 447 1803 Funalis.
483 1777 654 1813 Add.Rutger
667 1797 673 1804 .
688 1780 749 1804 ναν.
762 1777 843 1804 LeHr.
857 1788 878 1809 1,
892 1788 926 1804 10.
1137 1784 1163 1804 te
1177 1788 1235 1804 cum
1249 1779 1324 1812 plebe
1341 1779 1397 1804 iure
1411 1787 1488 1811 agere
1502 1778 1625 1811 potuiffe,
1646 1779 1692 1812 qui
1707 1780 1786 1805 etiam
1801 1780 1833 1805 de
1846 1789 1889 1807 me
1903 1781 1959 1815 ipso
1974 1790 2056 1815 quum
2072 1789 2117 1809 tua
2135 1792 2180 1810 ro-

69 1816 85 1835 F
95 1818 115 1836 v
127 1817 149 1836 N
160 1812 183 1836 Ᾱ
191 1818 207 1836 1.
216 1818 249 1842 13,
269 1812 300 1836 is.
318 1821 343 1836 n.
379 1811 481 1845 [κηρᾶς,
496 1809 590 1844 δείλης]
627 1812 684 1838 Iud.
697 1820 737 1842 20,
753 1821 779 1836 ιο
805 1813 915 1837 Funalia
928 1817 1002 1837 erant
1014 1820 1072 1837 can·
1137 1813 1257 1846 gastone,
1281 1813 1374 1839 funere
1388 1813 1480 1838 elatam
1495 1812 1634 1847 Rempubl.
1649 1814 1697 1840 etse
1710 1814 1827 1841 dicerent
1840 1826 1846 1841 ;
1881 1822 1968 1842 tamen
1981 1817 2008 1842 id
2021 1817 2113 1850 funus,
2133 1819 2179 1845 etsi

31 1843 136 1870 delabra
146 1863 153 1874 ‚
173 1845 299 1871 exstantes
311 1845 431 1870 stimulos
445 1845 585 1876 habentia,
605 1846 703 1879 quibus
716 1846 832 1871 funiculi
844 1854 903 1871 cera
919 1845 963 1872 vel
983 1845 1114 1875 huius-45
1135 1847 1277 1879 miserum,
1295 1853 1373 1881 atque
1387 1847 1511 1874 acerbum
1523 1848 1625 1881 fuisset,
1646 1849 1703 1876 iure
1716 1850 1846 1877 indictum
1859 1852 1907 1877 effe
1920 1851 2051 1878 dicebant.
2129 1854 2179 1880 Ex·

32 1879 106 1905 modi
118 1879 245 1905 alimento
259 1879 367 1904 luminis
379 1879 460 1905 obliti
474 1879 629 1912 figebantur.
666 1880 798 1915 Opera-fiam
810 1880 839 1906 id
849 1890 926 1916 genus
933 1881 1025 1917 funale
1032 1879 1075 1914 est,
1134 1891 1192 1917 pers
1206 1882 1306 1909 funeris
1319 1883 1423 1915 anima,
1442 1886 1461 1909 i.
1476 1884 1629 1910 Immortalis
1648 1885 1751 1911 Lucret.
1763 1894 1786 1917 3,
1794 1893 1848 1919 712.
1920 1886 2064 1913 Exstinctus
2077 1889 2179 1916 crudeli

29 1914 93 1951 quod
102 1914 219 1951 describit
230 1913 312 1940 Ouid.
328 1915 390 1940 Met.
406 1922 447 1945 12,
462 1922 508 1946 245
1134 1918 1228 1944 funere
1250 1920 1326 1952 Virg.
1342 1918 1394 1944 Ecl.
1408 1926 1432 1950 5,
1444 1926 1487 1943 20.
1555 1919 1650 1945 Facere
1663 1921 1780 1954 amplum
1791 1920 1871 1946 funus
1888 1921 1911 1947 S.
1924 1921 2019 1956 Sulpic.
2034 1923 2089 1950 Cic.
2104 1924 2178 1951 Fam.

221 1950 324 1976 Primus
337 1949 502 1984 Ophionides
516 1950 628 1982 Amycus
641 1950 783 1985 penetralia
798 1950 876 1976 donis
1133 1962 1162 1985 4,
1178 1961 1211 1978 12.
1279 1954 1374 1979 Facere
1387 1953 1466 1979 funus
1480 1953 1591 1986 prandio
1605 1954 1731 1986 alicuius,
1745 1962 1795 1991 pro
1813 1956 1954 1991 Consumere
1970 1959 2052 1992 epulas
2060 1960 2177 1997 prandii.

223 1984 301 2015 Haud
314 1985 407 2011 timuit
423 1985 535 2019 spoliare
547 1985 617 2015 suis3
654 1992 680 2012 et
694 1985 793 2019 primus
808 1986 840 2011 ab
852 1985 915 2012 aede
1133 1988 1214 2013 Plaut.
1229 1988 1299 2013 Men.
1316 1996 1338 2020 3,
1355 1996 1378 2019 2,
1392 1996 1424 2023 27
1443 1988 1538 2014 Fecisti
1550 1988 1629 2015 funus
1643 1990 1744 2018 absenti
1755 2000 1798 2018 me
1811 1992 1923 2026 prandio
1938 2002 1943 2018 :
1980 2002 2026 2019 cur
2046 1995 2124 2021 ausus
2140 1995 2179 2021 fa-

222 2019 401 2054 Lampadibus
412 2020 519 2047 densum
532 2021 620 2055 rapuit
634 2021 723 2047 funale
736 2021 866 2047 coruscis:
1081 2022 1114 2048 50
1133 2031 1191 2049 cere
1199 2043 1208 2055 ,
1224 2032 1282 2049 cum
1297 2032 1347 2058 ego
1362 2032 1406 2054 ea,
1423 2032 1474 2057 qua
1488 2030 1516 2049 tu
1530 2032 1602 2055 eras,
1621 2027 1710 2052 eram?
1776 2026 1884 2053 Factum
1898 2027 1977 2053 funus
1990 2030 2094 2063 egregie
2108 2031 2178 2058 Hor.

222 2056 378 2090 Elatumque
390 2056 449 2082 alte.
1135 2059 1217 2084 Serm.
1233 2067 1256 2089 z,
1273 2066 1294 2090 5,
1310 2067 1361 2091 105.
1430 2059 1500 2085 Fecit
1515 2059 1546 2085 de
1560 2060 1665 2094 integro
1678 2061 1755 2087 funus
1767 2062 1821 2088 iam
1833 2063 1935 2097 sepulto
1948 2062 2006 2090 filio
2021 2072 2104 2092 mater
2122 2067 2179 2093 Cic.

222 2091 298 2118 Illisit
315 2091 399 2118 fronti
413 2090 540 2126 Lapithae
553 2090 721 2123 Celadontis,
742 2096 768 2118 et
779 2091 832 2117 offa
1134 2102 1183 2128 pro
1197 2094 1300 2120 Cluent.
1314 2099 1353 2124 28.
1426 2094 1547 2120 indicere
1558 2095 1635 2121 funus
1650 2096 1837 2131 Reipublicae,
1855 2098 1908 2124 vid.
1928 2106 2051 2126 INDICO.
2104 2102 2177 2127 Indi-

52 2143 62 2155 ,ψ
86 2151 89 2159 ,
225 2127 290 2153 Νοιι
303 2127 465 2161 agnoscendo
478 2127 584 2153 confusa
597 2127 707 2161 reliquit
721 2127 750 2152 in
761 2135 808 2153 ore
829 2132 874 2152 etc.
929 2142 939 2157 Ι
1133 2137 1191 2154 cere
1203 2129 1244 2154 hic
1261 2128 1303 2161 effi
1320 2128 1417 2155 verbum
1424 2129 1540 2163 Jbtlemne
1550 2149 1559 2162 ,
1576 2130 1643 2157 docet
1656 2133 1742 2159 Varro
1755 2133 1787 2159 de
1800 2134 1829 2159 L.
1844 2134 1873 2160 L.
1888 2141 1909 2167 5,
1923 2142 1940 2168 7
1955 2144 1978 2169 p.
1992 2138 2033 2168 56,
2046 2144 2088 2162 22.
2134 2138 2176 2163 In-

28 2161 98 2191 -Ta'le
107 2163 288 2196 interpretatur
301 2164 407 2189 Gronau.
425 2163 482 2198 Obs.
493 2172 517 2195 3,
533 2166 552 2189 6
573 2162 635 2188 illud
645 2161 750 2193 Duillii‚
768 2161 796 2187 de
814 2170 860 2196 quo
894 2160 950 2186 Cic.
967 2160 1000 2186 de
1013 2160 1070 2185 Seu.
1132 2163 1227 2189 ducere
1243 2164 1322 2189 funus
1350 2164 1404 2190 Cic.
1420 2165 1452 2190 de
1466 2165 1557 2199 Legib.
1575 2174 1595 2197 2,
1610 2168 1648 2192 61.
1754 2169 1852 2195 Instare
1865 2170 1971 2202 funeri,
1994 2171 2047 2197 v1d.
2064 2178 2176 2198 1Ns'r0,

0 2220 5 2233 r
39 2203 74 2232 4'4
84 2206 106 2224 c.
118 2206 140 2230 13
161 2198 347 2225 Delectabatur
369 2198 464 2225 crebro
486 2197 572 2224 funali
593 2206 621 2224 ac
642 2197 762 2224 tibicine.
799 2196 931 2222 Crebrum
952 2195 1107 2231 intelligit-55
1133 2199 1278 2225 Instaurare
1292 2200 1371 2225 funus
1386 2200 1467 2226 alicui
1489 2202 1562 2235 Vix-g.
1578 2203 1644 2229 Aen.
1657 2211 1680 2235 3,
1694 2205 1736 2230 62.
1754 2205 1807 2230 vid.
1824 2211 1999 2232 1NSTAVRO.
2077 2207 2178 2234 Locare

36 2233 99 2268 quod
114 2234 198 2260 multos
215 2232 333 2266 stimulos
357 2232 495 2266 astantes,
511 2234 600 2259 multos
616 2232 747 2268 funiculos
768 2232 820 2258 illis
842 2231 928 2265 fixos,
950 2231 1071 2270 hahuerit.
1134 2234 1227 2266 funus,
1246 2235 1299 2261 vicl.
1314 2242 1425 2262 Locvs.
1446 2235 1501 2262 Cic.
1516 2238 1592 2264 Verr.
1607 2246 1630 2271 5,
1645 2247 1694 2271 119.
1783 2241 1919 2266 Maturare
1933 2241 2028 2273 funus,
2051 2242 2104 2268 vid.
2118 2250 2180 2270 MA-

15 2277 16 2283 *
38 2270 94 2296 Non
110 2267 217 2302 diffiteor
234 2276 329 2300 mmm,
349 2270 411 2295 mihi
429 2269 513 2295 videri
525 2271 624 2300 verius,
644 2267 766 2294 crebrum
780 2268 884 2297 funale,
904 2265 1025 2292 crebrum
1040 2272 1072 2292 ti·
1134 2276 1147 2295 'J
1159 2276 1250 2296 vRvs.
1321 2270 1411 2297 Mei-fit
1427 2272 1523 2298 acerbo
1537 2273 1631 2300 funere
1644 2280 1699 2300 atra
1714 2273 1769 2301 dies
1781 2276 1895 2310 infantes
1914 2276 1989 2310 Virg.
2002 2278 2066 2303 Aen.
2079 2281 2103 2308 6,
2115 2287 2178 2312 429.

2 2302 3 2310 ¹
34 2303 160 2338 hiemem,
180 2304 222 2337 qffi’
235 2305 324 2330 multos
330 2304 419 2339 seruos
425 2304 532 2339 fimalia
538 2302 666 2338 simplicia
684 2301 822 2339 gestantes,
840 2303 930 2341 multos⁴
948 2302 1071 2341 tibicines.
1133 2306 1189 2331 Pati
1204 2306 1296 2333 funera
1317 2307 1390 2340 Virg.
1407 2308 1470 2333 Aen.
1488 2311 1570 2339 =‚236.
1641 2310 1766 2343 Plangere
1780 2311 1874 2337 funera
1886 2311 1998 2337 alicuius
2016 2313 2076 2339 Stat.
2086 2313 2178 2340 Theb.

32 2339 151 2366 Caeterum
163 2340 289 2367 Ciceronis
300 2340 353 2375 ipſs
366 2340 440 2365 verba
447 2337 568 2382 'speffasli’
582 2338 680 2365 videtur
694 2340 758 2364 Aur.
770 2338 840 2364 Vi&
854 2337 886 2363 de
900 2339 972 2377 Virxs
992 2337 1071 2378 illusi.
1135 2350 1170 2370 ¹2,
1184 2346 1234 2372 333·
1331 2342 1451 2369 procedit
1463 2343 1543 2369 funus
1562 2344 1629 2370 Ter·
1644 2345 1724 2371 Andr·
1742 2355 1761 2378 1,
1776 2355 1795 2378 Ι,
1812 2355 1867 2372 300·
1938 2348 2046 2374 prodire
2058 2348 2085 2374 in
2098 2349 2178 2376 funu⁸

31 2383 53 2401 c.
65 2379 92 2407 38
110 2375 214 2401 Duillio
229 2376 372 2401 conccss‘um
386 2375 437 2407 est,
457 2380 485 2402 vt
498 2374 665 2409 praelucente
679 2373 773 2403 funali,
790 2380 815 2399 et
827 2378 993 2408 praecinente
1007 2372 1069 2399 t1b1-
1078 2374 1113 2398 60
1132 2377 1201 2402 ibid,
1216 2386 1241 2403 v,
1257 2382 1294 2407 38,
1366 2378 1536 2404 Reujuiscere
1550 2378 1577 2404 in
1591 2380 1733 2407 funeribus
1756 2381 1824 2408 Cels,
1838 2390 1859 2413 2³
1872 2384 1897 2407 6,
1991 2383 2098 2410 soluere
2110 2385 2177 2411 justa

16 2411 17 2436 l
33 2410 103 2442 cine,
123 2419 137 2437 a
152 2419 230 2436 coena
246 2411 351 2445 publice
363 2410 471 2437 rediret.
576 2410 626 2435 Hic
641 2409 732 2443 ponite
745 2408 832 2434 lucida
862 2409 929 2434 Hor.
945 2409 1032 2435 Carnu.
1049 2417 1072 2441 3,
1132 2419 1241 2447 paterno
1254 2413 1341 2438 funeri
1362 2414 1416 2439 Cic.
1431 2422 1478 2447 pro
1493 2414 1567 2440 Rosc.
1582 2416 1670 2442 Amer.
1688 2425 1724 2449 23.
1821 2417 1928 2443 Soluere
1947 2417 2088 2445 arbitraria
2103 2419 2176 2445 fune-

16 2448 71 2478 326,
91 2449 108 2472 6
138 2447 252 2472 Densum
287 2446 376 2472 funale
408 2445 521 2471 coruscis
556 2444 719 2478 lampadibus
762 2443 843 2470 Ouid·
865 2445 929 2470 Met·
956 2453 988 2476 ¹2,
1007 2452 1069 2478 247-
1133 2448 1170 2474 ris
1187 2448 1243 2474 Cic.
1258 2448 1314 2482 post
1328 2448 1382 2474 red.
1398 2450 1426 2475 in
1438 2451 1522 2476 Senat.
1538 2458 1575 2485 17.
1647 2452 1707 2477 Sum
1722 2451 1773 2478 tibi
1788 2452 1879 2478 auctor
1893 2453 1995 2479 funeris
2016 2454 2095 2481 Ouid.
2110 2456 2175 2481 Met.

15 2478 146 2509 lNot‘tiem
159 2482 269 2507 flammis
282 2481 383 2513 funafflia
395 2481 505 2506 vincunt
524 2480 598 2514 Virg.
613 2481 677 2506 Aen.
692 2489 710 2510 1,
724 2487 785 2514 727.
855 2479 960 2519 Seruius
974 2480 1005 2506 ad
1021 2480 1044 2505 h.
1054 2480 1071 2506 l.
1135 2492 1173 2515 10,
1188 2492 1241 2516 199-
1335 2485 1418 2511 Causa
1437 2485 1538 2511 funeris
1556 2485 1607 2512 tibi
1626 2486 1667 2512 fui
1689 2487 1765 2522 Virg.
1779 2488 1842 2513 Aen.
1858 2490 1884 2519 6,
1899 2493 1957 2520 458.
2051 2489 2175 2516 Tradere

0 2512 136 2548 „Funalia
150 2518 223 2548 sunt,
247 2525 314 2550 quae
338 2516 407 2542 intra
426 2524 512 2542 ceram
531 2516 610 2546 sunt,
629 2515 699 2541 dieta
719 2525 732 2541 a
751 2514 876 2546 funibus,
896 2515 993 2549 quibus
1011 2522 1072 2542 ante
1129 2519 1246 2545 animam
1277 2519 1369 2546 funeri
1413 2521 1470 2546 Sen.
1506 2521 1609 2547 Troad.
1644 2529 1667 2554 5.
1808 2522 1906 2548 Venire
1937 2523 1967 2549 in
1994 2523 2074 2550 funus
2114 2525 2171 2552 Cic,

0 2551 13 2587 ’μ
28 2553 103 2578 vsum
123 2551 216 2585 papyri
235 2560 295 2578 cera
313 2550 487 2578 circumdatos
501 2550 617 2577 habuere
629 2551 744 2577 maiores
777 2565 822 2570 —
858 2552 945 2577 Varro
960 2551 992 2577 de
1008 2551 1070 2577 Vita
1086 2550 1117 2582 65
1131 2556 1183 2581 Ast,
1198 2563 1231 2586 15,
1247 2563 1265 2580 ι,

0 2590 15 2617 ’,ι
28 2588 91 2621 Pop.
105 2587 182 2613 Rom.
214 2586 323 2613 Facibus
344 2594 388 2613 aut
403 2587 508 2613 candela
523 2586 650 2618 numici,
671 2593 714 2612 aut
729 2595 760 2612 ex
777 2585 897 2612 funiculo
911 2585 995 2619 facia,
1011 2596 1070 2613 cera
1170 2596 1186 2615 Ρ
1196 2597 1246 2615 VN
1256 2597 1299 2615 ER
1309 2597 1331 2616 A
1341 2596 1357 2615 Ε
1367 2610 1375 2623 ,
1391 2599 1475 2616 arum.
1517 2590 1536 2615 f.
1574 2590 1650 2624 Apud
1665 2591 1778 2617 maiores
1790 2591 1958 2626 dicebantur,
1976 2593 2039 2620 Illae
2058 2594 2089 2621 ad
2109 2604 2174 2630 quat

27 2622 134 2653 vestita,
154 2621 252 2656 quibus
264 2631 293 2648 ea
306 2621 436 2657 figebant,
454 2622 616 2657 appellarunt
634 2622 744 2648 funalia.
822 2622 936 2653 Funale,
949 2629 998 2656 pro
1017 2623 1069 2658 ipso
1130 2624 1211 2650 funus
1232 2625 1361 2657 pertinet,
1379 2631 1407 2651 vt
1426 2626 1563 2655 Sororem,
1583 2626 1705 2652 Matrem.
1747 2627 1817 2653 Nam
1837 2628 1961 2661 practicae
1980 2630 2037 2656 sunt
2056 2630 2174 2664 planetus

0 2649 14 2690 ἢ
30 2659 113 2690 Fune,
133 2657 200 2692 apud
231 2657 290 2684 Liu.
323 2667 367 2691 42,
404 2660 435 2690 65
466 2665 531 2685 extr.
574 2657 664 2684 Funda
691 2657 778 2684 media
807 2656 860 2683 duo
886 2657 988 2683 funalia
1019 2659 1068 2683 im·
1131 2659 1276 2692 principes,
1293 2668 1346 2685 non
1360 2660 1469 2686 doloris.
1527 2661 1641 2687 Funeras
1659 2668 1747 2688 autem
1761 2662 1896 2695 dicebant,
1915 2664 1985 2699 quasi
1998 2666 2127 2693 Funereas
2140 2665 2173 2693 ad

0 2690 100 2728 “Paria
118 2692 239 2719 habebat·
1132 2702 1195 2727 quas
1208 2694 1320 2728 pertinet
1335 2694 1423 2721 funus.
1491 2696 1598 2722 Seruius
1610 2699 1637 2722 in
1650 2697 1724 2733 Virg.
1740 2698 1804 2724 Aen.
1820 2707 1846 2730 9,
1858 2704 1905 2731 487
1942 2713 1987 2720 —·
2023 2701 2079 2728 Nec
2092 2708 2116 2728 te
2129 2707 2173 2728 tua

2 2742 12 2751 ·-
67 2735 84 2755 F
94 2736 115 2755 V
124 2736 144 2756 N
154 2736 175 2755 A
184 2736 202 2755 R
212 2735 250 2755 lv
259 2735 272 2755 s
281 2747 288 2759 ‚
307 2729 325 2754 i.
349 2738 384 2754 m.
422 2729 473 2763 ,Qui
482 2727 574 2764 sunem
586 2725 691 2754 traam.
713 2725 778 2751 vnde
796 2734 925 2762 cognomen
943 2725 1071 2752 Gratiano
1085 2734 1120 2761 70
1131 2730 1226 2755 funera
1239 2736 1323 2756 mater
1358 2730 1488 2763 Produxi,
1510 2731 1618 2765 pressiue
1630 2732 1736 2765 oculos,
1759 2738 1803 2759 aut
1815 2734 1925 2761 vulnera
1940 2734 2003 2762 laui.
2089 2738 2175 2772 Epita-

2 2762 14 2790 ’ἰ
30 2763 127 2791 maiori
139 2764 208 2800 apud
220 2764 310 2790 Aurel.
324 2764 394 2790 Vici.
410 2764 438 2790 in
453 2764 520 2798 Epit.
536 2772 557 2789 c.
572 2765 614 2795 69.
651 2767 675 2787 et
688 2761 821 2801 Ammian.
832 2769 871 2793 30,
886 2769 930 2794 24-
1021 2762 1070 2788 Fu-
1125 2766 1214 2800 phium
1237 2765 1316 2791 Ennii
1338 2766 1403 2800 apud
1424 2765 1479 2792 Cic.
1500 2766 1532 2792 de
1545 2767 1601 2792 Sen.
1616 2774 1646 2801 73
1660 2777 1682 2794 c.
1697 2777 1740 2795 20.
1775 2775 1798 2795 et
1811 2769 1893 2796 Tusc.
1909 2779 1929 2802 1,
1943 2779 1976 2803 34
1989 2779 2010 2796 c.
2027 2778 2051 2804 15
2064 2775 2094 2798 it.
2108 2780 2173 2799 extr.

3 2796 99 2836 ssnarii
115 2803 188 2826 etiam
207 2798 272 2825 dieii
289 2800 405 2832 Currus,
424 2808 439 2826 a
462 2807 557 2834 genere
577 2796 679 2824 vinculi
692 2805 760 2831 aquo
777 2796 971 2831 alligabantur:
1012 2797 1071 2824 m.
1123 2800 1163 2834 fic
1176 2800 1301 2836 legendum
1314 2801 1393 2836 censet
1406 2802 1470 2828 scal.
1484 2800 1604 2828 Cataleft.
1623 2811 1647 2837 p.
1668 2809 1713 2835 283
1742 2803 1831 2830 Nemo
1854 2814 1897 2832 me
1919 2806 2035 2833 lacrimis
2057 2807 2174 2841 decoret,

3 2837 15 2862 ᾗ
28 2835 117 2862 ffidor,
132 2835 164 2862 de
176 2835 251 2869 Orig.
267 2843 294 2870 ¹7
303 2855 310 2867 ‚
324 2843 360 2867 35.
496 2844 500 2847 ·
1131 2845 1217 2871 neque
1231 2837 1333 2863 Funera
1345 2837 1439 2863 fletum
1450 2837 1526 2863 Faxit
1540 2848 1545 2863 :
1581 2847 1627 2864 cur
1641 2839 1650 2865 Ξ
1684 2839 1771 2867 volito
1783 2841 1862 2866 viuus
1875 2849 1922 2875 per
1934 2850 1982 2868 ora
1992 2841 2089 2869 virum.
2126 2844 2174 2871 sect

67 2877 144 2899 FVN
156 2873 173 2897 1}
182 2876 205 2897 Τ
218 2877 287 2903 VM,
307 2871 325 2896 i.
352 2880 379 2897 n.
416 2870 480 2896 Plin.
503 2878 545 2902 17,
565 2877 598 2896 22
629 2868 718 2901 Quum
737 2867 875 2894 breuiores
887 2867 1006 2902 palmites
1018 2869 1068 2895 sar·
1132 2872 1192 2897 libri
1201 2874 1329 2908 plerique,
1348 2881 1433 2907 neque
1448 2872 1542 2899 funera
1555 2873 1619 2900 fletu
1637 2874 1712 2902 faxit.
1783 2877 1865 2903 Etiam
1883 2877 1950 2912 apud
1966 2878 2101 2914 Virgilium
2113 2879 2172 2913 sunt

32 2913 119 2934 mento
130 2908 275 2941 iunguntur
288 2906 358 2933 inter
371 2907 395 2932 se
409 2906 514 2932 funium
529 2903 620 2936 modo,
639 2913 670 2930 ex
683 2902 733 2930 hoc
746 2912 819 2930 arcus
832 2903 922 2930 funeta
936 2903 1066 2930 dicuntur.
1082 2911 1113 2939 75
1126 2916 1215 2943 magna
1222 2907 1404 2943 finientiarum
1417 2907 1538 2935 diuortia,

68 2949 84 2969 r
94 2949 114 2967 v
124 2949 208 2969 ΝΛΜ
219 2940 318 2968 Βιῗιν
328 2949 350 2972 s,
369 2942 386 2967 i.
407 2950 444 2967 m.
478 2940 658 2976 [ιχοιηβοίτηὴ
671 2939 828 2975 νενροβοὶτης]
863 2939 914 2974 Q
922 2940 1068 2975 pcrfwzem
1168 2949 1184 2968 F
1194 2949 1215 2969 v
1230 2949 1252 2969 N
1266 2949 1283 2969 Ε
1293 2949 1336 2969 RE
1346 2949 1406 2976 VS,
1423 2952 1454 2976 a,
1472 2953 1526 2970 um.
1553 2943 1613 2970 Adi.
1650 2944 1794 2980 [κτερικός]
1828 2946 1961 2974 Funereae
1980 2948 2122 2982 mulieres,
2142 2950 2172 2976 de

33 2983 152 3004 extentum
160 2976 298 3013 specht-uli
309 2977 382 3013 causa
394 2976 511 3003 ambulat.
547 2976 616 3002 Ter.
628 2975 654 3001 in
667 2974 831 3009 prol.Hec.4
848 2975 886 3001 Ita
900 2975 1011 3010 populus
1019 2975 1069 3002 stu·
1128 2977 1214 3013 quibus
1226 2978 1294 3004 modo
1307 2988 1317 3005 e
1332 2979 1434 3006 Seruio.
1488 2979 1563 3006 Bubo
1581 2980 1663 3006 Ouid.
1678 2981 1742 3006 Met.
1758 2990 1800 3013 10,
1814 2990 1870 3015 453.
1888 2982 2009 3018 simeram
2026 2985 2168 3021 praesagus.

36 3010 82 3037 dio
93 3012 222 3046 stupidus,
241 3013 270 3039 in
291 3012 449 3039 funambulo
468 3012 587 3038 animum
599 3015 746 3044 occuparat.
816 3010 888 3046 Conf.
907 3010 980 3037 Idem
999 3010 1066 3037 ibid.
1129 3014 1226 3048 Epulae
1253 3015 1310 3040 Scn.
1326 3014 1405 3049 Epist.
1428 3023 1463 3041 12.
1558 3015 1674 3042 Martial.
1688 3021 1711 3048 8,
1724 3024 1756 3049 43
1786 3017 1982 3052 Funereamque
1994 3020 2060 3045 toris
2072 3021 2168 3054 quassat

4 3050 8 3057 ’
39 3053 71 3077 34
88 3047 186 3075 Meffala
203 3048 336 3075 Coruinus
355 3049 455 3082 primus
476 3046 635 3074 Funambuli
653 3054 749 3072 nornen
770 3045 877 3078 intulit,
898 3053 923 3072 et
938 3046 993 3080 post
1006 3056 1065 3073 eum
1127 3056 1238 3083 vterque
1252 3051 1353 3076 Facem.
1448 3051 1530 3076 Frons
1542 3050 1653 3077 funerea
1668 3051 1742 3085 Virg.
1756 3053 1820 3079 Aen.
1833 3062 1860 3085 4,
1874 3061 1930 3086 507.
1951 3056 1969 3078 ι’.
1978 3063 1996 3079 e.
2018 3055 2168 3088 Cupress‘us:

40 3079 181 3108 Terentius
193 3095 198 3110 :
232 3083 330 3111 Aufior
342 3085 430 3111 Acron
443 3087 470 3110 in
483 3084 551 3110 Hor.
566 3082 648 3108 Serm.
662 3090 682 3114 1,
694 3090 730 3107 10.
799 3082 959 3109 Funambuli
976 3082 1067 3119 descri-
1084 3087 1116 3113 80
1129 3086 1241 3111 Seruius.
1335 3086 1425 3111 Homo
1438 3086 1562 3112 funereus
1575 3089 1708 3122 opponitur
1722 3087 1806 3113 Vitali
1824 3088 1892 3123 apud
1905 3089 1993 3114 Barth.
2007 3095 2036 3124 p.
2050 3099 2106 3123 1127
2125 3094 2169 3125 qui

23 3116 86 3155 iptio
97 3114 129 3149 est
143 3117 230 3146 Manil.
243 3127 265 3152 ς,
278 3121 321 3152 65ι
1129 3121 1239 3156 obstruat
1252 3123 1323 3147 etiam
1337 3121 1484 3148 Funereum
1499 3121 1542 3155 este
1557 3131 1728 3158 nonnunquam
1741 3123 1835 3149 Dirum
1844 3143 1853 3155 ,
1870 3126 1913 3158 qui
1932 3124 2011 3150 oculos
2030 3125 2168 3152 videntium

10 3157 26 3170 '¹
224 3155 254 3180 In
267 3160 404 3189 praerupta
417 3153 489 3181 dabit
503 3153 634 3184 studium,
652 3151 799 3187 vendetque
812 3152 911 3187 periclo
1124 3163 1282 3183 cmztammcc.
1420 3182 1421 3185 ,

225 3189 378 3223 Ingenium,
397 3198 425 3216 ac
438 3196 527 3229 tenues
540 3189 614 3215 ausim
628 3187 680 3214 sine
694 3188 779 3215 limite
797 3189 893 3223 gressus
1166 3198 1180 3217 Γ
1190 3198 1210 3215 v
1220 3199 1242 3217 N
1252 3198 1263 3216 ι·
1277 3198 1291 3218 Β
1300 3199 1316 3218 R
1328 3199 1337 3217 1
1348 3198 1376 3224 S,
1394 3201 1416 3218 e.
1456 3192 1516 3219 Adi.
1554 3192 1711 3227 [ἔπιτνὶφιοῃ
1730 3189 1862 3227 ἒπικῆδιος]
1899 3194 1966 3220 Idem
1986 3204 2016 3222 ac
2037 3196 2167 3223 Funereus.

228 3220 304 3251 Certa
316 3235 362 3259 per
375 3231 493 3252 extentos
506 3230 586 3259 ponet
597 3224 706 3259 vestigia
717 3224 810 3255 funes;
1128 3227 1230 3253 Bellum
1249 3228 1314 3253 Hor.
1329 3228 1405 3262 Epist.
1424 3236 1444 3260 1,
1457 3237 1484 3260 19
1497 3235 1561 3255 extr.
1579 3232 1596 3254 i.
1610 3229 1748 3258 cruentum,
1764 3229 1860 3263 plenum
1872 3230 1993 3256 caedibus.
2064 3231 2119 3256 Cic.
2134 3230 2167 3257 de

228 3258 264 3284 Ac
275 3261 338 3287 caeli
350 3261 490 3288 meditatus
502 3261 553 3287 iter
565 3260 672 3294 vestigia
687 3258 776 3294 perdet
1083 3263 1111 3292 85
1129 3266 1202 3289 Orat.
1216 3273 1241 3292 2,
1255 3272 1297 3295 341
1310 3273 1331 3289 c.
1346 3268 1378 3295 84
1397 3263 1572 3290 Laudationes
1585 3263 1686 3289 nostrae
1700 3263 1849 3290 scribuntur
1862 3264 1893 3291 ad
1907 3265 2046 3292 funebrem
2061 3266 2167 3293 concio-

230 3293 308 3320 Paene
322 3297 380 3329 sina,
395 3304 420 3324 et
434 3296 547 3331 pendens
561 3296 687 3331 populum
702 3294 837 3330 suspendet
849 3294 882 3321 ab
895 3294 961 3329 ipso.
1127 3307 1196 3324 nem.
1216 3300 1240 3324 h.
1249 3308 1267 3324 e.
1287 3302 1334 3330 ita,
1343 3301 1408 3325 uelut
1420 3303 1446 3325 in
1459 3300 1512 3335 ipsa
1517 3300 1638 3336 sunebrzs
1644 3299 1809 3335 sollemnitate
1820 3299 1917 3327 habitae
1930 3300 2009 3334 tffivzt.
2113 3302 2166 3328 Cu.

2 3339 3 3344 =
36 3325 79 3352 Sic
97 3325 221 3351 Bentleius
241 3327 307 3355 dedit
322 3332 432 3358 ultimum
448 3333 558 3368 versum,
574 3335 601 3358 in
616 3341 661 3367 quo
675 3334 800 3358 variatur.
854 3330 985 3357 Firmicus
1000 3334 1022 3360 8,
1037 3337 1065 3364 ¹7
1127 3334 1199 3368 preffi
1218 3335 1284 3360 Hor.
1300 3334 1380 3368 Epod.
1395 3343 1416 3367 5,
1432 3340 1465 3363 ιε.
1568 3335 1622 3361 Cic.
1639 3334 1667 3360 in
1681 3334 1770 3360 Vatin.
1787 3343 1818 3366 3ο
1839 3344 1861 3361 c.
1878 3344 1902 3361 ιε
1916 3343 1979 3362 extr.
2018 3336 2091 3363 Cedo
2105 3338 2165 3372 quis

0 3361 4 3366 “
37 3361 120 3387 Erunt
152 3361 317 3395 funambuli,
333 3366 463 3400 oribatae,
481 3367 649 3394 neurobatae.
697 3366 755 3393 Vid.
791 3373 866 3393 NEV
876 3373 895 3392 R
905 3372 924 3392 O
934 3371 1033 3393 ΒΑΤΕ
1043 3372 1065 3392 S·
1127 3379 1242 3404 vnquam
1255 3371 1376 3397 coenauit
1390 3377 1486 3396 atratus
1501 3370 1510 3395 ζ
1534 3369 1570 3396 ita
1586 3369 1656 3396 enim
1672 3369 1736 3395 illud
1750 3370 1854 3404 epulum
1868 3371 1903 3397 est
1916 3371 2043 3405 funebre,
2067 3377 2095 3399 vt
2108 3382 2165 3400 mu-

0 3404 2 3409 ’
35 3397 74 3422 De
88 3396 230 3436 elephantis
243 3397 413 3434 funambulis,
431 3403 483 3429 vid.
504 3409 740 3430 CATADROMVS.
809 3402 921 3437 Metaph.
946 3401 1063 3428 Tertull.
1127 3414 1174 3431 nus
1189 3405 1218 3431 fit
1233 3406 1351 3438 funeris,
1369 3406 1459 3440 epulae
1481 3405 1586 3439 quidem
1610 3405 1678 3440 ipsae
1698 3405 1841 3439 dignitatis.
1944 3407 2004 3433 Liu.
2018 3416 2038 3439 ι,
2053 3416 2086 3434 20
2099 3415 2165 3435 extr.

3 3440 6 3460 ὲ
36 3431 68 3458 dc
81 3432 191 3466 pudicit.
213 3441 241 3458 10
267 3433 321 3466 Age
342 3440 385 3466 tu,
404 3437 554 3465 funambule
583 3438 726 3473 pudicitiae
760 3452 850 3457 -——-
886 3438 932 3471 qui
952 3436 1064 3462 tenuiffi-
1077 3447 1113 3472 90
1128 3441 1186 3467 Nec
1206 3441 1325 3467 caelestes
1343 3441 1424 3467 modo
1442 3441 1632 3472 caerimonias,
1652 3440 1693 3466 sed
1708 3441 1774 3467 iusta
1787 3449 1894 3475 quoque
1906 3441 2046 3475 funebria,
2064 3443 2165 3477 placan-

35 3475 109 3494 mum
123 3467 197 3493 filum
210 3468 346 3501 disciplina
363 3470 490 3500 eiusmodi
508 3475 565 3501 veri
586 3475 646 3500 auia
668 3473 794 3508 pendente
813 3473 925 3508 vestigio
945 3472 1063 3507 ingrede-
1127 3476 1227 3510 dosque
1241 3486 1343 3508 manes,
1358 3484 1386 3503 vt
1402 3477 1472 3502 idem
1487 3477 1607 3502 Pontifex
1623 3476 1752 3503 edoceret.
1806 3475 1960 3511 Iusta‚fimt
1973 3478 2121 3514 Exsequiae,
2141 3486 2165 3506 et

35 3502 72 3530 ris
106 3517 197 3523 ——
233 3504 294 3529 dum
309 3511 359 3530 tam
375 3505 473 3535 securus
486 3517 510 3535 et
523 3509 591 3544 quasi
605 3510 633 3536 in
649 3509 734 3536 solido
749 3518 784 3535 es.
1127 3512 1274 3546 Sacr1ficia,
1294 3522 1354 3547 quae
1368 3519 1472 3538 mortuis
1486 3513 1672 3547 impenduntur,
1687 3518 1709 3536 ct
1708 3511 1857 3573 f(unerandi
1862 3512 2025 3546 sollemnitas.
2097 3515 2164 3541 Lau-

75 3544 154 3564 FVN
166 3537 204 3565 1⁰1<
216 3541 331 3571 FPVS,
349 3539 368 3564 i.
404 3549 439 3567 m.
474 3545 537 3570 Idem
548 3544 677 3581 fignificat
697 3544 761 3580 quod
780 3543 949 3570 funambulus.
987 3543 1064 3577 Apul.
1126 3546 1244 3573 dationes
1273 3547 1404 3581 Qunetil.
1429 3555 1452 3579 3,
1476 3555 1501 3581 7.
1574 3548 1632 3574 Sen.
1658 3546 1705 3581 Epi
1729 3566 1735 3572 .
1755 3555 1808 3573 102.
1850 3547 1907 3573 Vicl.
1929 3549 2031 3585 Berneg.
2049 3549 2084 3576 ad
2094 3550 2163 3577 Suet.

36 3572 107 3599 Flor.
122 3583 139 3606 4
147 3581 190 3609 pr.
218 3575 369 3601 Comoedus
390 3575 588 3616 sermocinatur,
610 3580 768 3616 Tragoedus
790 3579 967 3611 vociferatur,
985 3580 1003 3605 F
1007 3579 1064 3605 nni-
1126 3583 1197 3608 Caes.
1212 3592 1234 3608 c.
1248 3585 1272 3608 6.
1308 3590 1332 3609 et
1349 3582 1413 3616 Vtff.
1428 3581 1489 3615 list.
1504 3583 1577 3610 Orat.
1588 3592 1603 3614 3
1612 3590 1639 3618 p.
1654 3592 1708 3616 412.
1779 3580 1849 3607 Ludi
1869 3583 1929 3609 Liu.
1941 3589 1982 3616 28,
1994 3593 2033 3611 21.
2088 3587 2163 3613 Para-

34 3616 109 3643 repus
120 3610 290 3644 periclitatur.
391 3626 393 3628 v
1080 3620 1113 3646 95
1126 3623 1167 3643 tus
1191 3618 1282 3644 Tacit.
1302 3619 1369 3645 Ann.
1392 3627 1424 3650 13,
1446 3626 1482 3652 17.
1589 3617 1751 3644 Funebrium
1783 3616 1876 3651 longus
1907 3619 1975 3646 ordo
2003 3621 2162 3656 Pomparum

71 3650 87 3670 F
98 3651 118 3670 v
129 3652 150 3671 N
161 3653 194 3672 ic
204 3645 225 3672 37
235 3652 250 3672 1.
261 3653 280 3671 ν
292 3653 321 3678 s,
340 3645 359 3671 i.
377 3653 412 3671 m.
430 3645 526 3674 Dimin.
561 3651 675 3687 [κωμίον]
710 3651 777 3678 Plin.
792 3659 826 3682 12,
841 3657 869 3685 17
888 3650 973 3685 Atque
985 3654 1063 3676 attra-
1127 3652 1253 3685 Qiinc‘iil.
1264 3654 1291 3679 in
1300 3655 1385 3688 Aegro
1395 3653 1458 3680 Red.
1473 3662 1497 3687 p.
1517 3662 1567 3680 120.
1638 3653 1712 3678 Sacra
1731 3651 1811 3678 Ouid.
1824 3653 1909 3680 Trist.
1924 3664 1951 3688 4.
1962 3665 1990 3688 4,
2002 3660 2039 3689 83,
2110 3657 2161 3683 Ti.

3 3696 6 3698 *
36 3678 85 3706 &is
102 3680 229 3707 funiculis
248 3681 356 3708 herbam
376 3689 432 3707 eain
446 3683 587 3717 conuolui,
605 3693 682 3721 atque
697 3687 733 3713 ita
745 3686 808 3712 offas
821 3685 888 3712 fieri.
960 3685 1015 3711 Cic.
1030 3685 1062 3711 de
1126 3687 1185 3713 biae
1200 3688 1340 3720 funebres,
1359 3687 1458 3716 austere
1470 3688 1560 3719 Festo,
1581 3687 1719 3719 dicuntur,
1740 3688 1808 3714 Cum
1821 3689 1918 3724 quibus
1934 3690 1961 3716 in
1977 3691 2070 3718 funere
2091 3692 2160 3718 cani·
2195 3719 2197 3721 ,

21 3715 134 3744 .1nuent.
145 3725 182 3778 h2,
198 3726 242 3751 154
259 3727 280 3744 c.
301 3725 327 3751 51
355 3716 512 3749 funiculus,
530 3720 576 3752 qui
595 3729 609 3746 a
621 3723 700 3757 puppi
714 3722 839 3757 religatus
853 3721 971 3755 scapham
984 3729 1062 3747 anne·
1124 3729 1268 3784 tur,bquas
1282 3725 1383 3751 flamini
1397 3724 1490 3751 audire
1502 3723 1626 3758 putabant
1641 3722 1774 3750 illicitum.
1845 3724 2036 3752 Vestimentum
2057 3727 2112 3752 Cic.
2126 3726 2159 3752 de

36 3753 194 3781 xamtrait.
1124 3759 1278 3785 Lei.2-
1310 3769 1379 3787 c.2.

17 3789 24 3817 j
73 3792 89 3812 F
98 3794 117 3812 v
127 3795 148 3815 N
160 3795 179 3814 v
193 3795 206 3814 s
216 3808 223 3820 ,
244 3787 305 3814 eris.
321 3796 348 3814 n.
384 3784 588 3821 [Hs'fflmnnin'oe
598 3789 657 3822 Vct.
671 3792 749 3818 Gloss.
757 3793 813 3819 Lat.
827 3793 893 3827 Gn]
928 3791 1060 3818 Donatus:
1070 3799 1116 3818 100
1162 3767 1180 3819 i:
1193 3801 1213 3820 v
1224 3768 1297 3821 {5³13
1308 3803 1329 3822 Α
1338 3770 1406 3822 R31v
1415 3802 1427 3821 s
1436 3814 1443 3826 ‚
1457 3803 1488 3826 a,
1516 3801 1569 3818 um.
1601 3791 1662 3819 Adi.
1703 3794 1754 3826 Vt,
1779 3793 1922 3822 Funeraria
1944 3796 2027 3827 actio,
2039 3797 2106 3821 (inae
2128 3794 2158 3820 de

12 3813 118 3861 gwlFiinus
131 3833 145 3850 a
158 3823 300 3850 Funalibus
316 3823 417 3850 dic‘tum
429 3822 464 3848 est
478 3833 483 3848 :
518 3828 544 3848 et
557 3822 594 3848 est
605 3824 698 3858 Pompa
716 3828 906 3862 exsequiarum.
977 3828 1060 3865 Appa-
1122 3828 1235 3864 imptnfix
1246 3830 1354 3865 funeris
1371 3840 1415 3856 cau
1428 3831 1443 3855 21
1454 3826 1541 3864 fabiis
1562 3827 1652 3869 datur,
1670 3827 1688 3854 l.
1703 3837 1733 3862 14
1750 3827 1772 3866 §.
1784 3830 1847 3857 haec
1860 3832 1931 3858 aetio
1945 3832 1975 3857 D.
1989 3831 2019 3856 de
2034 3819 2118 3855 r'eflieh
2131 3835 2155 3855 et

11 3864 17 3881 τ·
30 3858 100 3887 iratus
113 3865 279 3886 mortuorum
297 3860 368 3886 Seru.
382 3858 416 3885 acl
429 3859 503 3892 Virg.
517 3859 580 3884 Aen.
596 3866 617 3889 3.
684 3860 751 3887 Ter.
767 3862 848 3889 Andr.
863 3872 887 3894 1,
902 3872 928 3893 1,
943 3871 989 3888 100
1010 3864 1059 3889 Fu·
1122 3866 1197 3891 sumt.
1211 3865 1266 3890 fun.
1339 3866 1486 3901 Appellatur
1498 3863 1652 3890 funeraticia
1668 3864 1739 3891 aetio
1750 3868 1779 3891 in
1791 3865 1808 3892 l.
1821 3874 1853 3898 3ο
1865 3867 1897 3893 D.
1906 3866 1937 3892 de
1950 3866 2024 3898 relig.
2094 3864 2153 3891 Inde

31 3899 80 3918 *nus
93 3894 196 3920 interim
210 3894 344 3929 procedit,
364 3894 513 3928 sequimur,
531 3893 561 3919 ad
585 3893 729 3928 sepulcrum
747 3898 866 3924 venimus
880 3909 888 3929 3
924 3898 951 3923 in
969 3899 1057 3933 ignem
1122 3901 1296 3927 Funerarium
1311 3901 1499 3935 priuilegium,
1519 3898 1575 3924 inl.
1591 3899 1636 3926 vlt.
1651 3900 1683 3925 D.
1698 3900 1776 3927 eodem
1788 3904 1832 3928 tit.
2024 3897 2045 3935 ff
2066 3908 2079 3924 2
2095 3900 2153 3925 Sub-

38 3927 110 3955 )osita
122 3930 173 3962 est,
195 3931 278 3956 fletur.
383 3930 440 3956 Cic.
453 3930 484 3956 de
497 3929 602 3955 Amicit.
617 3938 638 3955 11
670 3930 755 3962 Quam
768 3933 854 3959 a'utem
867 3934 969 3960 ciuitati
984 3943 1057 3960 carus
1113 3935 1196 3969 stant.
1234 3937 1252 3962 F
1256 3935 1341 3962 irmic.
1354 3945 1377 3969 3,
1391 3938 1408 3962 6
1424 3936 1450 3961 Si
1463 3943 1510 3968 per
1523 3933 1629 3961 noelem
1644 3936 1744 3962 fuerint
1756 3936 1858 3963 inuenti
1872 3935 1914 3961 So!
1922 3953 1930 3966 ,
1950 3934 2110 3965 Mercurius,
2127 3939 2153 3959 ct

39 3963 122 3998 uerit,
139 3974 261 3992 moerore
273 3966 375 4028 supletis
388 3966 530 3993 indicatum
544 3965 588 3992 est·
658 3964 714 3991 50¹¹·
728 3965 759 3991 de
771 3967 857 3994 Benef-
870 3971 902 4002 6,
916 3974 943 4000 38
964 3971 1055 3997 Dema·
1068 3977 1112 4005 105
1121 3972 1245 3999 Saturnus
1258 3982 1263 3998 ι
1299 3971 1443 4005 lapidarius
1455 3970 1569 4032 fgcient,
1586 3971 1777 4006 pollinctores,
1796 3977 1841 3999 aut
1853 3969 2015 4000 funerarios,
2034 3969 2076 3995 vel
2094 3971 2152 4029 qbui-

179 4008 198 4027 V
208 4007 250 4031 01.
261 4021 267 4026 .
336 4021 342 4026 .
1423 4013 1436 4038 5
2122 4012 2151 4030 υς
