2479 4225
220 149 261 189 23
567 127 845 170 DEC

228 223 322 256 Digitis
337 221 487 246 decernere.
506 221 523 243 i.
540 217 648 244 micando
663 216 785 250 Calpurn.
799 214 849 240 Ecl.
864 221 884 241 ε’,
897 212 937 236 26.
1008 209 1082 249 Virg.
1097 209 1160 234 Aen.
1171 209 1252 237 11,218

229 260 312 291 Ipsum
326 257 417 284 armis,
437 256 573 288 ipsumque
588 253 663 280 iubet
675 251 812 277 decernere
825 249 913 286 Ferro.
983 245 1037 284 Cic.
1047 244 1078 269 de
1092 244 1163 269 Orat.
1173 250 1195 280 2,
1209 248 1252 275 317

228 292 274 317 Sed
288 292 304 317 si
320 292 346 316 in
361 291 416 323 ipso
428 289 476 315 ilio
491 289 648 322 gladiatorio
665 287 734 312 virae
750 289 903 311 certamine,
923 280 1073 321 quoierro
1086 278 1245 308 decernitur,

227 334 325 355 tamen,
347 332 390 350 etc.
460 324 587 350 Praelium
606 323 661 347 Cic.
676 322 746 347 Fam.
758 328 797 349 10,
812 326 839 342 10
847 322 889 354 pr.
903 314 943 354 υρι
958 314 1009 340 md.
1025 315 1112 353 'Gt-acu.
1165 312 1252 344 Pugna

227 361 291 386 sorti
304 360 440 385 decernere
462 359 548 384 Valer.
565 359 659 390 Argon.
673 365 699 388 4,
716 363 765 386 193.
830 384 835 389 .
858 351 983 383 hqtutum
994 349 1154 391 ‘diu'anceps
1168 355 1252 380 pugna
1276 359 1289 385 ς

226 402 295 426 erat,
316 403 361 420 nec
381 395 434 428 ipsa
453 402 497 427 per
518 394 542 418 se
562 391 665 417 decerni
683 392 782 423 poterat
806 386 961 417 Llu.28,14.
988 383 1087 418 1.fimr1
1100 389 1167 421 certa
1180 384 1254 408 alter-

224 434 303 455 utrius
319 432 404 464 partis
423 427 539 455 maaria,
610 426 717 455 1,iu,2g‚
754 442 758 446 .
796 439 802 445 .
839 420 927 446 Primo
941 419 1075 445 missilibus
1088 423 1255 443 territauere:

226 464 319 490 deinde
337 463 428 490 amissis
447 463 549 489 leuibus
570 461 643 492 telis,
662 467 727 494 quae
746 455 852 481 irritare
869 455 951 489 magis
965 463 1043 494 quam
1056 453 1194 479 decernere
1207 453 1255 478 Pu-

228 509 303 533 gnam
328 504 454 533 poterant.
526 497 690 531 Silnpliez'tcr,
711 493 855 518 Decet-nere
879 500 938 516 cuni
963 489 1145 528 aliquo-Nep.
1165 496 1204 519 23,
1226 497 1252 520 4.

228 538 301 560 Curt.
317 543 339 564 3,
353 543 376 562 2.
392 543 410 559 1.
644 538 655 561 3
691 525 796 552 (ἱενιιηιί.
819 526 897 551 Ratio
909 524 1066 551 decernendi
1079 531 1161 557 magis
1180 532 1254 563 expe-

228 570 303 595 tenda
316 570 367 597 est.
387 576 463 602 quam
478 565 625 592 decertandi
638 560 768 589 fortitudo
798 561 853 587 Cic.
868 561 920 587 Off.
944 569 963 592 1,
1001 579 1007 586 .
1078 594 1082 598 .
1122 560 1255 592 Aequabi-

228 606 300 631 litate
332 602 485 630 decernendi
513 602 580 627 vitat
599 597 765 626 offensionem
785 596 892 623 Praetor
918 596 1016 630 sapiens
1053 594 1107 620 Cic.
1127 602 1176 628 pro
1197 595 1255 620 Mu-

226 648 307 701 megi}
319 647 420 700 ἑιῧ-ΞΤ
429 678 448 696 V
458 678 470 698 S
478 691 487 702 ,
517 680 531 697 a
540 690 547 701 ,
575 678 625 695 11111,
655 666 747 693 Partic.
784 665 957 700 [ἐψηφισμένος
965 685 973 697 ,
1005 665 1164 698 ἐγνωσμένος]
1200 664 1255 690 Cic.

228 711 297 736 Fam.
314 718 346 740 ις,
363 716 374 739 3
393 706 608 741 Supplicationem
623 702 770 733 decretam,
790 701 807 727 si
823 707 867 734 tu,
888 710 940 735 qua
954 701 983 726 in
996 709 1025 726 re
1043 699 1110 725 nihil
1131 699 1256 731 fortuito,
1276 717 1301 743 15

229 744 270 771 sed
282 745 378 770 summa
392 749 434 768 tua
447 743 546 767 ratione
560 746 585 764 et
598 738 760 765 continentia
774 737 848 770 Reip.
860 737 997 771 prouisum
1011 735 1063 767 est,
1084 734 1135 761 diis
1149 735 1256 761 immor-

227 779 321 806 talibus
340 777 463 812 gratulari
487 783 549 806 nos,
569 783 647 809 quam
667 773 735 805 tibi,
754 772 852 799 referre
868 777 1002 806 acceptum
1022 771 1122 802 mauis,
1144 771 1254 804 gaudeo.

227 816 279 840 Lex
294 814 393 840 decreta
408 820 452 845 per
465 810 585 836 Senatum
605 809 660 835 Cic.
675 817 722 843 pro
736 809 822 835 Domo
837 816 872 841 24
886 816 908 833 c.
921 816 946 839 9.
1017 805 1055 832 Id.
1071 815 1119 840 pro
1141 806 1212 832 Cael.
1227 811 1254 838 38

227 850 304 876 Nihil
316 849 367 874 iam
381 847 408 872 in
423 845 495 871 istam
507 845 647 871 mulierem
659 844 733 871 dico:
768 843 812 870 sed
826 842 842 869 si
856 843 915 868 esset
929 841 1018 876 aliqua
1031 841 1158 867 dissimilis
1172 842 1254 874 istius,

226 893 291 918 quae
315 884 339 908 se
358 881 481 908 omnibus
498 881 682 915 peruulgaret,
700 888 766 914 quae
784 878 891 904 haberet
911 877 996 911 palam
1008 876 1141 903 decretum
1155 878 1255 917 semper
1265 894 1298 912 20
1318 883 1334 909 7

223 920 353 952 aliquem,
373 917 447 943 cuius
461 916 488 942 in
500 917 607 948 hortos,
628 915 736 941 domum
746 934 753 945 ,
771 914 861 945 Baias,
883 913 940 939 iure
953 913 1000 938 suo
1022 912 1147 938 libidines
1167 921 1253 939 omni-

223 963 266 980 um
279 957 470 983 commearent,
488 958 533 978 etc.
602 951 700 977 Infanti
713 958 819 984 quoque
832 949 934 975 decreta
947 956 1018 974 mors
1029 948 1065 974 est
1085 948 1141 974 Sen.
1156 948 1253 974 Phoen.

222 997 278 1022 243.
346 988 457 1014 Decreta
470 987 574 1014 virtutis
587 986 702 1021 praemia
720 986 775 1012 Cic.
791 984 822 1010 de
836 985 910 1010 Orat.
923 993 943 1014 ε’,
956 991 1015 1017 347.
1086 984 1216 1017 Desponsa
1230 991 1253 1009 et

222 1025 324 1050 decreta
347 1023 498 1058 prouincia,
515 1022 610 1056 diuersa
630 1022 684 1048 Cic.
710 1020 740 1047 de
766 1020 886 1046 Prouinc.
904 1019 1009 1045 Consul.
1029 1026 1060 1054 37
1080 1019 1135 1052 Qti
1155 1019 1253 1045 Consul

223 1060 278 1085 Cal.
292 1060 344 1085 Ian.
359 1058 453 1084 habere
466 1058 630 1091 prouinciam
645 1056 738 1088 debet,
756 1055 778 1081 is
790 1061 819 1081 vt
831 1064 887 1081 eam
904 1054 1072 1088 desponsam,
1092 1063 1146 1080 non
1167 1054 1253 1081 decre-
1261 1071 1292 1097 23

221 1100 274 1121 tam
287 1094 381 1120 habere
393 1093 523 1119 videatur.
584 1091 651 1120 Add.
665 1091 731 1117 Vell.
745 1099 768 1123 2,
781 1093 824 1123 60,
841 1098 862 1123 ς.
935 1091 1039 1116 Sumtus
1054 1099 1154 1116 annuus
1168 1089 1255 1116 decre-

221 1136 261 1156 tus
281 1130 335 1156 Cio·
350 1130 401 1155 Att.
416 1136 441 1163 7,
457 1137 475 1155 1.
669 1124 689 1164 ff
710 1135 726 1153 2.
746 1126 812 1152 Plin.
826 1131 861 1158 18,
874 1134 897 1157 31
911 1126 928 1151 s.
944 1133 980 1160 74
995 1125 1024 1151 de
1037 1126 1252 1161 torculaffagew,

220 1167 291 1191 Intra
303 1165 399 1198 viginti
413 1164 459 1189 hos
472 1171 552 1189 annos
566 1162 718 1194 inuentum,
740 1162 826 1196 paruis
841 1161 937 1196 prelis,
956 1167 981 1187 et
994 1161 1095 1187 minori
1114 1161 1253 1194 torculari,

219 1200 340 1227 aedificio
353 1199 493 1230 breuiore,
512 1204 537 1224 et
549 1198 618 1224 malo
633 1197 661 1223 in
675 1196 764 1223 medio
779 1197 898 1229 decreto,
916 1202 1038 1231 tympana
1047 1196 1167 1231 imposita
1179 1197 1254 1223 vina-

221 1236 272 1261 ceis
294 1236 402 1269 superne
422 1241 480 1260 toto
503 1233 618 1267 pondere
639 1241 747 1267 vrgere,
767 1238 792 1258 et
814 1233 891 1267 super
911 1232 984 1266 prela
997 1232 1147 1259 construere
1161 1241 1292 1272 conge-30

219 1272 294 1298 riem.
331 1271 370 1297 Sic
384 1278 476 1300 omncs,
490 1268 553 1304 quoti
558 1268 646 1304 sciam.
688 1268 799 1295 Decreto
811 1267 973 1304 igiturdebet
986 1265 1028 1301 effi>
1042 1267 1130 1303 defixO,
1138 1266 1238 1301 statuto
1248 1279 1255 1293 .·

218 1314 247 1331 vt
269 1312 334 1331 retro
355 1303 421 1339 quast
441 1313 456 1329 a
476 1302 755 1340 moralifignficatione
767 1310 837 1330 eatur
849 1302 1030 1339 adphjficam,
1048 1303 1152 1339 quadiu
1165 1303 1255 1338 figere,

217 1341 341 1372 statuere,
363 1348 461 1374 ponere
475 1346 560 1365 contra
567 1339 595 1375 [ε
608 1339 688 1365 habet.

252 1382 271 1401 D
279 1383 295 1401 E
305 1382 321 1402 c
331 1382 349 1401 R
358 1382 373 1401 r
382 1382 403 1402 T
414 1382 434 1401 v
444 1382 469 1401 M
477 1395 485 1407 ‚
504 1375 522 1401 i.
540 1384 565 1400 n.
603 1373 749 1408 [ψήφισμα,
767 1371 867 1407 δόγμα]
903 1370 979 1407 Subst.
991 1373 1056 1409 quod
1062 1374 1184 1409 placitum
1191 1375 1256 1400 alias

216 1411 303 1437 Latine
317 1410 424 1441 dicitur,
441 1412 483 1436 vel
495 1411 635 1441 Sententia,
649 1410 673 1444 J.
681 1408 853 1445 singulorum,
866 1408 890 1444 s.
903 1412 980 1435 totius
987 1409 1093 1445 collegii,
1102 1411 1144 1436 vel
1157 1409 1290 1451 ordhzis3.

206 1445 282 1472 adeo.
336 1445 402 1471 Plin.
417 1445 494 1479 Epist.
510 1453 546 1475 10,
559 1453 605 1478 40,
617 1453 636 1477 4
663 1445 743 1476 Qrod
756 1443 886 1470 affirmare
899 1444 951 1470 tibi
963 1445 1079 1478 possum,
1098 1451 1127 1471 vt
1140 1444 1254 1477 decreta,
1277 1437 1289 1453 ³

215 1480 311 1515 quibus
324 1480 439 1506 damnati
453 1486 543 1512 erant,
563 1479 768 1514 proferebantur
784 1489 790 1504 1
824 1479 862 1504 ita
875 1479 946 1505 nulla
966 1486 1137 1506 monumenta
1156 1480 1253 1514 quibus

216 1516 320 1543 liberati
338 1516 519 1549 probarentur.
625 1514 681 1540 Cic.
696 1513 774 1540 Acad.
788 1523 815 1547 4,
829 1521 862 1547 27
876 1522 897 1539 c.
911 1521 927 1545 9
946 1513 1093 1548 Sapientiae
1105 1523 1172 1544 vero
1187 1515 1253 1548 quid

216 1551 336 1577 futurum
350 1551 401 1583 est,
423 1559 487 1585 quae
501 1558 585 1584 neque
600 1548 631 1575 de
645 1550 670 1576 se
683 1549 736 1583 ipsa
751 1548 871 1575 dubitare
884 1547 962 1574 debet
976 1568 984 1581 ‚
1001 1557 1087 1583 neque
1099 1548 1131 1575 de
1145 1549 1197 1575 suis
1210 1549 1253 1575 de-

216 1587 293 1612 cretis
307 1590 391 1620 (quae
405 1585 557 1620 Philosophi
570 1589 664 1612 vocant
678 1584 816 1619 dogmata)
836 1592 950 1619 quorum
963 1584 1068 1610 nullum
1087 1584 1140 1610 sine
1158 1584 1253 1611 scelere
1260 1602 1297 1627 40

214 1622 292 1655 prodi
305 1622 402 1656 poterit
416 1623 425 1648 3
497 1622 668 1647 Decretorum
680 1620 784 1646 Numae
799 1619 882 1646 libros
898 1619 985 1646 laudat
1004 1619 1070 1646 Plin.
1087 1629 1122 1652 13,
1136 1628 1159 1652 13
1180 1621 1198 1646 s.
1212 1628 1252 1654 27.

216 1657 273 1683 Cic.
289 1659 365 1683 Vcrr.
380 1656 436 1683 Aet.
449 1666 468 1689 1,
484 1665 522 1689 ¹¹9
541 1656 596 1689 Qui
611 1656 709 1682 Romae
722 1660 807 1681 totum
820 1653 951 1687 0111611101,
971 1661 1049 1690 atque
1062 1655 1152 1682 omnia
1166 1655 1254 1681 decre-

214 1698 240 1718 ta
253 1692 403 1719 vendiderit
417 1693 425 1718 2
495 1692 623 1722 Nouitas,
643 1690 820 1726 iniquitasque
834 1690 998 1717 decretorum
1019 1691 1075 1717 Cic.
1089 1692 1164 1716 Verr.
1174 1700 1195 1722 1,
1217 1710 1223 1716 .
1246 1710 1252 1716 .

214 1727 274 1753 Liu.
290 1733 329 1759 28,
367 1747 373 1753 .
412 1747 418 1753 .
455 1726 507 1753 Sub
521 1726 615 1753 vmbra
627 1726 756 1761 Scipionis
770 1726 914 1758 ciuitatem,
934 1726 1070 1753 dominam
1084 1725 1157 1752 orbis
1173 1733 1253 1752 terra-

213 1771 288 1794 rum,
309 1762 404 1793 latere,
423 1768 499 1788 nutus
523 1762 579 1788 eius
601 1771 650 1796 pro
672 1762 783 1788 decretis
804 1768 925 1796 patrum,
945 1771 993 1796 pro
1008 1762 1100 1796 populi
1114 1761 1181 1787 iuffis
1195 1762 1291 1800 esse.4;

215 1797 287 1832 Conf.
302 1798 368 1823 Hor.
383 1798 469 1823 Carm.
485 1797 546 1822 saec.
556 1806 580 1822 v.
591 1802 624 1826 18.
695 1797 823 1831 Sapientis
836 1797 938 1823 nullum
951 1797 1084 1824 decretum
1103 1797 1151 1823 ess'e
1168 1797 1251 1832 potest

215 1832 263 1858 nisi
277 1831 490 1866 comprehensum
501 1851 509 1863 ‚
527 1836 678 1866 perceptum
688 1851 696 1863 ,
713 1833 850 1866 cognitum
876 1834 932 1859 Cic.
947 1833 1026 1859 Acad.
1038 1842 1066 1866 4,
1083 1841 1137 1865 109.
1209 1833 1251 1859 Se-

215 1873 290 1893 natus
307 1867 375 1893 Vell.
389 1875 414 1898 2,
426 1872 461 1898 58,
475 1876 502 1899 4.
594 1866 650 1892 Cic.
665 1866 777 1902 Philipp.
792 1876 812 1899 1,
826 1876 839 1899 3
875 1868 997 1894 Assentiri
1018 1868 1099 1894 etiam
1118 1876 1165 1893 nos
1179 1868 1252 1894 Seru.

185 1921 193 1929 s
215 1902 330 1936 Sulpitio
344 1902 480 1928 clariffimo
494 1901 554 1927 viro
569 1902 670 1934 voluit,
688 1911 721 1927 ne
734 1910 786 1936 qua
798 1902 887 1928 tabula
901 1903 957 1936 post
968 1903 1029 1928 Idus
1041 1902 1153 1929 Martios
1171 1903 1253 1928 vllius

217 1937 314 1964 decreti
328 1937 454 1968 Caesaris,
471 1942 516 1962 aut
530 1935 653 1962 beneficii
666 1936 798 1970 figeretur.

216 1973 320 1999 Tristia
341 1973 425 1999 Valer.
441 1973 537 2005 Argon.
553 1976 576 2003 8,
584 1979 646 2005 407.
717 1971 776 1997 Siue
789 1970 898 1998 decretis
911 1974 994 2000 vitam
1007 1982 1084 2007 agere
1108 1973 1165 2000 Cic.
1174 1973 1252 1999 Acad.

237 2027 244 2038 ,
401 2007 439 2033 Id.
454 2008 506 2033 Att.
521 2009 558 2037 16,
572 2010 599 2032 16
621 2005 837 2033 Liberalissimum
853 2006 987 2034 decretum
1000 2008 1170 2040 abstulimus,
1181 2008 1253 2042 quod

217 2043 253 2069 est
267 2042 429 2077 obsignatum
443 2043 475 2068 ab
487 2041 646 2076 amplissimis
660 2042 734 2068 viris.
804 2042 945 2069 Concitare
957 2043 986 2068 in
998 2044 1024 2069 se
1037 2049 1062 2069 et
1075 2043 1199 2069 infestare
1208 2043 1255 2069 ali-

216 2087 282 2113 quos
295 2079 346 2104 suis
360 2085 385 2104 et
397 2078 506 2105 decretis
519 2084 544 2104 et
558 2076 651 2103 edictis
671 2077 726 2103 Cic.
741 2079 815 2103 Verr.
830 2077 949 2104 Diuinat.
962 2086 1001 2110 93.
1087 2078 1253 2104 Confirmare

218 2115 286 2148 Nep.
301 2122 338 2146 19,
354 2122 374 2145 3,
386 2122 410 2140 2.
480 2114 540 2139 Vox
560 2112 701 2138 constituto
722 2113 776 2139 sera
799 2112 904 2139 decreto
928 2114 1003 2139 venit
1024 2113 1083 2140 Sen.
1106 2111 1177 2139 Med.
1200 2118 1252 2146 198.
1262 2125 1289 2151 55

217 2149 273 2176 Cic.
287 2149 319 2175 de
334 2149 390 2175 Fin.
405 2158 428 2181 ε,
465 2169 471 2175 .
510 2169 517 2175 ,
552 2148 594 2173 Est
606 2148 677 2174 enim
692 2149 757 2174 tanti
772 2148 926 2183 Philosophi
948 2155 1054 2182 tamque
1074 2148 1189 2181 nobilis,
1209 2157 1254 2175 au-

215 2184 304 2210 1136101·
318 2186 362 2210 sua
375 2184 476 2210 decreta
494 2183 642 2210 defendere.
713 2185 768 2210 Cic.
782 2192 831 2218 pro
845 2185 933 2210 Domo
940 2191 976 2218 74
983 2189 1042 2213 c.28
1062 2185 1160 2210 Omnes
1167 2184 1254 2210 omni-

216 2229 261 2246 um
276 2220 477 2254 publicanorum
491 2219 624 2246 societates
639 2218 670 2244 de
683 2228 743 2245 meo
757 2220 899 2246 Consulatu
913 2228 942 2246 ac
954 2219 985 2245 de
996 2220 1062 2245 meis
1080 2219 1158 2245 rebus
1178 2219 1254 2253 gestis

215 2255 367 2316 {mpliffima
380 2261 457 2289 atque
470 2254 627 2281 ornatissima
641 2253 743 2281 decreta
757 2255 884 2281 fecerunt.
954 2254 1022 2281 Add.
1037 2254 1073 2281 Id.
1087 2255 1143 2289 post
1152 2254 1216 2281 Red.
1225 2255 1253 2281 in

233 2299 273 2316 en.
288 2300 308 2316 c.
326 2299 344 2316 1.

216 2332 242 2351 et
256 2326 341 2359 palam
354 2325 492 2360 regionem
506 2326 580 2352 illam
596 2326 726 2360 petierunt
742 2327 751 2352 3
792 2326 840 2351 Vbi
864 2327 910 2351 alii
932 2332 1012 2350 tamen
1036 2324 1138 2351 (111οἇ10
1159 2327 1252 2361 legunt.

216 2361 271 2387 Cic.
288 2360 365 2386 Acad.
381 2369 408 2393 4,
443 2380 450 2386 .
488 2381 494 2387 .
531 2361 644 2387 Proinde
658 2360 727 2395 quasi
741 2361 839 2395 sapiens
853 2361 955 2386 nullum
969 2359 1041 2386 aliud
1055 2360 1188 2386 decretum
1207 2360 1252 2387 ha-

216 2396 276 2422 beat
291 2402 335 2421 etc.
406 2395 443 2421 Ex
460 2395 566 2421 decreto
585 2396 727 2430 depositam
743 2397 879 2430 pecuniam
892 2396 988 2422 habere
1008 2397 1065 2422 Cic.
1082 2397 1153 2422 Fam.
1167 2404 1201 2427 13,
1215 2398 1254 2428 56.

216 2430 357 2458 Honestari
370 2429 625 2464 magnificentissimis
638 2431 748 2457 decretis
761 2431 793 2458 ab
808 2432 901 2458 Senatu
921 2432 977 2458 Cic.
993 2431 1048 2465 post
1056 2431 1119 2457 Red.
1135 2431 1162 2457 in
1172 2431 1255 2457 Senat.

218 2475 243 2492 2.
314 2466 429 2491 Decretis
444 2465 512 2491 fac-ia
525 2466 634 2499 iungere
649 2466 718 2491 Vell.
732 2475 757 2498 2,
772 2471 824 2498 118,
838 2476 860 2498 3.

219 2500 319 2527 Αυᾶοι·
333 2500 363 2526 ad
376 2501 473 2526 Heren.
492 2509 514 2531 2,
527 2509 554 2531 19
568 2510 589 2526 c.
604 2509 637 2532 13.
708 2501 765 2526 Cic.
779 2502 849 2527 Fam.
864 2508 896 2533 15¹,
910 2509 922 2534 ς
941 2503 1033 2536 Itaque
1047 2502 1118 2536 quod
1132 2511 1181 2536 pro
1193 2511 1254 2528 meo

218 2536 320 2562 iudicio
335 2536 421 2561 facere
433 2535 527 2569 potui,
546 2540 574 2560 vt
589 2536 738 2561 innocentia
752 2536 915 2570 consilioque
929 2542 985 2562 tuo¹
995 2537 1129 2564 defensam
1145 2538 1254 2571 prouin-

218 2573 300 2602 ciam,
321 2577 365 2596 ftc.
400 2570 525 2596 sententia
538 2578 595 2595 mea
607 2576 632 2595 et
646 2569 750 2595 decreto
764 2570 912 2602 laudarem,
932 2571 994 2597 feci.
1051 2573 1155 2598 Mutare
1168 2573 1255 2599 decre-

219 2613 290 2637 tum,
305 2606 357 2632 vid.
374 2611 478 2632 MVTO.
548 2605 647 2630 Ornari
660 2604 768 2630 decretis
780 2624 787 2636 ,
810 2606 862 2630 uid.
879 2611 979 2632 ORNO.
1050 2608 1146 2633 Patere.
1167 2616 1197 2638 2,
1213 2616 1254 2634 110

219 2642 301 2669 Nulla
314 2649 429 2675 vnquam
442 2640 515 2667 natio
528 2646 581 2666 tam
595 2646 697 2666 mature
710 2639 846 2665 consilium
865 2639 930 2666 belli
948 2640 1018 2666 bello
1040 2641 1142 2673 iunxit,
1163 2652 1192 2668 ac
1211 2642 1254 2669 de·
1267 2653 1303 2680 70

494 2675 659 2709 Perfringere
673 2675 789 2705 decreta,
809 2675 861 2700 vid.
880 2681 1072 2701 PERFRmGo.
1133 2677 1255 2702 Proferre

219 2714 277 2739 Cic.
292 2714 368 2738 Verr.
382 2720 402 2743 1,
438 2731 444 2737 .
481 2731 487 2737 .
524 2711 656 2745 Rumpere
669 2710 753 2736 ferrea
768 2710 869 2736 decreta
889 2709 969 2736 Ouid.
985 2711 1047 2738 Met.
1065 2717 1099 2742 15,
1112 2715 1165 2743 781.
1202 2711 1255 2736 Sta.

219 2754 294 2775 tuere
313 2748 352 2773 ius
374 2746 496 2781 Reipubl.
517 2746 627 2772 decretis
647 2745 702 2772 Cic.
721 2746 831 2780 Philipp.
847 2754 885 2777 10,
907 2754 941 2771 12.
1013 2746 1141 2776 Decreto,
1159 2748 1176 2770 i.
1190 2752 1256 2772 certo

219 2782 316 2817 consilio
333 2783 392 2808 Liu.
417 2790 436 2812 1,
463 2791 485 2808 11
505 2789 569 2808 extr.
592 2783 625 2808 al.
640 2781 824 2814 dire&o,Jins
844 2780 986 2817 ambagibus
998 2791 1005 2805 :
1040 2779 1210 2816 quodplacuit
1222 2787 1256 2806 ct-

215 2822 265 2845 iam
285 2817 492 2844 Drakenborchio.

255 2861 274 2880 1)
282 2861 298 2880 E
308 2861 324 2880 C
333 2860 351 2879 R
360 2860 376 2879 Ε
386 2859 407 2878 Τ
415 2854 435 2877 s*
444 2860 462 2879 R
471 2860 492 2879 v
501 2858 515 2877 8
523 2872 530 2883 ,
548 2860 562 2878 a
571 2871 579 2884 ,
600 2860 654 2877 11111.
684 2851 779 2878 Partic.
815 2850 1010 2885 [ψηφισάμενος]
1047 2849 1103 2876 Cic.
1125 2850 1152 2876 in
1164 2850 1254 2876 Vatin.

219 2909 225 2916 .
265 2910 270 2915 .
308 2890 401 2914 Vtrum
415 2887 566 2914 decreturus
580 2887 664 2913 fueris
678 2887 715 2919 id,
728 2885 799 2921 quod
807 2888 924 2920 Augures
940 2894 1030 2912 omnes
1041 2894 1122 2920 vsque
1135 2886 1256 2912 aRomu-

217 2925 243 2951 lo
257 2924 439 2950 decreuerunt.
484 2926 488 2931 '

255 2965 478 2986 DECRETORI
492 2964 555 2990 VS,
570 2966 599 2989 a,
620 2966 673 2983 um.
690 2957 750 2983 Adi.
787 2957 930 2990 [κρίσιμος]

220 3003 287 3029 gna,
303 3004 351 3030 qua
370 2994 510 3020 decernitur
531 2993 558 3018 de
576 2993 671 3029 flamma
694 2993 777 3028 causae
807 2991 938 3025 Qiincfil.
951 2993 977 3023 6,
994 3001 1022 3025 4,
1037 2993 1062 3017 6.

215 3031 285 3066 Jimt,
293 3033 335 3066 qui
354 3031 437 3065 legant
457 3029 637 3055 decertatoria.
681 3028 737 3054 Vid.
752 3029 856 3054 Gronau.
870 3027 903 3053 ad
917 3027 976 3052 Liu.
990 3032 1030 3058 28,
1046 3035 1084 3060 ¹4-
1162 3027 1256 3054 Decre-

221 3066 320 3091 torium
334 3065 400 3091 sidus
409 3084 417 3096 ,
436 3064 464 3090 id
473 3063 505 3096 est
519 3071 610 3099 tempus
618 3084 626 3096 ,
646 3064 709 3098 quod
721 3063 828 3089 decernit
842 3063 870 3088 de
884 3066 942 3088 uuis
954 3069 976 3087 et
995 3063 1054 3088 aliis
1073 3061 1200 3088 arboribus
1213 3069 1256 3088 aut

223 3101 311 3127 herbis.
347 3100 411 3127 Plin.
427 3104 461 3131 18,
475 3104 503 3129 28
518 3100 535 3125 s.
550 3102 590 3130 68,
604 3107 616 3130 3
633 3100 662 3125 In
677 3098 725 3125 hoc
739 3099 866 3132 temporis
883 3097 1026 3123 interuallo
1045 3106 1085 3124 res
1104 3098 1202 3123 summa
1216 3097 1255 3123 vi-

223 3136 290 3161 tium
305 3136 390 3169 agitur
402 3134 550 3161 decretorio
565 3134 622 3160 vuis
636 3133 717 3160 sidere
731 3134 788 3164 illo,
805 3133 875 3168 quod
890 3132 1042 3160 Caniculam
1056 3133 1255 3167 appellauimus.

220 2684 290 2703 creta
303 2676 424 2711 patrauit.

972 2957 1006 2981 Vt
1014 2975 1020 2986 ,
1040 2956 1194 2982 Decretoria
1208 2965 1253 2990 pu-

870 1938 943 1963 Dura
953 1938 1042 1964 Valer.
1051 1939 1151 1972 Argon.
1159 1943 1182 1969 8,
1190 1939 1253 1970 466.
1262 1946 1293 1972 50

416 2291 471 2316 Cic.
486 2290 593 2324 de'Leg.
607 2291 669 2324 Agr.
683 2298 709 2322 2,
720 2299 751 2323 43
778 2291 832 2316 Cur
845 2299 899 2317 non
918 2289 981 2315 item
993 2309 1001 2322 ,
1019 2296 1047 2315 vt
1067 2299 1126 2315 cum
1146 2290 1252 2317 decreto
1259 2298 1294 2323 60
1315 2287 1397 2313 ffendi
1410 2288 1495 2323 ratio,
1517 2297 1596 2328 quam
1610 2288 1760 2314 decertandi
1773 2288 1914 2315 fortitudo.

1099 2992 1152 3026 Qaeo
1165 2995 1191 3016 in
1204 2993 1255 3017 laco
1272 3002 1303 3027 80

1727 116 1764 155 D
1857 117 2004 157 EC
2302 130 2349 168 24

1352 211 1393 232 DE
1403 207 1530 232 cnm-A
1541 212 1557 231 L
1570 212 1600 232 is
1610 225 1618 237 ‚
1633 213 1662 231 0.·
1679 205 1737 231 Adi.
1776 204 1863 231 Sidon.
1879 206 1955 239 Epist.
1971 213 1997 238 7,
2015 214 2030 236 9
2048 207 2188 234 Decretalis
2202 204 2349 241 paginanie..

1315 248 1406 266 cretum
1420 244 1445 265 in
1462 242 1548 267 literas
1565 242 1677 266 rclatum.
1765 240 1824 273 le.
1838 240 1855 265 l.
1869 250 1878 267 1
1894 241 1916 274 6.
1931 249 1946 275 7
1961 242 1986 266 ff.
2001 241 2031 266 de
2045 243 2142 268 success.
2156 242 2235 269 edsct.
2256 243 2350 268 Decre-

1315 275 1374 300 talis
1388 275 1519 301 bonorum
1532 275 1664 307 successio‚
1685 275 1785 310 quaesit
1798 286 1825 300 tx
1838 274 1941 303 decreto.
2011 277 2157 304 Decretales
2170 285 2241 304 mam
2260 286 2351 303 vocan-

1316 317 1358 335 tur
1390 311 1538 344 Pontificum
1571 309 1706 345 Eptstolae‘,
1725 320 1783 346 quae
1805 311 1891 336 bonam
1905 318 2004 347 Partem
2019 313 2135 347 Corporis
2150 315 2219 339 Iuris
2231 314 2350 339 canonica·

1314 342 1473 377 constituunt.
2201 363 2208 367 ·

1353 387 1371 406 D
1381 387 1397 406 1
1406 387 1422 406 C
1432 387 1448 406 E
1458 387 1476 406 R
1485 387 1500 406 Ρ
1509 388 1528 407 o
1537 400 1545 412 ,
1566 380 1600 414 psi
1610 400 1618 412 ,
1637 385 1710 414 ptum
1718 399 1726 412 ‚
1747 383 1800 407 erc.
1837 378 1930 415 [desum
1938 399 1945 412 ,
1959 381 2098 418 ἅπαὸρέπω]
2131 382 2240 417 Aliquid
2257 392 2285 407 ex
2304 382 2351 407 ali-

1318 421 1366 450 qua
1388 425 1414 442 rc
1437 423 1545 450 carpere,
1559 420 1577 442 i.
1599 424 1701 450 capere,
1720 416 1836 451 auferre,
1856 415 2001 442 detrahere:
2038 426 2082 449 vt,
2106 418 2250 451 Deccrpere
2264 425 2350 443 vuam.

1317 451 1382 477 Plin.
1399 450 1476 485 Epist.
1491 459 1517 483 9,
1533 459 1564 477 20
1584 452 1639 484 Ipse
1654 460 1736 484 quum
1750 451 1832 484 absis,
1851 451 1997 477 vindemias
2016 453 2123 487 graciles
2143 452 2268 487 quidem,
2288 452 2351 478 vbe-

1318 486 1401 512 riores
1414 492 1510 518 tamen,
1524 495 1602 520 quam
1621 485 1839 520 exspectaueram,
1857 487 1955 520 colligo
1972 497 1976 512 :
2011 488 2028 513 si
2046 489 2170 523 colligere
2183 488 2219 514 est
2232 497 2351 513 nonnun-

1281 539 1310 556 10
1319 530 1396 555 quam
1419 522 1556 555 decerpere
1581 531 1676 552 vuam,
1696 522 1827 547 torculum
1852 523 1965 548 inuisere
1975 541 1982 553 ‚
2000 524 2098 557 gustare
2113 524 2144 550 de
2157 523 2214 550 lacu
2228 523 2352 554 mustum,

1316 557 1445 592 obrepere
1458 556 1573 588 vrbanis‚
1591 557 1638 591 qui
1651 565 1719 582 nunc
1734 557 1837 584 rusticis
1851 559 1978 592 praesunt.
2015 558 2055 585 Sic
2062 559 2207 594 Decet-pere
2219 559 2306 585 foetus
2313 566 2351 585 31·-

1318 591 1414 619 borum
1436 592 1501 619 Plin.
1516 601 1544 625 4,
1560 601 1584 618 12
1596 593 1613 618 s.
1629 594 1668 618 26.
1741 592 1816 619 Folia
1835 593 1964 620 Columel.
1980 600 2002 625 ς,
2012 602 2049 625 10,
2058 601 2093 619 21.
2162 595 2251 621 Flores
2266 602 2351 620 nouos

1319 628 1421 654 Lucret.
1436 636 1523 662 1,927.
1593 628 1660 654 Add.
1676 627 1713 653 Id.
1726 636 1754 660 4,
1767 636 1788 659 3.
1859 630 1925 655 Hor.
1940 630 2021 655 Scrm.
2039 635 2130 662 1,2,79
2150 630 2242 656 Desine
2256 635 2353 656 matro-

1318 672 1362 689 nas
1377 663 1514 695 sectarier,
1535 662 1603 690 vnde
1616 663 1715 689 laboris
1728 663 1786 689 Plus
1800 662 1907 690 haurire
1920 664 1983 690 mali
1998 663 2049 696 est,
2070 672 2149 698 quam
2167 675 2198 692 ex
2217 674 2246 692 re
2267 664 2354 690 decer-

1319 707 1381 733 pere
1394 699 1503 726 fructus.
1574 699 1682 725 Oliuam
1697 699 1865 725 immaturam
1883 699 1902 725 Ι.
1916 699 1934 725 si
1948 701 2034 726 seruus
2054 697 2076 732 6.
2091 699 2190 727 oliuam
2204 701 2236 727 D.
2250 700 2281 726 ad
2290 700 2352 733 Leg.

1319 734 1410 769 Aquil.
1480 735 1589 760 Pomum
1608 733 1721 760 3111111610
1740 742 1814 760 131110
1841 734 1923 761 Ouid.
1943 744 1975 760 ex
1994 732 2077 761 Ponto
2091 744 2114 767 3,
2127 743 2149 767 5,
2163 743 2199 767 19.
2269 736 2353 761 Decus

1318 778 1418 804 pugnae
1431 769 1534 796 affectat
1548 769 1687 804 decerpere
1704 769 1750 795 Sil.
1765 779 1798 803 4,
1812 774 1860 801 138.
1930 770 1991 796 Stat.
2011 770 2102 797 Theb.
2118 772 2144 802 6,
2159 773 2206 803 164
2236 771 2283 797 Illa
2295 776 2354 797 tuos

1318 805 1439 839 questus,
1458 805 1663 840 lacrimososque
1678 805 1760 839 impia
1775 805 1849 832 risus.
1886 805 1993 837 Audiit,
2012 812 2037 832 et
2052 806 2125 832 vocis
2142 805 2268 840 decerpsit
2281 815 2354 832 mur<

1318 849 1392 867 mura
1405 841 1513 876 primae.
1557 841 1635 867 Verba
1642 841 1705 875 fimt
1717 840 1750 866 ad
1757 841 1886 875 puerulum
1900 840 1927 865 de
1940 843 2042 867 nutrice.
2114 841 2169 867 Cic.
2179 850 2227 876 pro
2240 841 2356 867 Marcell.

1348 882 1399 902 c.'2.
1419 876 1499 903 Nihil
1519 875 1567 902 fibi
1586 885 1617 902 ex
1637 876 1685 902 ista
1704 876 1781 902 laude
1802 876 1941 907 centurio,
1958 875 2028 901 nihil
2047 876 2209 910 praefe&us‚
2229 876 2297 902 nihil
2312 885 2354 902 co-

1317 910 1395 943 hors,
1407 911 1481 938 nihil
1496 919 1582 938 turma
1595 911 1719 946 decerpit.
1792 910 1865 937 Idem
1876 911 1908 937 de
1922 912 1996 937 Orat.
2004 920 2029 943 2,
2043 919 2092 943 229
2108 912 2151 938 Ne
2161 911 2225 946 quid
2239 911 2314 937 iocus
2322 912 2354 937 de

1316 947 1446 981 grauitate
1459 947 1616 982 decerperet.
1690 947 1756 972 Plin.
1771 946 1850 981 Epist.
1864 951 1887 979 8,
1901 955 1942 979 24,
1958 955 1971 978 3
2004 945 2084 973 Nihil
2102 956 2133 973 ex
2146 948 2302 981 cuiusquam
2316 946 2357 972 di-

1317 983 1430 1016 gnitate,
1451 983 1519 1009 nihil
1545 991 1576 1009 ex
1610 981 1748 1015 libertate,
1776 981 1846 1008 nihil
1867 982 1947 1009 etiam
1969 990 2001 1008 ex
2021 981 2164 1009 iactatione
2187 982 2355 1017 decerpseris.

1317 1019 1405 1044 Monet
1419 1018 1552 1051 Pracfidem
1565 1019 1684 1044 Achaiae.
1756 1018 1792 1043 Ex
1805 1018 1880 1044 causa
1895 1018 1923 1043 in
1935 1017 2011 1044 vsum
2024 1017 2176 1052 decerpere,
2195 1027 2261 1053 quae
2273 1018 2357 1044 maxi-

1317 1062 1359 1079 me
1374 1053 1534 1080 fauorabilia
1551 1053 1676 1079 videntur
1696 1053 1828 1086 Quinctil.
1843 1063 1871 1087 4,
1886 1062 1904 1079 1.
1975 1052 2107 1079 Illibatam
2122 1053 2304 1087 virginitatem
2313 1053 2356 1079 de-

1315 1097 1421 1122 cerpere
1442 1088 1499 1115 Sen.
1519 1090 1611 1116 Contr.
1631 1098 1656 1121 1,
1678 1097 1702 1115 2.
1775 1089 1835 1123 Spes
1854 1097 1959 1123 magnas
1971 1087 2087 1123 decerpit
2100 1089 2204 1115 inuidia
2225 1088 2356 1123 Quincffil.

1315 1126 1332 1151 6
1345 1125 1465 1150 Prooem.
2014 1144 2017 1146 -
2303 1138 2306 1139 ν

1350 1165 1395 1186 DE
1405 1165 1446 1186 CE
1456 1165 1592 1192 Rr'rvs,
1610 1168 1639 1192 a,
1658 1169 1712 1185 um.
1734 1160 1828 1186 Partic.
1862 1157 2037 1194 [ᾰποὲρεφιὶς]
2073 1159 2185 1194 Metaph.
2202 1159 2258 1186 Cic.
2273 1158 2356 1185 Tusc.

1316 1201 1338 1227 ς,
1352 1199 1380 1226 38
1394 1203 1415 1220 c.
1432 1203 1456 1227 13
1480 1195 1618 1221 Humanus
1638 1201 1726 1221 autem
1743 1195 1845 1222 animus
1865 1195 1999 1228 decerptus
2013 1203 2043 1220 ex
2059 1200 2146 1221 mente
2165 1195 2274 1227 diuina,
2296 1203 2357 1220 curn

1315 1229 1371 1256 alio
1390 1229 1473 1260 nullo,
1486 1230 1534 1255 nisi
1554 1239 1614 1256 cum
1636 1230 1692 1265 ipso
1706 1231 1779 1262 Deo,
1797 1230 1815 1257 fi
1828 1230 1879 1257 hoc
1895 1231 1933 1256 fas
1947 1230 1982 1256 est
1996 1230 2086 1263 dictu,
2106 1231 2253 1264 comparari
2265 1229 2358 1264 potest.

1316 1267 1421 1300 Proprie
1433 1265 1514 1291 Ouid.
1529 1266 1594 1291 Met.
1609 1274 1629 1299 1,
1643 1271 1699 1298 845>
1709 1267 1848 1300 Decerptas
1863 1266 1953 1292 senior
1965 1272 2117 1300 porrexerat
2131 1265 2240 1292 Inachus
2254 1265 2359 1292 herbas.

1316 1301 1398 1363 {ilina
1437 1302 1503 1327 Hor.
1524 1301 1575 1328 Od.
1598 1310 1618 1334 1,
1639 1308 1666 1335 7,
1684 1309 1710 1336 7.
1782 1303 1861 1328 Ferre
1894 1310 1974 1328 manu
2006 1310 2085 1336 poma
2115 1301 2236 1336 decerpta
2275 1299 2357 1327 Ouid.

1348 1343 1381 1363 et.
1398 1344 1437 1368 10,
1449 1338 1509 1369 684.

1354 1378 1574 1398 DECERPTIO
1584 1392 1592 1404 ‚
1611 1371 1679 1397 onis.
1695 1371 1715 1397 f.
1736 1371 1808 1398 habet
1821 1372 1895 1398 Non.
1911 1380 1940 1404 2,
1954 1374 2007 1405 906
2026 1371 2070 1399 vbi
2088 1371 2300 1407 Virgindemiam
2318 1379 2359 1397 ex-

1312 1408 1395 1442 plicat
1406 1413 1449 1442 per
1462 1407 1598 1442 virgarum
1611 1407 1805 1441 decerptionem
1818 1407 1853 1434 ob
1873 1407 1993 1434 verbera.

1354 1449 1396 1468 DE
1407 1448 1424 1468 C
1435 1449 1479 1468 ER
1491 1449 1515 1468 M
1526 1449 1587 1475 EN,
1603 1443 1662 1469 i'nis.
1689 1452 1715 1468 n.
1752 1443 1826 1469 Festo
1845 1443 1993 1469 decermina
2006 1443 2077 1479 sunt,
2096 1451 2163 1478 quae
2181 1442 2358 1476 decerpuntur

1316 1477 1444 1512 purgandi
1459 1479 1541 1504 causa.
1582 1480 1686 1504 Tralate
1694 1479 1770 1512 Apul.
1784 1479 1848 1505 Met.
1858 1487 1898 1512 ip.
1908 1488 1956 1511 104
1977 1479 2131 1505 Decermina
2147 1479 2279 1510 fortunae,
2293 1486 2360 1512 quae
2376 1491 2380 1492 ν

1316 1513 1400 1538 solent
1422 1513 1503 1547 stipes
1526 1514 1555 1539 in
1573 1514 1662 1540 triuiis
1683 1522 1807 1548 erogare,
1828 1515 1917 1546 verbo,
1933 1514 2047 1541 mendici.
2122 1515 2277 1540 Decermina
2297 1512 2361 1549 sunt
2396 1526 2399 1527 ⁷

1315 1547 1483 1581 καθάρματα.

1350 1588 1369 1607 Ι)
1378 1589 1394 1608 Ε
1404 1587 1421 1608 C
1432 1588 1449 1607 E
1458 1589 1475 1608 R
1485 1588 1507 1607 T
1516 1587 1535 1607 O
1544 1601 1552 1613 ‚
1570 1590 1597 1607 as
1606 1601 1613 1612 ,
1630 1585 1683 1608 fite.
1719 1582 1900 1616 [ἐμιλλοίομαι
1907 1602 1915 1615 ,
1934 1584 2094 1619 οἷγινῖξομαι]
2136 1583 2292 1610 Vehementer
2308 1591 2360 1609 cer-

1315 1622 1369 1642 tare
1379 1637 1387 1648 ‚
1405 1616 1540 1643 dceretoria
1547 1623 1635 1652 pugna
1639 1623 1764 1653 pugnare.
1802 1618 1858 1643 Cic.
1874 1627 1922 1651 pro
1935 1619 2018 1646 Planc.
2032 1625 2063 1653 87
2083 1619 2132 1645 Sed
2145 1624 2201 1645 erat
2218 1627 2273 1644 non
2292 1619 2360 1646 iure,

1316 1660 1371 1676 non
1384 1651 1500 1685 legibus,
1521 1660 1575 1677 non
1588 1652 1756 1686 disceptando
1770 1651 1964 1679 decertandum.
2035 1655 2109 1679 Caes.
2128 1654 2156 1679 B.
2174 1654 2204 1678 C.
2225 1661 2254 1684 3,
2270 1661 2297 1685 19
2316 1652 2360 1678 Νο

1316 1686 1387 1712 ciues
1402 1696 1461 1713 curn
1475 1686 1579 1712 ciuibus
1594 1688 1673 1713 armis
1688 1686 1859 1713 decertarent.
1931 1689 2044 1722 Agmina
2059 1688 2130 1715 bello
2144 1687 2276 1714 decertant
2296 1687 2360 1713 Stat.

1315 1721 1409 1748 Theb.
1423 1731 1452 1755 4,
1465 1727 1521 1752 822.
1595 1722 1651 1747 Cic.
1666 1723 1737 1747 Fam.
1751 1729 1773 1754 ς,
1788 1727 1801 1751 8
1830 1723 1900 1751 Nam
1915 1732 1974 1749 cum
1986 1723 2146 1750 Consulibus
2158 1729 2183 1748 et
2196 1732 2255 1748 eum
2270 1721 2361 1748 multis

1315 1757 1507 1784 Consularibus
1521 1762 1591 1783 tanta
1605 1757 1775 1783 contentione
1787 1757 1936 1790 decertaui‚
1956 1765 2052 1792 quanta
2065 1766 2200 1792 nunquam
2214 1763 2289 1786 antea
2307 1757 2362 1783 vlla

1313 1793 1342 1818 in
1355 1793 1438 1819 causa.
1514 1792 1571 1818 Cic.
1587 1791 1619 1817 de
1632 1793 1739 1818 Amicit.
1776 1812 1782 1819 .
1863 1813 1870 1819 .
1908 1794 1977 1820 Cum
1989 1793 2092 1820 duobus
2105 1792 2216 1819 ducibus
2228 1792 2261 1821 de
2279 1793 2362 1826 impc-

1314 1828 1358 1854 rio
1375 1828 1402 1854 in
1414 1828 1490 1855 Italia
1504 1827 1664 1853 decertatum
1678 1827 1712 1853 est
1722 1847 1731 1860 ,
1750 1827 1850 1859 Pyrrho
1865 1833 1890 1855 et
1903 1829 2062 1856 Hannibale.
2142 1828 2198 1853 Cic.
2219 1827 2286 1853 Phil.
2302 1835 2331 1859 2,
2346 1834 2362 1853 2.

1316 1865 1357 1889 An
1369 1864 1503 1889 decertare
1515 1870 1619 1888 mecum
1633 1862 1717 1888 voluit
1730 1864 1899 1889 contentione
1912 1864 2017 1890 dicendi
2033 1865 2042 1889 ἔ
2113 1862 2185 1889 Caes.
2207 1862 2236 1897 Β.
2251 1863 2283 1888 G.
2299 1867 2327 1895 8,
2340 1869 2359 1896 7

1315 1897 1360 1924 Ne
1374 1897 1515 1924 miseriore
1528 1906 1557 1924 ac
1570 1897 1679 1924 duriore
1691 1898 1778 1931 postea
1790 1898 1945 1925 conditione
1959 1908 2018 1925 cum
2027 1903 2086 1931 toto
2098 1898 2215 1925 exercitu
2230 1898 2364 1924 decertare

1316 1938 1482 1967 cogerentur.
1554 1933 1636 1959 Ouid.
1649 1933 1713 1959 Met.
1729 1941 1769 1967 ¹4›
1783 1938 1829 1965 803
1846 1934 1908 1960 Pace
1921 1939 2009 1960 tamen
2022 1933 2075 1960 sisti
2086 1933 2204 1966 bellum,
2224 1942 2271 1960 nec
2283 1933 2312 1959 in
2323 1932 2363 1960 vl-

1316 1968 1382 1995 tima
1401 1968 1475 1995 ferro
1513 1968 1653 1994 Decertare
1666 1968 1760 2002 placet,
1780 1969 1948 2004 Tatiumque
1961 1969 2084 1996 accedere
2097 1977 2189 2002 reg-no.
2260 1969 2316 1995 Cic.
2329 1967 2362 1994 de

1316 2004 1375 2030 Fin.
1391 2010 1414 2036 ς,
1428 2011 1441 2036 ς
1454 2013 1475 2030 0.
1490 2012 1507 2030 2
1527 2005 1568 2030 An
1582 2012 1643 2030 eum
1664 2004 1753 2029 locum
1774 2003 1888 2030 libenter
1911 2004 2018 2037 inuiffl,
2038 2004 2086 2030 vbi
2116 2003 2312 2037 Demosthenes}
2334 2009 2360 2030 et

1316 2038 1457 2064 Aeschines
1491 2039 1561 2065 inter
1580 2040 1605 2065 se
1625 2039 1757 2066 decertare
1778 2039 1850 2065 soliti
1868 2040 1951 2066 sunt?
2006 2039 2079 2066 «Cic.
2096 2039 2149 2065 Off.
2165 2049 2186 2072 1,
2223 2060 2229 2066 .
2266 2060 2272 2066 .
2310 2039 2359 2066 Sed

1317 2080 1534 2108 quumtempus,
1550 2074 1729 2110 necessitasque
1741 2074 1869 2110 postulat,
1890 2074 2073 2101 decertandum
2088 2083 2167 2101 mauu
2184 2074 2229 2101 est.
2302 2075 2360 2101 Cic.

1316 2110 1349 2135 de
1361 2110 1486 2136 Prouinc.
1505 2110 1612 2137 Consul.
1633 2119 1660 2144 33
1685 2111 1776 2145 Itaque
1795 2119 1854 2136 cum
1874 2111 2011 2137 acerrimis
2023 2110 2177 2136 nationibus
2190 2115 2216 2137 et
2228 2110 2361 2142 maximis,

1315 2146 1509 2172 Germanorum
1521 2152 1547 2172 et
1559 2146 1748 2173 Heluetiorum
1767 2145 1873 2179 praeliis
1890 2145 2034 2172 feliciffime
2054 2145 2208 2174 decertauit.
2285 2145 2321 2172 Vi.
2332 2151 2359 2172 et

1315 2181 1396 2208 armis
1417 2188 1508 2208 contra
1527 2181 1584 2207 vim
1604 2181 1736 2208 decertare
1766 2181 1822 2207 Cic.
1838 2190 1886 2216 pro
1900 2181 1988 2208 Domo
2002 2182 2047 2208 sua
2061 2183 2091 2213 63
2106 2191 2127 2207 c.
2140 2189 2184 2216 24.
2255 2181 2360 2207 Genera

1314 2217 1466 2243 decertandi
1479 2217 1550 2249 duo,
1570 2225 1652 2243 vnum
1666 2226 1713 2251 per
1727 2217 1954 2251 disceptationem,
1973 2217 2086 2243 alterum
2098 2225 2145 2252 per
2156 2217 2213 2243 vim
2237 2217 2294 2243 Cic.
2305 2215 2358 2244 Off.

1317 2260 1338 2284 1,
1351 2261 1393 2285 34.
1462 2252 1503 2282 Id.
1515 2252 1582 2279 ibid.
1597 2261 1617 2285 1,
1655 2272 1660 2278 .
1699 2272 1705 2278 .
1743 2254 1833 2286 Qtare
1846 2252 1988 2286 expetenda
2002 2252 2110 2287 quidem
2121 2252 2204 2287 magis
2223 2251 2259 2278 est
2272 2251 2360 2278 decer-

1983 2289 2086 2324 ImperJZ
2114 2288 2170 2315 Cic.
2178 2287 2230 2315 Off.
2240 2296 2260 2320 1,
2267 2292 2295 2320 38
2304 2297 2325 2313 c.
2335 2295 2360 2314 12

1315 2324 1410 2356 Quint
1422 2332 1488 2350 vero
1501 2323 1533 2350 de
1546 2323 1662 2358 imperio
1674 2323 1829 2355 decertatur,
1846 2324 1969 2359 belloque
1982 2324 2069 2358 gloria
2081 2323 2227 2358 quaeritur.
2297 2323 2359 2350 Liu.

1317 2361 1344 2389 6,
1382 2378 1387 2384 .
1427 2378 1433 2384 .
1470 2359 1548 2385 Tum
1568 2359 1648 2386 etiam
1669 2359 1766 2394 quibus
1785 2359 1867 2386 animi
1888 2360 1917 2386 in
1928 2360 1971 2395 spe
1982 2359 2077 2386 vltima
2090 2358 2260 2396 obstinatgad
2273 2357 2360 2386 decer-

1315 2393 1425 2419 tandum
1440 2394 1558 2421 fuerunt.
1669 2419 1673 2421 .

1354 2434 1372 2453 D
1381 2434 1397 2454 E
1405 2435 1421 2454 C
1429 2435 1445 2454 E
1454 2436 1472 2454 R
1481 2436 1502 2455 Τ
1511 2431 1533 2455 A
1542 2436 1564 2455 Τ
1571 2435 1593 2455 V
1601 2436 1614 2456 S
1623 2449 1631 2461 ,
1653 2438 1682 2461 a,
1708 2438 1762 2456 um.
1794 2430 1889 2456 Partic.
1925 2430 2096 2464 ἤγωνισμὲγος]
2133 2430 2194 2458 Stat.
2207 2428 2300 2456 Theb.
2316 2437 2335 2460 1,
2349 2437 2362 2455 1

930 2468 1101 2501 Interponere
1122 2467 1254 2493 decretum
1276 2471 1306 2502 65
1316 2464 1451 2489 Fraternas
1474 2464 1559 2496 acies,
1579 2464 1732 2499 alternaque
1752 2473 1832 2497 regna
1849 2465 1968 2498 profanis
2001 2465 2139 2490 Decertata
2158 2464 2244 2496 odiis,
2261 2465 2360 2489 sontes-

1316 2507 1367 2533 que
1383 2498 1508 2525 euoluere
1521 2498 1641 2525 Thebas.
1714 2499 1792 2525 Gloss.
1808 2500 1879 2525 MSS.
1892 2506 1932 2534 ap.
1947 2499 2035 2525 Barth.
2058 2498 2202 2525 Debellata.
2273 2497 2360 2524 Labo-

1315 2543 1356 2560 res
1371 2533 1512 2566 decertati,
1533 2534 1562 2560 id
1573 2533 1622 2567 qli,
1641 2534 1757 2561 certando
1766 2532 1868 2569 peraHi
1885 2534 2022 2561 Claudian.
2031 2534 2112 2560 Laud.
2126 2535 2184 2561 Stil.
2195 2541 2215 2566 1,
2230 2541 2267 2560 21.

1352 2576 1370 2595 D
1379 2576 1395 2595 E
1404 2576 1445 2596 CE
1454 2577 1473 2596 R
1481 2577 1502 2596 T
1510 2577 1533 2597 A
1542 2576 1563 2595 N
1572 2576 1591 2596 D
1599 2576 1620 2595 v
1628 2576 1641 2597 s
1649 2589 1659 2603 ‚
1677 2578 1692 2596 3
1701 2590 1710 2602 ,
1730 2579 1785 2596 um.
1805 2571 1872 2596 Part.
1910 2569 1978 2596 Gell.
1992 2578 2037 2602 ιο,
2051 2574 2076 2600 ¹8
2101 2569 2141 2596 Ad
2161 2568 2249 2596 laudes
2268 2567 2357 2595 decer-

1315 2603 1404 2630 tandas
1421 2605 1523 2631 venire.

1351 2646 1370 2666 D
1379 2646 1395 2665 E
1404 2646 1420 2666 C
1429 2647 1446 2666 E
1454 2647 1472 2666 R
1482 2647 1503 2666 T
1512 2647 1564 2667 AT
1574 2646 1584 2666 1
1597 2645 1617 2665 0
1625 2659 1633 2671 ,
1654 2639 1723 2665 onis.
1747 2639 1768 2665 f.
1806 2638 1979 2674 [ἄγωνισμός]
2021 2639 2130 2665 Verbale.
2167 2638 2224 2665 Cic.
2243 2637 2358 2672 Philipp.

1317 2682 1350 2705 11,
1363 2683 1390 2700 21
1403 2684 1424 2700 c.
1439 2684 1454 2707 9
1475 2676 1620 2708 Quumque
1634 2674 1728 2701 harum
1742 2683 1832 2700 rerum
1845 2675 1965 2700 onmium
1973 2674 2117 2701 decertatio
2125 2673 2284 2701 Consulibus
2290 2673 2358 2707 opti-

1314 2708 1365 2733 mis
1377 2714 1403 2733 et
1415 2709 1561 2734 fortissimis
1575 2710 1707 2735 commissa
1720 2714 1746 2734 et
1760 2709 1940 2734 commendata
1952 2708 1996 2734 iit.

1353 2748 1397 2768 DE
1408 2748 1425 2768 c
1436 2748 1714 2773 ERTATORlvs,
1736 2751 1767 2775 a,
1790 2751 1844 2768 um.
1883 2742 1943 2769 Adi.
1980 2742 2155 2777 [dynam-11:0¹⁵]
2192 2742 2242 2774 Vt,
2269 2742 2357 2777 Pugna

1315 2775 1489 2803 decertatoria
1519 2776 1650 2810 Qiinffll.
1684 2779 1711 2810 6,
1741 2787 1769 2812 4.
1826 2778 1880 2813 Qo
1910 2781 1938 2805 in
1970 2779 2021 2806 Ioco
2052 2781 2139 2813 optimi
2169 2777 2242 2804 Libri
2273 2779 2358 2814 legunt

1268 2822 1300 2849 75
1317 2811 1473 2838 decretoria.

1349 2853 1419 2874 DEC
1431 2849 1594 2879 ERVICO,
1612 2850 1665 2878 aire.
1702 2848 1772 2873 Hinc

1352 2889 1418 2910 mac
1429 2890 1518 2910 ERVI
1529 2889 1673 2915 CATvs,
1692 2891 1723 2915 a,
1743 2891 1797 2909 um.
1824 2882 1917 2909 Partic.

1316 2917 1405 2944 Sidon.
1421 2919 1498 2953 Epist.
1512 2926 1535 2950 3,
1551 2927 1572 2950 3.

1351 2960 1560 2985 DECE8310,
1578 2959 1792 2986 DECESSOR,
1814 2959 2017 2986 Decessvs,
2043 2954 2095 2980 vid.
2109 2959 2274 2982 Deciano.

1530 2989 1543 3022 [
1550 2990 1630 3024 πρέπει
1640 3009 1648 3020 ,
1673 2989 1778 3023 προσήκει
1785 3011 1794 3024 ,
1812 2987 1932 3022 καθήκει]
1966 2991 2061 3024 Aprum
2080 2987 2113 3022 est
2121 3010 2129 3023 ‚
2145 2991 2259 3016 conuenit
2284 2989 2356 3022 locis,

1317 3023 1454 3051 hominihm
1461 3045 1470 3057 ,
1489 3025 1645 3059 temporibus.
1687 3025 1728 3052 Sic
1746 3031 1811 3051 certe
1831 3024 1941 3051 declarat
1956 3024 2011 3051 Cic.
2027 3026 2102 3052 Orat.
2115 3033 2145 3060 73
2161 3034 2182 3052 c.
2196 3034 2230 3052 22
2249 3025 2280 3051 In
2299 3025 2356 3052 alio

1319 3060 1442 3093 ponitur,
1463 3060 1586 3094 aliudque
1606 3066 1691 3086 totum
1711 3059 1746 3086 cst
1764 3069 1842 3094 quam
1859 3060 2000 3095 oportere.
2069 3061 2201 3095 Oportere
2213 3060 2284 3086 enim
2298 3069 2354 3094 per-

1316 3094 1461 3122 feffionem
1481 3095 1595 3122 declarat
1612 3094 1710 3126 officii,
1731 3104 1785 3130 quo
1805 3101 1830 3122 et
1850 3096 1951 3130 semper
1963 3095 2090 3122 vtendum
2103 3096 2156 3128 est,
2175 3102 2201 3123 et
2215 3095 2355 3122 omnibus:

1316 3130 1422 3164 decere,
1443 3131 1514 3166 quasi
1528 3137 1615 3165 aptum
1631 3131 1678 3157 esse
1693 3132 1946 3166 consentaneumque
1959 3132 2074 3166 tempori
2088 3137 2113 3158 et
2126 3133 2264 3166 personae3
2283 3130 2355 3165 quod

1958 2883 1994 2910 Vt
2001 2903 2009 2916 ,
2030 2883 2200 2910 Deceruicata
2229 2883 2355 2918 cadauera

1354 2995 1487 3016 DECET.

225 3170 299 3195 Vnde
322 3169 506 3196 carbunculare
529 3169 667 3201 dicuntur,
687 3175 716 3196 vt
740 3169 854 3204 quodam
876 3168 994 3195 vrcdinis
1016 3168 1128 3194 carbone
1143 3168 1254 3194 exustae.
1272 3176 1300 3204 ες
1318 3175 1377 3206 cum
1391 3167 1419 3193 in
1436 3167 1512 3194 factis
1525 3166 1665 3201 saepissime
1679 3172 1734 3192 tum
1749 3167 1776 3192 in
1788 3166 1865 3193 dietis
1878 3167 1962 3200 valet,
1983 3168 2011 3193 in
2025 3167 2100 3193 vultu
2113 3167 2226 3201 denique
2239 3171 2264 3192 et
2273 3166 2353 3200 gestu,

227 3204 297 3229 Idem
311 3210 342 3234 18,
356 3213 388 3237 29
401 3206 418 3231 s.
434 3207 477 3237 69,
490 3214 508 3238 4
529 3205 624 3238 Aquila
636 3205 755 3232 exoritur
768 3204 885 3239 vesperi,
905 3204 1055 3230 decretorio
1075 3203 1118 3229 die
1138 3204 1254 3229 florenti-

225 3238 274 3264 bus
288 3239 362 3265 oleis.
433 3240 609 3276 Elegantffmc
622 3248 658 3274 17,
667 3249 678 3266 2
692 3242 710 3266 s.
719 3249 734 3267 2
754 3241 831 3267 Circa
839 3239 966 3273 Virgilias
982 3239 1088 3273 quidam
1101 3239 1191 3273 pluere
1205 3239 1256 3264 ini-

226 3273 387 3300 miciffimum
399 3275 447 3300 viti
461 3282 488 3302 et
500 3275 575 3302 oleae
584 3296 591 3307 ,
608 3276 734 3310 quoniam
748 3282 804 3302 tum
818 3275 903 3301 coitus
917 3274 952 3300 est
965 3283 1063 3300 rerum.
1137 3275 1195 3300 Hoc
1220 3275 1254 3300 est

227 3308 291 3334 illud
307 3308 473 3342 quatriduum
488 3311 554 3337 oleis
568 3311 745 3337 decretorium
761 3322 766 3336 :
801 3310 843 3336 hic
864 3310 998 3337 Articulus
1016 3309 1144 3336 austrinus
1168 3309 1257 3335 nubili

229 3344 313 3377 spurci
340 3343 410 3376 quod
430 3344 550 3372 diximus.

227 3378 370 3412 ‹11'c1t,qu0il
382 3387 405 3403 ιό
419 3378 445 3402 ilc
454 3386 573 3412 prouentu
586 3383 648 3408 oleae
662 3385 774 3408 cernitur
786 3388 808 3407 et
821 3380 887 3417 quast
902 3381 1052 3417 dtsceptatur
1067 3391 1074 3405 :
1110 3388 1139 3406 vt
1153 3382 1192 3406 vc!
1201 3388 1259 3415 pro-

227 3420 313 3439 ventus
326 3413 382 3438 ubi-r
394 3413 564 3447 mspu‘sandm
571 3417 664 3449 Jit,vc1
676 3420 755 3443 tenuis
767 3423 809 3442 aut
830 3416 917 3442 nullus.
963 3417 1031 3443 Sicut
1051 3416 1145 3442 decrero
1168 3416 1259 3442 iudicis

227 3449 267 3474 vel
280 3447 413 3482 absblffl'sm‘
424 3451 533 3487 ‹pfl-nuel
544 3453 723 3479 condemnatur.
760 3452 890 3478 Firmicus
904 3460 994 3487 quoque
1007 3449 1191 3477 Climafierscos
1212 3461 1259 3477 1111-

1507 3209 1651 3237 contraque
1664 3202 1729 3229 item
1744 3201 1868 3229 dedecere
1882 3209 1928 3229 etc.
1999 3203 2125 3229 Caeterum
2143 3202 2189 3228 hoc
2202 3202 2301 3228 verbum
2321 3201 2354 3234 est

1708 3238 1834 3264 Interdum
1848 3245 1927 3264 tamen
1941 3241 2014 3264 etiam
2022 3237 2162 3273 perfhtzale,
2182 3247 2207 3263 v.
2240 3256 2245 3262 .
2271 3237 2352 3263 Ouid.

2207 3274 2217 3298 I
2240 3281 2256 3298 o
2270 3273 2352 3303 intro,

2227 3308 2351 3334 Roscium

1317 3209 1342 3227 et
1357 3204 1451 3229 incess'u
1467 3210 1473 3233 ;

1311 3236 1458 3273 frequenter
1472 3238 1638 3274 smperfinale.

1318 3273 1380 3299 Met.
1394 3282 1413 3306 1,
1427 3281 1478 3308 457
1512 3289 1557 3293 —
1591 3273 1640 3299 Ista
1653 3273 1743 3299 decent
1755 3272 1879 3300 humeros
1891 3273 2031 3308 gestamina
2042 3272 2152 3298 nostros.

1317 3314 1439 3335 ornatum
1460 3309 1569 3343 capiam,
1584 3309 1630 3343 qui
1644 3309 1732 3343 potius
1744 3309 1816 3335 dccet
1835 3309 1915 3335 Plaut.
1931 3307 2026 3342 Amph.
2041 3316 2063 3339 3,
2076 3318 2104 3341 4,
2116 3316 2156 3342 24.

604 3347 628 3374 D
636 3347 653 3372 E
661 3347 682 3372 C
690 3347 711 3372 R
721 3347 738 3372 E
747 3347 807 3372 TO
815 3346 853 3372 RI
862 3347 884 3372 V
892 3346 921 3372 M
958 3346 1012 3378 QV
1020 3345 1042 3370 A
1050 3345 1080 3371 T
1088 3345 1109 3371 R
1117 3346 1128 3371 I
1136 3345 1158 3371 D
1167 3346 1189 3371 V
1198 3347 1219 3371 V
1228 3347 1255 3371 M
1273 3359 1308 3384 90
1318 3344 1390 3378 saepe
1404 3344 1485 3370 audio
1498 3345 1586 3371 dicere
1593 3364 1600 3375 ,
1618 3350 1693 3379 caput
1706 3345 1754 3370 esse
1765 3345 1829 3371 artis
1842 3344 1934 3371 decere
1941 3363 1949 3376 ,
1969 3343 2041 3378 quod
2054 3348 2141 3368 tamen
2154 3351 2235 3369 vnum
2254 3343 2279 3369 id
2293 3343 2351 3374 esse,

1319 3379 1388 3413 quod
1404 3380 1471 3406 tradi
1485 3386 1540 3406 arte
1556 3389 1609 3406 non
1624 3380 1696 3414 possit
1717 3381 1773 3407 Cic.
1787 3381 1818 3406 de
1831 3380 1904 3407 Orat.
1919 3388 1928 3405 1
1943 3387 2010 3411 c.29.

1321 3415 1376 3440 Cic.
1390 3415 1421 3441 de
1434 3417 1508 3442 Orat.
1524 3424 1546 3447 3,
1560 3420 1615 3445 208.
1684 3415 1756 3442 Ideni
1769 3415 1820 3442 Off.
1837 3424 1856 3447 1,
1871 3422 1913 3447 125
1941 3414 1979 3440 Ita
1999 3413 2056 3439 fere
2069 3413 2156 3440 ofhcia
2175 3412 2350 3448 reperientur,

1320 3459 1401 3484 quum
1416 3457 1558 3485 quaeretur
1573 3450 1637 3485 quid
1651 3451 1755 3483 deccat,
1774 3457 1800 3477 et
1814 3449 1877 3485 quid
1889 3455 1978 3483 aptum
1991 3448 2019 3474 sit
2035 3450 2160 3483 personis,
2177 3448 2350 3482 temporibus,

2083 3379 2180 3418 Apsum
2192 3379 2227 3404 est
2239 3384 2264 3403 et
2277 3377 2350 3404 decet

208 3500 210 3502 -
227 3491 313 3508 meros
327 3482 568 3523 decretor-sonim&
580 3488 640 3519 qnod
655 3490 721 3514 velut
734 3487 866 3513 decernunt
879 3487 907 3513 dc
919 3490 974 3513 vita
985 3487 1091 3513 hominis
1102 3494 1125 3512 ct
1132 3490 1159 3512 in
1167 3494 1259 3513 utram·
1318 3486 1455 3512 aetatibus.
1526 3486 1555 3512 Id
1570 3487 1655 3513 facere
1668 3487 1721 3512 laus
1729 3486 1774 3519 est,
1781 3485 1851 3520 quod
1863 3485 1943 3515 decet,
1951 3493 2004 3510 non
2018 3484 2088 3518 quod
2104 3485 2166 3511 licet
2186 3483 2243 3509 Sen.
2254 3483 2348 3510 061311.

229 3528 271 3553 qm*
282 3520 517 3556 P³²7fmstf³s¹¹⁷⁰1¹³
537 3520 575 3543 ΕΜ
590 3527 617 3545 vt
626 3522 746 3555 feriretur,
760 3524 800 3549 vel
811 3525 993 3557 vtpcrimatur.
1013 3531 1036 3556 p.
1052 3529 1094 3555 731
1109 3523 1138 3548 C.
1210 3524 1257 3549 Ar·
1276 3534 1308 3560 95
1319 3531 1336 3554 4
1359 3541 1364 3547 .
1437 3521 1517 3555 Q1od
1543 3521 1615 3548 dccet
1634 3522 1769 3548 honestum
1789 3521 1840 3553 est,
1859 3525 1884 3546 et
1901 3519 1974 3554 quod
1988 3519 2125 3546 honestum
2138 3518 2182 3551 est,
2197 3519 2271 3545 decet
2291 3520 2348 3546 Cic.

230 3562 271 3579 ma
290 3552 434 3591 decretoria
445 3552 564 3591 „Qubus
571 3553 636 3588 strio
652 3558 789 3584 rimandum
802 3557 834 3591 est
854 3558 910 3584 Sen.
925 3557 1002 3592 Epist.
1019 3562 1062 3586 118-
1110 3557 1181 3583 Idem
1195 3558 1256 3584 alibi
1320 3531 1371 3583 0Ἑῖ
1386 3566 1405 3589 1,
1420 3565 1459 3589 93.
1530 3557 1609 3583 Decet
1622 3565 1645 3583 et
1656 3557 1782 3587 Dedecet,
1801 3559 1929 3582 contraria
1942 3566 1948 3579 .·
1987 3556 2042 3581 Cic.
2055 3556 2134 3582 Tusc.
2154 3563 2189 3587 4,
2203 3562 2234 3587 34
2254 3555 2349 3581 Orato-

229 3588 406 3627 decrctorunn
439 3587 507 3625 diem
525 3589 644 3621 appellat,
664 3591 724 3617 diem
744 3596 832 3620 mortis
857 3594 902 3627 Ep.
918 3601 970 3618 102.
1041 3593 1194 3619 Decrctoria
1209 3593 1256 3625 tyla
1320 3601 1375 3618 rem
1390 3602 1454 3619 vero
1469 3593 1544 3618 irasci
1560 3593 1671 3618 minime
1685 3592 1774 3624 decet,
1794 3590 1912 3618 simulare
1932 3600 1985 3616 non
2006 3591 2117 3617 dedecet.
2188 3590 2256 3616 Deos
2275 3589 2350 3616 decet

228 3632 300 3650 arma
313 3632 358 3647 mm
373 3629 424 3647 niso
431 3625 469 3655 sic
482 3623 679 3658 .1ppellam,quod
689 3626 844 3655 haecdecreto
852 3631 980 3664 praetoris
991 3628 1069 3653 veluti
1082 3628 1215 3660 dabantur,
1228 3636 1256 3654 rt
1319 3628 1454 3662 opulentia
1483 3628 1563 3654 Plaut.
1589 3628 1717 3654 Trinum.
1741 3636 1763 3658 2,
1786 3636 1812 3660 4.
1839 3631 1878 3658 89.
1952 3627 2085 3653 Lacrimae
2104 3624 2213 3652 decuere
2226 3624 2347 3660 pudicam

229 3658 295 3692 Lips.
305 3657 408 3691 putabat
421 3659 519 3697 Saturn.
528 3666 551 3687 2,
560 3667 594 3690 ¹9·
666 3660 711 3685 Sed
722 3670 772 3686 cam
784 3663 810 3688 ob
825 3664 928 3699 causam,
943 3673 1012 3698 quam
1025 3663 1134 3689 diximus
1150 3674 1156 3688 :
1209 3663 1257 3689 uod

219 3694 248 3729 ss
262 3697 295 3718 1'1'5
309 3693 336 3717 isc
348 3691 455 3718 uibiom
469 3698 511 3717 aul
524 3699 577 3717 vlt-1
592 3692 757 3721 decerneretur
766 3715 773 3727 ,
791 3704 818 3722 ot
833 3701 881 3733 1⁴ka
891 3698 973 3734 possea
988 3702 1164 3733 interpretatus
1177 3672 1209 3732 effi

227 3728 305 3762 Epist.
321 3728 377 3753 Sen.
393 3726 541 3762 117Ji1bfin.
578 3728 644 3753 Atld.
660 3730 740 3755 Burni.
754 3730 787 3755 ad
799 3732 890 3763 Qiint.
909 3728 946 3766 1⁵0,
960 3743 971 3766 ς
987 3743 1010 3768 p.
1024 3741 1073 3767 945
1081 3733 1150 3769 fiqq.
1207 3735 1255 3760 Sti-

229 3765 267 3789 lus
282 3763 457 3792 decretorius,
475 3768 521 3802 pro
535 3761 634 3795 seuero,
656 3763 720 3797 quali
736 3765 810 3799 seme!
822 3766 850 3791 dt·
864 3777 889 3792 re
902 3769 1028 3803 diffiniens.
1082 3769 1138 3795 Seu.
1153 3769 1184 3795 dc
1197 3770 1254 3796 Cle-

227 3798 325 3824 mentia
343 3806 362 3829 1,
377 3806 404 3829 ¹4
425 3797 483 3823 Nin
498 3797 555 3830 plus
567 3796 602 3822 est
617 3798 686 3831 quod
702 3799 789 3831 timet,
810 3809 888 3833 quani
901 3804 970 3836 quod
985 3804 1098 3837 damnat,
1118 3813 1171 3830 non
1186 3814 1254 3831 accc-

225 3834 268 3859 det
283 3833 315 3859 ad
328 3832 502 3858 decretorium
515 3831 611 3857 stilum.
632 3835 650 3858 i.
667 3832 1010 3870 adfiribcndamscatentium
1022 3840 1183 3865 damnantem.

263 3875 412 3894 ns'CRE'r
424 3876 431 3893 1
443 3873 481 3899 Ο,
498 3867 564 3892 anis.
584 3867 602 3892 s.
639 3867 713 3893 Idem.
749 3869 825 3896 Mart.
841 3871 902 3904 Cap.
917 3872 933 3897 l.
949 3881 955 3898 1
971 3883 995 3907 p.
1012 3883 1035 3900 12
1051 3875 1079 3900 in
1094 3875 1181 3902 Carm.
1202 3876 1251 3902 Fu-
1263 3889 1305 3915 105
1316 3876 1389 3902 viros
1422 3874 1541 3909 neglecta
1570 3874 1642 3900 decet
1679 3873 1758 3901 Ouid.
1789 3874 1820 3901 de
1851 3876 1914 3902 Arte
1946 3873 2005 3899 Am.
2033 3880 2053 3905 1,
2071 3880 2128 3905 509.

223 3909 281 3927 tura
294 3904 368 3928 euius
380 3903 464 3936 illigat
476 3902 602 3928 decretio.

1319 3664 1400 3690 Ouid.
1416 3664 1479 3690 Fast.
1495 3673 1516 3696 2,
1532 3671 1589 3698 757.
1632 3664 1683 3689 Hic
1696 3663 1763 3688 mire
1778 3662 1853 3687 illum
1870 3662 1953 3696 pudor
1967 3661 2057 3687 decuit·
2072 3660 2222 3694 Sen.Ep.11.
2265 3660 2346 3687 Ouid.

1223 3700 1310 3730 admo
1321 3699 1410 3725 Amor.
1426 3708 1444 3730 1,
1461 3705 1483 3730 8,
1499 3708 1525 3731 3,-
1545 3698 1673 3730 Erubuit,
1691 3698 1763 3724 decet
1782 3696 1839 3723 alba
1857 3698 1964 3731 quidem
1982 3697 2066 3731 pudor
2083 3703 2146 3727 ora,
2165 3695 2208 3722 sed
2222 3695 2285 3728 iste,
2319 3695 2347 3721 Si

1319 3734 1438 3766 simules,
1458 3734 1560 3768 prodes}
1576 3745 1581 3759 :
1615 3742 1691 3759 verus
1716 3732 1800 3758 obesse
1820 3732 1892 3759 solet.
1964 3733 2018 3759 Cic.
2035 3730 2087 3757 Off.
2101 3739 2121 3762 1,
2138 3739 2173 3763 113
2198 3732 2273 3764 Qtae
2286 3740 2347 3756 con-

1318 3770 1470 3803 templantes
1480 3789 1488 3801 ‚
1503 3769 1649 3802 expendere
1661 3768 1804 3802 oportebit,
1814 3769 1877 3802 quid
1891 3769 2002 3803 quisque
2015 3765 2108 3792 habeat
2121 3767 2160 3792 sui
2170 3786 2178 3798 ,
2197 3775 2279 3801 eaque
2292 3774 2348 3792 mo·

1319 3804 1404 3831 derari
1415 3825 1422 3837 ,
1443 3813 1488 3830 nec
1503 3805 1570 3830 velle
1583 3803 1697 3838 experiri
1713 3812 1790 3836 quam
1805 3804 1828 3829 se
1843 3805 1928 3831 aliena
1940 3803 2052 3829 deceant.
2110 3801 2194 3828 Barba
2206 3802 2279 3828 viros
2294 3801 2347 3828 hir-

1318 3845 1411 3874 taeque
1442 3840 1532 3866 decent
1566 3840 1593 3865 in
1626 3847 1735 3873 corpore
1766 3840 1832 3865 setae
1871 3839 1953 3866 Ouid.
1984 3838 2048 3862 Met.
2080 3845 2111 3869 13,
2134 3842 2181 3870 850
2199 3871 2222 3898 D
2252 3837 2348 3863 Forma

2224 3878 2279 3899 ecet
2304 3880 2346 3897 me

2283 3906 2347 3934 haee
