2479 4225
0 284 11 298 '³'
45 285 131 312 Pecun.
150 283 202 308 Vet.
211 292 235 315 4,
248 291 272 312 ι]
286 288 308 306 et
319 285 357 308 16.

0 533 2 539 ’
46 529 202 558 obuolutum
215 529 259 555 est.

40 1732 283 1801 sspgggasbafigas
297 1767 489 1794 monachorum
500 1768 649 1794 follicantes
661 1767 742 1798 dixit,
762 1768 852 1802 quales
871 1767 1020 1801 hypocritas
1040 1775 1083 1800 ge-

0 2486 10 2504 ,⁸
42 2473 75 2502 de
87 2475 182 2502 olentis
195 2476 254 2502 fons
285 2474 351 2500 Plin.
366 2481 406 2505 31,
420 2481 441 2505 3.

5 3194 8 3195 ν
53 3179 154 3210 fontes,
174 3179 225 3205 vid.
244 3187 479 3211 CORRVMPO.

7 3611 10 3614 ·
55 3603 95 3630 Id.
109 3604 140 3630 de
153 3605 227 3631 Orat.
241 3612 261 3636 1,
274 3612 306 3636 4²
320 3612 340 3628 c.
350 3611 387 3630 10.

47 173 122 212 709
439 158 471 197 F
559 158 594 197 Ο
684 156 719 198 L

45 257 88 286 que
106 247 200 275 Aurum
210 238 404 281 fignificandum
422 245 542 273 adhiberi.
598 249 642 289 De*
653 249 722 287 cuim
748 247 832 273 valore
851 245 904 272 vid.
929 245 1034 304 (Llirfonou.
1049 245 1078 271 de

27 339 30 341 .
45 317 231 356 quifidevitibus
238 315 382 351 JizbrrHus,
401 326 447 342 non
461 279 565 343 ϊοηιειὲο
576 281 923 354 ῗιιιιὲῧιιιινῗιιιενιῦἷῖειιῗιόιὲἕὲουῖ
943 281 1079 350 striis-¹:121:

4 354 6 358 ’
45 355 163 389 impletus.
234 352 368 386 Lamprid.
384 353 489 387 Hcliog.
505 362 526 378 c.
536 361 572 386 :5.
647 353 704 380 Vni.
717 353 752 379 ihi
769 351 868 388 Casaub.
889 352 957 386 cons.
972 350 1079 386 Rhodsg.

7 421 9 425 .
46 391 108 419 Ant.
122 385 189 414 Lea.
198 394 238 419 28,
251 394 274 417 8.
304 389 343 413 vel
356 389 415 413 m.
432 388 520 422 Pitisc.
1104 390 1117 416 5

43 447 46 450 .
81 430 98 451 F
107 430 125 450 0
133 431 149 450 L
157 430 173 449 L
183 420 217 449 ΪΕ
226 429 245 448 V
255 430 271 449 L
280 429 300 447 V
309 429 321 447 S
330 442 338 454 ,
356 423 373 449 i.
395 433 430 449 m.
466 424 567 449 Duuiu.
603 423 761 457 [θυλάκιον]
802 421 931 452 sacculus,
952 420 980 446 cle
993 420 1079 446 iisdem

46 458 128 491 ribus,
144 457 172 484 de
186 458 272 493 quibus
284 458 367 484 Follis
377 478 385 490 ‚
404 459 506 486 dJ'citur.
601 460 677 486 Auel.
690 459 722 485 ad
736 458 833 483 Hercu.
849 465 873 488 1,
886 465 915 487 23
941 457 1078 482 Malleolus

6 494 8 497 ¹
47 495 172 523 iudicatus
186 493 221 520 est
233 499 343 520 matrem
356 495 466 520 necasse:
502 503 534 521 eo
548 494 685 526 damnato,
707 493 792 519 statim
806 492 928 518 folliculo
943 492 1036 526 lupino
1050 501 1079 518 os

331 529 385 556 Cic.
401 529 433 555 de
447 531 549 557 Inucnt.
566 539 588 562 2,
602 538 648 563 ¹49
662 539 682 555 c.
690 536 728 561 50.
783 527 876 560 Liu.9‚
891 535 913 558 13
939 528 1078 553 Caeterum

1 574 4 585 l
45 565 110 593 adeo
123 565 216 599 exigue
238 567 415 596 (commeatus
430 565 687 600 suppeditabantur‚)
713 568 741 589 vt
754 571 833 597 eques
855 562 983 588 folliculis
997 564 1023 588 iu
1039 572 1078 589 ca-

44 601 95 629 stra
106 599 138 627 ab
152 594 229 634 Arpis
243 600 406 627 frumentum
421 601 537 628 veheret.
609 602 640 626 In
652 598 779 626 arboribus
800 609 807 623 .·
845 598 910 624 Plin.
925 607 964 630 13,
978 602 993 624 6
1019 600 1078 625 Fert

9 648 11 653 ’
44 641 71 664 et
84 635 217 662 folliculos
231 636 377 663 emittentes
393 636 519 671 quaedam
532 634 662 663 animalia.
708 633 736 659 d.-
754 634 898 660 terebintho.
1020 632 1040 670 ἦ
1063 643 1079 660 2

43 673 102 700 Pila
113 678 183 698 vento
198 671 366 711 intumgsrens.
425 673 494 699 Suet.
506 673 535 698 in
546 672 610 705 Aug.
624 679 644 696 c.
660 675 687 702 83
720 669 777 695 1³0st
790 669 858 696 bella
870 668 959 695 ciuilia
968 689 976 701 ‚
995 669 1025 695 ad
1042 670 1079 704 pi-

5 700 10 709 ’
45 705 98 734 lam
110 707 213 742 primo,
232 706 435 742 folliculumque
448 706 557 734 transiit.
702 703 723 741 ff
744 714 756 736 3
798 704 1029 740 Thecafrumenti‚
1042 706 1082 731 vel

42 744 107 774 lini,
117 743 166 769 ‘uel
176 743 302 769 cuiuslibet
308 744 410 769 alterius
423 745 468 773 rei,
479 751 538 778 quae
550 749 654 777 granum
665 743 775 766 continet
788 741 929 767 inuolutum.

10 786 13 807 ς’
42 778 106 806 mel.
121 787 146 810 2,
160 783 173 808 8
204 779 339 812 Qioniam
353 778 502 805 folliculum
515 785 568 811 quo
582 776 746 807 continetur,
771 775 877 803 firmum
892 781 918 801 ct
932 774 1079 802 durabilem

44 814 166 841 aduersus
185 814 314 848 longioris
333 814 458 849 temporis
480 812 620 839 humorem
642 811 729 838 habet.
802 813 838 838 Ex
856 811 912 838 Sen.
934 811 1012 844 Epist.
1033 820 1079 844 ¹24

42 855 147 885 apparet
160 848 203 882 qffi'
216 850 372 883 pelliculam,
393 851 473 875 vtica
488 850 588 883 loquar,
610 857 621 873 e
641 857 689 883 qua
700 847 774 883 spica
796 847 934 882 enascitur:
971 846 1010 872 Est
1034 847 1079 873 ali-

43 884 117 920 quod
139 884 238 911 bonum
257 885 358 918 tritici,
381 886 477 919 inquit,
503 883 552 909 hoc
574 883 691 909 nondum
709 883 745 909 cst
758 883 785 909 in
797 882 878 909 herba
901 881 1011 914 latente,
1032 891 1078 908 nec

43 929 127 955 quum
140 921 264 947 folliculo
277 922 302 947 se
315 920 409 947 exserit
421 919 489 953 spica
501 919 605 951 mollis,
629 918 671 945 sed
684 927 767 953 quum
785 917 947 944 frumentum
960 918 1038 944 aestas
1053 924 1077 944 et
1092 926 1126 944 20

43 956 132 982 debita
145 957 280 985 maturitas
292 956 371 982 coxit.
439 953 511 980 Idem
525 954 630 988 Qxaest.
645 955 706 981 Nat.
721 961 743 986 ς,
758 958 783 983 18
812 952 869 979 Nifi
884 953 943 978 effer
956 954 1027 987 quod
1043 954 1078 980 la-

11 1010 13 1015 ·
43 997 142 1018 tentem
155 992 258 1025 frugem
271 991 353 1026 ruptis
365 990 521 1017 velamentis
534 990 602 1022 suis,
630 999 697 1024 quae
720 988 856 1015 folliculos
880 988 1010 1022 agricolae
1031 998 1076 1015 vo-

12 1046 13 1050 =
44 1034 119 1059 cant,
143 1027 298 1062 adaperiret.
320 1041 323 1045 -
471 1023 492 1063 ff
509 1034 527 1059 4
568 1026 650 1052 Theca
665 1025 710 1061 stu
726 1024 843 1060 pellicula
862 1027 988 1050 acinorum
1010 1034 1078 1051 uuae.

12 1062 13 1085 ἒ
44 1062 176 1090 Columel.
185 1071 220 1095 12,
233 1071 264 1095 43
290 1061 364 1088 Tum
378 1060 549 1087 vinaceorum
563 1070 606 1095 pes
618 1061 685 1087 bene
692 1060 781 1094 praelo
794 1060 922 1094 expressus
936 1061 1078 1094 proruitur,

5 1112 13 1128 ,ι
43 1104 70 1125 et
83 1098 186 1124 modice
203 1097 323 1132 separatis
345 1096 530 1131 scopionibus‚
554 1096 720 1130 resolutaque
738 1095 828 1122 intrita
849 1095 1031 1122 folliculorum
1051 1097 1078 1122 in
1088 1103 1118 1128 25

11 1135 12 1140 ¹
44 1133 120 1160 dolio
135 1133 313 1159 substernitur.
537 1139 549 1164 ς
586 1131 744 1158 Folliculum
765 1140 813 1165 pro
834 1131 952 1165 corporis
971 1131 1079 1157 humani

10 1172 12 1177 ’
43 1170 112 1196 Cute
125 1169 222 1203 accepit
243 1167 326 1194 Lucil.
346 1170 382 1194 26
400 1169 444 1194 .Et
457 1176 511 1202 quo
523 1166 644 1193 folliculo
663 1175 730 1192 nunc
750 1168 805 1192 sum
819 1166 925 1192 indutus
938 1176 989 1192 non
1009 1176 1078 1201 queo

41 1205 109 1239 apud
122 1205 193 1231 Non.
207 1212 221 1230 2
227 1223 236 1236 ,
255 1211 312 1238 327.
384 1203 484 1230 Arnob.
497 1211 510 1228 2
528 1212 553 1237 p.
567 1208 599 1236 98
636 1203 668 1229 In
685 1202 841 1229 carunculae
865 1202 943 1228 huius
957 1203 1078 1229 folliculo

12 1255 13 1259 =
41 1239 188 1266 constituti.

76 1280 366 1307 FOLL10VLARE,

53 1362 57 1370 .
72 1351 93 1372 1.-
104 1350 123 1370 O
132 1352 149 1371 L
161 1350 177 1369 L
190 1347 201 1370 i
212 1352 233 1371 'r
243 1353 252 1371 1
260 1352 294 1370 M.
331 1344 397 1371 Adu.
433 1340 609 1378 [θυλακηδὸν]
645 1344 734 1371 Seruus
747 1342 842 1377 astutus
853 1345 933 1371 Plaut.
942 1344 1015 1379 Epid.
1025 1355 1044 1377 3,
1054 1354 1080 1377 2,

46 1382 70 1415 4²,
86 1379 164 1408 Nihil
176 1389 268 1406 moror
281 1385 370 1406 vetera
382 1385 409 1406 et
421 1380 525 1414 vulgata
538 1378 620 1405 verba
637 1379 750 1406 Peratim
763 1380 871 1406 ductare
903 1381 1026 1416 (aufirre
1035 1388 1082 1415 per

40 1402 168 1454 Ja‘llaciam
181 1412 303 1450 quidquid
314 1412 347 1448 est
364 1418 392 1441 in
410 1424 488 1450 pera,
515 1424 575 1451 quae
591 1417 699 1441 tenuium
719 1414 752 1448 est
770 1415 804 1442 ad
825 1415 883 1451 vsus
901 1416 1081 1452 quotidianos)

45 1455 73 1478 at
84 1459 130 1486 ego
141 1450 253 1477 follitim
264 1450 402 1477 ductitabo
410 1471 417 1483 ‚
430 1451 508 1487 folles
521 1449 628 1512 etgstos
642 1454 743 1486 argenti
752 1450 874 1486 auferam.

80 1492 241 1517 FOLLEO,
260 1489 313 1513 ere.
369 1487 482 1513 Hieron.
501 1486 534 1512 ad
571 1485 670 1512 ustoch.
682 1486 762 1520 Epist.
775 1495 808 1512 22
827 1496 849 1512 c.
865 1495 893 1513 12
926 1487 954 1513 Si
967 1496 1010 1522 pes
1022 1486 1081 1513 laxa

0 1534 6 1547 .›
43 1521 109 1556 pelle
122 1530 178 1548 non
189 1521 290 1548 folleat.
342 1521 472 1555 Salmafius
484 1522 578 1547 mauult
591 1521 610 1547 F
612 1520 703 1547 ollare.
777 1523 844 1548 Nam

0 1553 9 1560 ’
78 1563 95 1583 F
105 1563 124 1582 0
134 1564 150 1583 L
161 1563 178 1583 1.
189 1565 212 1584 A
220 1563 241 1582 ‘r
250 1564 271 1583 v
280 1564 293 1583 S
302 1576 310 1588 ‚
330 1566 359 1588 a,
377 1565 432 1583 um.
469 1556 587 1591 Ivfiatus,
595 1562 697 1582 tumens.
741 1557 875 1589 Vt,Calcei
881 1557 969 1584 follati
987 1557 1080 1584 Ifidor.

42 1599 86 1626 19,
99 1601 140 1625 34.
176 1599 200 1619 ct
213 1593 281 1618 Vela
294 1591 385 1618 follata
411 1591 515 1617 Salmas.
529 1590 561 1617 de
575 1591 657 1617 Pallio
670 1600 756 1626 P-199·

76 1634 94 1654 F
104 1633 124 1653 0
136 1634 151 1653 L
162 1634 178 1653 L
189 1629 223 1653 '1'C
233 1634 252 1654 O
262 1646 269 1658 ,
288 1632 339 1653 are.
377 1626 479 1652 Fallium
491 1636 556 1653 more
568 1629 691 1662 recipwco
699 1627 796 1663 spiritu
808 1636 882 1654 nares
894 1629 972 1662 agito.

41 1663 163 1689 maeleon
174 1663 312 1694 follicans,
330 1662 461 1695 ruminat,
481 1662 512 1688 de
531 1667 611 1688 vento
624 1662 697 1688 cibus
710 1662 746 1688 est
771 1663 889 1690 Tertull.
904 1665 935 1688 de
949 1662 1010 1688 Pall.
1024 1672 1046 1688 c.
1059 1671 1081 1694 3.

41 1697 76 1723 ad
88 1697 207 1724 Eustoch.
221 1697 299 1731 Epist.
314 1705 347 1723 22
366 1706 387 1723 c.
402 1705 439 1730 14.
511 1697 587 1731 Apul.
599 1698 662 1723 Met.
676 1706 693 1730 9
712 1707 737 1732 p.
751 1707 800 1724 222
838 1699 922 1725 Nares
935 1698 1084 1724 follicantes

258 1729 299 1765 Est
325 1735 382 1758 item
406 1732 506 1759 Follium
531 1734 660 1759 laxitatem
680 1740 704 1758 et
720 1736 851 1760 cauitatcm
865 1736 976 1759 imitari:
1013 1733 1082 1759 Vnde

1088 1459 1117 1484 35

41 1801 109 1828 stare
120 1806 173 1834 ait,
192 1810 221 1828 vt
232 1803 341 1829 humani
354 1803 437 1828 cultus
451 1808 628 1829 contemtores
642 1802 789 1828 videantur.

79 1843 149 1862 1201.
158 1844 174 1864 Ι..
185 1844 193 1861 1
203 1843 219 1863 c
228 1838 268 1863 (53
280 1845 299 1862 v
308 1843 337 1868 S,
356 1846 385 1865 a.
406 1846 459 1862 um.
494 1836 556 1862 Adi.
594 1835 720 1862 FoHiculis
732 1836 851 1870 refertus.

41 1866 193 1898 follicosuln
219 1871 296 1904 Apul.
310 1871 341 1896 de
356 1870 440 1897 Herb.
456 1879 477 1896 c.
490 1877 526 1903 53.

281 1942 471 1974 FOM
643 1940 826 1977 FON

75 2016 356 2042 FOMENTATm
371 2031 380 2045 ,
420 2016 647 2038 FOMENTVM
660 2029 669 2044 ‚
705 2016 835 2037 roMEs
848 2030 858 2043 ‚
899 2015 1060 2037 FOMITO
1074 2028 1082 2040 ‚

10 2056 11 2062 ¹
43 2049 95 2078 uid.
116 2055 133 2076 r
145 2056 164 2077 ο
173 2057 194 2078 v
205 2055 221 2074 r
231 2055 261 2075 ο.

8 2080 11 2085 ”
50 2108 53 2113 ,
79 2092 212 2116 roms,
232 2083 277 2109 Du
291 2082 403 2109 amanei
416 2082 445 2108 in
457 2082 536 2108 Glofl'.
552 2080 644 2108 Ifidor.
697 2081 770 2117 conf.
784 2081 996 2116 Mart.c2pe11.2
1011 2089 1083 2115 μμ.

0 2117 7 2151 *J
45 2120 210 2157 Iidem-forte,
223 2122 266 2155 qui
280 2119 376 2144 Fauni:
413 2118 459 2152 nisi
468 2120 543 2153 plane
556 2126 584 2143 ex
597 2117 642 2144 boc
652 2124 769 2152 corrupta
775 2127 832 2144 vox.
888 2119 944 2144 Alii
958 2116 1025 2152 apud
1035 2118 1083 2142 Ca-

10 2164 11 2168 *
47 2156 137 2191 pellam
149 2157 236 2192 legunt
250 2155 342 2187 Fines,
365 2153 431 2190 quod
444 2163 492 2180 non
505 2153 617 2189 displicet
631 2154 726 2178 Gratia.
1091 2157 1119 2182 55

8 2196 11 2202 '
57 2209 64 2218 .
83 2196 191 2222 ῈοΝς,
211 2190 300 2216 fontis.
321 2199 356 2216 m.
401 2189 500 2223 [ri-nio),
520 2188 605 2223 κρήνη,
621 2185 714 2222 mag]
769 2188 798 2214 A
808 2186 952 2213 Fundendo
967 2186 1081 2217 dicitur,

2 2231 5 2239 '
49 2228 126 2262 inquit
139 2218 233 2257 kestus.
304 2225 369 2251 Plin.
384 2234 422 2257 12,
442 2234 451 2251 1
480 2225 559 2251 Nunc
571 2223 607 2249 est
619 2223 700 2249 arbor
712 2222 782 2249 clara
794 2223 822 2249 in
834 2223 913 2255 Lycia
928 2221 1010 2258 gelidi
1022 2222 1082 2249 fon-

14 2269 15 2286 1
49 2261 86 2294 tis
93 2262 158 2290 socia
170 2262 336 2289 amoenitate.
406 2260 536 2286 Ausonius
549 2258 614 2285 Vrb.
625 2267 663 2292 14,
677 2267 710 2290 29

194 2298 268 2324 Salue
287 2298 355 2323 Fons
374 2295 463 2329 ignote
482 2300 559 2326 ortu,
575 2295 661 2326 sacer,
684 2294 767 2326 alme,
788 2295 926 2330 perennis,

194 2333 303 2365 Vitree,
320 2332 422 2366 glauce,
437 2329 582 2365 profunde,
601 2331 714 2362 sonore,
733 2329 842 2364 illimis,
858 2340 948 2366 opace.

14 2383 15 2387 =
195 2369 285 2400 Salue,
302 2367 377 2394 vrbis
396 2368 503 2402 genius,
523 2365 629 2392 medico
649 2366 773 2400 potabilis
792 2367 898 2398 haustu,
920 2374 966 2393 etc.

0 2405 15 2437 ξ’
43 2404 132 2439 Aquae
148 2404 231 2431 dulcis
243 2405 303 2431 fons
315 2402 441 2435 Syracufis
454 2402 508 2434 est,
533 2401 577 2428 cui
592 2410 689 2428 nomen
709 2402 837 2429 Arethusa
856 2403 908 2435 est,
928 2400 1084 2428 incredibili

0 2450 4 2467 5
42 2440 238 2475 magnitudine,
258 2438 415 2474 plenissimus
427 2437 539 2472 piscium
567 2437 624 2464 Cic.
638 2438 714 2464 Verr.
728 2447 754 2470 4,
767 2444 806 2470 138
886 2440 977 2472 Aquae
993 2438 1084 2463 iucun-

517 2472 642 2507 Origines
654 2473 772 2499 fontium
804 2475 870 2501 Hor.
885 2475 974 2500 Carm.
989 2482 1023 2506 4,
1039 2482 1085 2506 14,

894 1836 930 1862 Vt
937 1853 946 1867 ,
966 1835 1082 1868 Papauer

519 1942 572 1974 'et

1092 1978 1126 2003 ςο

79 2531 85 2537 ,
122 2530 125 2531 .
223 2507 244 2547 q
264 2517 282 2535 2
319 2508 449 2543 Epitheta:
485 2507 678 2541 Absconditus,
698 2509 749 2535 vid.
763 2519 818 2535 mox
831 2509 950 2544 Aperite.

6 2548 8 2554 ⁸
42 2545 145 2577 dalius,
171 2544 224 2571 vid.
245 2549 450 2571 ACIDALIA.
522 2544 656 2571 Amoenus
686 2545 790 2571 Lucret.
804 2554 837 2578 4,
856 2550 919 2575 1018.
993 2545 1083 2578 Augu-

42 2580 111 2612 stus,
136 2579 190 2606 vid.
210 2580 235 2607 h.
249 2589 275 2606 υ.
348 2580 492 2614 Argenteus
505 2579 564 2606 fons
578 2579 670 2606 nitidis
683 2580 759 2606 vndis
791 2580 873 2607 Ouid.
888 2582 952 2607 Met.
971 2589 1000 2612 3,
1019 2588 1082 2614 407.

42 2615 212 2647 Caballinus,
223 2615 281 2642 vid.
296 2620 313 2641 C
322 2621 345 2641 A
354 2622 370 2642 Β
379 2622 400 2641 Α
408 2621 424 2641 1.
433 2623 450 2642 L
458 2622 479 2640 v
490 2621 515 2643 8.
585 2616 747 2650 Conspicuus
760 2616 788 2642 in
800 2616 911 2651 planitie
919 2636 927 2648 ‚
951 2616 1004 2641 vid.
1017 2616 1042 2641 h.
1056 2624 1083 2641 υ.

43 2650 126 2678 Ouid.
142 2651 206 2677 Met.
220 2659 243 2684 2,
256 2657 304 2685 273
328 2650 537 2685 Contractosque
550 2651 667 2686 vndique
680 2652 773 2677 fontes.
846 2652 970 2685 Egregius
989 2651 1083 2676 quen.

43 2687 94 2714 Sat.
108 2695 152 2719 12,
173 2695 214 2719 41.
307 2686 411 2720 Frigidi
449 2686 516 2717 Cels.
531 2695 565 2718 4,
583 2695 609 2719 4.

41 2722 139 2750 Illimis
164 2720 245 2748 Ouid.
258 2722 322 2747 Met.
337 2730 358 2753 3,
371 2729 434 2756 407.
505 2720 650 2750 Instabilis‚
668 2721 720 2747 vid.
735 2728 744 2746 1
755 2727 776 2746 N
787 2727 829 2746 S'r
839 2728 859 2746 A
894 2728 902 2745 1
914 2728 929 2746 L
941 2726 980 2745 Is.
1043 2720 1085 2744 In-

43 2758 129 2792 tegri,
152 2760 171 2783 i.
194 2756 290 2784 Illibati
320 2757 426 2784 Lucret.
445 2765 472 2789 1,
492 2759 552 2788 926.
624 2756 742 2790 Irriguus
779 2756 853 2790 Virg.
875 2756 972 2788 Georg.
987 2763 1026 2787 4,
1045 2762 1085 2786 32.

43 2793 126 2828 Largi
150 2793 248 2818 Lucan.
261 2801 287 2825 9,
301 2795 356 2819 610.
427 2791 554 2818 Medicati
579 2792 644 2818 Cels.
653 2801 681 2825 4,
694 2800 721 2824 4.
790 2792 913 2818 Montani
952 2791 1049 2816 Lucan.
1058 2797 1085 2821 2,

44 2833 101 2862 483.
172 2828 284 2854 Muscofi
318 2829 392 2862 Virg.
406 2828 459 2854 Ecl.
480 2837 508 2860 7,
527 2835 568 2860 45.
640 2827 754 2854 Nobiles
785 2828 851 2853 Hor.
866 2827 953 2853 Carm.
967 2835 989 2857 3,
1004 2834 1038 2857 13,
1054 2833 1087 2857 ¹3·

43 2863 188 2894 Pellucidus
222 2863 304 2890 Ouid.
330 2865 394 2890 Met.
419 2872 447 2895 3,
476 2865 526 2889 161.

22 2904 25 2906 “
45 2899 197 2934 Perspicuus
226 2899 319 2925 Claud.
336 2899 367 2925 de
382 2900 456 2934 Rapt.
470 2899 587 2933 Proserp.
601 2907 624 2931 3,
638 2906 687 2931 253.
759 2898 871 2924 Putealis
905 2895 1035 2924 Columel.
1051 2904 1085 2928 11,

47 2943 71 2968 3.
140 2934 255 2969 Rapidus
280 2935 337 2961 Sen.
353 2936 431 2961 Herc.
445 2935 505 2961 Oet.
518 2943 541 2968 ς.
611 2933 692 2960 Ouid.
705 2935 768 2960 Met.
782 2942 807 2965 2,
820 2936 876 2966 464
901 2934 912 2959 I
925 2932 1016 2967 procul
1024 2931 1086 2958 hinc

49 2970 130 3002 di'xit,
149 2979 195 2997 nec
209 2970 294 2997 sacros
307 2971 397 3005 pollue
412 2970 506 2996 fontes.
578 2969 715 3004 Spumiger
738 2969 775 2995 Id.
785 2969 851 2996 ibid.
861 2977 892 3001 11,
907 2978 962 3002 140.
983 2985 984 2988 =
1020 2968 1086 2994 Viui

49 3004 90 3032 Id.
103 3005 168 3032 ibid.
182 3014 205 3038 3,
218 3014 255 3037 27.
354 3035 357 3039 ⁴
412 3003 433 3042 ff
453 3014 464 3038 3
508 3004 595 3031 Verbis
607 3008 722 3068 iungitur
731 3003 795 3037 istis.
838 3004 912 3031 Au&
922 3004 953 3030 ad
962 3005 1062 3036 Her.4‚
1070 3012 1086 3035 9

53 3041 100 3064 c.6
117 3040 165 3071 Si„
177 3042 224 3075 qui
236 3042 263 3068 se
276 3040 363 3068 fontes
377 3041 505 3068 maximos
519 3041 622 3075 penitus
636 3049 650 3066 a

54 3072 107 3100 hoc
125 3073 207 3102 fitiens
223 3085 303 3112 quam
322 3078 438 3103 maxime
454 3077 588 3111 loquatur.

55 3114 123 3135 ASP
132 3114 148 3134 E
158 3115 205 3136 KG
214 3117 244 3138 ο.
314 3113 462 3145 Martial.9‚
476 3121 522 3138 102
547 3112 678 3144 Multum„
698 3111 774 3138 crede
788 3111 871 3144 mihi,
890 3112 971 3138 refert
985 3120 1000 3137 a
1012 3111 1086 3136 fonte

53 3142 178 3174 bibatur,
211 3147 264 3180 Qi
282 3148 356 3180 fluit,
374 3158 407 3175 an
419 3149 496 3183 pigro
509 3156 575 3182 quae
591 3148 675 3182 stupet
689 3147 758 3174 vnda
774 3147 839 3174 lacu.
907 3148 1086 3181 Corrumpere

551 3183 679 3209 Exfiliunt
692 3183 777 3209 fontes
805 3183 870 3209 Plin.
886 3192 901 3209 2
911 3203 918 3215 ,
934 3191 976 3214 103
997 3183 1030 3208 ad
1039 3182 1086 3217 fin.

676 3077 821 3110 Aspergere
844 3085 875 3102 ex
907 3075 998 3107 fonte,
1033 3074 1085 3100 uid.

53 3214 292 3254 Mature-fontibus
299 3238 307 3250 ‚
326 3219 379 3245 vid.
394 3226 417 3245 M
426 3227 449 3247 A
458 3226 479 3244 N
489 3226 517 3246 o.

0 3264 8 3282 1.,
55 3258 107 3284 que
120 3248 203 3279 filum,
227 3259 289 3284 quos
305 3254 430 3281 arborum
452 3255 576 3281 alimenta
593 3254 779 3281 consumebant
802 3255 869 3281 Plin.
883 3263 919 3287 31,
933 3262 960 3286 4.

54 3285 172 3326 strepunt
185 3284 268 3312 fontes
280 3290 441 3317 manantibus
456 3290 569 3324 lymphis
595 3291 663 3316 Hor.
678 3290 759 3325 Epod.
774 3299 797 3320 2,
810 3298 853 3324 27.
923 3289 1018 3316 Oritur
1027 3289 1087 3314 fons

54 3329 85 3361 ¹¹3
99 3325 205 3352 monte,
225 3320 276 3347 vid·
290 3329 336 3349 OR
345 3332 355 3350 1
366 3331 422 3352 OR.
493 3327 565 3352 Caes.
579 3327 607 3352 Β.
620 3327 652 3352 G.
668 3331 697 3358 8,
709 3335 740 3359 41
773 3325 826 3352 Sub
840 3325 916 3359 ipfius
930 3325 1001 3351 euim
1014 3324 1088 3358 oppi-

54 3355 85 3396 d}
97 3364 204 3395 murum
217 3364 323 3389 magnus
336 3359 392 3386 fons
404 3361 600 3396 prorumpebat.
671 3361 808 3396 Supprcssis
828 3361 948 3387 fontibus
968 3364 1023 3386 aret
1041 3360 1087 3385 flu-

54 3400 115 3418 vms
142 3390 222 3418 Ouid.
237 3391 300 3417 Met.
314 3400 348 3424 ις,
361 3400 413 3424 ²80·

54 3436 113 3455 rem
127 3433 231 3468 Pssfem,
250 3435 278 3451 ¹¹¹
297 3435 349 3460 ‘41¹0
365 3430 432 3457 mihi
449 3432 507 3466 quis
526 3432 670 3459 ostenderit
683 3432 741 3459 lilia
754 3438 780 3458 et
792 3432 888 3463 violas,
915 3437 941 3458 et
961 3439 1087 3457 amoenos

2 3495 4 3498 ,
53 3463 143 3490 fontes
157 3464 302 3504 humentes,
322 3471 398 3496 quam
405 3464 450 3492 vbi
461 3468 536 3501 plena
546 3468 627 3494 mellis
636 3488 644 3501 ,
663 3475 707 3495 aut
719 3477 810 3502 graues
819 3467 907 3494 fruet„
918 3467 985 3493 vites
992 3467 1087 3492 erunt?

24 3505 29 3507 “
51 3501 72 3525 δ’·
87 3498 262 3534 ,ῙῑαῖῑίΥῖῑΠῖθΙ-
484 3511 503 3536 4
539 3505 644 3530 Ponitur
651 3511 699 3539 per
712 3505 900 3530 translationem
914 3510 963 3538 pro
977 3504 1090 3537 origine,

54 3531 143 3569 kausa,
160 3535 286 3568 Prinsl'PiO
298 3535 392 3567 qumis·
431 3568 436 3574 ¹
458 3537 512 3564 Cic.
525 3539 607 3565 Tusc.
620 3548 633 3571 3
644 3558 652 3570 ,
671 3542 700 3566 26
734 3540 799 3566 Non
816 3548 871 3565 rem
892 3539 974 3572 ipsam
984 3538 1086 3563 causam

53 3573 132 3603 atque
145 3569 246 3595 fontem
260 3568 308 3594 esse
322 3576 458 3596 moeroris.

103 3639 108 3644 .
185 3640 190 3644 .
457 3606 537 3640 Caput
548 3616 573 3635 et
586 3610 645 3637 fons
658 3620 748 3637 rerum
779 3612 845 3636 Hor.
861 3609 939 3644 Epist.
958 3618 978 3640 1,
994 3617 1030 3640 17,
1043 3615 1086 3641 45.

6 3669 7 3673 Ἰ
56 3639 192 3666 Scribendi
207 3638 277 3666 ret'fte
292 3639 379 3672 sapere
393 3637 429 3664 est
442 3645 467 3665 et
479 3641 636 3678 Principium
649 3652 674 3672 et
688 3647 747 3672 fons
772 3646 810 3672 Id.
824 3645 856 3671 de
870 3646 932 3672 Arte
946 3646 1016 3670 Po'e't.
1030 3652 1087 3676 309.

53 3674 170 3702 Incertus
183 3675 242 3701 fons
250 3695 258 3707 ,
282 3674 335 3700 vid.
358 3682 365 3700 Ι
375 3681 395 3700 N
405 3680 421 3700 C
432 3680 447 3699 E
455 3681 473 3700 R
481 3680 502 3700 T
511 3683 530 3701 V
539 3685 560 3704 S,
629 3682 852 3715 Argumentorunl
865 3681 950 3707 fontes
983 3679 1040 3705 Cic.
1054 3679 1086 3704 de

56 3710 129 3750 Orat.
142 3719 165 3737 2.
234 3710 274 3737 Id.
287 3709 318 3736 ad
331 3710 403 3749 brut.
420 3717 458 3749 10ι
484 3710 540 3750 Nec
553 3712 582 3739 in
598 3715 708 3749 Senatu,
733 3716 984 3743 sceleratiffimorum
997 3714 1086 3741 Confi-

55 3745 153 3772 horum
171 3746 255 3772 fontes
275 3754 378 3780 aperire
397 3743 526 3771 dubitaui.
560 3767 564 3770 .

56 3781 225 3816 Eloquentiae
239 3782 325 3808 fontes
340 3781 443 3814 aperire
465 3780 595 3814 Quinctil.
603 3786 627 3814 6,
639 3794 658 3811 1.
729 3789 899 3822 Ingeniorum
913 3787 972 3812 fons
986 3786 1086 3811 Home.

56 3824 101 3842 rus
122 3817 186 3843 Plin.
201 3825 239 3852 17,
252 3825 273 3850 ς.
345 3816 447 3850 Ingenii
461 3815 593 3842 exundans
605 3818 664 3845 fons
689 3823 805 3850 quenal.
818 3823 867 3850 Sat.
878 3832 914 3854 10,
928 3830 977 3854 119·
1044 3821 1085 3846 1¹¹·

2 3857 4 3865 '
17 3870 19 3875 .
55 3851 128 3884 genii
139 3852 314 3879 infoecundus
327 3853 387 3878 fons
418 3852 499 3878 Ouid.
514 3851 599 3877 Trist.
613 3860 640 3884 3,
653 3862 699 3887 14,
712 3865 752 3890 34,
827 3858 948 3884 Luminis
962 3857 1022 3883 song
1037 3856 1086 3882 lar-

53 3888 148 3949 {Juiisol
174 3888 278 3914 Lucrct.
292 3896 313 3921 5,
326 3894 382 3917 282-
454 3887 637 3921 Philosophiae
652 3888 734 3916 fontes
747 3894 847 3926 aperire
873 3894 928 3920 Cic.
943 3893 1086 3924 Tusc.1‚6.

81 3932 90 3948 1
109 3941 116 3949 ,
136 3931 158 3951 Α
166 3930 181 3950 P
188 3930 205 3950 E
215 3930 234 3949 R
242 3931 252 3950 1
262 3930 290 3951 Ο,

1032 3252 1087 3279 Ob-

1106 571 1134 588 10
1145 568 1209 590 niam
1224 566 1288 590 mhi!
1298 563 1437 600 J‘pei’fflin
1450 563 1517 595 tilis,
1538 565 1600 590 unde
1615 568 1665 599 peti
1673 568 1775 600 stimat.

1000 741 1080 766 Colu-
1100 749 1124 774 ις

0 1307 2 1311 y
405 1275 464 1302 Pars
484 1273 568 1306 remi,
599 1281 666 1308 quae
688 1273 811 1300 folliculo
827 1273 896 1300 tecta
916 1273 967 1306 est,
993 1282 1008 1300 a
1025 1282 1080 1309 quo
1088 1279 1119 1303 30

39 1309 102 1339 Vita
114 1309 272 1336 follicularis
287 1309 357 1336 ditS’ta
370 1309 415 1336 est.
449 1309 515 1336 Fest.

1014 1627 1081 1653 Cha·
1089 1638 1126 1662 40

1088 1805 1122 1831 45

1139 2017 1266 2047 praeerat.

1090 2332 1126 2358 60

1024 2509 1084 2535 Aci·
1100 2511 1131 2542 63

607 2863 746 2895 Perennis,
783 2862 835 2888 uid.
866 2868 881 2888 Ρ
894 2869 909 2888 Ε
919 2869 937 2888 R
947 2868 962 2888 E
974 2868 995 2886 N
1007 2867 1028 2886 N
1042 2868 1049 2886 1
1061 2868 1083 2887 s.
1101 2871 1133 2899 75

671 3039 802 3066 sconditos
815 3040 948 3075 Aperuilse
963 3039 1047 3071 dieat,
1061 3044 1087 3065 et
1105 3048 1137 3073 80
1151 3051 1179 3067 ex
1194 3043 1250 3068 MS.
1271 3041 1369 3075 Vrfim',
1387 3048 1437 3076 pro
1455 3042 1522 3076 vulg.
1538 3041 1660 3067 furando.

611 3219 762 3245 Nascuntur
775 3219 860 3245 fontes
875 3218 964 3245 decifis
973 3217 1086 3252 plerum·
1106 3223 1134 3252 83
1151 3220 1246 3254 (oculi,
1264 3228 1343 3250 auru,
1353 3220 1419 3253 etc.)
1438 3219 1601 3245 callidiflimo
1613 3218 1727 3245 artificio
1740 3222 1832 3243 natura
1846 3216 1992 3243 fabrificata
2005 3218 2050 3244 est.

525 3574 592 3600 Fons
606 3581 632 3600 et
647 3580 722 3608 caput
736 3574 957 3609 philosophorum
972 3574 1088 3599 Socrates
1105 3580 1137 3606 95
1152 3583 1189 3604 11,
1213 3577 1252 3601 26.

608 3751 738 3779 Curarum
768 3752 828 3778 fons
869 3753 974 3778 Lucrct.
995 3758 1007 3781 3
1016 3769 1024 3781 ,
1046 3756 1142 3778 82.100
1186 3756 1203 3775 F
1211 3757 1229 3776 o
1239 3757 1258 3776 R
1267 3758 1288 3777 A
1297 3757 1323 3776 Μ
1331 3758 1341 3777 1
1351 3758 1373 3777 Ν
1381 3759 1403 3778 A
1413 3758 1433 3776 ”r
1442 3758 1462 3775 v
1472 3759 1484 3777 s
1495 3770 1503 3782 ,
1524 3758 1538 3776 a
1547 3768 1555 3780 ‚
1583 3757 1636 3774 um.

362 3924 462 3951 Rerum
474 3923 561 3951 fontes
576 3931 631 3950 non
643 3923 734 3951 videre
742 3944 751 3958 ,
773 3935 798 3953 ct
809 3929 912 3966 riuulos
925 3928 1069 3956 conscolari
1077 3947 1084 3960 ‚
1096 3933 1234 3964 105poma,
1254 3936 1341 3959 maces,
1357 3935 1401 3953 etc.
1425 3926 1508 3961 desert
1516 3928 1544 3952 in
1556 3926 1654 3953 forum.

1511 156 1544 195 F
1631 157 1666 196 O
1764 159 1794 198 R

1142 245 1209 272 tardi
1224 244 1325 279 ingenii
1338 244 1374 271 est
1402 245 1459 271 Cic.
1472 244 1503 271 de
1516 245 1589 272 Orat.
1603 254 1632 278 2,
1647 253 1697 280 117.
1770 247 1867 274 Rerum
1880 252 1999 278 omnium
2018 261 2109 279 omncs
2121 252 2177 280 fon.

1142 287 1179 307 tes
1193 281 1281 306 animo
1294 288 1319 306 et
1332 281 1459 307 memoria
1474 282 1608 308 continere
1630 281 1667 308 Id.
1676 281 1741 308 ibid.
1756 290 1774 312 1.
1788 291 1830 315 94.
1872 287 1929 311 Vzd.
1953 295 1970 313 (3
1983 296 2001 312 1»
2011 295 2031 313 Ν
2042 295 2063 314 Τ
2075 297 2079 314 l
2093 296 2112 313 N
2124 296 2179 315 1ῑο.

1144 317 1268 342 Veritatis
1281 323 1365 342 certus
1379 315 1438 341 fons
1470 316 1576 344 Phaedr.
1589 327 1609 348 3,
1624 326 1659 344 10.
1746 317 1815 343 Vitii
1837 324 1861 343 et
1883 322 1992 353 periurii
2010 324 2068 350 sons
2098 324 2179 351 Plaut.

1145 351 1229 377 Truc.
1244 361 1265 383 2,
1279 360 1300 383 7,
1314 360 1348 384 51..
1422 351 1444 376 A
1458 352 1530 378 fonte
1545 352 1670 379 deductio
1682 353 1805 379 tinorum
1829 354 2068 391 Cic.in'1‘opic.33.
2142 360 2181 386 Ex

1146 387 1239 413 eodem
1254 387 1328 413 fonte
1341 387 1403 413 haec
1426 388 1515 413 onmia
1534 390 1664 415 lluxcrunt
1695 388 1734 414 ld.
1747 388 1777 414 de
1792 389 1826 415 N.
1842 388 1872 414 D.
1887 398 1909 421 3,
1923 397 1950 420 411
1966 401 1986 417 c.
2001 400 2036 424 ¹9·
2107 396 2180 422 Hau-

1144 423 1213 448 riant
1226 422 1313 456 potius
1326 431 1340 448 a
1352 421 1487 454 fontibus,
1508 433 1586 456 quam
1602 424 1703 450 riuulos
1717 423 1896 450 consedemus
1920 425 1958 450 Id.
1974 428 2050 453 Acad.
2066 438 2084 459 1,
2098 440 2110 461 7
2127 440 2147 456 c.
2158 440 2179 457 2.

1145 459 1233 484 Patent
1245 458 1285 484 vel
1302 458 1416 484 inimicis
1431 458 1515 484 sontes
1535 459 1644 485 alicuius
1664 460 1691 485 dc
1706 460 1774 485 ICm·
1786 466 1881 494 operam
1889 462 2051 495 promiscuam
2066 470 2179 492 mananti.

1143 494 1186 519 bus
1211 493 1247 519 Id.
1263 502 1311 526 pro
1326 494 1444 520 Muraen.
1459 501 1483 524 9.
1560 494 1597 520 ld.
1611 498 1647 527 Q
1661 496 1728 521 Frat.
1745 503 1771 527 3,
1790 504 1799 520 ι
1835 494 1906 521 Tibi
1919 496 1990 529 quod
2004 506 2077 530 rogas
2088 519 2094 529 ‚
2115 510 2180 533 quo..

1144 530 1213 554 niam
1228 529 1273 562 ipli
1289 529 1375 554 fontes
1387 529 1439 554 iam
1452 528 1556 560 litium,
1579 529 1596 555 ss
1611 531 1674 563 quid
1689 530 1792 556 habebo
1812 531 1903 565 spatii,
1923 531 2043 557 scribam.

2113 178 2181 215 7¹0

2082 538 2099 558 1'.
2123 545 2179 568 quo-

1947 565 1968 605 “j
1992 576 2004 600 ς
2042 568 2181 603 Obsi-matt.

1144 601 1254 626 Fontem
1266 609 1313 634 pro
1326 602 1399 634 Aqua
1409 605 1492 634 pojum
1507 599 1579 634 Virg.
1592 601 1656 626 Aen.
1672 609 1706 631 12,
1720 609 1758 633 ¹¹9
1779 610 1793 627 a
1802 607 1876 636 parte
1888 608 1981 634 totum,
2000 603 2055 629 Alii
2068 606 2182 631 sontem-

1144 644 1195 669 que
1214 636 1353 669 ignemque
1373 634 1500 669 ferebant.
1606 636 1664 661 ocu.
1679 636 1743 670 scm.
1766 637 1831 672 apud
1852 637 1931 664 Plaut.
1946 638 2025 664 Stich.
2045 647 2074 672 ς,
2093 649 2127 672 4,
2148 644 2182 666 26.

1144 671 1214 696 Tibi
1230 671 1341 705 propino
1355 669 1462 695 decuma
1470 670 1551 700 fonte,
1569 676 1596 696 tu
1609 671 1660 696 tibi
1675 671 1743 697 inde.
1781 674 1821 698 Sic
1832 673 1903 698 editt.
1919 674 2022 701 etMSS.
2086 676 2184 710 Lipftus

1143 709 1180 732 ita
1195 709 1313 742 corrigit,
1340 705 1408 730 Tibi
1430 706 1542 739 propino
1565 705 1666 732 decem:
1704 707 1808 733 affunde
1827 713 1855 733 tu
1870 707 1920 734 tibi
1935 708 2004 735 inde.
2055 710 2102 737 Sed
2114 718 2185 737 vetus·

1142 743 1330 771 Grammaticus,
1340 740 1516 766 'sensnum-us
1525 741 1590 776 apud
1596 744 1707 768 Douzam
1714 742 1747 767 ad
1752 743 1776 768 h.
1783 743 1800 769 I.
1810 743 1956 778 obstruauit,
1964 744 2065 771 fontem
2072 755 2120 780 pro
2129 755 2184 774 cra—

1144 782 1214 809 tera,
1242 778 1260 802 s.
1276 784 1355 805 vrna,
1381 778 1428 802 elle
1446 778 1613 803 femininum.
1670 778 1784 803 Decuma
1806 778 1864 804 fons
1885 782 1983 814 itaque,
2009 789 2031 806 ει
2048 780 2125 813 Ind'e,
2150 781 2185 816 est

1145 814 1307 847 Imperatiuus
1318 812 1347 837 ab
1356 811 1416 837 Indo
1424 831 1431 841 ‚
1451 814 1500 838 'dre-
1558 813 1603 839 Sed
1613 816 1686 839 varia
1698 821 1818 840 conantur
1825 815 1870 840 alil
1878 815 1945 840 Fons
1955 815 2015 841 solis
2023 836 2030 846 ,
2045 816 2139 852 [Κρήνη
2151 818 2186 844 τὲ

1143 847 1234 881 Ἠλία]
1271 850 1298 872 in
1311 847 1446 880 Cyrenaica
1450 846 1489 880 fic
1503 845 1586 874 aliatus
1595 868 1603 881 ‚
1628 849 1692 884 quod
1704 850 1768 875 Solis
1777 856 1823 883 per
1836 850 1949 876 cardines
1963 858 2043 884 motu,
2068 854 2148 879 calore
2161 860 2186 880 et

1141 885 1224 918 algore
1237 885 1362 908 variatur.
1398 884 1530 909 Manum-e
1546 883 1686 915 Diodorus,
1706 887 1848 915 Arrianus,
1864 892 1886 911 et
1901 886 2048 912 Herodotus.
2102 889 2186 915 Ouid.

1144 920 1206 946 Met.
1222 927 1254 950 15,
1270 926 1317 950 309
1343 918 1434 944 Medio
1447 924 1490 944 tua
1505 920 1625 953 corniger
1640 923 1754 945 Ammon
1786 920 1860 946 Vnda
1874 920 1916 947 die
1930 921 2015 955 gelida
2035 922 2087 955 est,
2112 930 2186 951 ortu-

1143 963 1209 989 que,
1228 953 1356 986 obituque
1369 953 1479 979 calescit.
1536 956 1681 981 Hermolaus
1693 955 1752 979 duas
1760 955 1848 990 fontes
1861 957 1919 982 huin
1932 966 1957 982 ce
1971 960 2066 992 ingenii
2077 959 2130 985 illic
2142 959 2186 992 effe

1142 989 1263 1020 credidit,
1285 989 1363 1014 Plinii
1379 990 1527 1015 auclmv'tate
1542 997 1629 1015 motus.
1700 990 1787 1019 Iouis,
1807 994 1833 1016 in
1852 995 1906 1023 nit,
1926 993 2062 1019 Ammonis
2071 994 2130 1020 fons
2145 989 2186 1021 in-

1142 1025 1229 1051 terdiu
1241 1023 1368 1058 frigidus,
1387 1024 1507 1050 noctibus
1520 1025 1613 1051 seruet.
1669 1025 1699 1050 In
1718 1000 1895 1059 Troglmlytis
1914 1027 1973 1052 fons
1992 1028 2058 1054 Solis
2073 1031 2186 1063 appella-

1143 1066 1185 1086 tur
1198 1060 1297 1091 dulcis,
1317 1066 1342 1085 et
1363 1061 1430 1086 circa
1444 1059 1584 1086 meridiem
1598 1060 1714 1086 maxime
1728 1060 1856 1094 frigidus:
1893 1070 1955 1086 mox
1967 1063 2101 1095 paullatim
2116 1072 2188 1100 tepe-

1142 1097 1226 1125 scens,
1240 1095 1272 1121 ad
1286 1094 1370 1121 noetis
1385 1096 1471 1123 media
1486 1095 1593 1122 feruore
1606 1103 1631 1122 et
1647 1095 1822 1121 amaritudine
1836 1096 1982 1123 infestatur.
2038 1100 2105 1125 Haec
2118 1102 2185 1127 Plin.

1143 1140 1172 1162 2,
1188 1139 1239 1162 103.
1293 1131 1360 1157 Add.
1374 1131 1419 1157 Sil.
1434 1140 1456 1163 3,
1470 1133 1530 1163 669.
1637 1131 1706 1157 Fons
1721 1131 1858 1165 baptismi:
1894 1132 2014 1158 Ambros.
2029 1133 2060 1160 de
2074 1135 2187 1163 Sacram.

1144 1166 1244 1193 Venisti
1256 1166 1288 1192 ad
1302 1166 1420 1198 fontem,
1441 1167 1564 1200 ingressus
1576 1175 1611 1193 cs.
1666 1168 1697 1192 In
1720 1176 1766 1193 vas
1786 1174 1868 1201 nempe
1890 1168 2038 1202 baptizandi
2063 1170 2188 1205 descende-

1141 1202 1209 1228 bant.
1273 1202 1331 1228 Vni.
1346 1212 1442 1228 omnmo
1462 1202 1518 1228 llid.
1533 1211 1571 1234 ις,
1585 1211 1603 1235 4
1635 1202 1703 1228 Fons
1718 1202 1745 1227 in
1758 1202 1875 1228 delubris
1887 1202 1958 1229 locus
1968 1212 2188 1237 regeneratorum

1143 1238 1195 1269 est,
1220 1237 1248 1262 in
1261 1247 1315 1271 quo
1334 1238 1430 1272 septem
1446 1238 1539 1271 gradus
1554 1247 1581 1263 in
1594 1237 1700 1271 spiritus
1711 1238 1792 1264 saneti
1808 1238 1932 1270 mysterio
1948 1239 2114 1273 formantur,
2134 1248 2189 1269 tres

1143 1274 1171 1300 in
1185 1273 1320 1305 descensu,
1338 1280 1363 1299 et
1378 1282 1428 1299 tres
1446 1274 1472 1298 in
1487 1274 1605 1304 ascensu,
1622 1279 1667 1298 etc.
1738 1275 1766 1300 A
1777 1274 1892 1300 librariis
1901 1281 2078 1309 permutantur
2092 1278 2188 1305 Fontes

1143 1316 1168 1335 et
1180 1310 1297 1334 Montes:
1331 1308 1516 1336 Drakenborch.
1530 1309 1564 1334 all
1577 1308 1621 1334 511.
1636 1316 1657 1340 ς,
1670 1311 1727 1342 624,

1180 1350 1196 1370 F
1206 1351 1224 1370 O
1234 1351 1253 1370 N
1266 1350 1286 1371 T
1299 1343 1335 1370 ῖς
1346 1342 1383 1370 x'f‘l
1402 1352 1420 1370 v
1430 1352 1459 1376 s,
1480 1345 1498 1370 i.
1520 1353 1553 1369 m.
1592 1343 1692 1370 Dimin.
1730 1341 1874 1377 [πηγίδιον]
1916 1344 1982 1371 Plin.
1998 1354 2034 1378 31,
2048 1355 2078 1372 10
2104 1348 2188 1376 Lacus

1144 1380 1179 1406 est
1193 1380 1306 1405 nitrosus
1320 1380 1454 1406 exsiliente
1467 1388 1481 1405 e
1496 1379 1585 1405 medio
1600 1379 1669 1406 dulci
1683 1379 1825 1405 fonticulo.
1895 1381 1962 1407 Hor.
1976 1382 2055 1408 Serin.
2071 1391 2096 1415 1,
2116 1393 2124 1409 1
2134 1404 2141 1416 ,
2159 1392 2190 1418 55

1143 1417 1241 1449 Magno
1255 1415 1287 1441 de
1300 1416 1408 1441 flumine
1421 1415 1525 1441 mallem
1552 1416 1640 1448 Quam
1654 1423 1684 1441 ex
1698 1414 1747 1441 hoc
1762 1415 1892 1441 fonticulo
1906 1417 2060 1444 tantundem
2073 1419 2186 1446 sumere.

1144 1450 1315 1482 Fonticulus,
1355 1452 1430 1478 Vicus
1458 1453 1567 1477 cauterio
1589 1453 1721 1477 excitatum
1740 1450 1774 1476 ad
1797 1450 1944 1478 deriuandos
1967 1452 2092 1487 humores,
2122 1455 2190 1491 apud

1146 1486 1264 1513 Medtcos.

1180 1523 1395 1549 FONTPINVS
1408 1542 1415 1553 ,
1438 1530 1468 1553 a,
1488 1530 1541 1547 um.
1596 1520 1656 1548 Adi.
1714 1521 1860 1555 [πηγαῖος]
1914 1522 1988 1557 Quod
2007 1532 2036 1549 ex
2049 1524 2125 1560 fonte
2145 1524 2189 1559 est.

1143 1558 1210 1583 Plin.
1249 1577 1254 1583 .
1291 1577 1297 1583 .
1336 1558 1468 1583 Fontanae
1483 1565 1565 1592 aquae
1578 1557 1684 1589 cyathos
1696 1556 1770 1583 duos.
1821 1557 1864 1584 Sic
1876 1558 2008 1584 Columel.
2023 1567 2067 1592 12,
2081 1565 2094 1590 8
2116 1568 2139 1587 et
2157 1571 2190 1588 11.

1145 1592 1225 1619 Ouid.
1240 1592 1304 1618 Fast.
1323 1601 1342 1625 1,
1362 1595 1419 1625 269.

1180 1635 1196 1654 F
1207 1635 1225 1654 O
1238 1635 1258 1654 N
1271 1635 1292 1654 T
1303 1629 1325 1654 Ᾰ
1335 1635 1350 1653 L
1361 1637 1370 1654 1
1379 1636 1406 1659 S,
1430 1637 1453 1654 e.
1495 1628 1554 1654 Adi.
1592 1628 1732 1662 [κρηναῖός]
1768 1626 1845 1653 Idem.

1143 1665 1239 1690 Vtrum
1263 1664 1368 1690 Fontali
1381 1683 1388 1695 ,
1418 1672 1451 1690 an
1479 1664 1595 1695 Libere,
1634 1663 1638 1667 ’

1147 1699 1290 1726 Fontinali.

1181 1738 1397 1764 PONTANA‚
1412 1741 1452 1758 ae.
1473 1732 1492 1757 f.

1145 1775 1201 1800 237ς
1233 1775 1288 1798 245-
1588 1800 1592 1804 ,

1182 1807 1198 1826 r
1211 1807 1229 1826 o
1240 1807 1319 1826 NTA
1329 1806 1406 1825 NAL
1418 1808 1466 1831 ts,
1483 1808 1507 1826 e.
1544 1799 1604 1825 Adl.
1642 1799 1716 1826 Idem.
1769 1800 1875 1827 Vitruu.
1890 1806 1911 1831 8.
1925 1810 1936 1834 3
1948 1808 1990 1837 pr.
2017 1804 2120 1839 Aquam
2135 1805 2190 1833 fine

1145 1836 1246 1861 fontem
1261 1835 1314 1860 luci
1327 1834 1462 1860 cuiusdam
1478 1843 1559 1868 prope
1573 1836 1684 1861 Romam
1697 1836 1866 1862 Fontanalem
1882 1837 1957 1863 dixit.

1181 1876 1226 1896 FO
1236 1876 1316 1896 NTA
1329 1877 1348 1894 N
1358 1877 1374 1896 E
1384 1877 1404 1895 v
1414 1878 1443 1902 s,
1464 1879 1493 1901 a,
1513 1879 1566 1896 um.
1605 1870 1664 1896 Adi.
1704 1871 1779 1897 Idem.
1817 1872 1899 1897 Solin.
1914 1882 1935 1897 c.
1944 1879 1975 1904 50
1987 1880 2050 1901 extr.
2071 1875 2190 1907 Enydros

1144 1905 1266 1937 exsudat,
1285 1912 1314 1931 vt
1327 1906 1439 1932 clausam
1454 1907 1481 1931 in
1495 1914 1528 1931 eo
1540 1912 1613 1940 putes
1626 1906 1777 1932 fontaneam
1787 1907 1981 1942 scaturiginem.
2052 1911 2191 1939 Innocent.

1146 1941 1179 1967 dc
1192 1942 1249 1967 Cas.
1262 1950 1286 1974 p.
1298 1949 1340 1972 239
1374 1941 1503 1966 Fontanea
1518 1949 1584 1974 pars.

1191 1984 1206 2002 F
1215 1983 1234 2001 o
1244 1982 1265 2000 N
1276 1983 1296 2001 T
1307 1983 1315 2001 1
1326 1982 1347 2000 N
1357 1981 1377 1999 A
1386 1983 1401 2001 L
1412 1983 1422 2001 1
1433 1982 1445 2001 s
1463 1995 1469 2005 ‚
1504 1984 1527 2001 e.
1584 1977 1651 2001 Deus
1687 1979 1800 2012 antiquis
1831 1977 1974 2010 dicebatur,
2004 1982 2047 2015 qui
2071 1981 2191 2016 fontibus

1337 2010 1419 2036 Plaut.
1440 2010 1519 2036 Stich.
1542 2018 1570 2043 ς,
1589 2020 1622 2044 4,
1642 2020 1666 2042 17
1710 2012 1783 2045 Qud
1804 2012 1872 2038 istud
1892 2013 1928 2039 est
1949 2016 2115 2048 prouinciae.
2135 2024 2190 2045 ST.

1145 2055 1234 2073 vtrum
1249 2045 1383 2072 Fontinali
1395 2055 1427 2072 an
1441 2046 1541 2072 Libero
1557 2047 1699 2080 imperium
1714 2053 1739 2073 tc
1754 2047 1876 2075 inhibere
1890 2049 1990 2076 mauis?
2025 2052 2128 2078 Fontali
2147 2053 2193 2080 ha-

1146 2081 1231 2108 &enus
1245 2080 1332 2107 lectum
1347 2080 1379 2114 est
1388 2101 1395 2113 ,
1408 2082 1454 2117 fi'd
1467 2089 1490 2107 ct
1502 2083 1624 2108 trochaici
1636 2082 1722 2117 verfils
1733 2083 1862 2117 climenfio,
1883 2091 1906 2110 et
1913 2085 1932 2110 F
1934 2086 2092 2114 ontinalium
2104 2089 2192 2115 ‘sacro-

1146 2127 1206 2144 rum
1238 2126 1337 2148 nomen,
1370 2116 1398 2142 de
1429 2117 1514 2152 quibm
1537 2116 1608 2151 poll,
1634 2116 1674 2151 stc
1699 2118 1872 2145 emendandum
1896 2127 2002 2147 monent.
2062 2124 2192 2151 Turnebus

1145 2152 1165 2189 q
1189 2161 1201 2178 2
1238 2150 1277 2184 Est
1294 2159 1318 2177 et
1332 2152 1478 2179 Fontinalis
1494 2158 1586 2186 porta,
1604 2152 1633 2179 (le
1646 2162 1693 2188 qua
1706 2154 1766 2180 Liu.
1777 2162 1813 2187 33,
1828 2163 1856 2180 10
1868 2162 1932 2182 extr.
1953 2157 2035 2184 eadem
2045 2164 2074 2184 vt
2081 2165 2193 2193 putant„

1144 2197 1205 2225 quac
1221 2188 1334 2222 Capena,
1343 2197 1414 2224 quam
1429 2188 1560 2214 madidam
1572 2188 1625 2214 ideo
1638 2195 1710 2215 vocat
1730 2190 1822 2216 quen.
1836 2199 1863 2222 3,
1878 2199 1909 2216 11.
2090 2214 2092 2216 ,

1182 2231 1198 2251 F
1210 2230 1229 2258 Q
1240 2231 1261 2250 N
1272 2231 1292 2250 T
1302 2232 1311 2250 1
1323 2232 1343 2250 N
1354 2232 1374 2250 A
1384 2232 1399 2250 L
1412 2232 1417 2248 1
1430 2232 1450 2250 A
1473 2224 1565 2255 Festo3
1601 2224 1751 2251 Fontinalia
1770 2226 1885 2252 Varroni
1894 2225 1925 2251 de
1932 2226 1999 2253 L.L.
2014 2235 2036 2259 ς,
2049 2236 2070 2259 3.
2108 2230 2194 2256 feriae

1145 2268 1216 2288 erant
1224 2260 1343 2297 fontibus
1357 2260 1467 2292 dicatae,
1487 2261 1572 2296 quibus
1585 2266 1609 2286 ct
1620 2269 1722 2295 coronae
1735 2263 1761 2286 in
1769 2260 1860 2296 fontes
1878 2264 1969 2287 conjici
1975 2282 1984 2294 ,
2011 2269 2035 2289 et
2044 2267 2114 2299 putei
2125 2275 2195 2292 coro..

1143 2301 1202 2324 nari
1216 2297 1336 2334 solebant.

1184 2340 1199 2359 F
1208 2340 1226 2359 o
1236 2341 1257 2359 N
1269 2338 1290 2358 T
1304 2332 1341 2359 fc
1350 2330 1387 2359 (3¹1
1404 2339 1441 2363 A,
1461 2341 1499 2358 ae.
1527 2340 1549 2358 c.
1598 2333 1649 2367 in
1661 2330 1751 2367 fontes
1764 2331 1862 2358 adorat.

1147 2369 1219 2395 Caes.
1235 2368 1304 2394 Arel.
1360 2368 1435 2404 Conf.
1452 2368 1548 2394 Cluuer.
1564 2368 1645 2393 Germ.
1660 2368 1722 2393 Ant.
1735 2377 1762 2399 1,
1780 2376 1822 2401 34.

1185 2410 1202 2430 F
1213 2411 1232 2430 Ο
1244 2410 1262 2429 N
1274 2410 1295 2429 T
1305 2410 1315 2429 1
1326 2409 1347 2429 G
1358 2409 1374 2429 E
1383 2410 1405 2429 N
1416 2410 1437 2429 A
1446 2411 1462 2429 Ε
1471 2423 1478 2433 ,
1503 2412 1587 2430 arum.
1609 2402 1628 2428 f.
1658 2404 1696 2429 ΡΙ.
1734 2403 1820 2438 Musae
1828 2422 1835 2433 ,
1858 2403 1995 2438 Nymphae.
2050 2405 2130 2432 Mart.
2145 2407 2194 2432 Ca.

1146 2440 1208 2475 pell.
1223 2440 1312 2465 Carm.
1327 2441 1360 2470 6,
1380 2448 1390 2465 1
1427 2440 1451 2465 O
1464 2440 1534 2465 sacra
1555 2438 1693 2466 doctarum
1707 2438 1846 2472 prudentia
1859 2438 2065 2473 fontigenarum.
2119 2441 2194 2478 Confi

1147 2485 1164 2508 9
1203 2495 1208 2501 .
1222 2480 1276 2507 308.

1183 2485 1227 2538 ΕΟ
1238 2518 1258 2537 N
1270 2516 1291 2536 T
1304 2517 1313 2535 1
1323 2516 1344 2537 G
1354 2516 1370 2536 E
1379 2517 1413 2541 R,
1437 2519 1451 2536 a
1460 2529 1468 2541 ‚
1486 2517 1541 2535 mn.
1576 2507 1636 2534 Adi.
1677 2509 1765 2534 Fontes
1778 2507 1876 2534 habens.
1917 2509 1965 2538 Vt,
1986 2509 2095 2536 Numen
2112 2510 2195 2538 fonti*

1146 2556 1254 2582 gerum,
1268 2553 1317 2580 pro
1332 2548 1462 2580 Neptuno,
1489 2548 1515 2570 in
1528 2553 1590 2575 ara,
1610 2542 1685 2569 ondit
1697 2550 1721 2569 et
1734 2546 1806 2578 aquis
1821 2542 1905 2569 dicata
1917 2544 2006 2570 Romae
2018 2545 2086 2580 apud
2100 2547 2194 2574 Ferrea.

1148 2583 1215 2617 Illas.
1231 2581 1320 2615 Lapid.
1337 2587 1365 2615 p.
1376 2590 1415 2611 32.

1183 2624 1199 2642 12
1209 2623 1228 2642 Ο
1238 2624 1260 2641 N
1270 2623 1291 2641 T
1300 2621 1317 2640 E
1326 2623 1335 2641 1
1344 2622 1365 2641 A
1381 2617 1444 2641 Gens
1451 2633 1460 2645 ,
1481 2613 1545 2639 vnde
1561 2611 1666 2645 Vestalis
1679 2615 1767 2647 virgo,
1788 2612 1893 2639 Fonteii
1902 2613 1992 2649 soror,
2011 2618 2083 2641 cuius
2097 2617 2195 2652 causam

1176 2654 1197 2676 it
1211 2651 1307 2676 Cicero
1320 2650 1348 2674 in
1362 2650 1435 2675 Orat.
1449 2657 1498 2682 pro
1514 2649 1588 2674 Font.
1607 2655 1637 2681 37
1656 2648 1810 2682 prospicite,
1824 2657 1857 2674 ne
1870 2649 1939 2683 ignis
1954 2650 1999 2675 illc
2013 2657 2134 2678 aeternus
2147 2662 2195 2679 no-

1905 1627 1987 1654 Plaut.
2002 1628 2081 1655 Stich.
2096 1638 2119 1662 ς,
2133 1641 2155 1663 4,
2164 1640 2191 1664 17

1632 1664 1775 1695 imperium
1800 1667 1826 1688 te
1848 1661 1971 1688 inhibere
2000 1664 2108 1691 mauis?
2145 1668 2190 1693 Al.

1549 1729 1673 1763 Substant.
1691 1731 1762 1756 Fom-
1835 1730 1970 1758 Innocent.
1985 1731 2017 1759 de
2031 1733 2087 1760 Cas.
2099 1744 2124 1769 p.
2138 1744 2192 1769 233.

1920 2332 2045 2368 Cyprian.
2057 2333 2086 2360 in
2101 2334 2154 2362 Vit.
2169 2336 2193 2362 S.

683 2685 772 2712 Gelidi
805 2686 873 2719 Virg
900 2685 951 2711 Ecl.
974 2693 1017 2716 10,
1038 2692 1082 2716 42.
1098 2694 1134 2720 70
1146 2660 1247 2711 gui-nis
1259 2685 1385 2710 Fonteiae
1399 2683 1552 2714 laboribus,
1571 2683 1726 2718 vigiliisque
1739 2685 1868 2715 seruatus,
1895 2685 2035 2713 sacerdotis
2052 2687 2142 2714 Vestae
2157 2689 2195 2715 la.

1146 2721 1236 2747 crimis
1251 2719 1381 2745 extinctus
1395 2720 1444 2745 esse
1459 2719 1571 2745 dicatur.
1627 2718 1740 2744 Eiusdem
1752 2722 1835 2754 gentis
1843 2719 1906 2754 sunt
1918 2730 2019 2755 quorum
2032 2726 2123 2749 mentio
2134 2724 2194 2751 Cic,

1149 2765 1198 2791 pro
1213 2756 1292 2781 Dom.
1306 2762 1332 2787 35
1348 2761 1371 2781 et
1384 2762 1428 2789 77.
1483 2755 1550 2780 Hor.
1565 2754 1649 2780 Serm.
1663 2763 1690 2785 1,
1704 2761 1731 2786 ς,
1746 2763 1781 2786 32.
1796 2761 1842 2780 etc.

1184 2798 1200 2818 F
1210 2798 1228 2818 ο
1239 2799 1261 2818 N
1271 2797 1293 2817 T
1303 2797 1319 2817 E
1328 2798 1337 2816 1
1346 2797 1367 2816 A
1379 2797 1400 2815 N
1412 2797 1432 2815 v
1441 2797 1454 2816 s
1463 2809 1471 2822 ,
1490 2799 1505 2816 a
1514 2810 1522 2822 ‚
1546 2797 1601 2815 um.
1637 2789 1697 2816 Adi.
1753 2790 1809 2816 Cic.
1824 2789 1856 2816 de
1870 2790 1965 2825 Arusp.
1977 2791 2055 2826 Resp.
2069 2800 2101 2828 57
2123 2793 2196 2821 Fon-

1150 2827 1268 2855 teianum
1283 2834 1381 2852 nomen
1394 2825 1491 2852 Clodio
1505 2825 1630 2860 adoptato
1643 2825 1768 2852 inditum.

1186 2941 1230 2961 ΡΟ
1242 2942 1310 2968 RA,
1330 2941 1418 2961 orum.
1439 2943 1465 2960 n.
1493 2935 1532 2960 Pl.

1184 2970 1443 3002 FORAIG0‚'1'nis.
1465 2969 1483 2995 f.

1150 3005 1276 3032 diurnum
1290 3005 1465 3040 distinguunt:

1791 2889 1820 2921 R

1574 2933 1633 2960 Vid.
1653 2940 1670 2960 F
1681 2940 1700 2961 o
1709 2941 1727 2960 R
1737 2941 1758 2960 v
1769 2941 1803 2961 M.

1533 2969 1621 2996 Filum
1634 2969 1685 3002 est,
1703 2967 1803 2997 auftore
1816 2969 1891 2996 Festo
1900 2987 1909 3000 ,
1923 2974 1978 3005 quo
1992 2971 2116 2999 textrices
2128 2980 2194 3007 opus

1501 3013 1515 3030 a
1528 3005 1649 3032 Forando
1663 3004 1773 3032 dietum.
1847 3007 1938 3041 Nempe
1945 3007 2058 3033 forando
2069 3009 2195 3043 legendum

1732 3040 1791 3068 Ifld.
1808 3041 1886 3066 Gloss'.
1918 3042 2021 3075 Forago
2038 3048 2133 3068 traines
2154 3043 2194 3069 di-

1150 3077 1216 3103 verfi
1230 3077 1336 3103 coloris.
1410 3077 1553 3111 Foragines
1568 3076 1714 3111 puellarum
1743 3076 1888 3108 symmach.
1903 3076 1980 3109 Epist.
1995 3079 2021 3108 6,
2033 3085 2078 3110 97.

1189 3119 1205 3138 F
1219 3118 1238 3138 O
1250 3120 1269 3139 R
1279 3114 1400 3143 ᾸΜΕΝ,
1421 3112 1480 3138 'l'nis-
1508 3121 1534 3139 n.
1572 3113 1690 3146 [τρῆμα,
1709 3112 1842 3146 τρύπημα,
1862 3110 1925 3145 timi]
1978 3111 2120 3147 Effiaefhcss:
2134 3119 2195 3147 opus

1144 3148 1272 3184 forantis.
1331 3147 1461 3174 Columel.
1484 3147 1516 3174 de
1539 3147 1668 3174 Arborib.
1687 3157 1708 3173 c.
1724 3153 1737 3176 8
1777 3147 1906 3172 Cauatum
1929 3146 2057 3173 foramen.
2136 3149 2193 3175 Cic.

1151 3184 1233 3210 Tusc.
1251 3193 1276 3216 1,
1298 3193 1326 3215 47
1349 3193 1370 3209 c.
1388 3192 1421 3209 20
1458 3184 1598 3210 Foramina
1612 3183 1673 3215 illa,
1686 3191 1752 3217 quae
1765 3188 1852 3216 patent
1863 3181 1895 3207 ad
1909 3182 2025 3208 animum
2040 3191 2054 3208 a
2066 3191 2195 3216 corpore,

2106 3220 2194 3245 Varro

1152 3255 1184 3281 de
1197 3256 1226 3281 R.
1236 3255 1267 3281 R.
1282 3263 1304 3287 3,
1319 3263 1353 3287 12,
1367 3265 1385 3288 4
1410 3254 1438 3280 de
1445 3255 1604 3290 fecunditate
1616 3256 1732 3288 leporum,
1756 3252 1888 3286 Fitsaepe,
1908 3262 1967 3279 cum
1983 3253 2079 3280 habent
2093 3254 2194 3281 catulos

1151 3296 1281 3322 recentes,
1299 3290 1366 3316 alios
1380 3296 1409 3316 vt
1422 3291 1450 3316 in
1464 3296 1556 3316 ventre
1570 3289 1666 3316 habere
1688 3289 1862 3323 reperiantur.
1915 3289 2006 3323 Itaque
2029 3289 2062 3315 de
2085 3288 2125 3315 his
2145 3292 2195 3316 Ar-

1151 3326 1256 3352 chelaus
1270 3325 1378 3358 scribit,
1397 3334 1527 3352 annorum
1541 3330 1607 3359 quot
1622 3324 1680 3356 lint,
1694 3324 1712 3350 fi
1727 3325 1786 3358 quis
1801 3323 1865 3350 velit
1881 3323 1961 3356 scire,
1979 3324 2106 3358 inspicere
2114 3330 2195 3359 opor-

1151 3369 1206 3389 tere
1219 3362 1350 3388 foramina
1362 3367 1484 3392 naturae,
1510 3369 1576 3395 quae
1596 3360 1647 3386 fine
1668 3359 1751 3385 dubio
1764 3359 1829 3385 alius
1849 3358 1900 3384 alio
1919 3359 1996 3385 habet
2016 3360 2100 3393 plura.
2154 3363 2193 3387 De:

506 3397 636 3431 Qlimffll·
652 3402 680 3431 8,
700 3406 712 3429 Ξ
742 3398 782 3423 An
796 3406 844 3431 ego
862 3395 974 3422 fundum
994 3395 1088 3421 cultio-
1101 3407 1137 3432 90
1151 3397 1231 3424 eadem
1242 3407 1269 3424 re
1284 3397 1348 3423 Plin.
1358 3403 1379 3427 8,
1392 3404 1418 3429 55
1452 3396 1592 3423 Archelaus
1610 3395 1703 3422 auctor
1721 3395 1772 3426 est,
1793 3401 1857 3428 quor
1871 3394 1919 3420 fint
1933 3395 2052 3428 corporis
2065 3404 2194 3423 cauernae

1151 3433 1182 3459 ad
1195 3439 1360 3460 excrementa
1381 3432 1482 3466 lepori,
1506 3431 1617 3458 totidem
1636 3439 1717 3457 annos
1741 3431 1789 3456 ess'e
1808 3429 1907 3455 aetatis.
1966 3431 2047 3456 Varro
2070 3432 2194 3458 intellexit

1150 3469 1282 3495 foramina
1298 3469 1384 3503 quihus
1395 3471 1508 3504 pariant.
1599 3467 1664 3493 Plin.
1681 3475 1723 3497 10,
1739 3474 1773 3500 70
1808 3465 1889 3490 Pisces
1906 3464 2013 3499 quidem
2027 3464 2132 3493 auditus
2144 3474 2194 3495 nec

1151 3504 1270 3531 membra
1285 3504 1390 3534 habent,
1405 3513 1450 3530 nec
1470 3502 1610 3529 foramina.
1697 3502 1775 3527 Auris
1794 3500 1914 3526 foramen
1945 3500 2064 3527 Scribon.
2084 3511 2123 3535 39.
2149 3512 2193 3535 42.

1151 3539 1268 3566 Narium
1282 3540 1401 3566 foramen
1427 3539 1465 3565 Id.
1478 3546 1524 3573 47.
1597 3538 1725 3564 Foramen
1740 3535 1770 3562 ad
1790 3541 1954 3562 excrementa
1974 3538 2094 3571 corporis
2126 3538 2192 3565 Plin.

1336 3574 1485 3600 Inuilibilia
1504 3574 1636 3600 foramina
1670 3571 1736 3599 Cels.
1759 3580 1767 3597 1
1787 3570 1868 3610 praef.
1891 3571 1930 3606 sc.
1950 3575 2062 3606 corporis
2080 3573 2191 3600 humani.

1152 3610 1232 3636 Parua
1258 3610 1360 3636 Lucret.
1375 3622 1397 3643 4,
1412 3616 1466 3642 938.
1538 3609 1670 3635 Praeclusa
1702 3605 1831 3639 Quinem.
1847 3614 1866 3637 1,
1879 3615 1910 3633 11.
1982 3607 2070 3635 Prima
2081 3609 2193 3637 forami-

1151 3653 1184 3670 na
1209 3645 1328 3672 Scribon.
1341 3654 1380 3672 21.
1406 3648 1434 3671 in
1446 3646 1531 3671 oculis.
1602 3645 1735 3669 Summum
1749 3642 1870 3668 foramen
1902 3639 2020 3669 Scribon.
2032 3652 2072 3677 41.
2109 3648 2130 3670 i.
2152 3654 2191 3671 ex-

1149 3686 1267 3711 tremum,
1285 3680 1314 3705 de
1327 3690 1394 3708 aure.
1465 3681 1563 3706 Tenue
1588 3677 1668 3704 Ouid.
1682 3679 1745 3704 Met.
1758 3686 1792 3710 4,
1807 3685 1856 3709 123.

1187 3720 1414 3747 PORAM1N0‚
1434 3720 1486 3742 are.
1538 3714 1605 3740 Vnde

1707 3747 1781 3781 Qod
1794 3747 1929 3782 foramina
1945 3748 2025 3777 habet.
2099 3748 2187 3775 Sidon.

1150 3785 1228 3819 Epist.
1236 3793 1260 3816 2,
1274 3794 1289 3812 2
1316 3785 1499 3813 Foraminatus
1510 3785 1602 3819 paries.
1658 3783 1732 3818 Cous.
1746 3783 1824 3817 Epist.
1838 3794 1863 3816 3,
1876 3792 1897 3817 ς.

1189 3827 1205 3846 F
1217 3827 1235 3846 0
1244 3828 1291 3847 RA
1304 3827 1329 3847 Μ
1341 3829 1349 3846 1
1360 3829 1381 3848 N
1391 3829 1410 3849 o
1420 3830 1432 3848 s
1443 3828 1483 3847 vs
1492 3841 1499 3851 ,
1521 3829 1532 3844 a
1545 3838 1551 3849 ,
1573 3827 1626 3845 um.
1664 3818 1724 3845 Adi.
1759 3817 1958 3854 [τρηματώδης]
2000 3816 2188 3852 desorami-

1148 3856 1220 3882 nibus
1232 3856 1347 3883 abundat.
1418 3855 1586 3882 Foraminosa
1599 3862 1661 3881 caro
1680 3854 1798 3881 Temni.
1812 3855 1844 3881 de
1858 3856 1966 3883 Patient.
1982 3861 2051 3884 c.'14.

1185 3896 1200 3917 F
1211 3897 1230 3917 o
1240 3898 1259 3917 R
1269 3898 1290 3917 A
1299 3898 1317 3917 R
1326 3899 1335 3917 1
1345 3899 1364 3919 A
1374 3910 1382 3925 ,
1403 3900 1441 3919 ae.
1462 3892 1481 3916 f.
1518 3891 1666 3925 Appellatur
1680 3891 1792 3922 Mulier,
1825 3900 1868 3917 uae
1875 3889 1984 3926 fruHus
1993 3888 2068 3913 villae
2081 3888 2188 3918 venales,

1700 3925 1789 3953 Bland.
1845 3925 1936 3959 iumpb.
1950 3923 2019 3952 Rom.
2027 3927 2078 3956 91).
2092 3929 2134 3950 182
2154 3922 2186 3947 A.

1301 3961 1423 3989 Vvvv
1459 3969 1476 3987 a·
2051 3962 2186 3983 FORAS.
