2479 4225
45 187 114 225 205
157 175 166 185 “
431 168 482 209 ’Β
570 166 587 206 I
667 165 694 206 S

45 274 66 290 c.
79 265 103 290 6.
208 260 247 288 Id.
260 258 292 286 de
306 257 427 291 Prouinc.
439 257 517 284 Cons.
529 265 550 282 c.
563 264 600 289 40
633 256 672 282 Ita
691 251 789 280 diffenfi
808 250 841 278 ab
856 248 905 276 illo
914 268 922 282 ‚
942 253 971 275 vt
983 247 1011 275 in
1024 247 1076 288 dis-

45 297 181 326 iunffione
193 295 356 326 Sententiae,
377 292 512 320 coniunfti
526 298 612 319 tamen
625 289 742 317 amicitia
761 294 932 326 manerem-us..
968 319 973 324 .
1017 285 1075 310 Cic.

17 358 20 363 ,
45 332 77 360 de
89 332 194 359 Amicit.
209 336 241 366 78
253 340 274 357 c.
288 338 313 356 21
334 329 391 356 Nili
406 328 532 363 quaedam
546 326 688 353 admodum
700 321 877 361 intolerabili-s
892 328 990 346 iniuria
1004 328 1075 345 exar-

11 395 14 400 ,
45 368 122 400 serit,
141 371 170 394 vt
182 374 268 401 neque
282 365 382 393 redium
392 384 399 396 ,
418 372 503 399 neque
520 362 654 390 honestum
667 359 801 393 firmeque
813 356 872 382 ficri
886 354 966 395 possit,
979 361 1006 381 vt
1016 364 1074 395 ⁴non

8 399 12 404 ⁵
46 403 131 430 statim
160 402 300 433 alienatio,
321 399 516 433 disiunctioque
548 395 665 425 facienda
694 394 733 420 lit.
805 428 810 432 ι
839 393 877 431 Dc
892 390 1074 431 Disumftione
1086 423 1088 425 ι
1099 398 1113 425 ς

28 440 35 445 ‘
46 436 188 466 Dialectica
202 437 258 464 vide
271 436 339 472 apud
350 436 404 462 Cic.
419 436 446 461 in
458 434 557 469 Topic.
570 434 602 465 56
607 430 647 466 sq.
660 438 682 455 c.
697 437 727 462 14
753 427 862 462 Reliqui
875 425 1075 466 dialecticon-uin

46 473 119 500 modi
133 472 220 507 plures
234 472 305 505 sunt,
325 471 372 507 qui
385 479 416 496 ex
429 466 649 497 disiunffionibus
663 463 779 503 constant
792 474 798 503 ζ.
831 463 884 502 Aut
899 462 964 494 hoc,
985 467 1030 487 aut
1044 461 1076 487 il-

16 515 17 518 ’
44 508 109 535 lud:
144 507 194 535 hoc
213 514 318 534 autem:
353 515 407 532 non
426 507 508 540 igitur
526 501 591 530 illud
625 514 669 520 -—-
704 500 736 525 In
748 498 927 524 disum6hone
947 497 1004 531 plus
1023 505 1076 522 vno

45 552 139 570 verum
154 544 201 570 else
214 552 268 569 non
281 542 371 578 potest.
439 540 506 569 Add.
518 538 550 565 de
561 537 625 563 Fato
638 544 659 561 c.
675 543 712 568 14.
749 540 773 560 et
784 533 817 560 de
830 533 892 560 Nat.
906 534 985 559 Deor.
994 541 1033 558 tc.
1042 539 1077 564 25-

44 579 83 606 De
95 578 239 605 Rhetorica
249 578 423 605 exornatione
434 587 464 604 ex
480 576 511 603 A.
522 571 554 600 ad
566 572 630 599 Her.
646 579 673 603 42
691 577 723 605 37
740 578 761 596 c·
781 576 815 604 27
826 569 906 604 fi‘Pffl
930 568 959 595 5¹²
978 567 1076 594 Adiun-

43 614 100 641 &io
111 613 229 641 diximus.

82 656 163 676 nist
174 655 249 675 vnc
260 648 347 675 rint.
367 647 433 675 Adu.
466 640 568 672 Paullus
582 642 598 673 Ι,
612 649 626 674 ς
641 641 672 667 D.
687 639 719 666 de
739 639 837 666 condit.
855 639 966 665 institut.
992 638 1017 664 Si
1033 637 1075 663 hc-

45 684 104 711 redi
116 685 202 719 plures
216 684 379 711 conditiones
392 678 553 709 coniunctim
568 676 641 703 datae
655 675 719 707 lint,
738 675 862 714 omnibus
874 673 1020 714 parendum
1029 673 1075 705 cst,

45 720 110 755 quia
123 720 200 747 vnius
213 719 273 746 loco
285 719 411 746 habentur
424 727 429 743 ι
465 714 509 742 sed
522 714 540 741 li
557 710 712 743 disiunCIim
727 710 783 741 sint,
802 718 846 736 cui
861 709 935 736 libet.
1024 710 1074 735 lm-

45 764 100 790 per.
113 755 131 782 l.
144 760 157 785 8
172 755 230 782 Inst.
245 755 276 781 de
291 753 405 789 Legatis,
423 751 450 777 Si
462 750 551 778 eadem
565 757 604 777 res
618 746 721 774 duobus
735 746 818 780 legata
831 745 874 778 sit,
896 744 948 770 litae
969 744 1076 770 coniun-
1097 757 1121 783 13

46 790 96 817 &is
116 790 169 817 siue
187 790 338 817 disiune'tim
373 801 418 808 —
452 785 626 812 Coniune'tim
637 788 726 811 autem
737 781 852 815 legatur,
879 779 963 820 yeluti
981 779 998 805 li
1017 780 1075 813 quis

43 825 129 858 dicat,
151 827 221 853 Titio
232 833 256 852 et
270 827 322 853 Seio
333 823 446 850 bominem
459 822 567 848 Stichum
580 820 624 852 do,
647 821 699 857 lego
715 828 722 844 .·
760 815 920 843 Βίςίιιιιὲὶιιῐι
937 816 987 847 ita,
1005 816 1076 841 'I'itio

41 861 161 889 hominem
168 862 276 889 Stichum
283 860 320 890 do,
326 860 376 894 lego
382 866 390 882 .·
405 857 458 884 Seio
465 857 583 883 homiuem
590 856 699 883 Stichum
706 854 745 886 do,
751 856 813 891 lego.
834 850 882 891 Sed
891 856 917 876 et
928 850 946 890 si
954 850 1077 884 expresse-

42 897 88 928 rit,
97 897 200 924 Eundem
214 897 327 924 hominem
333 891 451 924 stichum,
459 900 541 927 aeque
549 891 710 918 disiunctum
723 890 841 925 legatum
854 886 1020 921 intelligitur.
1035 886 1076 914 Sic

42 932 216 959 Coniunfflm
228 939 252 959 ee
264 927 403 964 Separatim
417 934 571 989 ffponuntur
585 927 602 954 1.
620 936 647 960 33
661 927 688 954 ff.
702 927 733 954 de
746 927 809 960 Leg.
826 933 846 952 ι.

81 972 265 1000 υιειοεο,
283 968 334 991 are.
376 963 415 989 Vn
434 972 444 989 e

80 1009 99 1028 D
112 1009 121 1029 ι
132 1011 144 1030 s
153 1006 276 1030 LOCBN
285 1005 299 1026 s
309 1006 318 1025 ι
327 1005 341 1025 s
350 1018 359 1032 ,
377 1007 400 1024 e.
419 997 479 1025 Adi.
517 996 605 1025 Genus
617 1005 746 1033 purpurae
760 994 914 1026 dislocense,
934 993 962 1020 id
974 992 1019 1027 est,
1033 1001 1077 1021 vas

42 1038 86 1099 {jo
118 1038 166 1065 soli
194 1044 286 1072 genere
314 1034 415 1070 pastum
443 1032 511 1061 Plin.
530 1041 564 1066 9,
582 1041 623 1068 37.
650 1035 684 1060 ai.
698 1032 850 1059 dialutense.
888 1029 961 1066 Cons.
976 1029 1076 1066 Salmas.

63 1082 128 1100 xerc.
139 1080 164 1109 p.
177 1082 234 1108 797.

79 1116 98 1136 D
108 1116 116 1135 1
125 1114 193 1136 som
204 1113 274 1140 VM,
294 1105 314 1132 i.
338 1115 365 1132 n.
407 1105 458 1131 Vas
470 1102 504 1138 est
517 1103 619 1131 duorum
632 1109 760 1139 corporum
772 1110 851 1140 capax
860 1122 869 1136 ,
889 1100 954 1138 quod
963 1105 1076 1139 pertinet
1085 1113 1116 1141 25

43 1143 78 1171 ad
86 1147 125 1171 ius
136 1143 308 1180 Sepulcrorum.
343 1140 463 1175 Inscript.

196 1189 202 1191 ·
292 1177 318 1203 P.
354 1175 519 1203 AELIVS.
553 1174 836 1201 VENERIANVS

211 1213 305 1241 HOC.
341 1211 429 1238 VAS.
472 1210 680 1238 DISOMVM.
716 1210 810 1236 SIBI.
847 1208 903 1236 ET

249 1246 520 1275 FELICITATI.
550 1245 663 1271 SVAE.
699 1245 871 1272 POSVIT.

43 1282 142 1311 Gutber.
158 1282 186 1311 de
198 1283 251 1310 lur.
269 1285 324 1310 Vet.
337 1284 410 1309 Pont.
428 1292 450 1315 1,
465 1291 507 1316 24.

77 1320 281 1351 DierLOR‚
300 1318 347 1344 firi.
367 1318 432 1352 Dep.
468 1317 535 1344 Idem
548 1315 612 1351 quod
625 1316 728 1348 palari,
751 1317 852 1351 vagari.
888 1315 993 1342 Sisenna
1009 1315 1076 1351 apud

42 1354 162 1381 Nonium
184 1362 211 1387 2,
222 1361 272 1387 250
300 1354 393 1380 Tanto
413 1352 499 1388 plures
518 1351 603 1385 paffim
617 1350 787 1385 dispalantur.
858 1351 988 1377 Ammian.
1003 1359 1038 1384 31,
1058 1360 1076 1377 2

40 1389 145 1424 Absque
157 1389 211 1417 lare
224 1389 267 1416 vel
281 1390 346 1423 lege,
360 1394 404 1415 aut
417 1389 472 1416 ritu
486 1387 574 1414 stabili
587 1386 754 1420 dispalantur.
809 1386 884 1413 Idem
897 1394 958 1421 15,4
975 1388 1077 1413 Incom-

38 1424 124 1458 posito
135 1425 240 1460 agmine
252 1425 349 1451 milites
362 1424 413 1451 huc
426 1429 452 1450 et
465 1423 529 1450 illuc
542 1422 705 1456 dispalantes.

73 1465 92 1485 D
105 1467 242 1487 ISPALA
254 1467 345 1493 Tvs,
364 1469 395 1493 a,
413 1468 467 1486 um.
488 1459 554 1485 Part.
591 1457 660 1483 Geli.
689 1466 708 1488 1,
735 1465 758 1483 11
779 1456 862 1492 Sparsi
893 1457 1112 1496 dispalatique.3a

36 1493 136 1522 Sallust.
150 1495 182 1523 de
194 1496 258 1531 Rep.
271 1495 336 1523 Ord.
351 1504 373 1528 2,
388 1504 413 1528 13
433 1493 578 1521 Multitudo
592 1493 620 1519 in
632 1498 699 1519 artes
711 1492 832 1527 vitasque
844 1493 929 1519 varias
943 1493 1074 1527 dispalata.
1099 1482 1110 1497 ³

37 1528 127 1566 Nepos
142 1533 167 1563 6,
181 1540 201 1564 1,
214 1540 229 1558 2
245 1532 374 1566 Dispalati
385 1531 414 1557 in
427 1530 505 1565 agris.
593 1528 671 1563 Apud
682 1528 780 1553 eundem
792 1536 832 1560 23,
847 1535 871 1560 ς,
885 1537 901 1554 2
923 1528 1077 1556 Multitudi-

37 1573 98 1592 nem
113 1566 294 1593 iumentorum
318 1566 471 1600 dispalatam
495 1563 626 1592 immisisse
648 1563 781 1590 Hannibal
806 1563 912 1590 dicitur.
983 1563 1077 1599 Paffiue

37 1600 192 1628 Ammianus
206 1604 291 1634 16222.
311 1602 445 1636 Dispalato
457 1607 567 1627 terrore.

1082 1291 1114 1317 30

74 1642 92 1662 D
103 1644 132 1664 IS
141 1644 156 1664 P
163 1645 186 1664 A
193 1644 210 1663 L
219 1644 236 1665 E
246 1645 258 1665 S
269 1643 286 1665 C
298 1644 316 1664 ο
325 1656 332 1669 ,
352 1640 404 1664 ere.
442 1634 642 1670 [δὶοισπείρᾳμαι]
660 1632 822 1666 Diffeminari
828 1651 836 1664 ,
854 1632 989 1674 diuulgari,
1000 1635 1077 1659 omni·
1085 1647 1122 1672 40

36 1670 82 1698 bus
94 1679 176 1699 notum
181 1672 253 1707 fieri.
289 1672 369 1699 Plaut.
383 1672 474 1699 Bacch.
489 1680 516 1703 4,
529 1678 556 1703 9,
570 1678 611 1701 123
630 1669 657 1695 Si
670 1669 727 1703 plus
740 1667 904 1703 perdundum
918 1670 958 1700 nt,
974 1668 1076 1702 periisse

37 1707 143 1733 suauius
156 1708 206 1739 est,
242 1709 329 1741 Quam
341 1708 409 1734 illud
423 1706 552 1741 flagitium
569 1705 651 1738 vulgo
664 1704 840 1738 dispalescere.
875 1704 941 1730 Anti
959 1713 1022 1728 uum.

75 1747 95 1768 D
106 1748 137 1768 is
146 1748 163 1768 ι’
172 1749 194 1769 Α
203 1748 225 1767 N
234 1749 253 1768 D
263 1749 297 1774 o,
317 1742 394 1775 andi,
412 1743 500 1774 assum,
520 1743 572 1767 ere.
609 1739 621 1772 [
629 1737 817 1772 διοιπετοέννυμι]
853 1739 929 1763 Exten
949 1745 987 1762 ere
1000 1739 1027 1761 in
1040 1738 1076 1762 Ia-

38 1781 99 1804 tum.
135 1778 254 1811 Supinum
266 1784 289 1804 et
301 1779 466 1812 Participium
478 1775 598 1808 Paffiuum
612 1777 724 1799 variant.
757 1772 839 1798 Plaut.
852 1771 941 1796 Milite
954 1778 980 1802 2,
988 1778 1016 1802 4,
1025 1777 1043 1804 7

141 1812 228 1837 Credo
241 1812 367 1844 ego-istuc
380 1810 512 1843 extemplo
524 1807 576 1833 tibi
596 1807 644 1832 esse
737 1825 741 1827 -

142 1845 261 1905 Ειιηιίεηέ
275 1844 394 1905 abellinum
406 1849 479 1870 extra
491 1847 595 1877 portam
607 1838 718 1874 dispeffis
737 1837 874 1871 manibus,
893 1837 1042 1872 patibulum

170 1888 232 1905 uum
265 1887 278 1904 a
299 1887 312 1905 e
334 1887 364 1905 is.
597 1890 598 1893 ¹

35 1913 104 1941 Plin.
119 1880 181 1948 9,Q4
197 1915 227 1941 In
239 1913 369 1945 Gaditano
382 1921 482 1940 oceano
495 1911 592 1943 arbor,
613 1909 642 1936 in
655 1914 757 1937 tantum
768 1908 846 1936 vastis
863 1908 980 1942 dispansa
987 1909 1076 1941 ramis,

35 1954 66 1976 vt
78 1959 110 1976 ex
123 1959 168 1981 ea,
186 1956 231 1976 etc.
303 1951 398 1976 Manus
410 1948 526 1984 dispansa
544 1947 614 1973 Suet.
628 1945 729 1972 Domit.
753 1954 776 1971 c.
788 1953 824 1977 19.
896 1945 1006 1970 Taurus
1024 1945 1076 1971 late

39 1985 171 2020 dispensus
189 1985 245 2012 Cic.
258 1986 330 2011 Arat.
343 1994 371 2011 v.
385 1992 436 2017 ¹05-
453 1983 481 2009 de
487 1982 576 2017 fidere.

32 2027 82 2057 pro
95 2020 231 2055 dispersus.
319 2021 423 2047 Lucret.
437 2028 457 2051 ι,
470 2020 519 2051 306
544 2016 666 2051 Denique
680 2015 845 2050 fluetifragro
859 2015 990 2049 suspensae
1002 2015 1030 2041 in
1043 2015 1076 2040 li-

38 2062 98 2083 tore
111 2056 192 2083 vestes
228 2056 376 2088 Vuescunt‚
396 2054 501 2082 eaedem
514 2052 646 2087 dispansae
658 2052 686 2077 in
700 2050 753 2078 sole
774 2051 911 2077 serescunt.
982 2049 1077 2086 Defen-

38 2091 78 2118 dit
92 2091 155 2119 hanc
165 2090 292 2119 lestionem
302 2094 376 2119 etiam
393 2089 457 2124 isoſj:
470 2089 499 2116 de
512 2089 589 2116 Anal.
602 2096 625 2121 3,
638 2089 672 2114 26
687 2095 712 2121 p.
727 2094 782 2120 109.

76 2133 95 2154 D
106 2134 135 2155 1¹8
143 2135 158 2155 P
166 2135 217 2155 AR
225 2148 233 2161 ‚
254 2128 313 2154 aris.
334 2126 394 2154 Adi.
431 2126 444 2160 [
451 2123 525 2152 ἄνισος
534 2144 542 2157 ‚
561 2123 686 2157 οἶνόμσιος]
722 2119 853 2157 Dffml'le·
877 2120 932 2148 Cic.
941 2129 990 2156 pro
997 2120 1077 2148 Font.

30 2171 83 2196 39,
118 2182 125 2189 .
161 2183 168 2191 .
204 2164 229 2190 O
242 2163 376 2190 fortunam
386 2162 463 2196 longe
474 2161 603 2195 disparem
618 2159 656 2186 M.
670 2159 781 2189 Fontei,
801 2156 836 2189 fi,
857 2162 902 2182 etc.
958 2156 1015 2182 Cic.
1023 2164 1072 2189 pro
1084 2164 1112 2191 55

39 2199 159 2225 Muraen.
172 2207 204 2233 43
221 2199 253 2225 Et
266 2199 392 2234 quoniam
405 2196 507 2224 ostendi
519 2195 636 2228 Iudices,
651 2203 741 2229 parem
754 2193 909 2227 dignitatem
922 2190 953 2218 ad
976 2192 1075 2218 Consu-

38 2233 106 2260 latus
119 2233 291 2267 petitionem,
308 2233 435 2269 disparem
449 2233 583 2259 fortunam
598 2230 804 2265 prouincialium
822 2227 1009 2262 negotiorum,
1029 2233 1075 2253 etc.

40 2268 98 2296 Cic.
110 2269 142 2295 de
157 2269 252 2296 Natur.
266 2270 346 2297 Deor.
361 2278 382 2303 1,
395 2274 424 2299 88
451 2267 578 2302 Qiinque
597 2272 685 2293 autem
697 2265 783 2292 stellae
802 2263 915 2291 eundem
929 2263 1022 2289 orbem
1039 2267 1076 2288 te-

38 2309 145 2337 nentes,
161 2304 229 2331 aliae
247 2305 354 2340 propius
371 2314 386 2331 a
400 2304 493 2336 terris,
512 2303 578 2330 aliae
596 2302 741 2335 remotius,
760 2300 792 2328 ab
811 2298 910 2327 eisdem
929 2297 1075 2333 principiis,

39 2338 186 2374 disparibus
203 2340 367 2375 temporibus
382 2340 478 2366 eadem
486 2339 566 2373 spatia
581 2337 731 2364 conficiunt.

41 2382 65 2407 2,
79 2383 113 2408 90
133 2375 236 2402 Etenim
253 2376 420 2410 geminorum
434 2375 533 2402 formas
551 2374 599 2400 eise
615 2373 725 2405 ssmiles,
745 2371 828 2399 vitam
842 2377 923 2405 atque
939 2370 1075 2397 fortunam

38 2409 195 2446 plerumque
207 2411 346 2446 disparem.
416 2411 472 2438 Cic.
485 2411 562 2437 Verr.
577 2417 600 2442 ς,
613 2414 646 2442 48
667 2410 708 2435 An
719 2408 769 2435 hoc
783 2406 923 2442 probabis,
943 2405 971 2431 in
990 2414 1074 2440 aequa

39 2446 115 2472 causa
136 2446 296 2481 populorum
319 2447 371 2473 fine
395 2446 482 2480 pretio
505 2445 611 2472 varium
635 2445 677 2470 ius
697 2449 723 2470 et
745 2443 873 2477 disparem
893 2441 1076 2467 conditionem

40 2480 140 2508 fuisse?
245 2480 335 2516 Longe
354 2481 456 2516 dispar,
480 2480 533 2507 vid.
554 2485 695 2506 LONGvs.
766 2477 902 2505 Aetatibus
920 2476 1076 2511 disparibus,

41 2524 97 2542 non
107 2516 199 2542 eadem
210 2515 297 2544 officia
309 2516 464 2544 tribuuntur
479 2516 534 2542 Cic.
548 2514 599 2542 Off.
618 2524 639 2548 1,
658 2523 697 2541 122
724 2523 745 2541 c.
757 2522 799 2548 34.

45 2558 91 2584 192
113 2550 208 2577 Fistula
228 2551 372 2586 disparibus
389 2552 526 2587 paullatim
545 2550 628 2584 surgit
645 2550 752 2576 Auenis.
820 2548 893 2575 Idem
906 2548 970 2574 Met.
989 2556 1014 2579 ι,
1032 2554 1075 2581 711

42 2586 130 2620 Atque
142 2586 179 2613 ita
191 2586 336 2621 disparibus
345 2588 460 2615 Calamis
471 2587 624 2621 compagine
639 2593 712 2612 cerae
747 2586 817 2611 Inter
831 2585 855 2610 se
869 2583 966 2610 iunctis
978 2591 1076 2609 nomen

43 2622 150 2648 tenuilse
161 2622 271 2656 puellae.
341 2624 424 2650 Causa
437 2628 481 2650 tua
494 2622 530 2648 est
543 2621 627 2656 dispar
640 2621 721 2648 Ouid.
734 2620 813 2654 Epist.
829 2628 851 2652 13
860 2639 868 2651 ‚
887 2626 932 2653 77.
1002 2618 1076 2644 Idem

44 2656 134 2682 Amor.
144 2665 170 2689 2,
182 2666 205 2689 2,
217 2660 245 2683 61
271 2659 325 2684 Cur
344 2658 430 2692 dispar
449 2659 590 2684 Certamen
607 2657 681 2682 inis.²
751 2655 846 2689 Virgil.
858 2654 912 2680 Ecl.
931 2662 960 2685 2,
980 2655 1012 2684 36
1035 2652 1076 2678 Est

43 2691 113 2718 mihi
126 2691 271 2726 disparibus
283 2693 378 2726 septem
393 2691 526 2725 compaeta
539 2692 640 2717 Cicutis
676 2689 788 2721 Fistula,
815 2690 840 2715 h.
854 2698 874 2714 e.
894 2686 1078 2721 Inaequalibus
1092 2698 1127 2725 70
1139 2695 1281 2723 temperare.
1317 2685 1385 2714 Add.
1394 2684 1518 2712 Drakenb.
1527 2684 1560 2710 ad
1573 2684 1620 2710 Sil.
1630 2685 1668 2715 16,
1681 2690 1736 2715 342.

43 2727 132 2753 cannis
146 2727 280 2762 compa&a
294 2738 299 2753 :
329 2736 389 2754 nam
405 2732 430 2752 et
446 2724 585 2752 harmonia
596 2724 741 2758 inaequalis
754 2724 798 2750 est.
832 2722 948 2749 Seruius.
995 2721 1079 2748 Color

43 2761 130 2796 dispar
142 2762 197 2789 Cic.
213 2762 246 2789 de
262 2763 318 2789 Fin.
332 2771 358 2794 2,
372 2771 408 2788 10.
481 2762 576 2787 Forma
588 2760 673 2794 dispar
685 2758 821 2786 Claudian.
834 2757 866 2784 de
878 2757 1077 2791 Rapt.Proserp.

41 2804 69 2837 ξι,
77 2804 124 2836 45..
190 2798 293 2824 Fratres
306 2797 420 2838 dispares
434 2796 536 2836 viribus
550 2795 609 2835 Liu.
625 2804 646 2827 ι,
683 2815 697 2834 ·.
726 2814 734 2821 .
775 2793 885 2827 Ingenio
898 2793 984 2832 dispar
997 2792 1078 2832 Ouid.

43 2832 370 2902 ¹7¹}fbm'i31‘331ssn1222‘55
382 2833 493 2902 ἓέῗῗζὲἰῖἓί
506 2828 715 2896 ῗέιξΐῗιῖἒὲἀέῗ
726 2830 870 2890 ΨΜ
887 2828 942 2854 ⁶¹⁰·
957 2827 1078 2853 dmm·

45 2912 69 2935 2,
83 2910 114 2935 29
138 2902 285 2937 Temperat
298 2903 453 2929 Archilochi
464 2902 566 2929 Musam
580 2901 644 2936 pede
656 2894 768 2927 mascula
778 2898 896 2933 Sappho,
931 2898 1079 2932 Temperat

47 2938 169 2970 Alcaeus,
188 2938 230 2964 sed
243 2937 330 2965 Rebus
350 2944 375 2964 et
388 2938 483 2964 ordine
496 2937 590 2971 dispar.
659 2937 707 2962 Par
725 2934 832 2967 studiis,
851 2932 964 2967 aeuique
982 2932 1079 2965 modis,

45 2972 90 3000 sed
102 2973 199 3000 robore
213 2973 299 3008 dispar
311 2974 373 3001 Stat.
381 2973 467 3000 Achil.
482 2982 502 3006 1,
518 2974 573 3007 176.
644 2971 689 2998 Sui
703 2970 789 3005 dispar
800 2977 878 3004 atque
890 2968 1009 2995 diffimile
1022 2968 1078 2995 Cic.

47 3008 79 3036 de
92 3008 190 3035 Sene&
204 3017 246 3044 79.
317 3009 361 3036 Sil.
376 3014 398 3040 8,
413 3016 462 3043 570
488 3017 558 3043 quum
575 3005 720 3040 numer-offic
755 3005 870 3037 uosdam,
888 3007 930 3040 qui
942 3005 1079 3040 Scipionem

46 3043 79 3070 ad
90 3044 172 3071 bellum
179 3044 353 3081 sequebantur,
370 3044 443 3071 addit
454 3047 527 3070 etiam
541 3041 610 3076 istos,
622 3042 727 3069 Brutius
955 3040 960 3045 ”

45 3080 65 3104 i.
77 3082 156 3106 animo
169 3088 217 3106 non
227 3082 308 3106 minus
321 3089 408 3116 magno
420 3086 444 3105 ct
453 3079 588 3114 praesenti,
595 3087 666 3114 quam
696 3086 738 3104 uos
748 3080 798 3103 iam
810 3075 926 3111 recensui.

77 3113 325 3154 'DJSPARYLIQ
348 3124 371 3142 e.
406 3115 466 3142 Adi.
503 3112 614 3149 [ἄνισος]
651 3087 734 3146 quem,
752 3111 816 3148 quod
831 3113 935 3148 Dispar.
972 3110 1026 3138 Cic.
1046 3109 1080 3137 de

28 3166 31 3167 ν
50 3148 140 3189 Dium.
154 3158 174 3182 1,
189 3157 222 3184 79
242 3159 262 3176 c.
276 3153 306 3183 36
333 3152 409 3184 Qiae
421 3150 513 3177 omnia
528 3149 595 3176 fiunt
611 3157 642 3176 ex
657 3148 723 3175 caeli
734 3148 879 3180 varietate,
898 3152 924 3173 et
945 3154 977 3172 ex
996 3146 1079 3180 dispa-

51 3183 96 3223 rili
112 3184 266 3219 aspiratione
296 3191 434 3213 terrarum.
539 3186 625 3212 Varro
643 3184 674 3211 de
687 3185 718 3212 R.
729 3185 761 3210 R.
777 3192 800 3216 2,
813 3192 845 3216 ιι,
863 3192 882 3216 4
905 3183 936 3209 Et
950 3181 1078 3216 pabulum

53 3217 170 3252 disparile
187 3229 242 3247 non
254 3226 440 3257 vsquequaque
452 3220 524 3248 idem
536 3220 574 3248 fit.

54 3251 143 3285 lumel,
152 3263 174 3286 3,
187 3264 213 3287 2,
228 3264 264 3291 ¹7·

88 3290 381 3328 DrsrAmLfTAs,
400 3293 458 3319 atis.
493 3292 513 3318 f.
548 3292 634 3319 Varro
649 3290 681 3317 de
695 3291 725 3317 L.
739 3291 770 3317 L.
784 3298 809 3323 9,
828 3298 843 3316 z
864 3299 888 3324 p.
906 3297 954 3322 133,
968 3296 999 3314 20
1016 3287 1077 3314 Dis-

53 3322 169 3356 parilitas
184 3327 268 3366 vocis,
284 3336 343 3363 quae
356 3328 504 3363 analogiam
517 3327 590 3354 tollit.
662 3326 730 3353 Gell.
745 3325 827 3361 praef.
847 3324 925 3352 Facta
940 3323 975 3350 est
995 3323 1024 3350 in
1035 3323 1077 3350 his

53 3363 244 3398 commentariis
256 3371 342 3389 rerum
355 3363 526 3399 disparilitas,
551 3366 570 3389 i.
590 3363 722 3394 Variatur,
740 3364 859 3388 mixtura.
930 3359 1003 3386 Idem
1020 3367 1046 3394 7,
1065 3367 1077 3391 3

52 3392 216 3427 Disparilitas
227 3396 379 3425 collationis,

49 3428 216 3464 disparilitas.

88 3470 391 3504 umanum-prm..
427 3468 542 3496 Aduerb.
578 3470 664 3495 Varro
678 3468 710 3494 de
730 3468 761 3494 R.
776 3468 807 3494 R.
822 3476 840 3498 1,
859 3469 885 3499 6,
904 3468 921 3493 6
951 3466 1023 3493 Haec
1043 3469 1080 3492 at-

51 3498 285 3562 g-:Lemehugusmodi
308 3503 359 3530 tria
380 3504 482 3540 fastigia
503 3505 561 3540 agri
587 3504 620 3531 ad
640 3503 779 3531 colendum
801 3502 962 3539 dispariliter
981 3501 1081 3529 habent

140 3544 157 3561 n
189 3544 223 3561 m.

87 3576 106 3596 D
114 3577 124 3596 1
133 3577 146 3597 S
155 3578 171 3597 l>
180 3568 202 3597 Ᾱ’
211 3577 229 3597 R
238 3576 257 3596 0
267 3590 276 3603 ‚
308 3573 358 3599 fite.
390 3571 565 3609 [διαζευγνῦω[

51 3605 134 3632 Plaut.
148 3605 216 3632 ΚΜ·
230 3605 297 3639 ΡΓΟῙ·
312 3614 340 3646 ιο
367 3608 391 3647 Is
404 3617 451 3635 nos
462 3619 508 3644 per
518 3615 606 3645 gentes
619 3611 703 3637 alium
715 3610 745 3636 in
756 3619 771 3637 a
783 3610 810 3636 ia
823 3609 943 3644 disparat.
1009 3607 1078 3634 Gell.

51 3649 85 3681 ιι,
100 3650 124 3667 ιι
144 3641 205 3682 Tpt
218 3642 354 3667 sententias
368 3650 396 3668 in
408 3645 512 3672 eandem
523 3655 594 3677 rem,
613 3645 684 3680 quali
695 3646 768 3672 aliud
781 3650 859 3680 atque
872 3644 944 3671 aliud
959 3643 1079 3675 disceret,

51 3676 201 3717 disparatur.
258 3712 263 3716 ῃ
308 3677 406 3711 Perque
417 3678 522 3713 orbem,
539 3682 626 3716 magni
647 3681 694 3716 qui
710 3690 759 3707 nos
771 3680 861 3716 procul
875 3687 990 3714 aequore
1004 3678 1079 3713 ponti

50 3712 171 3746 Disparat
184 3711 292 3739 Paullin.
306 3712 370 3739 Nol.
384 3713 470 3739 Carm-
484 3723 520 3747 ιε,
531 3724 573 3743 20.
609 3716 684 3752 Conf.
700 3716 778 3743 Prud.
794 3717 871 3743 Rom.
885 3719 972 3744 v.888.

86 3753 146 3774 Dis
156 3749 262 3774 PARK
270 3753 291 3772 Τ
302 3753 322 3772 V
332 3755 362 3780 8,
380 3757 410 3779 ἃ,
426 3754 480 3774 “m-
513 3751 604 3778 Partic.
644 3754 693 3784 Vt,
713 3753 738 3779 O
751 3760 814 3786 pura
823 3771 831 3783 ‚
850 3752 875 3777 O
890 3749 986 3781 saneta,
998 3751 1077 3784 atque
1086 3757 1132 3776 100
1141 3759 1184 3776 nec
1196 3750 1395 3785 nonPignorium
1408 3746 1436 3772 de
1450 3746 1540 3773 Seruis.

51 3781 84 3808 ab
98 3782 173 3809 Omni
186 3782 357 3823 ἴῑῑῑΡῑΐΨῙὶΠῐΒ
371 3783 429 3809 labe
443 3781 567 3822 dispffi'3ta
579 3793 655 3821 atque
667 3787 791 3814 abiuneta
802 3786 928 3813 diuinitas
943 3785 1006 3811 Arn.
1016 3793 1029 3816 3
1051 3793 1076 3819 p.

53 3823 104 3849 103·
128 3852 134 3858 ,
145 3819 226 3859 Ηξηῖ,
244 3819 410 3853 Dlsparatum
429 3817 464 3843 est
478 3818 519 3849 ld,
537 3821 606 3853 quod
623 3822 656 3849 ab
673 3822 762 3857 aliqua
777 3831 807 3848 re
826 3831 871 3856 per
884 3820 1076 3856 oppositionem

51 3858 195 3885 negatioms
210 3854 356 3888 separatur,
379 3853 429 3881 hoc
449 3852 535 3879 modo*
545 3854 630 3888 sapere
644 3863 669 3884 et
685 3867 739 3886 non
751 3859 839 3893 sapere
857 3858 912 3884 Cic.
926 3857 958 3883 de
971 3857 1075 3883 Inucnt.

52 3894 74 3928 1,
86 3895 120 3919 42
136 3897 157 3927 c.
171 3893 209 3918 28.
246 3891 329 3922 Hinc,
344 3886 580 3924 Dialcfticispecies
592 3892 656 3919 inter
662 3892 690 3929 se
698 3894 803 3930 prorsus
815 3892 931 3930 aduersos
941 3898 965 3920 et
978 3898 1076 3920 comra-

47 3921 247 3959 mrDisparata
264 3931 354 3955 vocant
364 3936 376 3958 .-
400 3931 430 3954 vt
442 3925 536 3958 Homo,
555 3924 613 3952 ΒΜ·

1103 568 1223 597 ioedixit
1246 568 1330 601 mihi,
1358 573 1387 594 vt
1409 567 1575 601 dispartircm
1600 569 1741 601 opsonium
1767 569 1810 595 hic
1837 569 1969 596 bifariam.

1088 933 1124 952 20

1083 1813 1117 1840 45

632 1981 674 2008 sic
695 1986 760 2006 certe
773 1979 931 2006 emendarunt
944 1982 998 2005 uiri
1009 1979 1078 2005 doaz·
1087 1985 1119 2012 50

835 2334 908 2362 Idem
929 2334 960 2361 de
981 2333 1074 2360 Diuin.
1083 2338 1117 2363 60

853 2864 953 2889 Horat.
969 2861 1047 2896 Epist.
1057 2870 1078 2894 1,
1093 2863 1125 2892 73
1140 2870 1212 2899 atque
1229 2865 1345 2898 pecunias
1363 2867 1436 2887 curat
1454 2867 1478 2887 et
1493 2860 1617 2896 disponit,
1630 2858 1684 2893 fiue
1698 2859 1831 2894 dispensat.

433 3399 546 3426 Saluian.
559 3398 590 3425 de
603 3397 719 3425 Gubern.
731 3397 783 3423 Dei
796 3405 811 3424 2
830 3406 854 3431 p.
868 3403 899 3429 50
918 3395 1080 3422 Meritorum
1095 3403 1131 3428 90
1139 3405 1162 3430 3,
1181 3405 1204 3430 3,
1224 3398 1257 3427 86

1544 159 1805 204 DIS

1153 284 1160 290 ·
1176 254 1437 290 DisrARATio,
1456 250 1522 278 onis.
1559 250 1581 277 f.
1617 249 1753 286 Separatio.
1791 251 1896 280 Vitruu.
1918 263 1944 287 2,
1962 262 1980 288 9
2006 254 2046 282 Ad
2064 255 2176 290 dispara-

1140 289 1241 311 tionem
1261 287 1459 320 procreationis.

1177 328 1194 347 D
1206 328 1236 348 rs
1248 327 1262 347 r
1273 328 1294 348 A
1304 328 1323 347 R
1329 327 1398 361 nso
1408 327 1427 345 o
1438 341 1447 353 ,
1464 322 1517 348 ere.
1554 320 1645 349 Claud.
1660 322 1781 348 Mamert.
1794 330 1817 354 3,
1829 331 1846 354 9
1865 332 1888 356 p.
1904 329 1948 357 ¹84
1966 325 2177 357 Testimonium,

1141 355 1212 390 quod
1238 365 1252 383 a
1270 355 1348 383 nobis
1372 356 1543 390 disparascere
1562 357 1719 390 arbitraris,
1743 357 1932 385 animaduertis
1951 361 2088 388 nobiscum
2109 361 2175 387 bene

1140 391 1212 430 stare.
1268 393 1352 419 Fuerit
1368 401 1426 428 ergo
1444 392 1616 426 disparascere
1634 392 1713 425 idem,
1737 392 1802 429 quod
1819 402 1867 419 non
1886 398 2020 422 conuenire.
2065 396 2113 425 Sed
2128 399 2177 423 alii

1139 426 1226 460 dispar
1244 428 1360 454 aflerere.

1177 468 1196 488 D
1206 470 1215 488 1
1224 469 1237 489 S
1246 470 1260 489 1‘
1268 470 1292 489 A
1300 468 1320 489 R
1329 469 1350 489 T
1360 469 1369 488 1
1379 467 1416 492 Ο,
1435 462 1488 493 Illi,
1508 465 1555 488 ιΤσ,
1592 460 1800 499 [ἂκλαωρέοιααι]

1133 503 1181 532 prr
1195 506 1209 523 e
1218 497 1349 533 secundam
1362 497 1387 523 V
1385 498 1473 523 aculem
1486 496 1588 524 dIcitur.
1627 498 1735 535 Vidfiaeo
1747 500 1806 525 loco.

1140 532 1213 558 ribus
1227 532 1427 567 dispartirentur
1440 532 1529 565 Nepos
1545 537 1580 564 ιε,
1594 541 1620 565 2,
1635 542 1655 559 1.

2102 169 2179 206 206

1836 462 1944 499 Qodet
1961 469 2175 494 DISPERTIO

1864 500 1953 532 Qium
1971 508 2050 533 regna
2064 502 2177 529 familia-

1715 534 1797 560 Plaut.
1811 533 1871 560 Aul.
1887 543 1910 565 2,
1923 543 1952 566 4,
1962 542 1975 566 3
1997 536 2072 568 Apud
2086 537 2175 564 sorum

2067 572 2122 597 Cic.

1140 604 1175 643 N.
1189 604 1223 643 D.
1236 612 1261 635 2,
1274 612 1304 636 93
1322 602 1414 643 'Iidem
1428 602 1509 629 vultis
1523 610 1538 629 a
1551 602 1602 628 diis
1617 604 1814 632 immortalibus
1828 604 1983 631 hominibus
1998 604 2131 638 dispartiri
2144 573 2175 634 {ig

1139 638 1226 665 diuidi
1244 640 1353 666 somnia.

1176 679 1194 699 D
1206 680 1215 699 1
1225 681 1237 700 S
1247 681 1261 700 P
1271 681 1292 713 (ι
1301 679 1349 701 RT
1359 680 1368 699 1
1380 679 1400 699 0
1410 679 1428 699 R
1436 692 1446 705 ‚
1460 673 1508 712 iri.
1543 672 1644 706 Depon.
1679 674 1853 701 iureconsulti
1873 675 1944 709 quod
1957 676 2073 710 politum
2093 676 2129 702 est
2148 677 2177 702 in

1138 717 1190 734 vna
1205 708 1402 743 cognitionc,id
1416 708 1444 733 in
1458 706 1561 734 infinita
1574 708 1617 734 dis
1631 709 1764 735 artiumur
1776 710 1833 737 Cic.
1849 709 1880 736 dc
1891 711 1970 745 Legg.
1984 719 2001 738 2
2019 721 2042 738 c.
2056 719 2082 744 9.

1176 749 1501 775 nrsrmvrunms,
1520 751 1542 768 e.
1579 744 1599 769 A
1622 745 1640 770 i.
1676 744 1793 771 'tertull
1808 745 1867 771 adu.
1879 746 2006 780 Hermog.
2030 756 2051 774 c.
2066 754 2106 779 39.

1153 815 1158 819 ·
1175 785 1194 804 D
1205 785 1288 805 1srA
1298 784 1389 809 TEo,
1411 782 1463 804 ere.
1500 778 1623 806 Latibula
1637 778 1686 805 fibi
1700 786 1792 814 parant
1804 778 1833 807 in
1845 781 1932 816 plures
1947 783 2032 808 exitus
2045 782 2177 816 dispaten-

1139 819 1178 841 tia
1190 814 1307 841 Laelant.
1321 822 1342 846 3,
1364 822 1403 846 10,
1422 822 1444 846 3.

1176 856 1195 876 D
1204 858 1213 876 1
1222 857 1235 876 s
1243 857 1259 876 Ρ
1268 856 1285 876 Ε
1293 856 1309 874 L
1320 855 1335 874 L
1346 856 1365 875 ο
1375 869 1383 881 ,
1412 849 1449 875 nli
1457 869 1466 881 ,
1493 849 1579 875 ulsum
1587 869 1596 882 ,
1626 850 1680 876 ere.
1714 847 1866 886 [διαρίπτω]
1902 852 1934 878 In
1955 851 2064 888 diuersas
2081 858 2178 888 porres,

1139 885 1184 912 huc
1203 892 1274 921 atque
1294 883 1351 910 illuc
1360 883 1468 920 pedere,
1481 885 1510 920 fi*
1544 894 1554 910 ε
1572 894 1628 917 are,
1648 884 1770 910 disiicere.
1824 886 1884 912 Liu.
1905 896 1937 919 4,
1956 895 1984 919 33
2007 889 2039 916 ,Et
2060 889 2178 922 equitem

1140 920 1226 955 paffim
1245 919 1325 946 liberi
1344 919 1426 946 frenis
1443 919 1518 954 dispu
1532 921 1604 954 illent
1631 920 1704 953 equi.
1772 919 1831 946 Cic.
1844 921 1899 947 Att.
1913 929 1938 956 7,
1953 930 1970 956 7
1996 923 2084 956 Idem,
2105 923 2178 958 quod

1141 956 1249 992 pecudes
1258 975 1266 988 ,
1280 963 1346 990 quae
1361 955 1502 989 dispulsae,
1523 955 1564 982 sui
1575 955 1678 989 generis
1691 955 1837 988 sequuntur
1850 965 1947 990 greges.
2019 960 2095 993 Virg.
2111 961 2177 985 Aen.

1143 1000 1164 1025 ι,
1178 993 1221 1025 ςι6
1238 991 1463 1025 Teucrorumque
1474 991 1541 1017 alios
1554 999 1627 1021 acer,
1643 998 1708 1024 quos
1720 997 1836 1023 aequore
1848 991 1927 1017 turbo
1963 992 2121 1026 Dispudet-at,
2134 1004 2178 1029 pe-

1141 1027 1266 1062 nitusque
1280 1026 1343 1052 alias
1355 1025 1496 1053 aduexerat
1509 1034 1584 1058 oras,
1608 1027 1628 1050 i.
1643 1024 1795 1055 Disiecerat,
1815 1024 1867 1050 siue
1882 1026 2075 1060 Segregaucrat.
2116 1031 2178 1056 Con.

1139 1065 1224 1092 traria
1237 1073 1244 1087 ;
1263 1061 1344 1088 Plaut.
1359 1061 1428 1088 Asin.
1442 1070 1462 1093 3,
1475 1070 1497 1094 3,
1513 1065 1558 1094 148
1579 1060 1636 1093 Qu
1649 1059 1726 1086 hosce
1739 1068 1841 1086 amores
1852 1060 1953 1086 nostros
1966 1060 2091 1096 dispulsos
2106 1073 2178 1091 com-

1139 1097 1218 1136 pulit.
1289 1097 1383 1123 Aerata
1402 1097 1538 1131 dispellens
1557 1104 1673 1130 aequora
1692 1103 1771 1129 prora
1787 1095 1872 1121 Pelias
1892 1096 1952 1122 Stat.
1966 1096 2058 1124 Theb.
2080 1107 2106 1131 ς,
2128 1107 2177 1132 333,

1140 1133 1286 1164 Cic.Tusc.
1303 1140 1323 1164 1,
1339 1133 1376 1165 64
1393 1141 1414 1158 c.
1426 1134 1460 1158 26
1479 1130 1626 1165 Eademque
1641 1130 1674 1157 ab
1685 1130 1792 1162 animo,
1809 1136 1935 1165 tanquam
1951 1130 1984 1158 ab
1997 1133 2098 1166 oculis,
2116 1134 2179 1161 cali-

1139 1172 1227 1208 ginem
1239 1167 1356 1204 dispulit.
1425 1167 1538 1194 Vmbras
1551 1165 1690 1200 dispellere
1704 1166 1777 1199 Virg.
1787 1166 1851 1192 Aen.
1865 1174 1888 1199 5,
1903 1171 1957 1199 839.

1173 1214 1194 1237 Β
1202 1214 1213 1237 1
1221 1214 1233 1234 S
1242 1213 1257 1233 P
1266 1212 1283 1233 E
1292 1212 1314 1232 N
1323 1209 1343 1232 D
1354 1208 1373 1231 0
1382 1221 1390 1234 >
1411 1202 1438 1229 dl
1446 1222 1453 1234 ‚
1480 1203 1536 1228 sum
1544 1222 1553 1234 ,
1576 1204 1628 1228 dre.
1663 1200 1823 1236 [oe’raou'onw]
1859 1201 2012 1236 Expendere,
2035 1202 2179 1236 distribuere

1137 1243 1351 1281 interpretantur-,¹
1371 1238 1473 1266 laudato
1485 1236 1616 1264 Columel.
1628 1241 1652 1268 8,
1665 1244 1692 1276 2,
1705 1243 1722 1271 7
1742 1236 1852 1262 Parandi
1867 1243 1953 1263 autem
1965 1238 2059 1265 modus
2071 1239 2117 1272 est,
2133 1239 2180 1266 du-

1138 1287 1276 1308 centorum
1289 1277 1405 1315 capitum
1414 1295 1422 1308 ,
1440 1282 1507 1310 quae
1521 1272 1631 1307 pastoris
1643 1280 1722 1298 vnius
1735 1271 1888 1306 dispendant
1902 1281 2001 1300 curam.
2054 1275 2102 1302 Sed
2113 1273 2180 1301 rcHr

1144 1316 1246 1351 Vrfimss·
1258 1321 1282 1342 et
1293 1324 1338 1342 nos
1351 1322 1382 1342 gx>
1394 1311 1470 1342 MSS.
1483 1307 1638 1337 distendant.
1654 1342 1659 1347 Ι
1686 1308 1714 1334 Si
1718 1306 1756 1340 fit
1770 1307 1876 1340 uerbum,
1888 1307 2015 1345 significet
2028 1312 2055 1336 in
2068 1310 2180 1346 diuersas

1138 1363 1178 1380 res
1196 1351 1342 1388 expendere,
1362 1352 1401 1377 vel
1413 1347 1564 1386 impendere,
1583 1350 1615 1373 Ψ
1627 1343 1762 1378 D¹sPe¹¹sQ

1174 1395 1193 1415 D
1201 1395 1211 1414 1
1221 1395 1233 1414 S
1242 1394 1257 1414 P
1265 1394 1282 1414 Ε
1290 1394 1312 1414 N
1322 1394 1341 1414 D
1350 1394 1359 1414 1
1368 1393 1389 1412 v
1398 1393 1424 1412 M
1431 1405 1440 1418 ,
1459 1385 1490 1412 ii.
1525 1391 1552 1411 n.
1587 1378 1748 1417 [dvalamma]
1783 1378 1857 1413 Qtod
1870 1381 1969 1406 incuria
1976 1399 1983 1411 ,
2004 1380 2045 1407 vel
2055 1381 2179 1417 negligen-

1138 1426 1190 1455 tia,
1216 1429 1258 1449 aut
1270 1422 1425 1449 immoderate
1437 1427 1460 1448 et
1473 1419 1607 1456 incmzsulte
1620 1413 1778 1455 expendimus
1790 1421 1814 1440 et
1826 1414 1976 1450 itficmimus.
2026 1417 2085 1442 Non
2098 1424 2148 1442 tam
2163 1425 2179 1441 a

1137 1458 1210 1485 verbo
1219 1457 1364 1492 Dispendo,
1384 1456 1450 1493 quod
1463 1466 1510 1483 non
1517 1463 1579 1491 puto
1593 1453 1636 1488 effe
1648 1454 1758 1490 usquam,
1779 1458 1922 1488 quamquam
1942 1449 2071 1485 oppositum
2084 1453 2180 1477 nomini

1139 1494 1332 1528 Compendium
1345 1504 1350 1519 :
1378 1499 1408 1519 vt
1419 1492 1511 1518 indicet
1518 1492 1615 1528 ficmtus
1627 1491 1688 1516 male
1707 1488 1851 1519 collocatos,
1867 1492 1932 1514 certe
1944 1489 2040 1513 nimios.
2096 1487 2178 1513 Plaut-

1139 1530 1210 1557 Men.
1225 1538 1246 1561 3,
1260 1538 1283 1561 2,
1299 1538 1329 1554 20
1358 1528 1466 1554 Minore
1483 1534 1611 1560 nusquam
1629 1525 1696 1553 bene
1716 1523 1759 1550 fui
1774 1521 1920 1558 dispendio.
1992 1521 2060 1549 Ter.
2074 1523 2140 1549 Hec.
2156 1530 2180 1555 ς,

1139 1573 1165 1597 2,
1179 1573 1210 1598 29
1237 1564 1355 1590 Gratiam
1375 1563 1445 1588 ineat
1464 1561 1516 1588 sine
1537 1562 1582 1587 suo
1601 1559 1747 1594 dispendio.
1818 1558 1892 1585 Idem
1905 1559 1970 1584 Eun.
1983 1564 2005 1589 ς,
2019 1564 2071 1592 4‚7
2089 1559 2179 1591 Quam

1139 1599 1258 1631 amabat,
1276 1607 1334 1625 eam
1347 1597 1450 1624 confeci
1464 1596 1516 1623 fine
1528 1595 1662 1627 molestia,
1679 1594 1732 1620 siue
1744 1594 1847 1625 sumtu,
1867 1593 1919 1619 fine
1935 1592 2083 1626 dispendio.
2126 1593 2179 1618 Co-

1140 1634 1229 1661 lumel.
1254 1642 1272 1667 4
1283 1653 1291 1666 ,
1314 1642 1350 1666 24
1379 1630 1520 1666 Quidquid
1537 1639 1569 1657 ex
1587 1630 1628 1656 his
1651 1629 1802 1659 omittitur,
1824 1635 1948 1661 magnum
1968 1626 2043 1653 affert
2068 1626 2180 1653 domino

1140 1669 1313 1704 dispendium.
1357 1668 1500 1697 Lucretffiz,
1514 1668 1569 1692 1126
1589 1666 1620 1690 Et
1632 1664 1689 1698 plus
1701 1661 1823 1697 dispendi
1837 1662 1948 1693 faciant,
1969 1670 2049 1696 quam
2064 1662 2181 1689 vescitur

1140 1710 1215 1731 aetas.
1286 1704 1380 1730 Famae
1394 1700 1526 1736 dispendia
1540 1699 1633 1726 Claud.
1648 1699 1715 1725 Sext.
1731 1698 1808 1724 Cons.
1824 1698 1895 1723 Hon.
1910 1704 1969 1729 452.
2030 1696 2179 1730 Virg.Acn.

1139 1746 1215 1770 3‚453
1235 1738 1288 1764 Hic
1299 1737 1351 1764 tibi
1363 1746 1396 1763 ne
1410 1745 1461 1772 qna
1474 1743 1564 1762 morae
1580 1733 1682 1760 fuerint
1700 1732 1835 1767 dispendia
1848 1732 1923 1758 tanti.
1994 1732 2062 1758 Cum
2076 1730 2179 1766 dispen-

1139 1773 1187 1798 dio
1205 1772 1290 1798 bonae
1308 1772 1468 1799 valetudinis
1486 1770 1564 1805 Apul.
1579 1769 1656 1804 Apol.
1679 1778 1704 1802 p.
1722 1770 1783 1803 276.
1890 1768 2022 1802 Reparare
2042 1767 2179 1801 dispendia

1141 1806 1234 1832 Claud.
1250 1807 1329 1832 Cons.
1341 1807 1414 1833 Mall.
1427 1805 1536 1834 Theod.
1552 1813 1603 1831 120.
1675 1802 1865 1837 Dispendium,
1885 1810 1935 1838 pro
1955 1803 2002 1829 Via
2022 1803 2134 1837 obliqua,
2155 1808 2182 1829 et

1140 1850 1200 1877 quae
1209 1848 1257 1876 per
1272 1841 1384 1877 ambages
1403 1851 1428 1868 eo
1441 1842 1526 1873 ducit,
1544 1849 1590 1876 quo
1602 1843 1639 1866 ire
1654 1839 1776 1865 tendimus
1788 1849 1796 1864 :
1824 1846 1853 1865 vt
1867 1844 1985 1873 appareat
1997 1839 2037 1863 vel
2047 1838 2120 1870 hinc,
2137 1847 2181 1864 no-

1139 1886 1192 1903 men
1208 1878 1253 1903 hoc
1269 1879 1421 1903 contrarium
1435 1875 1616 1910 Compendio,
1635 1875 1699 1910 quod
1711 1877 1778 1900 viam
1792 1874 1925 1900 breuiorem
1933 1871 2072 1908 fignificat.
2127 1873 2180 1899 Lu-

1140 1921 1216 1938 canus
1234 1915 1261 1937 in
1273 1914 1347 1938 initio
1361 1912 1420 1939 libri
1433 1911 1530 1944 ofiani,
1548 1912 1602 1937 Iam
1616 1909 1692 1944 super
1708 1908 1850 1935 Herculeas
1865 1908 1969 1940 fauces,
1987 1908 2181 1943 nemorosaque

1139 1948 1259 1981 Tempe,
1283 1947 1427 1973 Aemoniae
1445 1946 1545 1973 deserta
1558 1951 1646 1979 petens
1660 1943 1795 1978 dispendia
1807 1943 1901 1975 siluae,
1918 1949 1964 1968 etc.

1176 1990 1194 2009 D
1206 1988 1216 2008 1
1226 1988 1261 2008 sp
1270 1989 1287 2008 E
1296 1989 1317 2008 N
1328 1989 1347 2009 ι)
1357 1989 1367 2007 1
1377 1983 1396 2008 6
1405 1989 1417 2008 s
1426 1988 1446 2007 v
1456 1987 1468 2007 s
1477 2000 1485 2013 ‚
1505 1990 1530 2013 a,
1548 1989 1602 2006 um.
1639 1978 1700 2005 Adi.
1737 1976 1903 2013 [ἔλαςώὸης]
1937 1977 2096 2013 Dumnofiw,
2115 1977 2181 2014 quod

1139 2017 1217 2051 affert
1230 2016 1352 2044 damnum.
1396 2016 1527 2044 Columel.
1541 2024 1567 2048 2,
1581 2024 1607 2041 21
1628 2013 1883 2047 Nam‘dispendiosa
1900 2011 1938 2038 est
1949 2012 2090 2040 cimelatio.
2125 2014 2181 2048 pri·

1140 2062 1213 2079 mum
1226 2051 1313 2086 quod,
1332 2059 1378 2078 etc.
1449 2053 1499 2078 Pax
1518 2052 1586 2077 Sext.
1601 2049 1664 2075 Ruf.
1682 2058 1707 2081 Yc.
1723 2057 1762 2081 29.

1175 2094 1234 2113 DIS
1244 2094 1259 2113 P
1268 2094 1285 2113 E
1296 2095 1318 2114 N
1327 2094 1340 2114 s
1348 2094 1384 2119 o,
1409 2091 1462 2113 are.
1499 2086 1512 2118 [
1523 2083 1636 2119 diarium,
1657 2081 1725 2109 διὲπω
1737 2084 1750 2117 ]
1799 2079 1967 2115 Distribuere,
1985 2082 2057 2109 babet
2070 2086 2137 2115 vim,
2156 2089 2182 2110 et

1138 2132 1272 2153 monetam,
1289 2121 1356 2157 quast
1370 2123 1556 2156 Freque'ztatiui
1569 2129 1596 2146 ex
1603 2118 1753 2153 DispendO,
1771 2127 1796 2144 v.
1810 2127 1835 2144 υ.
1883 2118 2015 2145 Colmnel.
2028 2127 2051 2151 3,
2064 2127 2087 2151 13
2116 2120 2181 2146 Cae.

1138 2157 1212 2184 lestes
1231 2157 1351 2184 admittat
1370 2156 1484 2187 imbres,
1511 2164 1609 2189 eosque
1627 2153 1889 2181 alendisseminibus
1908 2153 2052 2187 dispenset,
2079 2163 2107 2181 ac
2126 2155 2181 2181 suis

1138 2192 1263 2219 omnibus
1275 2192 1393 2227 partibus
1406 2192 1437 2218 ad
1452 2190 1612 2218 educandam
1626 2198 1724 2217 nouam
1735 2189 1838 2224 prolem
1849 2189 1988 2223 conspiret.
2025 2190 2067 2216 Sic
2079 2189 2182 2225 dispen-

1139 2229 1194 2255 sare
1214 2229 1318 2255 succum
1337 2236 1420 2261 aequa
1435 2227 1558 2261 portione
1570 2225 1645 2252 Idem
1657 2234 1684 2258 4,
1696 2233 1740 2259 24.
1813 2224 1870 2250 Cic.
1881 2223 1913 2250 dc
1926 2225 2001 2251 Orat.
2016 2233 2039 2255 1,
2060 2233 2107 2258 142
2129 2227 2182 2252 De.

1139 2264 1201 2290 inde
1220 2264 1329 2290 inuenta
1352 2271 1407 2288 non
1424 2262 1509 2289 solum
1523 2261 1633 2292 ordine,
1652 2260 1697 2287 sed
1712 2260 1792 2287 etiam
1809 2266 1946 2286 momento
1966 2260 2081 2294 quodam
2100 2266 2182 2296 atque

1138 2299 1239 2326 iudicio
1254 2298 1402 2334 dispensare
1418 2305 1495 2332 atque
1509 2296 1662 2331 disponere.
1719 2295 1928 2322 >Sen.Consolat.
1942 2295 1974 2322 ad
1983 2296 2107 2322 Martiam
2132 2315 2139 2322 .
2171 2316 2180 2323 .

1140 2336 1171 2362 Et
1183 2335 1212 2361 in
1224 2340 1322 2366 metus,
1342 2340 1367 2360 et
1381 2334 1411 2360 in
1424 2333 1530 2360 dolores
1550 2332 1696 2358 humanum
1708 2331 1798 2366 peetus
1817 2330 2025 2365 dispensandum.
2097 2331 2181 2358 Ouid.

1138 2371 1216 2406 Epist.
1237 2379 1279 2403 12,
1297 2379 1309 2402 3
1353 2369 1450 2400 Tunc,
1476 2376 1543 2403 quae
1562 2366 1708 2401 dispensant
1726 2366 1850 2393 mortalia
1868 2366 1920 2392 fata
1937 2367 2056 2399 sorores,
2079 2368 2180 2393 Parcae.

1137 2407 1211 2434 Idem
1225 2407 1290 2433 Met.
1303 2407 1331 2438 6,
1349 2409 1398 2439 278
1434 2418 1480 2424 —-
1514 2409 1541 2430 et
1561 2403 1655 2431 ordine
1678 2402 1752 2429 nullo
1787 2402 1883 2429 Oscula
1901 2401 2029 2435 dispensat
2047 2408 2120 2428 natos
2139 2403 2181 2427 su-

1136 2448 1226 2477 prema
1245 2450 1293 2476 per
1310 2449 1411 2468 omnes.
1473 2439 1514 2467 Sic
1532 2439 1649 2466 Fortuna
1663 2438 1781 2465 arbitriis
1802 2443 1904 2471 tempus
1922 2436 2052 2470 dispensat
2068 2437 2180 2470 iniquis,

1136 2478 1186 2505 Illa
1204 2478 1273 2512 rapit
1296 2477 1421 2509 iuuenes,
1441 2474 1547 2502 sustinet
1567 2475 1613 2501 illa
1633 2475 1703 2500 senes
1728 2472 1810 2499 Ouid.
1830 2472 1867 2498 adr
1875 2471 1980 2497 Liuiam
1999 2478 2051 2504 371.
2123 2472 2180 2498 Cic,

872 2511 954 2539 Ouid·
968 2512 1032 2538 Met·
1052 2516 1076 2543 8,
1099 2511 1130 2543 63
1138 2514 1192 2540 Att.
1210 2522 1242 2544 11,
1257 2522 1267 2539 1
1287 2513 1324 2539 Ex
1339 2521 1393 2547 quo
1405 2511 1470 2538 scire
1482 2510 1552 2537 nihil
1564 2510 1641 2544 potui
1659 2508 1691 2535 de
1703 2508 1797 2533 nostris
1810 2505 1958 2531 domesticis
1972 2506 2060 2537 rebus,
2075 2506 2107 2532 de
2119 2507 2179 2541 qui-

1139 2549 1186 2576 bus
1199 2548 1359 2575 acerbissime
1371 2546 1502 2573 afflietors
1525 2544 1598 2580 quod
1613 2543 1660 2578 qui
1679 2551 1720 2568 eas
1737 2541 1908 2575 dispensauit‚
1928 2550 2014 2576 neque
2028 2541 2097 2567 adest
2110 2543 2179 2574 istic,

1139 2592 1224 2618 neque
1236 2583 1284 2609 vbi
1301 2588 1432 2609 terrarum
1451 2580 1497 2612 fit,
1514 2580 1578 2605 scio.
1593 2599 1595 2604 .
1648 2577 1801 2611 Dispensare
1819 2582 1842 2602 ct
1855 2576 1952 2602 Omnia
1973 2576 2048 2602 simul
2067 2578 2180 2611 profun-

1139 2619 1201 2645 dere
1210 2637 1218 2651 ,
1238 2620 1367 2644 contraria
1381 2626 1388 2640 :
1413 2615 1478 2641 Plin.
1491 2615 1519 2640 in
1532 2614 1624 2647 Paneg.
1638 2620 1677 2645 33,
1693 2620 1715 2645 5.
1786 2611 1927 2638 Nesciebat
1943 2611 2089 2645 dispensare
2107 2613 2180 2639 vires

1140 2655 1212 2683 suas,
1232 2652 1274 2678 sed
1287 2650 1457 2678 immoderati
1475 2648 1599 2676 aduersus
1614 2649 1638 2674 se
1650 2646 1759 2681 imperii
1771 2646 1823 2672 fuit
1842 2647 1899 2672 Sen.
1913 2647 2004 2673 Contr.
2018 2648 2101 2681 praef.
2116 2657 2134 2674 ι.
2158 2652 2178 2674 i.

1793 2682 1854 2708 Stat.
1863 2682 1926 2711 Silu.
1938 2689 1959 2714 ς,
1974 2690 1997 2714 2,
2010 2690 2042 2717 75
2059 2697 2104 2703 --
2123 2683 2179 2709 Pie-

1138 2729 1228 2757 tasque
1242 2731 1288 2757 per
1299 2729 1390 2748 omnes
1424 2719 1576 2754 Dispensata
1589 2718 1691 2744 domos.
1761 2716 1894 2744 Senec.‘de
1906 2717 1996 2744 Renes.
2011 2726 2031 2750 i,
2043 2727 2072 2744 10
2097 2718 2179 2745 Nune

1140 2759 1168 2786 in
1180 2757 1350 2792 petulantiam
1363 2761 1389 2782 et
1401 2755 1535 2782 audaciam
1547 2759 1666 2788 erumpet
1680 2752 1747 2779 male
1761 2753 1903 2786 dispensata
1915 2752 2042 2779 Libertas.

1175 2799 1195 2819 D
1204 2801 1213 2819 1
1222 2799 1235 2818 s
1246 2799 1262 2818 r
1271 2799 1288 2819 E
1296 2798 1319 2817 N
1330 2799 1343 2818 s
1353 2796 1373 2817 ο
1383 2797 1401 2816 R
1410 2809 1420 2823 ,
1441 2797 1491 2826 pro
1504 2789 1631 2824 Dispenso
1645 2789 1693 2815 effe
1705 2788 1879 2814 vetustissimis
1893 2791 1930 2814 ait
1942 2789 2064 2815 Priscian.
2084 2798 2109 2823 p.
2117 2790 2178 2824 796.

1177 2834 1196 2854 D
1206 2835 1216 2854 1
1227 2834 1239 2854 s
1249 2835 1264 2854 Ρ
1272 2834 1288 2854 Ε
1298 2834 1321 2853 N
1332 2833 1344 2853 s
1353 2833 1376 2853 A
1387 2832 1409 2852 Τ
1419 2832 1438 2853 0
1447 2832 1467 2852 R
1475 2845 1484 2858 ,
1509 2825 1573 2851 oris.
1609 2834 1645 2850 m.
1682 2824 1753 2851 Serui
1774 2833 1864 2859 genus,
1885 2827 1931 2886 gui
1955 2824 2049 2850 domini
2069 2828 2179 2851 rationei-

1909 2859 1941 2884 ic.
1955 2859 2097 2886 Hortensio
2114 2859 2181 2895 apud

1140 2898 1264 2926 Nonium
1277 2906 1299 2930 3,
1311 2902 1336 2927 18
1363 2896 1455 2930 Qnid?
1475 2902 1515 2928 tu,
1533 2899 1642 2931 inquam,
1662 2894 1737 2926 soles,
1758 2903 1818 2921 cum
1831 2894 1962 2920 rationem
1975 2903 1989 2921 a
2001 2895 2179 2929 dispensatore

1140 2934 1252 2969 accipis,
1272 2933 1290 2959 fi
1304 2942 1364 2959 aera
1376 2931 1474 2966 singula
1486 2930 1602 2966 probasti
1611 2950 1619 2963 ,
1640 2931 1781 2961 summam,
1801 2939 1868 2965 quae
1887 2938 1919 2956 ex
1932 2929 1973 2956 his
1992 2930 2111 2956 confecta
2126 2931 2179 2964 est,

1139 2979 1194 2997 non
1215 2969 1327 3004 probare
1338 2969 1347 2994 3
1384 2966 1472 3002 Paffim
1491 2967 1706 3001 Dispensatorum
1727 2969 1833 2998 mentio,
1860 2975 1913 2991 cum
1935 2966 2001 3000 apud
2023 2968 2100 3000 alios,
2125 2973 2178 2992 tum

1140 3006 1208 3041 apud
1219 3004 1383 3034 Suetonium,
1395 3006 1497 3038 itemque
1509 3005 1535 3028 in
1549 3000 1693 3036 Lapidibus
1705 3001 1821 3027 vetustis.
1858 3002 1941 3026 Vetus
1954 3001 2105 3027 scholiastes
2118 3002 2178 3027 Per-

759 3041 809 3068 aud
822 3040 908 3075 dispar
919 3048 1079 3071 animorum,
1096 3044 1128 3071 80
1141 3041 1217 3068 fiiod
1234 3049 1260 3072 2,
1275 3048 1305 3073 59
1324 3039 1385 3065 Fuit
1398 3038 1451 3064 allis
1463 3037 1565 3064 libralis
1576 3043 1602 3063 et
1616 3036 1774 3071 dipondius,
1793 3035 1864 3070 quod
1877 3035 1957 3061 hodie
1972 3036 1999 3062 in
2014 3037 2060 3062 vsu
2076 3045 2177 3062 reman-

1140 3077 1185 3109 fit,
1205 3081 1230 3102 et
1244 3075 1343 3102 solebat
1361 3073 1464 3108 pensari
1477 3074 1564 3108 potius
1573 3092 1581 3105 ,
1601 3081 1681 3107 quam
1694 3072 1843 3103 numerari,
1862 3070 1931 3097 vnde
1944 3076 1970 3097 et
1982 3071 2176 3106 Dispensatores

1141 3112 1207 3139 dieti
1220 3112 1415 3144 Prorogatores.
1446 3111 1580 3135 Nimirum
1599 3111 1642 3143 qui
1656 3114 1706 3134 tum
1720 3107 1904 3141 Prorogatores
1923 3106 2116 3140 appellabantm·,
2132 3107 2176 3132 hos

1141 3154 1197 3175 ante
1210 3146 1405 3181 Dispensatores
1419 3143 1644 3180 diffosfignificat.
1681 3144 1765 3177 Neque
1779 3151 1835 3168 vero
1849 3142 2044 3175 Dispensatores
2057 3144 2176 3176 pecuniae

1140 3190 1252 3215 tantum,
1273 3180 1320 3218 fid
1344 3187 1368 3206 et
1390 3181 1455 3207 alias
1474 3189 1513 3206 res
1532 3181 1692 3206 Dominarum
1713 3176 1865 3204 traHabant.
1928 3178 1994 3203 Nam
2012 3183 2036 3202 et
2052 3177 2178 3212 conseruis-

644 3219 784 3255 Dispariles
800 3219 925 3253 qualitate
938 3217 1007 3244 vites
1028 3218 1080 3243 Co·
1096 3219 1124 3249 83
1140 3218 1169 3245 τό
1184 3217 1336 3253 σιτόμετρσν,
1349 3215 1403 3249 fiue
1415 3214 1457 3245 τὴν
1469 3214 1571 3251 τροφὴν,
1596 3214 1619 3240 h.
1631 3223 1646 3240 e.
1671 3213 1805 3248 demensum
1813 3211 2066 3247 praestare-solebant.
2106 3212 2176 3238 Vnde

1141 3256 1211 3281 Zeno
1226 3251 1382 3280 Veronensis
1400 3251 1483 3277 Serm.
1498 3259 1507 3276 1
1532 3250 1564 3276 ad
1581 3248 1738 3283 Neophytos
1752 3259 1758 3273 τ
1781 3247 1886 3281 Ioseph.
1904 3254 2037 3279 romeriis,
2057 3247 2090 3273 ad
2102 3256 2175 3273 men-

1140 3291 1226 3317 suram
1240 3292 1364 3323 prorogat
1377 3286 1477 3313 cunetis
1491 3294 1630 3312 annonam.
1682 3285 1763 3319 Neque
1776 3292 1834 3309 vcro
1846 3283 1879 3308 Di
1909 3284 2038 3308 ensatores
2051 3285 2078 3308 in
2085 3286 2175 3317 priua-

1139 3329 1175 3352 tis
1181 3325 1353 3361 familiarum,
1376 3322 1423 3358 fid
1430 3323 1570 3357 palatinis,
1595 3320 1804 3380 hab-frinoipum
1819 3292 1963 3350 mimjli'eriis
1976 3324 2054 3343 erant.
2089 3318 2174 3344 Cuius.

1139 3361 1204 3388 modi
1218 3368 1315 3386 numere
1333 3357 1400 3394 apud
1410 3359 1578 3384 Domitiavmm
1590 3355 1643 3390 sun
1672 3365 1701 3380 us
1713 3354 1869 3385 Hetruscus,
1889 3352 1917 3378 de
1931 3362 1976 3388 quo
1994 3352 2090 3380 Statius
2107 3354 2174 3380 Silu.

1450 3407 1495 3412 -—
1530 3390 1647 3418 creditur
1665 3390 1727 3421 vni,

1295 3428 1446 3456 Sanetarum
1465 3426 1577 3462 digestus
1595 3435 1675 3460 opum
1693 3430 1832 3459 partaeque
1850 3431 1898 3457 per
1910 3430 2001 3449 onmes

1296 3464 1414 3492 Diuitiae
1434 3462 1560 3498 populos,
1580 3461 1721 3495 magnique
1742 3457 1873 3493 impendia
1886 3458 1992 3488 mundi,
2014 3464 2060 3485 etc.

1142 3503 1200 3529 Cum
1218 3505 1301 3537 itaque
1319 3509 1385 3527 omne
1399 3502 1579 3535 patrimonium
1591 3499 1720 3533 prmcipis
1738 3500 1853 3521 curarent
1865 3492 2075 3527 Dispensatores,
2092 3493 2174 3529 facilc

1140 3539 1197 3564 licet
1213 3540 1342 3568 conticere,
1361 3534 1479 3570 lucrosum
1492 3533 1618 3560 admodum
1630 3532 1659 3558 id
1670 3533 1776 3556 mmzeris
1787 3527 1958 3565 genusfuiffe.
1994 3531 2049 3564 ,Qca
2060 3529 2089 3554 de
2100 3530 2175 3565 causa

610 3575 729 3609 Separare
740 3573 766 3608 fi
802 3573 886 3610 ficar,
906 3579 929 3599 et
941 3572 1079 3609 seiungere.
1099 3572 1410 3634 95712fil'05qu1'5ffr1ffl1
1422 3569 1539 3601 Othonis,
1557 3571 1600 3604 qui
1612 3566 1678 3602 apud
1690 3565 1790 3592 Galbam
1801 3564 1829 3590 id
1841 3567 2015 3598 impetrauerat
2022 3564 2082 3598 fibi,
2096 3565 2175 3591 decies

1136 3606 1292 3645 sestertium,
1335 3626 1341 3633 .
1355 3616 1374 3633 e.
1396 3614 1475 3640 25ooo.
1485 3610 1594 3630 coronat.
1607 3602 1689 3631 dedit,
1707 3606 1736 3626 vt
1748 3600 1888 3626 Suetonius
1901 3600 1981 3635 refert
1989 3599 2105 3627 Othonis
2119 3600 2175 3626 vita

1142 3653 1164 3670 c.
1180 3651 1201 3676 ς.
1272 3642 1483 3676 Dispensatorem
1496 3639 1574 3666 fallax
1587 3635 1709 3671 spoliabit
1721 3635 1804 3661 amica
1816 3634 1931 3661 Martial.
1944 3642 1966 3668 ς,
1981 3642 2022 3668 43.
2091 3637 2174 3670 Atque

1141 3679 1168 3706 ki
1181 3678 1376 3712 Dispensatores
1390 3675 1521 3703 ordinarii
1532 3679 1651 3700 vocantur
1664 3671 1768 3697 Sueton.
1784 3669 1859 3697 Gal-b.
1875 3679 1896 3696 c.
1909 3678 1945 3702 13.
1987 3669 2043 3697 isid.
2056 3671 2173 3697 Torrent.

1141 3714 1241 3741 Othon.
1260 3711 1328 3739 ditio
1343 3714 1411 3744 loco,
1428 3714 1530 3745 itemque
1547 3707 1674 3734 Statianos
1691 3709 1837 3741 interpretes
1849 3707 1990 3733 Geuartium
2010 3713 2033 3732 ct
2046 3706 2173 3736 Crucium,

1595 3744 1634 3769 De
1653 3741 1827 3776 dispensatore
1840 3742 1951 3767 rationis
1964 3740 2081 3775 priuatae
2094 3738 2173 3772 exstat

1139 3785 1257 3819 Inscript.
1268 3783 1334 3819 apud
1346 3784 1450 3810 Gruter.
1470 3789 1493 3813 p.
1510 3785 1567 3812 597.
1622 3776 1821 3804 Prouinciarum
1840 3785 1930 3812 quoque
1948 3783 2018 3802 erant
2039 3775 2172 3808 Dispensa-

1139 3826 1227 3852 tores,
1247 3817 1442 3855 quemadmodum
1455 3813 1552 3840 Claudii
1572 3813 1689 3849 quendam
1700 3813 1799 3848 seruum
1817 3812 1916 3838 Plinius
1932 3819 1968 3843 33,
1990 3820 2012 3837 11
2038 3810 2169 3844 Dispensa-

1139 3862 1225 3883 torem
1237 3854 1378 3888 Hispaniae
1391 3849 1523 3877 citerioris
1537 3856 1618 3875 vocot.
1675 3850 1712 3874 De
1732 3847 1907 3882 dispensatore
1923 3846 1988 3872 belli
2006 3845 2080 3871 Idem
2093 3853 2118 3878 7,
2131 3852 2169 3875 39.

1138 3894 1176 3919 De
1191 3890 1366 3924 dispensatore
1380 3885 1509 3920 capitolii,
1527 3883 1681 3915 castrorum,
1696 3884 1727 3910 ad
1744 3884 1831 3909 census
1846 3882 2000 3909 Prouinciae
2014 3879 2170 3914 Lugdunen·

1084 3936 1127 3963 103
1136 3927 1181 3960 lis,
1206 3925 1259 3954 vid.
1273 3923 1376 3952 Fabret.
1397 3931 1422 3957 p.
1436 3929 1490 3953 293.
1525 3920 1599 3957 Cous.
1621 3922 1770 3956 Interpretes
1781 3917 1912 3949 Petronii,
1930 3918 2053 3951 imprimis
2071 3913 2170 3948 Gonjizl.

1441 3956 1496 3984 Cc
1531 3963 1547 3983 a.
2092 3956 2168 3980 ²·30·
