2479 4225
36 56 41 74 s

10 155 106 214 ¹369
396 155 431 194 E
516 154 559 194 N
653 154 698 194 T

36 246 131 286 pleara
143 245 219 278 ferit,
236 243 280 271 hic
294 243 388 270 enthea
400 242 476 270 lauro
511 243 666 278 Tempora,
690 243 782 270 Minoa
795 242 895 268 crinem
909 239 1007 276 premit
1020 238 1066 266 ille

35 292 138 312 corona.
206 279 305 307 Enthea
316 279 385 306 meta
398 278 512 311 Sibyllae
526 279 650 306 fatidicae
686 279 748 306 Stat.
761 278 826 304 Silu.
840 285 862 309 3,
873 284 896 309 ς,
914 284 958 311 97.
1007 274 1067 301 Vid.

37 319 123 348 Barth.
145 315 180 343 ad
202 316 263 342 Stat.
286 323 310 350 p.
329 311 368 348 ε’ς,
382 322 432 347 ¹32·
467 314 542 351 Conf.
556 314 672 342 Martial.
686 321 709 348 ς,
723 321 763 347 43.
799 319 823 339 et
837 320 870 345 11,
883 317 921 344 85.
990 311 1069 337 Vates

35 353 138 382 Firmic.
151 357 174 384 8,
187 359 221 377 20
233 357 257 377 et
268 358 306 377 21.

67 395 114 416 EN
126 393 148 414 ‘r
158 392 247 418 HEO,
266 389 319 412 are.
364 383 433 413 Vnde

69 426 325 454 ENTHEATvs‚
339 429 369 454 a,
390 429 444 447 um.
468 421 561 447 Partic.
596 421 689 447 Diuino
703 419 799 444 numine
819 413 936 449 afflatus,
956 422 1001 448 vt,
1020 415 1069 442 En.

34 458 118 489 theata
130 462 219 484 vatum
234 457 355 491 pectora,
375 456 442 491 apud
448 457 563 483 Martial.
577 464 611 487 ιε,
623 462 655 489 57
675 451 771 480 Turba
784 453 905 490 entheata
916 451 1048 478 Bellonae.

68 500 86 522 Ε
94 500 115 520 N
125 500 146 519 Τ
154 499 175 519 H
185 498 201 518 E
208 499 224 519 C
233 499 255 519 A
264 499 280 519 E
287 512 295 524 ‚
319 491 456 526 [ἕνθήκαι]
493 490 606 528 lmplfitfl
621 487 786 522 Instrumenta
792 507 801 519 ,
812 490 866 520 Jtue
878 486 947 512 dotes
953 486 1070 521 praedio-

32 538 92 557 rum.
128 529 161 555 It.
174 527 286 554 horreum
301 529 341 554 vel
354 527 530 563 repositorium.
565 525 704 552 Enthecam
718 522 796 549 nobis
810 522 908 548 liabcre
926 531 980 548 non
993 522 1069 548 licet:

31 572 83 591 non
95 563 131 590 est
142 563 275 598 episcopi,
292 563 397 590 seruare
411 572 504 590 aurum
521 560 655 595 Augustin.
671 558 703 584 de
717 558 778 585 Vita
797 558 973 584 Clericorum.
1025 558 1068 584 Sic

32 606 56 627 et
67 599 142 631 alibi,
160 602 190 625 it.
202 599 321 633 Fulgent.
437 599 496 632 Pap.
510 597 528 623 l.
542 605 555 622 2
566 595 589 633 §.
600 604 609 621 1
622 594 655 621 de
667 594 786 620 instrum.
800 593 842 620 vel
859 593 978 620 instruet.
987 593 1067 619 Dotes

30 633 217 670 praediorum,
244 642 311 669 quae
332 634 434 660 Graeco
452 631 581 660 vocabulo
599 630 695 659 ἔνθῖῑκοιι
712 629 892 664 appellantur,
911 637 994 663 quum
1014 637 1068 654 non

30 669 157 698 instrueta
169 675 301 704 tegantur,
322 669 449 704 legatario
461 676 514 694 non
527 666 694 702 praestantur.
811 664 870 699 le.
886 665 903 690 l.
916 667 947 694 68
960 662 984 700 §.
998 672 1010 696 3
1033 664 1067 689 D.

32 706 64 732 de
76 706 126 740 leg.
140 711 165 732 et
177 705 264 732 fideic.
284 705 399 732 Praediis
412 713 469 730 cum
483 703 516 729 iis
531 697 662 733 enthecis,
682 709 750 735 quae
764 701 793 727 in
807 709 837 727 ea
851 699 999 734 posseslione
1007 699 1066 725 sunt

20 741 146 773 senens,
164 747 209 767 etc.
251 740 309 767 Vid.
326 739 433 767 Turneb.
444 738 512 766 Adu.
526 746 552 770 8,
564 748 589 772 9.

16 775 22 799 .‘
32 776 105 803 :heca
117 785 129 801 e
146 778 168 801 it
182 777 232 802 Iac.
248 776 365 812 Gothofr.
377 774 411 801 ad
421 774 439 800 l.
454 781 479 800 12
493 773 522 800 C.
530 773 588 800 Th.
602 772 633 799 de
648 771 753 806 operib.
768 771 840 806 publ.
856 779 900 796 no.
916 779 940 804 g.
954 768 1069 803 ostendit-

22 816 73 848 ‘que
86 812 134 837 Ent
155 819 226 838 ecam
239 812 288 838 esse
301 809 424 846 α’φορμὴν,
444 815 468 835 et
482 807 604 844 quidquid
609 807 740 844 sepositum
751 806 925 841 conditumque
946 806 1004 842 vsus
1022 807 1068 832 ali-

29 848 100 873 cuius
114 853 137 872 et
145 846 267 882 praesidii
279 846 359 882 causa.
392 843 506 871 Entheca
520 853 577 880 crgo
591 843 684 878 Populi
700 843 778 869 Rom.
791 846 818 868 in
830 841 900 868 dieta
914 843 964 876 Iege
977 839 1010 874 ql}
1023 851 1068 868 an-

26 890 91 908 nona
99 882 230 918 publicas.
245 891 322 909 canon
335 879 482 907 urbicarius.
537 880 642 916 Reliqua
654 879 690 905 ibi
697 895 706 909 ,
725 885 749 905 et
760 881 787 904 in
803 876 877 910 Gloſjl
890 878 1015 913 Dufresn.
1028 887 1069 904 ne-

25 925 71 953 que
82 920 145 943 enim
153 920 258 953 proprie
269 918 315 945 huc
326 917 464 951 pertinent.
514 946 516 949 ι

62 958 110 979 ΕΝ
121 958 143 979 T
154 959 200 980 ΗΕ
210 959 227 980 c
238 958 354 983 ATvs,
375 958 404 982 a,
430 959 484 977 um.
521 949 582 976 Adi.
625 947 767 983 Qudquid
784 947 900 974 Helicon
917 947 1070 975 verbalibus

25 986 131 1015 horreis
147 985 311 1016 enthecatum
323 985 467 1021 possederat
485 986 505 1012 F
508 985 604 1020 ulgent.
617 983 731 1017 Mythol-
744 993 764 1010 1.

63 1030 80 1050 E
90 1031 140 1050 ΝΤ
148 1031 168 1051 Η
178 1031 223 1051 Ro
231 1031 254 1050 N
264 1028 275 1048 1
285 1029 299 1049 S
310 1027 332 1047 T
344 1029 353 1047 1
362 1027 409 1048 CA
427 1041 436 1053 ,
507 1031 535 1047 ro
580 1019 756 1047 Intronisticis
801 1018 963 1054 reponendum
1003 1018 1069 1054 apud

25 1058 200 1086 Iustinianum
213 1059 242 1085 in
254 1056 341 1084 Const.
355 1055 388 1083 de
401 1056 509 1083 sandtiss‘.
519 1056 631 1090 episcop.
644 1053 694 1091 §.fi
703 1055 763 1089 quis
775 1060 863 1081 autem
875 1054 1068 1089 episcoporum.

1095 566 1124 584 ιο
1133 558 1230 585 dicere.

634 739 757 771 Inprimis
769 745 827 762 vero
839 736 972 771 diligenter
984 735 1012 760 de
1025 744 1069 761 en·
1102 746 1112 753 -

1497 149 1656 191 EN
1739 153 1777 194 v
2101 172 2174 209 370

1168 246 1185 266 E
1194 245 1216 265 N
1227 245 1248 266 ν
1258 243 1276 266 c
1286 245 1302 266 1.
1311 245 1328 266 E
1337 244 1358 265 A
1365 245 1389 278 ‚T
1397 245 1418 279 ν
1427 246 1440 266 s
1448 259 1456 272 ,
1477 248 1492 266 a
1500 259 1509 273 ,
1529 248 1584 268 um.
1608 241 1702 267 Partic.
1737 242 1957 281 [ἓξηκριβωμίνω]
1998 247 2048 279 Vt,
2067 246 2174 274 Enucle.

1132 280 1174 302 ata
1187 284 1238 302 vua
1256 275 1314 302 Th.
1329 275 1450 300 Priscian.
1466 284 1486 308 1,
1499 284 1541 302 20.
1613 277 1708 303 Baccae
1729 277 1847 304 Marcell.
1861 281 1933 315 Fmp.
1948 291 1969 308 c.
1983 291 2023 308 20.
2078 283 2176 309 Trans-

1132 312 1181 336 late
1196 315 1278 337 utitur
1291 311 1346 337 Cic.
1359 319 1408 344 pro
1425 311 1507 337 Plane.
1523 320 1551 337 ιο
1564 321 1586 338 c.
1597 321 1616 345 4
1636 311 1774 339 Eblandita
1786 313 1833 339 illa
1846 322 1900 341 non
1914 318 2048 344 enucleata
2060 319 2107 344 effe
2124 317 2175 345 suf-

1133 346 1226 379 fragia.
1257 350 1275 372 i.
1296 347 1355 373 Non
1374 355 1463 381 magna
1483 350 1618 374 acrimonia
1638 351 1764 376 mentiret
1776 348 1867 375 iudicii
1871 350 1951 386 fasta
1958 372 1967 385 ‚
1990 363 2039 380 non
2052 363 2081 380 ex
2093 357 2176 380 animo

1093 386 1108 412 5
1133 388 1260 416 &promta
1274 389 1297 408 et
1310 381 1442 416 explicata.

1170 423 1187 443 Ε
1198 423 1218 442 Ν
1232 425 1251 444 ν
1260 423 1277 443 c
1287 424 1302 443 L
1311 423 1328 443 E
1337 423 1389 443 AT
1398 423 1424 443 E.
1456 416 1522 443 Adu.
1558 418 1784 454 [ἐξηκριβωμένωε]
1818 419 1944 454 Purgate,
1964 424 1989 446 in
2009 426 2045 448 uit
2067 424 2174 450 Nonius

1133 460 1154 484 i,
1169 455 1216 493 296
1236 452 1362 492 exquisite
1376 457 1402 478 et
1415 450 1468 477 fine
1480 454 1616 486 asperitate
1628 461 1672 481 aut
1687 455 1799 481 duritia:
1832 453 1865 481 ab
1878 463 1911 481 eo
1927 431 2007 490 quon?
2014 458 2125 485 nucibus
2139 461 2176 485 se-

1131 494 1244 521 paratis,
1264 492 1281 516 i,
1296 487 1392 527 testis,
1405 487 1559 514 nucleorum
1575 490 1648 516 vtilis
1661 491 1719 516 vsus
1732 490 1868 517 habeatur.
1939 492 1994 517 Cic.
2016 493 2044 518 in
2061 494 2176 521 Oratore

1132 527 1180 555 (28
1195 532 1216 549 e.
1229 527 1263 556 9)
1284 523 1368 550 Modo
1385 522 1413 548 id
1432 522 1564 564 eleganter
1582 525 1768 560 enucleateque
1787 526 1881 558 faciat,
1902 535 1962 553 eum
1984 527 2068 553 solum
2086 530 2174 556 Attice

1153 594 1157 598 Δ
1184 594 1188 598 -
1302 559 1376 586 Idem
1389 557 1422 583 de
1436 558 1597 598 Clar30rat.
1612 569 1639 593 35
1668 560 1747 587 Nihil
1769 561 1902 590 subtiliter
1914 562 1984 595 dici,
2003 562 2071 589 nihil
2085 566 2176 598 presse,

1131 594 1201 620 nihil
1216 594 1363 625 enucleate,
1384 602 1437 628 quo
1457 593 1516 620 fieri
1538 595 1640 629 aliquid
1653 596 1726 630 poffit
1741 597 1868 624 limatius.
1940 598 2079 625 Enucleate
2092 606 2117 625 et
2130 609 2176 634 po-

1131 629 1179 655 lite
1193 629 1281 656 dicere
1317 629 1372 656 Cic.
1385 629 1418 655 de
1430 629 1500 655 Clar.
1513 630 1587 656 Orat.
1605 639 1642 663 115
1656 641 1677 657 c.
1693 641 1731 664 30.
1801 633 1858 659 Cic.
1872 634 1911 667 Q
1920 634 2004 662 Fratr.
2016 643 2039 669 3,
2052 642 2064 666 3
2102 635 2178 661 Prae-

1130 671 1202 691 terea
1214 664 1246 691 de
1259 674 1326 699 aqua
1339 664 1417 690 deuia
1431 664 1501 691 nihil
1513 667 1676 699 praetermisi
1690 666 1803 702 quadam
1817 668 1937 703 epistola,
1957 669 2025 704 quin
2039 669 2176 696 enucleate

1129 701 1162 727 ad
1176 707 1201 726 te
1219 700 1418 734 pei-scriberem.
1756 706 1765 711 ·

1162 742 1371 763 ENVCLEAT
1382 742 1392 761 ι
1403 744 1421 762 o
1431 754 1439 767 ‚
1460 736 1528 762 anis.
1549 736 1570 762 f.
1605 738 1762 772 Explanatio.
1798 738 1937 773 Augustin.
1973 759 1980 766 .
2018 759 2025 766 .

1166 778 1183 798 Ε
1192 777 1215 797 N
1226 777 1246 810 Υ
1255 777 1272 797 c
1281 778 1297 796 L
1307 777 1324 797 Ε
1335 777 1358 798 Α
1367 778 1388 797 Τ
1397 776 1443 796 OR
1452 790 1460 802 ,
1477 772 1542 797 oris.
1568 781 1603 798 m.
1640 774 1803 809 Explanator.
1840 775 1896 801 ICt.
1909 775 1938 801 in
1950 775 2017 802 Cod.
2054 794 2061 802 .
2098 795 2105 802 .

1164 811 1316 839 ENVDO,
1334 810 1388 832 are.
1424 806 1602 841 [dnoyvao‘w]
1640 808 1707 834 Idem
1722 809 1787 844 quad
1806 810 1919 837 Nudare.
1957 812 1988 837 Ee
2002 818 2050 846 per
2069 811 2179 838 transla-

1128 845 1217 868 tionem
1231 843 1371 877 Exponere,
1389 850 1420 867 ac
1436 843 1514 868 veluti
1527 842 1668 870 Intellefflui
1680 847 1792 879 aperire:
1829 846 1854 872 h.
1868 855 1887 872 e.
1907 847 2082 882 Interpretari.
2118 847 2177 874 Cic.

1129 877 1163 904 de
1184 878 1262 912 Legg.
1284 885 1302 909 1,
1323 885 1355 910 29
1370 886 1392 903 c.
1406 885 1424 910 9
1463 878 1495 904 Et
1519 887 1610 905 rerum
1635 878 1812 913 plui-imarum
1841 880 1963 909 obscuras
1988 882 2178 917 intelligentias

1079 923 1114 943 20
1131 912 1269 939 enudauit.

1166 953 1392 979 ENVDATIO,
1411 948 1478 974 onis.
1496 949 1517 975 f.
1553 949 1611 976 ICt.
1625 949 1655 976 in
1674 949 1736 984 Dig.
1772 968 1780 975 .
1818 969 1826 976 .

1164 988 1366 1011 ENVDATF.
1389 983 1455 1011 Adu.
1490 991 1514 1010 et

1166 1024 1406 1051 ENVDATVS,
1424 1028 1454 1050 a,
1471 1028 1526 1046 um.
1550 1018 1613 1046 Adi.
1647 1018 1787 1054 Augustin.
1824 1038 1832 1044 .
1869 1040 1880 1053 ,

1168 1059 1186 1080 E
1198 1060 1220 1079 N
1229 1052 1281 1080 ὔΜ
1293 1051 1365 1080 &Ro
1374 1074 1383 1086 ,
1403 1058 1456 1081 are.
1492 1054 1667 1090 [ἒξαριθμὲω]
1706 1056 1844 1081 Numerare
1857 1054 1888 1081 ab
1903 1057 1978 1081 initio
1993 1056 2027 1082 ad
2031 1057 2127 1092 finem,
2139 1068 2179 1086 re-

24 1095 89 1121 Sunt
100 1102 179 1121 autem
186 1096 317 1129 pecuniae,
332 1101 393 1128 quae
407 1092 438 1118 ab
451 1092 578 1128 Episcopis
589 1091 682 1117 dantur
696 1097 741 1125 pro
755 1093 878 1121 introitu,
888 1089 1069 1124 cathedralica,
1078 1101 1109 1129 25
1131 1089 1236 1125 censere.
1273 1089 1330 1116 Cic.
1347 1089 1424 1116 Verr.
1447 1100 1471 1123 2,
1489 1096 1520 1120 82
1539 1098 1561 1116 c.
1579 1098 1606 1122 33
1633 1089 1697 1116 Dixi
1709 1090 1763 1116 iam
1777 1095 1854 1116 antea
1866 1099 1909 1115 me
1922 1099 1977 1116 non
1991 1093 2081 1119 omnia
2094 1094 2180 1127 istius,

25 1136 56 1155 vt
69 1139 133 1156 nunc
146 1131 217 1166 vulg-o
228 1129 359 1160 dicuntur,
374 1136 390 1153 α
407 1128 500 1155 Graeco
518 1125 666 1163 ἒνθρονιξειν,
683 1125 749 1161 quod
769 1124 803 1159 est
824 1128 853 1152 in
869 1125 953 1162 sedem
969 1132 1069 1161 ponere.

26 1165 136 1192 Barbari
146 1165 231 1191 dicunt
249 1162 391 1190 Installare.

62 1207 80 1227 Ε
88 1207 109 1227 N
117 1207 138 1227 Τ
146 1207 168 1227 Η
178 1201 205 1226 Υ’
212 1206 237 1225 Μ
246 1200 265 1226 E
274 1205 298 1225 M
307 1205 329 1225 A
337 1218 347 1232 ‚
375 1197 432 1224 atis.
464 1206 489 1224 n.
524 1197 537 1231 [
544 1195 698 1229 ἐνθύμημα]
734 1194 781 1223 Ad
801 1195 900 1222 uerbum
923 1198 1071 1232 cogitatum,

25 1238 69 1262 ve!
79 1239 160 1262 animo
173 1241 320 1270 conceptum.
357 1233 405 1261 scd
413 1233 473 1269 fere
485 1229 614 1268 angustius
626 1234 750 1266 accipitur
763 1234 791 1257 in
802 1231 954 1257 Rhetoricis.
1013 1232 1070 1258 Cic.

26 1271 126 1306 Topic.
140 1278 168 1305 35
179 1280 201 1297 c.
215 1278 239 1302 ¹3
260 1270 296 1296 Ex
311 1268 362 1296 hoc
375 1268 421 1295 illa
435 1268 583 1295 Rhetorum
597 1267 655 1294 sunt
667 1276 699 1294 ex
712 1267 853 1293 contrariis
865 1266 995 1298 conclusa,
1004 1275 1070 1301 quae
1077 1279 1110 1303 30

25 1306 73 1341 ipsi
87 1306 277 1339 enthymemata
289 1304 428 1340 appellant.
500 1304 623 1330 Ponamus
636 1304 713 1329 Iocum
725 1301 846 1337 clafficum
860 1302 990 1335 Qiinefil.
1005 1310 1025 1334 ς,
1041 1310 1070 1328 10

19 1348 65 1377 pr.
86 1341 256 1374 Enthymema
271 1340 362 1375 (quod
375 1349 422 1367 nos
436 1346 614 1367 commentum
628 1339 689 1365 sane
702 1344 748 1364 aut
759 1338 1010 1364 commentationem
1030 1338 1070 1364 in-

24 1383 216 1411 terpretamur,
236 1377 299 1411 quia
311 1376 390 1403 aliter
405 1383 460 1402 non
472 1375 622 1409 possumus,
642 1374 745 1401 Graeco
758 1373 853 1399 melius
873 1374 963 1404 vsuri)
985 1382 1068 1399 vnum

24 1412 189 1439 intellectum
203 1411 298 1444 habet,
319 1420 373 1446 quo
387 1411 478 1437 omnia
493 1416 581 1436 mente
600 1417 726 1444 concepta
745 1409 888 1444 fignificat,
925 1424 971 1428 —
1008 1408 1069 1435 alte-

22 1455 83 1474 rum
91 1467 100 1480 ,
118 1456 172 1482 quo
186 1448 339 1474 sententiam
352 1455 412 1473 cum
425 1447 530 1473 ratione
545 1455 552 1476 ;
588 1446 699 1472 tertium
713 1454 767 1480 quo
776 1450 875 1471 certam
889 1443 1021 1479 quandam
1029 1453 1068 1484 ar.
1078 1460 1107 1486 3)-

21 1483 142 1517 gumenti
161 1483 354 1509 conclusionem
384 1482 404 1516 (
406 1485 425 1508 i.
439 1480 599 1508 concludendi
611 1481 754 1515 rationem)
779 1480 822 1506 vel
841 1489 874 1506 ex
887 1481 1071 1514 consequenti-

21 1518 123 1550 bus‚vel
130 1527 162 1545 ex
168 1518 375 1553 repugnantibus
384 1532 429 1537 —
436 1517 525 1544 Plures
533 1516 653 1542 inuenias
660 1516 688 1542 in
695 1524 725 1542 ea
735 1516 875 1550 opinione,
882 1521 911 1542 vt
918 1516 946 1542 id
954 1515 1069 1548 demum,

23 1562 78 1589 quo
87 1563 173 1589 pugna
180 1553 457 1587 constat,enthyme1ua
465 1553 548 1586 accipi
556 1552 649 1578 velint.
658 1552 689 1577 Et
697 1551 758 1577 ideo
767 1550 1070 1577 illudCornificiusCon-

20 1590 136 1617 trax-ium
149 1590 268 1625 appellat.
305 1590 383 1615 Hunc
391 1588 438 1615 alii
444 1587 609 1614 rhetoricum
617 1587 815 1621 syllogismum,
823 1586 870 1612 alii
878 1586 1068 1620 imperfetstum

21 1625 209 1661 Syllogismum
215 1630 360 1656 vocarunt,
373 1624 436 1658 quia
443 1633 490 1649 nec
497 1622 626 1649 distinctis
634 1631 681 1648 nec
688 1621 801 1648 totidem
807 1621 926 1655 partibus
933 1621 1071 1648 conclude·
1078 1638 1115 1663 40

22 1667 105 1688 retur.
142 1660 215 1696 Qod
227 1661 255 1686 de
262 1660 406 1687 Contrario
414 1659 493 1691 dicit,
503 1657 543 1692 fic
554 1660 628 1684 ctiam
635 1657 753 1684 Auribad
760 1658 878 1684 Herenn.
892 1657 951 1692 (qui
955 1654 1071 1692 fortetst

23 1695 204 1728 Cornificius)
225 1704 244 1728 4
264 1705 285 1721 c.
302 1701 326 1724 18
344 1694 515 1721 Contrarium
529 1693 581 1725 est,
600 1692 673 1727 quod
685 1701 717 1719 ex
735 1693 813 1719 rebus
836 1692 944 1718 diuersis
966 1691 1068 1718 duabus

23 1731 132 1758 alteram
144 1731 265 1758 breuiter
279 1736 304 1756 et
317 1730 395 1757 facile
407 1729 561 1761 confirmat,
579 1728 630 1755 hoc
647 1728 740 1762 paeto,
761 1728 832 1754 Nam
851 1728 898 1762 qui
919 1728 970 1753 suis
990 1727 1071 1752 ratio-

22 1766 102 1793 nibus
115 1767 198 1793 fuerit
209 1766 334 1792 inimicus
355 1766 473 1799 semper,
494 1774 556 1791 euni
578 1763 716 1797 quomodo
739 1763 835 1788 alienis
854 1762 934 1787 rebus
955 1761 1070 1786 amicum

23 1801 84 1827 fore
96 1803 180 1835 speres
193 1802 203 1827 3
238 1800 370 1833 Qinetil.
382 1808 406 1832 ς,
420 1808 459 1832 14,
470 1807 503 1831 24
522 1804 649 1831 comparat
661 1797 846 1829 Syllogismum
855 1803 879 1821 et
885 1794 1069 1825 Enthymema,
1076 1807 1109 1832 43

21 1835 88 1871 quod
98 1836 145 1861 ille
159 1843 206 1868 per
217 1843 308 1860 omnes
321 1840 406 1866 partes
420 1832 515 1863 efficit,
535 1830 608 1864 quod
625 1830 766 1864 proposuit
778 1839 787 1860 3
822 1829 995 1860 Enthymema
1014 1834 1068 1854 tan-

21 1876 79 1896 tum
92 1870 192 1895 intenta
206 1868 321 1902 intelligi
333 1872 486 1893 contentum
500 1865 546 1891 est.
582 1879 627 1884 -——
662 1863 837 1896 Enthymema
856 1872 889 1889 ex
907 1864 1068 1897 consequen-

21 1905 108 1937 tibus,
124 1905 227 1930 Bonum
240 1902 276 1928 est
288 1902 390 1934 virtus,
401 1909 453 1935 qua
464 1908 544 1926 nenio
555 1900 623 1925 male
636 1900 675 1926 vti
688 1898 781 1934 potest.
815 1913 861 1918 —
895 1898 1070 1931 Enthymema

21 1949 55 1978 ex
67 1938 257 1975 pugnantibus,
276 1937 318 1963 An
330 1936 431 1963 bonum
444 1935 481 1962 est
493 1935 623 1971 pecunia,
642 1944 694 1970 qua
708 1934 820 1975 quisque
834 1934 918 1968 potest
930 1935 998 1960 male
1010 1935 1068 1960 vti?

1132 1134 1200 1159 quae
1219 1125 1248 1152 in
1268 1124 1318 1151 hoc
1338 1133 1432 1158 genere
1449 1126 1543 1157 essent,
1562 1131 1795 1158 enumeraturum,
1816 1124 1860 1151 sed
1879 1125 2026 1152 eleCmrum
2047 1136 2092 1160 ea,
2112 1138 2180 1163 quae

1132 1160 1249 1186 maxime
1268 1160 1435 1188 excellerent.
1505 1160 1636 1188 Columel.
1655 1166 1679 1194 8,
1693 1168 1731 1196 17,
1746 1169 1773 1187 12
1806 1161 1837 1187 Et
1852 1170 1885 1187 ne
1899 1170 1946 1196 per
1960 1161 2061 1196 singula
2074 1172 2180 1190 enume-

1132 1204 1190 1222 rem
1199 1216 1208 1228 ‚
1227 1195 1443 1223 salsamentorum
1456 1197 1578 1223 omnium
1593 1202 1772 1231 purgamenta.
1825 1196 1894 1224 Ter.
1909 1196 1984 1223 Adel.
2000 1206 2026 1230 2,
2038 1206 2062 1230 2,
2075 1203 2103 1228 28
2115 1200 2182 1225 Iam-

1133 1240 1166 1258 ne
1179 1230 1338 1258 enumerasti
1356 1231 1395 1264 id,
1403 1232 1475 1266 quod
1482 1233 1514 1258 ad
1528 1239 1553 1258 te
1566 1231 1716 1258 rediturum
1731 1237 1805 1266 putes
1820 1232 1829 1258 3
1849 1232 1883 1258 ad
1893 1233 2000 1259 lenonem
2014 1233 2106 1269 digitis
2118 1244 2181 1260 com-

1131 1273 1260 1302 putantem
1272 1266 1363 1293 damna
1370 1268 1427 1303 fisa.
1500 1269 1576 1301 Qae
1596 1277 1629 1294 ne
1650 1267 1750 1302 singula
1768 1276 1939 1300 enumerem,
1959 1273 2043 1294 totam
2064 1269 2115 1296 tibi
2135 1271 2183 1296 do-

1133 1311 1208 1329 mum
1223 1302 1381 1329 commendo
1401 1303 1456 1329 Cic.
1471 1303 1542 1329 Fam.
1557 1312 1591 1336 13,
1604 1312 1641 1337 19.
1738 1303 1813 1337 Virg.
1829 1304 1981 1336 Aen.4,333
2002 1305 2056 1338 Ego
2071 1310 2104 1337 te,
2112 1314 2181 1340 quae

1133 1338 1250 1373 plurima
1267 1338 1348 1365 fando
1355 1340 1516 1365 Enumerare
1532 1339 1604 1365 vales
1617 1347 1771 1373 nunquam,
1788 1339 1902 1373 Regina,
1922 1338 2025 1373 negabo
2048 1341 2182 1368 Promeri-

1133 1379 1196 1401 tam.
1266 1373 1363 1400 Dicere
1382 1379 1461 1408 atque
1481 1383 1637 1403 enumerare
1656 1374 1743 1400 causas
1756 1383 1847 1400 omnes
1869 1375 1925 1400 Cic.
1940 1383 1988 1409 pro
2002 1376 2180 1404 Rosc..Anier.

1132 1417 1170 1443 53.
1239 1408 1453 1443 Magnitudinem
1465 1410 1718 1444 multitudinemque
1738 1409 1931 1436 beneficiorum
1944 1419 2114 1445 enumerare,
2135 1418 2182 1439 aut

1134 1445 1260 1479 consequi
1272 1445 1341 1479 posse
1361 1445 1418 1476 Cic.
1434 1445 1490 1480 post
1504 1444 1582 1472 redit.
1595 1445 1626 1473 ad
1640 1445 1719 1479 Qir.
1734 1453 1755 1478 5.
1827 1446 1943 1472 Pretium
1971 1446 2026 1472 Cic.
2041 1456 2090 1481 pro
2103 1449 2180 1475 Rosc.

1134 1482 1224 1507 Amer.
1238 1489 1283 1513 ¹13·
1355 1481 1497 1508 Enumerat
1510 1481 1588 1507 miles
1601 1481 1729 1513 vulnera,
1747 1480 1834 1515 pastor
1845 1490 1909 1508 oues
1929 1482 2048 1516 Propert.
2060 1491 2086 1515 2,
2101 1493 2119 1516 1,
2132 1493 2180 1518 44.

1135 1516 1192 1543 Cic.
1206 1516 1289 1542 Bruto
1300 1525 1323 1542 c.
1336 1524 1364 1548 3²
1383 1517 1514 1542 Enumera
1530 1525 1571 1542 me
1589 1517 1617 1543 in
1629 1516 1771 1550 plerisque.

1137 1556 1138 1559 ’
1169 1558 1187 1578 Ε
1197 1558 1217 1576 N
1230 1558 1250 1578 ν
1260 1558 1284 1578 Μ
1293 1558 1310 1577 E
1319 1558 1419 1582 RATI
1428 1557 1447 1578 ο
1456 1571 1465 1584 ,
1484 1552 1552 1578 onis.
1571 1552 1591 1578 f.
1628 1551 1821 1586 [ἐξαρίθμησις]
1857 1551 1954 1578 Cic.de
1963 1552 2074 1587 Legg.3,
2087 1562 2117 1586 23
2131 1554 2181 1581 Sed

1133 1586 1170 1612 est
1183 1586 1276 1620 iniqua
1288 1587 1317 1612 in
1331 1587 1406 1613 omni
1421 1595 1450 1614 re
1462 1586 1602 1614 accusanda
1615 1586 1795 1622 praetermissis
1809 1586 1887 1613 bonis
1901 1587 2033 1613 malorum
2046 1597 2182 1616 enumera-

1132 1621 1173 1648 tio
1185 1640 1194 1653 ,
1212 1622 1397 1656 vitiorumque
1409 1622 1525 1648 selectio.
1631 1623 1706 1649 Ordo
1726 1622 1780 1656 ipse
1797 1622 1933 1648 annalium
1946 1622 2120 1650 mediocriter
2132 1633 2181 1650 nos

1131 1656 1229 1684 retinet
1240 1658 1440 1684 enumeratione
1454 1657 1524 1692 quasi
1537 1657 1665 1684 fastorum
1681 1657 1738 1683 Cic.
1751 1658 1822 1683 Fam.
1836 1664 1860 1688 ς,
1874 1664 1908 1682 12.
1983 1657 2021 1684 id.
2030 1657 2062 1683 de
2076 1659 2181 1686 Inuent.

1133 1701 1153 1724 1,
1166 1697 1198 1724 98
1213 1700 1236 1717 c.
1250 1699 1278 1724 52
1299 1692 1471 1719 Enumeratio
1484 1701 1543 1726 pars
1556 1692 1732 1718 conclusionis
1747 1691 1800 1723 est,
1818 1700 1865 1725 pei·
1883 1699 1962 1725 quarn
1976 1701 2016 1718 res
2029 1692 2143 1727 disperse
2155 1700 2182 1722 et

1133 1727 1227 1752 diffuse
1240 1726 1340 1759 dietae,
1360 1736 1443 1753 vnum
1457 1728 1486 1753 in
1499 1727 1589 1753 locum
1603 1732 1748 1760 coguntur,
1769 1732 1795 1752 et
1807 1726 1996 1753 reminiscendi
2009 1729 2084 1756 causa
2096 1739 2180 1757 vnum

1133 1760 1181 1786 sub
1194 1761 1345 1794 adspectum
1359 1761 1545 1788 subiiciuntur.
1616 1761 1658 1794 fist
1673 1771 1730 1798 ergo
1744 1770 1858 1801 anquam
1872 1763 1962 1788 Graeci
1972 1765 2183 1798 οἰνακεφοιλαίωσιν

1131 1804 1147 1820 a
1160 1795 1279 1834 pellant..
1299 1830 1305 1834 Ι
1373 1796 1482 1830 Quin&
1496 1799 1553 1829 6,1,
1568 1805 1579 1823 1
1602 1797 1702 1823 Rerum
1720 1797 1845 1831 repetitio
1865 1803 1891 1823 et
1911 1801 2094 1832 congregatio,
2115 1810 2182 1835 quae

1158 1836 1232 1854 raeee
1253 1829 1352 1869 dicitur
1369 1832 1595 1865 οἱνκκεφαλοιίωσις,
1613 1841 1629 1859 a
1648 1832 1807 1867 quibusdam
1827 1833 1984 1859 Latinorum
1998 1835 2170 1862 Enumeratio

1132 1869 1158 1889 et
1172 1872 1329 1891 memoriam
1342 1865 1440 1892 iudicis
1454 1866 1558 1900 reficit,
1582 1874 1628 1894 etc.
1699 1868 1774 1894 Idem
1787 1877 1814 1901 4,
1827 1875 1840 1900 ς
1847 1875 1890 1902 pr.
1911 1870 2022 1895 Partitio
2034 1870 2070 1896 est
2082 1857 2182 1898 nostrat

1130 1908 1192 1926 rum
1210 1905 1255 1926 aut
1272 1899 1420 1940 aduersarii
1439 1902 1667 1937 propositionum,
1689 1910 1735 1929 aut
1754 1909 1941 1937 vti-arumque,
1965 1903 2061 1931 ordine
2085 1907 2182 1934 collata

1132 1941 1310 1962 enumeratio.
1416 1937 1474 1964 Cic.
1489 1937 1522 1964 de
1534 1938 1606 1965 Clar.
1620 1939 1695 1964 Orat.
1711 1943 1751 1970 138
1771 1939 1859 1971 Quam
1870 1939 1950 1965 multi
1962 1941 2033 1966 enini
2047 1942 2101 1968 iam
2113 1943 2181 1969 Ora-

21 1991 67 1997 —
101 1977 168 2002 Cum
192 1978 331 2008 argentum
356 1972 486 2006 legauerit
513 1980 611 2003 omne,
654 1979 794 2005 pecuniam
824 1979 933 2004 quoque
959 1969 1109 2006 legauit‚50
1131 1976 1203 1997 tores
1232 1972 1438 1998 commemorati
1463 1973 1541 2003 sunt,
1577 1978 1604 1999 et
1634 1972 1762 2008 quamdju
1788 1973 1818 2000 in
1857 1982 1952 2001 eorum
1979 1979 2181 2005 enumeratione

24 2019 90 2047 quae
102 2011 137 2038 est
149 2011 177 2037 in
189 2013 308 2044 argento.
367 2009 447 2035 Vnum
459 2007 539 2034 adhuc
551 2006 671 2033 addamus
684 2006 762 2032 Fabii
774 2007 851 2032 Iocum
864 2011 888 2037 8,
902 2013 925 2038 ς,
939 2014 955 2038 9
971 2005 1068 2037 Enthy-

1 2047 2 2062 ³
26 2056 110 2073 menia
122 2045 157 2074 est
169 2054 249 2072 omne
263 2043 335 2079 quod
345 2049 434 2070 mente
446 2042 611 2076 concipimus
628 2052 636 2072 ς
661 2042 770 2076 proprie
782 2047 869 2068 tamen
884 2041 991 2074 dicitur,
999 2050 1067 2076 quae

24 2083 61 2109 est
71 2082 196 2110 sententia
208 2089 240 2107 ex
252 2079 393 2106 contrariis
406 2084 545 2114 propterea
558 2077 632 2113 quod
647 2077 766 2104 eminere
781 2077 851 2103 inter
864 2082 978 2103 caeteras
992 2076 1068 2103 vide-

26 2123 86 2151 tur,
103 2123 131 2144 vt
143 2118 275 2144 Homerus
289 2116 382 2147 Poeta,
401 2114 464 2141 vrbs
479 2115 565 2141 Roma
600 2129 645 2133 -—
675 2116 751 2149 ponit
764 2114 897 2147 exemplum
909 2122 938 2138 ex
952 2112 1007 2138 Cic.
1017 2121 1066 2146 pro

28 2153 86 2188 Lig.
99 2162 121 2180 c.
132 2161 151 2186 4
169 2154 290 2186 Qorum
303 2150 387 2185 igitur
399 2150 560 2185 impunitas,
576 2149 687 2182 Caesar,
708 2154 768 2175 tuae
781 2148 936 2174 clementiae
949 2147 1006 2173 laus
1020 2147 1066 2179 est,
1075 2160 1103 2186 55

0 2209 2 2217 .
30 2196 122 2215 eorum
138 2194 164 2216 te
187 2188 302 2222 ipsorum
322 2186 355 2213 ad
375 2185 557 2213 crudelitatem
576 2191 651 2211 acuet
665 2184 754 2211 oratio
770 2185 779 2210 3
851 2184 920 2210 Haec
931 2183 1067 2214 enthyme-

0 2218 2 2237 ³
28 2230 96 2252 mata
113 2225 151 2251 ita
163 2221 293 2259 iffitffauit
309 2229 378 2248 aetas
388 2222 491 2258 sequior
510 2227 651 2253 oratorum,
674 2223 717 2256 qui
729 2218 855 2253 nihilfine
863 2219 991 2254 fintentia
1006 2221 1068 2244 eius-

25 2259 92 2286 modi
102 2265 172 2286 acuta
183 2269 216 2289 ex.
218 2258 390 2295 pugnantibus
402 2257 484 2284 dicere
496 2256 600 2289 vellent,
620 2263 649 2282 vt
661 2257 703 2282 hic
708 2254 747 2289 fit
759 2258 827 2281 inter
831 2254 923 2290 fontes
934 2260 1066 2290 corruptae

23 2295 176 2330 eloquentiae.
210 2296 292 2321 Etiam
304 2300 431 2320 matronas
443 2291 534 2327 inuafit
546 2291 643 2319 morbus
656 2302 664 2317 .-
700 2292 792 2317 quen.
806 2291 856 2317 Sat.
870 2292 896 2322 6,
909 2294 962 2324 448

174 2330 239 2357 Non
252 2329 346 2356 habeat
361 2335 497 2361 matrona,
516 2327 568 2354 tibi
583 2337 649 2363 quae
663 2327 754 2354 iuneia
770 2325 912 2358 recumbit,

175 2365 287 2392 Dicendi
301 2374 396 2400 genus,
415 2370 460 2392 aut
473 2365 585 2391 Curium
600 2364 719 2390 sermone
736 2368 826 2389 rotato

175 2401 317 2435 Torqueat
332 2400 514 2432 enthymema,
533 2408 581 2426 nec
595 2398 718 2426 historias
731 2398 794 2425 sciat
808 2407 909 2424 onmes.

22 2436 136 2464 Curtum
148 2443 268 2468 vocatur,
285 2436 348 2470 quod
361 2435 458 2461 breuius
471 2436 564 2467 multo,
584 2443 656 2471 quam
672 2434 831 2469 Syllogzsmus
843 2432 1001 2459 concluditur
1010 2452 1018 2465 ‚
1036 2437 1067 2458 vt

20 2471 138 2499 vidimus.
173 2469 362 2506 Diligetztiffime
375 2469 583 2502 Enthymematie
599 2472 719 2496 rationem
733 2469 876 2504 persecutus
894 2466 926 2501 est
945 2469 1067 2502 peculiari

22 2549 109 2570 meina
130 2539 172 2574 effe
199 2540 366 2576 Syllogismum
389 2543 537 2571 oratorium,
563 2549 700 2576 quocunque
724 2540 816 2566 demum
843 2539 910 2566 modo
927 2540 1065 2574 prolatum,

0 2583 1 2591 ¹
16 2578 127 2614 Jitmtum
140 2585 155 2602 a
167 2576 334 2610 consentaneis
350 2582 374 2601 et
383 2575 469 2612 figm's
482 2586 489 2601 :
526 2585 573 2611 qua
591 2579 688 2602 ratione
707 2574 881 2608 Enthymeina
900 2578 950 2601 iam
968 2584 1017 2601 non
1030 2573 1064 2608 est

0 2615 1 2627 ¹
23 2611 86 2640 illud
99 2611 213 2646 Cogito,
232 2619 295 2645 ergo
309 2610 366 2637 sum
381 2622 387 2638 :
423 2610 456 2644 2st
468 2614 531 2637 enim
544 2620 573 2637 ex
584 2610 733 2644 nectstariir.

58 2653 75 2674 Ε
84 2653 105 2673 Ν
114 2653 163 2673 ‘ru
175 2653 193 2672 *t
203 2653 228 2674 M
237 2653 253 2673 E
262 2653 287 2673 Μ
298 2652 321 2673 Α
330 2653 351 2672 T
361 2654 371 2673 1
380 2653 399 2673 ο
410 2654 443 2679 N,
457 2647 475 2673 i.
496 2656 521 2672 n.
543 2647 642 2672 Dimin.
650 2647 907 2672 Commentatiumula.
923 2645 992 2671 Gell.
1001 2647 1039 2676 16,
1048 2653 1066 2671 1.

21 2718 80 2746 tull.
96 2717 196 2744 aduers.
210 2716 269 2743 Val.
282 2725 303 2743 c.
314 2724 331 2748 9
343 2723 366 2742 et
379 2724 418 2750 14.
453 2715 528 2742 Idem
540 2715 572 2741 de
579 2716 728 2749 Praescript.
742 2724 763 2741 c.
773 2722 800 2749 7.

56 2759 207 2785 ENTiA,
232 2751 285 2778 vid.
303 2757 382 2778 ENs.

55 2795 72 2815 E
83 2795 106 2814 N
116 2795 138 2815 Τ
149 2793 169 2813 0
178 2794 195 2814 C
204 2794 224 2813 H
236 2795 256 2814 V
264 2794 277 2814 s
286 2807 296 2819 ,
314 2787 333 2813 i.
356 2796 392 2814 m.
427 2783 576 2820 [Ἔποχος]
610 2785 755 2813 statuarius
777 2784 886 2817 nobilis,
903 2787 974 2811 cuius
991 2790 1064 2821 opera

19 2823 127 2859 recenset
143 2822 209 2849 Plin.
222 2824 267 2854 36,
281 2830 303 2855 ς.

56 2864 271 2890 ΕΝΤΟΜΟΝ,
298 2867 317 2884 i.
349 2866 375 2883 n.
411 2856 543 2891 [ἒῖιτομον]

21 2898 97 2930 grum
111 2899 221 2925 vocant,
241 2901 354 2928 purgans
366 2901 414 2927 per
433 2892 546 2918 inferna.
581 2891 698 2925 Quidam
719 2890 894 2923 Polyrrhizon
912 2896 1063 2925 nuncupant

17 2931 87 2958 Plin.
118 2937 159 2962 ις,
192 2937 213 2963 ς.
250 2928 376 2955 Harduin.
409 2927 549 2954 Ee'tomon.
747 2924 768 2963 ff
788 2935 804 2953 2
839 2927 916 2954 Alias
933 2927 1062 2960 Emonia,

22 2967 111 3000 ξ’ντομσι
125 2963 311 3000 Graecitsunt,
330 2972 391 3000 quae
403 2965 494 2990 Latine
506 2962 607 2989 Infecta
619 2961 745 2990 dicuntur.
764 2971 790 2989 v.
803 2971 830 2989 v.

406 3026 433 3056 E
530 3025 562 3057 N
665 3025 695 3056 V

57 3079 76 3100 E
83 3080 106 3099 N
113 3080 135 3099 v
145 3079 161 3100 Β
168 3079 179 3098 1
188 3078 205 3098 1.
212 3077 231 3099 o
239 3091 249 3105 ,
268 3075 321 3099 are.
358 3071 540 3107 obscuritatem
553 3077 576 3098 et
584 3071 652 3097 velut
662 3070 746 3097 nubila
757 3070 839 3097 tollere
847 3090 855 3103 ‚
875 3070 996 3106 lucemque
1003 3070 1062 3097 adeo

24 3107 131 3134 reddere.
165 3107 282 3134 Tertull.
304 3107 405 3134 aduers.
423 3108 506 3134 Marc.
526 3117 554 3142 4,
572 3114 604 3141 37
630 3108 665 3133 Vt
676 3116 730 3133 non
743 3107 818 3141 prius
831 3106 896 3133 hanc
909 3107 1062 3133 caecitatem

0 3141 2 3162 l
24 3142 138 3169 hominis
150 3143 223 3169 illius
236 3143 398 3170 enubilasset.
469 3143 544 3170 Idem
559 3142 637 3177 Apol.
649 3152 670 3169 c.
685 3150 712 3176 35
732 3141 883 3169 Clarislimis
896 3142 1009 3168 lucernis
1017 3152 1061 3168 ve-

25 3177 119 3204 stibula
132 3178 314 3211 enubilabant,
331 3180 355 3206 h.
370 3188 391 3206 e.
403 3177 569 3211 illustrabant.
604 3178 651 3206 Sed
661 3177 828 3205 Nubilabant
847 3178 903 3205 MS.
917 3179 958 3204 vel
969 3177 1062 3205 Nebu-

27 3213 114 3240 labant
128 3223 137 3250 z*
166 3213 330 3241 Nubilabant
341 3216 448 3241 Hauerc.
463 3218 481 3241 i.
490 3215 605 3251 fuligine
625 3214 780 3240 obducebant.

1 3251 2 3258 ¹
62 3255 80 3287 17:
89 3255 110 3274 N
118 3254 139 3274 V
147 3255 163 3274 Β
171 3255 181 3273 1
189 3256 205 3275 L
214 3250 261 3276 ᾸΤ
270 3256 290 3276 v
299 3257 311 3277 s
320 3269 327 3281 ,
346 3259 361 3276 a
368 3270 377 3283 ,
395 3259 449 3276 um.
468 3250 561 3277 Partic.
598 3250 707 3277 Paullin.
721 3249 803 3276 lamb.
816 3248 847 3275 ad
855 3247 933 3280 Cyth.
947 3257 972 3274 ν.
981 3250 1042 3283 667.

62 3289 80 3310 E
90 3291 112 3309 Ν
121 3289 165 3322 ν-Β
173 3290 183 3309 1
193 3289 240 3311 LA
251 3291 298 3312 Νι)
307 3292 348 3312 vs
356 3306 364 3318 ,
385 3295 399 3312 a
408 3306 417 3318 ‚
437 3295 492 3313 um.
512 3285 604 3312 Partic.
641 3285 760 3312 Tertull.
776 3285 807 3311 de
822 3285 916 3311 Anima
931 3293 953 3310 c.
967 3292 989 3316 3.

63 3325 81 3345 E
93 3324 215 3358 NVBO,
233 3319 284 3353 psi,
301 3326 390 3355 ptum,
408 3324 462 3348 ere.
504 3319 667 3355 [ἒκγοιμίζω]
705 3321 802 3348 Nubere
821 3326 893 3346 extra
910 3326 1006 3355 gentem
1023 3320 1064 3346 vel

27 3354 146 3381 ordinem.
186 3353 245 3380 Liu.
257 3363 295 3387 10,
307 3365 336 3388 23
355 3357 505 3392 Virginiam
526 3357 590 3384 Auli
608 3356 692 3383 filiam
711 3356 864 3391 patriciam,
885 3354 990 3389 plebeio
1015 3364 1063 3381 nu-

57 2690 74 2709 Ε
84 2690 106 2709 N
115 2689 136 2708 Τ
145 2688 166 2708 H
175 2689 194 2708 Y
202 2689 227 2708 M
235 2683 252 2707 fi
260 2687 272 2707 S
282 2689 291 2707 1
299 2689 312 2708 s
320 2701 329 2713 ,
346 2682 378 2707 is.
402 2682 422 2707 f.
458 2680 626 2714 [ἒνθῦμησις]
663 2683 788 2716 Cogitatio
796 2699 805 2712 ,
824 2684 959 2707 inuentum.
995 2680 1065 2706 Ter·
1080 2688 1116 2714 70
1129 2680 1186 2705 Cic.
1202 2678 1234 2704 de
1249 2678 1324 2704 Orat.
1338 2686 1358 2710 1,
1371 2684 1418 2709 118.

578 2856 668 2882 Vnum
688 2855 803 2882 ellebori
821 2864 917 2889 genus,
939 2854 1010 2890 quod
1023 2856 1104 2893 ni-75
1125 2855 1182 2881 &tus
1196 2860 1221 2882 et
1236 2854 1378 2881 secundum
1390 2861 1511 2882 naturam
1523 2856 1674 2883 enuntiatus
1695 2857 1829 2891 Qunffil.
1843 2866 1869 2891 2,
1883 2866 1905 2892 5.

1130 2006 1268 2032 versamur
1276 2007 1286 2032 ζ

1166 2048 1184 2067 Ε
1192 2048 1213 2067 N
1223 2048 1243 2067 v
1252 2048 1278 2081 ni
1287 2048 1361 2082 ian-A
1371 2049 1393 2069 T
1403 2049 1427 2083 ν
1434 2049 1447 2069 s
1455 2062 1464 2076 ‚
1487 2051 1502 2069 a
1510 2062 1519 2076 ,
1543 2051 1598 2070 um.
1624 2043 1719 2070 Partic.
1756 2044 1818 2070 Liu.
1832 2052 1856 2076 3,
1872 2049 1900 2078 58
1926 2045 2030 2080 Septem
2041 2052 2067 2073 et
2081 2047 2181 2083 viginti

1130 2082 1291 2103 enumeratis
1305 2077 1453 2111 stipendiis.

1153 2119 1182 2154 *E
1192 2119 1214 2138 N
1224 2119 1244 2137 v
1254 2119 1275 2138 N
1283 2119 1302 2139 D
1312 2114 1321 2138 i'
1330 2120 1352 2139 N
1361 2119 1381 2139 Ο
1390 2133 1398 2144 ,
1412 2118 1471 2153 ,ΞΤ-θ.
1507 2113 1688 2148 [καπηλεύειν]
1724 2114 1865 2155 Cauponari
1872 2135 1880 2148 ,
1896 2122 1926 2142 vt
1948 2126 2048 2144 mercem
2071 2120 2181 2155 aliquam

1128 2148 1203 2173 vilem
1216 2146 1337 2175 tranare.
1374 2149 1504 2183 Spiritum
1516 2146 1635 2174 sanetum
1649 2150 1814 2177 enundinare
1823 2151 1941 2178 Tertull.
1955 2152 1987 2179 de
1999 2153 2094 2180 Idolol.
2104 2164 2126 2182 e.
2134 2163 2160 2187 9.

1164 2189 1182 2208 E
1191 2189 1212 2209 N
1223 2190 1241 2208 V
1251 2190 1273 2208 N
1282 2189 1333 2222 qv
1343 2189 1366 2210 A
1375 2190 1400 2210 M
1408 2203 1417 2215 ,
1437 2183 1578 2218 Ecquando
1592 2195 1598 2210 :
1634 2185 1791 2219 Antiquum.
1829 2186 1927 2214 Festus.
1964 2186 2007 2222 Est
2014 2192 2102 2224 potius
2115 2190 2181 2218 diul-

1122 2217 1172 2252 fim
1185 2217 1320 2254 legendum.
1357 2219 1416 2245 Vni.
1431 2226 1472 2246 EN
1490 2228 1516 2245 n.
1532 2228 1556 2246 2.

1166 2260 1182 2279 E
1191 2261 1212 2280 N
1224 2260 1244 2279 ν
1254 2260 1277 2280 Ν
1286 2261 1308 2280 Τ
1317 2260 1327 2280 1
1335 2260 1370 2287 ο,
1407 2258 1458 2281 are.
1481 2290 1486 2294 ι
1496 2255 1605 2290 [ἐκφέρω
1612 2275 1621 2287 ‚
1643 2254 1785 2290 οἷποφαίνω]
1823 2257 1992 2285 Pronuntiare
1999 2279 2007 2291 ,
2044 2259 2179 2290 declarare.

1129 2289 1186 2316 Cic.
1200 2288 1232 2315 de
1246 2289 1305 2315 Fin.
1319 2298 1342 2324 2,
1355 2298 1389 2323 34
1407 2290 1531 2316 Breuiter
1545 2291 1697 2318 enuntiatae
1710 2292 1863 2319 sententiae.
1968 2294 2042 2321 Idem
2056 2296 2089 2323 de
2103 2298 2179 2326 Orat.

1073 2334 1109 2360 60
1129 2333 1153 2357 3,
1170 2327 1215 2351 166
1235 2324 1339 2351 Videtis
1360 2325 1485 2360 profecto
1504 2334 1585 2360 genus
1606 2326 1656 2353 hoc
1670 2333 1772 2360 totum,
1792 2337 1875 2362 quum
1887 2328 1986 2356 inflexo
2004 2339 2179 2360 commutato-

1130 2369 1182 2394 que
1197 2359 1283 2387 verbo
1294 2369 1336 2388 res
1347 2360 1438 2387 eadem
1452 2362 1620 2394 enuntiatur,
1640 2363 1769 2389 ornatius.
1875 2364 2033 2392 Orationem
2055 2369 2133 2396 Αιιὲὶ.
2145 2369 2177 2396 ad

1128 2397 1228 2436 Hneren.
1241 2405 1265 2429 3,
1278 2405 1317 2429 23.
1433 2397 1577 2424 Enuntiare
1591 2397 1683 2425 verbis
1713 2398 1770 2425 Cic.
1785 2397 1862 2425 Acad.
1879 2409 1897 2433 1,
1909 2402 1935 2426 6.
2022 2403 2178 2439 significare,

1128 2432 1251 2472 C¹.‘·.A.“·
1266 2441 1284 2462 1,
1322 2451 1330 2458 .
1368 2451 1376 2458 .
1410 2432 1441 2459 Et
1454 2441 1542 2460 amans
1555 2433 1596 2460 tui
1611 2433 1682 2460 visus
1691 2434 1737 2467 est,
1747 2440 1773 2461 et
1785 2434 1854 2466 talis,
1861 2436 1966 2469 qualem
1980 2437 2028 2463 esse
2043 2447 2104 2465 euin
2118 2446 2178 2466 tuae

1127 2467 1197 2493 mihi
1210 2467 1302 2494 literae
1314 2467 1492 2495 enuntiarant.
1599 2470 1755 2506 Diuulgare,
1774 2479 1803 2496 ex
1821 2479 1900 2496 onere.
1938 2472 1993 2497 Cic.
2012 2473 2084 2499 Fam.
2107 2484 2148 2507 10,
2163 2480 2178 2506 8

16 2504 184 2544 praeleffione
204 2507 256 2532 Iac.
278 2505 448 2537 Facciolatus,
468 2511 492 2531 et
513 2503 617 2538 ostendit
635 2504 664 2530 de
683 2503 827 2537 Amstotclis
832 2505 958 2540 sententia
968 2503 1065 2535 Enthy-
1086 2504 1118 2536 65
1126 2503 1192 2529 Non
1205 2503 1277 2530 enim
1291 2504 1461 2537 praeteritam
1475 2504 1578 2539 culpam
1586 2504 1675 2531 videri
1687 2504 1752 2531 volo
1764 2513 1793 2530 re
1813 2504 1915 2536 emisse,
1931 2505 1974 2531 sed
1982 2507 2098 2541 optimae
2104 2518 2177 2536 men.

1126 2540 1160 2565 tis
1169 2539 1281 2573 cogitata
1294 2539 1453 2573 iampridem
1466 2546 1572 2566 maturo
1586 2545 1707 2573 tempore
1720 2539 1868 2565 enuntiare.
1937 2541 2080 2570 Enuntiare
2093 2545 2176 2572 consi-

1127 2575 1164 2601 lia
1175 2575 1323 2600 amicorum
1337 2574 1511 2604 aduersariis,
1541 2574 1567 2600 h.
1580 2583 1601 2599 e.
1615 2575 1731 2609 Retegere
1749 2575 1804 2600 Cic.
1817 2583 1866 2608 pro
1879 2575 1955 2602 Rosc.
1971 2577 2059 2605 Amer.
2073 2588 2105 2606 11.
2125 2589 2176 2614 pro

1127 2610 1163 2649 L..
1173 2611 1235 2643 Agr.
1245 2618 1261 2648 *2
1273 2618 1294 2634 c.
1311 2617 1352 2641 34.
1424 2609 1551 2641 Mysteria
1563 2608 1670 2635 dicendi
1690 2609 1747 2635 Cic.
1761 2609 1793 2636 de
1806 2610 1881 2636 Orat.
1898 2620 1914 2643 ι,
1928 2615 1988 2638 206.
2096 2616 2177 2643 Com.

1128 2645 1201 2669 missa
1220 2645 1276 2670 Cic.
1290 2643 1373 2671 Tusc.
1386 2651 1413 2676 2,
1427 2652 1452 2676 31
1467 2653 1489 2670 c.
1502 2652 1536 2676 13.
1654 2644 1731 2678 Apud
1743 2644 1881 2676 homines,
1899 2647 1972 2680 quod
1993 2649 2101 2676 tacitum
2121 2658 2176 2679 erat

1514 2678 1663 2706 Distortum
1676 2679 1832 2706 enuntiandi
1850 2689 1930 2714 genus
1953 2682 2010 2710 Cic.
2025 2684 2057 2710 de
2070 2686 2134 2713 Fato
2148 2690 2176 2714 16

1128 2723 1150 2740 c.
1164 2719 1186 2743 8.
1258 2714 1299 2740 Sic
1322 2713 1402 2740 Acad.
1419 2722 1438 2748 4
1464 2723 1486 2740 c.
1509 2723 1537 2747 ¹9
1561 2714 1773 2741 Fundamentum
1792 2714 1947 2743 dialecticae
1967 2718 2019 2752 est,
2042 2721 2175 2757 quidquid

1125 2749 1294 2781 enuntietur,
1311 2754 1358 2775 aut
1369 2758 1463 2776 verum
1478 2750 1527 2776 esse
1535 2754 1580 2776 aut
1595 2750 1691 2776 falsum
1703 2757 1749 2779 etc.
1822 2751 1898 2788 Conf.
1912 2753 1981 2788 Nep.
1993 2764 2026 2789 4,
2041 2765 2075 2789 4,
2089 2760 2115 2784 6,
2150 2765 2175 2786 ,ε

1130 2785 1212 2812 Plaut.
1227 2785 1309 2811 Trin.
1321 2793 1340 2816 1,
1354 2793 1377 2819 2,
1389 2786 1445 2811 106.

1161 2827 1178 2846 E
1188 2827 1210 2847 N
1220 2827 1240 2846 v
1250 2827 1271 2845 N
1280 2826 1302 2845 T
1311 2827 1321 2845 1
1331 2819 1353 2845 Ᾰ
1361 2827 1383 2846 Τ
1393 2826 1414 2846 ν
1422 2827 1435 2846 s
1444 2841 1453 2854 ,
1466 2829 1495 2852 a,
1508 2828 1563 2846 um.
1588 2820 1684 2848 Partic.
1719 2820 1906 2857 [ἀποφανθᾰς]
1948 2825 1998 2857 Vt,
2024 2826 2116 2855 Sermo
2135 2838 2176 2856 re.

1211 2891 1215 2895 Ι
1975 2861 2024 2888 Per
2044 2863 2175 2892 indicium

1125 2896 1261 2917 enuntiata
1273 2899 1314 2917 res
1334 2891 1407 2917 Caes.
1421 2891 1450 2918 B.
1466 2892 1498 2918 G.
1516 2898 1540 2923 1,
1553 2900 1581 2925 4,
1597 2900 1616 2917 1.

1159 2934 1176 2954 Ε
1186 2933 1208 2966 Ν
1217 2933 1237 2952 ν
1247 2934 1270 2953 N
1279 2934 1300 2954 T
1309 2934 1319 2953 1
1329 2927 1378 2954 ᾹΤ
1387 2934 1408 2954 ν
1418 2934 1443 2967 Μ
1451 2946 1458 2958 ,
1479 2927 1496 2953 i.
1522 2935 1548 2953 n.
1586 2926 1768 2961 [α’πόφασμοι]
1805 2925 1848 2961 Est
1865 2932 1955 2961 oratio,
1967 2940 2053 2959 verum
2065 2941 2109 2960 aut
2116 2935 2175 2971 fal-

1119 2961 1175 2998 firm
1182 2962 1341 2998 significans.
1401 2963 1458 2990 Cic.
1473 2961 1505 2988 de
1517 2963 1583 2989 Fato
1601 2971 1627 2996 ¹9
1642 2972 1664 2989 c.
1677 2972 1695 2996 9
1725 2963 1783 2990 Nec
1803 2964 1822 2990 si
1836 2973 1915 2991 omne
1928 2968 2110 3002 enuntiatum,
2129 2977 2175 2999 aut

1124 3007 1219 3024 verum
1247 3004 1292 3025 aut
1316 2998 1412 3024 falsum
1425 2998 1476 3031 est,
1496 2999 1616 3033 sequitur
1630 2998 1707 3026 illico
1720 2999 1807 3026 causas
1821 3000 1870 3027 esse
1882 3001 2072 3031 immutabiles.
2114 3006 2174 3034 Vid.

1161 3077 1177 3096 E
1187 3076 1266 3110 NVN
1278 3076 1299 3096 T
1311 3076 1321 3096 1
1332 3077 1355 3096 A
1364 3075 1387 3096 Τ
1400 3076 1440 3095 IV
1449 3075 1507 3103 VS,
1540 3078 1570 3102 a,
1601 3078 1655 3096 um.
1687 3069 1749 3097 Adi.
1784 3070 1980 3106 [oe’nacpocvrtxds]
2015 3075 2071 3110 Qo
2089 3079 2175 3103 vritur

1124 3106 1181 3131 Sen.
1204 3105 1282 3139 Epist.
1304 3112 1342 3140 117
1358 3114 1384 3140 p.
1403 3112 1461 3140 579.
1498 3106 1588 3132 Locum
1625 3114 1722 3132 oriemur
1741 3112 1819 3132 totum
1835 3117 1843 3131 :
1880 3107 1943 3133 Sunt
1958 3114 2066 3136 naturae
2079 3120 2171 3146 corpo-

1123 3150 1197 3176 rum,
1218 3147 1358 3175 tanquam,
1378 3141 1429 3166 Hic
1440 3141 1509 3167 homo
1525 3141 1575 3172 est,
1611 3145 1636 3167 ic
1648 3150 1720 3177 equus
1734 3152 1741 3165 .·
1779 3141 1824 3167 has
1846 3141 1940 3169 deinde
1956 3145 2100 3179 sequuntur
2113 3156 2170 3174 rno-

1125 3182 1166 3203 tus
1179 3177 1332 3203 animorum
1345 3176 1506 3203 enuntiatiui
1525 3185 1677 3212 corporum.
1713 3176 1751 3203 Hi
1771 3176 1867 3204 habent
1886 3180 2025 3213 proprium
2044 3181 2171 3215 quiddam

1079 3042 1112 3069 80
1124 3044 1179 3060 mox
1196 3040 1459 3061 ENVNTIATIVVS.

1080 3219 1108 3248 83
1126 3218 1153 3238 et
1169 3221 1183 3238 a
1197 3212 1354 3247 corporibus
1367 3211 1520 3246 seduftur'n,
1535 3218 1676 3248 tanquam,
1695 3212 1766 3238 video
1779 3213 1894 3239 Catonem
1906 3215 2075 3242 ambulantem.
2112 3219 2172 3245 Hoc

1124 3249 1212 3274 sensus
1226 3247 1357 3280 ostendit,
1376 3248 1479 3275 animus
1491 3248 1583 3275 credit.
1620 3249 1722 3282 Corpus
1735 3247 1771 3274 est
1784 3248 1856 3282 quod
1874 3249 1968 3283 video,
1986 3252 2029 3277 cui
2044 3252 2134 3279 oeulos
2145 3260 2171 3281 et

1126 3284 1244 3310 animum
1257 3284 1368 3310 intendi.
1422 3284 1491 3311 Dico
1511 3283 1605 3310 deinde
1615 3303 1622 3315 ‚
1641 3284 1700 3310 Cato
1721 3283 1828 3310 ambulat
1841 3295 1849 3309 :
1885 3294 1940 3311 non
1954 3294 2047 3320 corpus
2061 3289 2172 3322 quidem

1126 3319 1178 3349 est,
1195 3319 1268 3354 quod
1280 3328 1349 3346 nunc
1363 3319 1462 3354 loquor
1475 3330 1482 3351 ;
1518 3319 1562 3346 sed
1575 3318 1771 3345 enuntiatiuum
1784 3319 1912 3354 quiddam
1924 3320 1955 3347 de
1967 3330 2089 3357 corpore,
2097 3325 2170 3360 quod

1126 3355 1175 3382 alii
1189 3355 1295 3382 effatum
1310 3361 1422 3388 vocant,
1437 3355 1484 3381 alii
1498 3355 1678 3387 enuntiatum,
1692 3354 1739 3381 alii
1751 3354 1878 3382 edie'lum.

25 3396 96 3425 ptam
118 3389 147 3415 L.
168 3389 310 3417 Volumnio
332 3397 398 3420 cos.
418 3398 570 3426 matronae,
591 3392 664 3427 quod
683 3402 697 3419 e
718 3392 838 3420 Patribus
859 3390 1009 3425 enupsisset,
1026 3391 1063 3418 sa·
1078 3403 1114 3429 90
1160 3398 1177 3418 Ε
1189 3397 1210 3417 N
1223 3398 1243 3417 v
1254 3397 1276 3417 N
1287 3397 1470 3418 T1AT1VE.
1488 3390 1556 3417 Adu.
1590 3394 1610 3417 i.
1623 3391 1797 3423 Declaratiue,
1814 3390 1882 3425 apud
1892 3391 1973 3417 ICtos.

25 3425 76 3452 cris
90 3429 237 3451 arcuerunt.
646 3444 649 3446 .

62 3467 110 3487 EN
122 3466 141 3484 V
150 3467 165 3485 P
174 3466 195 3485 Τ
208 3465 216 3484 1
228 3465 248 3485 Ο
257 3479 266 3491 ,
283 3461 347 3488 onis.
372 3463 393 3490 f.
428 3463 591 3498 [ἓκγοέμισις]
634 3464 684 3496 Vt,
701 3463 816 3498 Enuptio
830 3462 932 3496 gentis,
946 3468 995 3496 pro
1004 3463 1062 3488 Iure

26 3499 168 3537 nuptiarum
180 3500 251 3534 extra
264 3502 363 3530 gentem.
398 3499 457 3526 Liu.
471 3508 513 3533 39,
527 3508 555 3533 19
574 3500 610 3525 Vt
623 3499 745 3533 Hispalae
765 3498 890 3525 Feceniae
910 3497 999 3530 datio,
1023 3497 1062 3524 di-

27 3537 158 3562 minutio,
179 3535 262 3570 gentis
286 3533 407 3566 enuptio,
426 3536 521 3562 tutoris
547 3535 624 3570 optio
645 3535 682 3561 ita
700 3535 776 3567 esset,
797 3533 867 3569 quali
887 3534 912 3559 ei
930 3533 974 3560 vir
987 3533 1061 3560 testa-

27 3573 115 3593 mento
130 3565 244 3592 dedisset.

28 3602 90 3629 ther.
102 3602 129 3628 de
147 3603 200 3628 Vct.
214 3602 267 3627 lur.
283 3602 354 3627 Pont.
367 3612 404 3633 11,
415 3614 439 3638 7.

63 3643 272 3668 ENVBRVM,
297 3635 350 3662 vid.
378 3644 558 3669 lNEBRAE.

61 3678 254 3704 ENVCLEQ
273 3675 326 3698 fite·
363 3673 511 3709 [vocanda-2,
530 3677 687 3712 ἐξομαλύνω]
725 3677 830 3711 Proprie
847 3674 880 3708 est
893 3676 1016 3710 Aperire,
1036 3680 1060 3700 et

29 3709 135 3735 nucleum
146 3718 161 3734 a
168 3710 297 3743 putamine
311 3708 446 3735 extrahere.
479 3711 551 3745 Apic,
565 3723 592 3747 4,
605 3721 618 3747 5
635 3712 766 3739 Dura-ina
780 3711 938 3738 enucleabis,
1010 3711 1059 3736 Per

0 3762 2 3774 ,
30 3742 229 3776 translationem,
246 3750 294 3778 pro
309 3744 443 3770 Declarare
460 3751 482 3770 et
501 3749 638 3782 explanare.
674 3750 713 3775 De
730 3757 816 3784 genere
835 3746 935 3773 dicendi
951 3746 1060 3772 Antonii
1066 3759 1113 3777 ¹00
1122 3745 1225 3779 lucida,
1244 3752 1271 3773 et
1283 3746 1402 3774 breuiter
1415 3745 1600 3780 comprehensa
1613 3742 1702 3770 verbis
1715 3744 1872 3773 enuntiatio.

0 3780 2 3819 ᾗ
32 3783 141 3807 oratoris.
211 3779 268 3805 Cic.
287 3777 320 3805 de
340 3779 413 3805 Orat.
428 3787 451 3811 3,
462 3787 492 3820 βξ
502 3789 526 3814 ε.
537 3790 554 3814 9
576 3784 606 3810 Et
619 3792 650 3810 ex
665 3785 741 3810 omni
754 3789 828 3818 parte
843 3782 932 3810 causae
945 3782 1058 3816 septum,

0 3823 2 3846 ,⁴
33 3818 103 3846 aete,
121 3819 239 3846 acutum,
261 3814 441 3847 enucleatum,
459 3822 488 3840 in
501 3824 653 3852 vnaquaque
664 3828 693 3846 re
707 3827 881 3846 commorans.
936 3816 1059 3844 Enuclea-

0 3852 1 3871 1
34 3852 102 3880 tum,
119 3849 187 3884 quod
205 3856 294 3884 aperte
315 3856 341 3876 et
360 3849 477 3876 dilucide
489 3851 590 3877 causam
602 3854 720 3888 explicat.
793 3853 866 3880 Ideni
881 3853 909 3879 in
922 3853 1012 3880 Partit.
1027 3860 1058 3887 57

0 3891 1 3894 ¹
32 3890 58 3924 c.
67 3890 95 3918 17
109 3883 162 3911 Nec
175 3885 318 3920 quidquam
331 3887 360 3912 in
372 3885 577 3921 amplificatione
585 3887 664 3914 nimis
675 3889 866 3917 enucleandum
877 3888 922 3916 est.
939 3889 964 3916 h.
973 3898 991 3915 e.
1000 3889 1059 3915 Cum

30 3922 105 3945 nimia
117 3929 173 3948 cura
184 3921 351 3948 tractandum.

175 3963 258 3984 voi.
294 3958 334 3984 11.

1067 3933 1155 3965 105110
1169 3934 1194 3952 v.
1214 3931 1276 3959 770.

1160 3433 1177 3453 E
1186 3433 1208 3453 N
1217 3433 1238 3452 V
1247 3434 1269 3453 N
1277 3434 1298 3453 T
1309 3433 1348 3453 ΙΑ
1356 3433 1378 3453 Τ
1386 3432 1407 3452 V
1417 3433 1436 3453 R
1444 3433 1466 3453 A
1473 3446 1482 3459 ,
1500 3435 1539 3453 ae.
1570 3426 1590 3452 f.
1626 3428 1733 3453 Ponitur
1750 3426 1795 3452 hoc
1814 3435 1897 3451 nomen
1918 3436 1934 3452 a
1948 3427 2029 3460 Goefio
2043 3431 2069 3454 in
2083 3429 2170 3458 Indice

1124 3466 1151 3488 in
1165 3463 1205 3489 rei
1219 3470 1303 3497 agrar.
1317 3463 1416 3496 scriptt.
1430 3462 1455 3489 h.
1468 3472 1500 3488 m.
1536 3462 1691 3488 Enuntiatio
1705 3469 1728 3487 ec
1740 3461 1916 3487 Enunciatura
1929 3460 1962 3495 est
1970 3469 2000 3498 p.
2015 3474 2058 3498 217
2073 3466 2169 3492 Geome-

1122 3505 1177 3524 trae
1190 3498 1354 3524 determinata
1369 3497 1485 3538 efcprffo
1497 3498 1621 3534 mensurae
1626 3517 1635 3530 ‚
1648 3507 1719 3533 quam
1731 3506 1746 3523 a
1755 3499 1794 3537 qit-
1831 3495 1880 3535 :Sed
1889 3505 1913 3531 p.
1927 3505 1975 3533 217
1990 3499 2019 3525 in
2033 3501 2127 3536 fragm.
2136 3502 2169 3529 de

1122 3533 1232 3560 limitib.
1253 3533 1469 3560 Enuntiationern
1481 3536 1597 3565 inuenio,
1610 3542 1657 3559 non
1671 3535 1729 3558 item
1762 3536 1949 3559 nuntiaturam.

286 3566 342 3592 Vid.
355 3568 389 3593 ibi
402 3570 505 3598 Gronou.
525 3577 549 3597 et
560 3569 629 3607 conf.
647 3571 755 3598 Turneb.
770 3569 876 3606 AduerJ]
886 3579 925 3602 30,
938 3579 975 3604 25.
1012 3570 1061 3595 Gu-
1080 3579 1112 3605 93
1136 3572 1141 3574 ‘
1160 3577 1176 3596 Ε
1186 3576 1237 3595 Νν
1247 3576 1297 3596 ΝΤ
1309 3576 1317 3595 1
1327 3576 1378 3595 AT
1390 3575 1400 3594 1
1412 3575 1446 3601 0,
1474 3569 1541 3596 finis.
1570 3569 1590 3595 f.
1626 3566 1792 3601 [οἷπόφανσις]
1829 3567 1895 3593 Idem
1913 3568 1978 3604 quod
1997 3570 2167 3599 Enuntiatum.

1124 3605 1179 3631 Cic.
1195 3604 1226 3630 de
1241 3605 1305 3631 Fato
1320 3613 1329 3631 1
1346 3604 1505 3639 Explicanda
1518 3605 1559 3631 vis
1574 3603 1626 3635 est,
1646 3603 1768 3636 ratioque
1782 3602 2004 3638 enuntiationum,
2012 3614 2079 3640 quae
2087 3608 2168 3635 Grae-

1123 3640 1147 3666 ci
1168 3639 1300 3673 α’ξιώματα
1313 3645 1424 3672 vocant,
1444 3648 1511 3674 quae
1529 3639 1561 3666 de
1574 3647 1602 3665 re
1616 3638 1721 3668 futura,
1742 3646 1824 3671 quum
1837 3638 1941 3673 aliquid
1955 3639 2060 3674 dicunt,
2080 3642 2167 3678 deque

1123 3684 1166 3707 eo,
1178 3675 1250 3709 quod
1263 3675 1337 3710 poslit
1350 3675 1409 3702 fieri
1421 3681 1530 3702 autnon
1543 3673 1632 3709 possit,
1651 3681 1730 3707 quam
1744 3672 1800 3699 vim
1817 3672 1944 3705 habeant,
1964 3676 2074 3704 obscura
2090 3687 2167 3713 quae-

1121 3710 1172 3736 stio
1186 3710 1231 3737 est.
1266 3711 1314 3738 Sed
1325 3721 1389 3737 mere
1401 3711 1498 3737 verbale
1510 3708 1544 3742 4st
1558 3707 1667 3741 Qun&
1682 3715 1709 3742 7,
1721 3717 1743 3740 3,
1757 3717 1770 3734 2
1802 3709 1905 3738 Finitio
1918 3711 1954 3737 est
1970 3714 2078 3747 propria
2089 3721 2115 3741 et
2127 3714 2167 3740 cli—

1468 3781 1473 3785 .
1530 3780 1535 3784 ἡ
1721 3779 1726 3784 “
1759 3780 1763 3784 Ι
1943 3747 1985 3775 Sic
1997 3756 2024 3781 9,
2039 3757 2058 3781 1,
2069 3757 2099 3782 23
2123 3750 2164 3776 Fi-

1122 3790 1187 3817 gura
1199 3791 1253 3809 non
1265 3782 1302 3808 est
1315 3782 1421 3817 simplex
1435 3789 1474 3808 rei
1494 3787 1622 3814 cuiusque
1636 3784 1793 3807 enuntiatio.

1158 3825 1232 3844 ENV
1242 3825 1264 3844 N
1273 3819 1343 3845 ΤιᾹ
1353 3824 1374 3844 Τ
1384 3825 1403 3844 o
1415 3824 1433 3843 R
1442 3836 1450 3848 ,
1470 3816 1533 3841 oris.
1551 3823 1588 3841 m.
1624 3814 1701 3850 Apud
1713 3815 1785 3842 ICeos
1796 3819 1823 3842 in
1838 3816 1900 3851 Dig.

1156 3860 1173 3880 E
1183 3861 1205 3879 N
1214 3860 1235 3879 V
1244 3861 1265 3879 N
1274 3861 1296 3880 T
1304 3860 1313 3879 1
1321 3855 1344 3880 Ᾱ
1354 3859 1376 3879 Τ
1387 3859 1405 3878 R
1414 3860 1422 3878 1
1432 3859 1450 3878 x
1458 3870 1467 3883 ‚
1496 3850 1551 3877 icis.
1584 3851 1604 3877 f.
1641 3849 1832 3888 [ἐποφοίντμα]
1868 3852 1999 3886 Qinffll.
2024 3862 2051 3885 2,
2074 3862 2100 3887 ις
2111 3874 2118 3885 ,
2136 3863 2163 3881 21

1120 3888 1169 3915 Ars
1184 3889 1333 3921 inuentrix,
1350 3893 1376 3915 et
1388 3886 1548 3920 iudicatrix,
1567 3892 1593 3914 et
1606 3886 1776 3914 enuntiatrix.
1812 3888 1884 3924 Conf.
1893 3887 2013 3916 Prudent.
2028 3889 2057 3915 in
2069 3890 2163 3917 Roma-

1421 3957 1443 3984 A
1464 3965 1478 3984 a
1498 3964 1513 3984 a
2081 3964 2159 3986 ENV.
