<?xml version="1.0" encoding="UTF-8"?>
<!DOCTYPE html PUBLIC "-//W3C//DTD XHTML 1.0 Transitional//EN"
    "http://www.w3.org/TR/xhtml1/DTD/xhtml1-transitional.dtd">
<html xmlns="http://www.w3.org/1999/xhtml" xml:lang="en" lang="en">
 <head>
  <title>
</title>
<meta http-equiv="Content-Type" content="text/html;charset=utf-8" />
  <meta name='ocr-system' content='tesseract 3.04.00' />
  <meta name='ocr-capabilities' content='ocr_page ocr_carea ocr_par ocr_line ocrx_word'/>
</head>
<body>
  <div class='ocr_page' id='page_1' title='image "./novuslinguaeeter02gesn_0605.png"; bbox 0 0 2479 4225; ppageno 0'>
   <div class='ocr_carea' id='block_1_1' title="bbox 32 3097 201 3135">
    <p class='ocr_par' dir='ltr' id='par_1_1' title="bbox 32 3097 201 3135">
     <span class='ocr_line' id='line_1_1' title="bbox 32 3097 201 3135; baseline 0.006 -7"><span class='ocrx_word' id='word_1_1' title='bbox 32 3097 117 3133; x_wconf 53' lang='lat'>&#39;‘28</span> <span class='ocrx_word' id='word_1_2' title='bbox 138 3112 201 3135; x_wconf 90' lang='lat' dir='ltr'>c.9.</span> 
     </span>
    </p>
   </div>
   <div class='ocr_carea' id='block_1_2' title="bbox 34 3315 1129 3386">
    <p class='ocr_par' dir='ltr' id='par_1_2' title="bbox 34 3315 1129 3386">
     <span class='ocr_line' id='line_1_2' title="bbox 34 3315 280 3355; baseline -0.012 -12"><span class='ocrx_word' id='word_1_3' title='bbox 34 3325 43 3355; x_wconf 47' lang='lat' dir='ltr'>,s</span> <span class='ocrx_word' id='word_1_4' title='bbox 83 3317 141 3350; x_wconf 82' lang='lat' dir='ltr'>gin.</span> <span class='ocrx_word' id='word_1_5' title='bbox 156 3315 208 3342; x_wconf 79' lang='lat' dir='ltr'>fab.</span> <span class='ocrx_word' id='word_1_6' title='bbox 225 3317 280 3341; x_wconf 83' lang='lat'>126.</span> 
     </span>
     <span class='ocr_line' id='line_1_3' title="bbox 39 3350 1129 3386; baseline -0.003 -7"><span class='ocrx_word' id='word_1_7' title='bbox 39 3362 42 3365; x_wconf 88' lang='grc'><em>·</em></span> <span class='ocrx_word' id='word_1_8' title='bbox 85 3353 149 3379; x_wconf 88' lang='lat' dir='ltr'>Diu.</span> <span class='ocrx_word' id='word_1_9' title='bbox 164 3352 240 3377; x_wconf 89' lang='lat' dir='ltr'>Verr.</span> <span class='ocrx_word' id='word_1_10' title='bbox 254 3353 284 3376; x_wconf 90' lang='lat'>61</span> <span class='ocrx_word' id='word_1_11' title='bbox 306 3350 335 3376; x_wconf 85' lang='lat' dir='ltr'>Si</span> <span class='ocrx_word' id='word_1_12' title='bbox 351 3357 396 3377; x_wconf 88' lang='lat' dir='ltr'>aut</span> <span class='ocrx_word' id='word_1_13' title='bbox 407 3351 458 3378; x_wconf 88' lang='lat' dir='ltr'>hoc</span> <span class='ocrx_word' id='word_1_14' title='bbox 472 3360 485 3377; x_wconf 80' lang='lat' dir='ltr'>a</span> <span class='ocrx_word' id='word_1_15' title='bbox 500 3361 542 3378; x_wconf 88' lang='grc'>1110</span> <span class='ocrx_word' id='word_1_16' title='bbox 555 3352 638 3378; x_wconf 87' lang='lat' dir='ltr'>Siculi</span> <span class='ocrx_word' id='word_1_17' title='bbox 656 3361 712 3378; x_wconf 88' lang='lat' dir='ltr'>non</span> <span class='ocrx_word' id='word_1_18' title='bbox 725 3351 859 3386; x_wconf 77' lang='lat' dir='ltr'>petissent,</span> <span class='ocrx_word' id='word_1_19' title='bbox 878 3356 922 3377; x_wconf 88' lang='lat' dir='ltr'>aut</span> <span class='ocrx_word' id='word_1_20' title='bbox 936 3350 1005 3377; x_wconf 88' lang='lat' dir='ltr'>mihi</span> <span class='ocrx_word' id='word_1_21' title='bbox 1019 3359 1079 3376; x_wconf 88' lang='lat' dir='ltr'>cum</span> <span class='ocrx_word' id='word_1_22' title='bbox 1090 3350 1129 3376; x_wconf 86' lang='lat' dir='ltr'>Si-</span> 
     </span>
    </p>
   </div>
   <div class='ocr_carea' id='block_1_3' title="bbox 34 3529 252 3556">
    <p class='ocr_par' dir='ltr' id='par_1_3' title="bbox 34 3529 252 3556">
     <span class='ocr_line' id='line_1_4' title="bbox 34 3529 252 3556; baseline -0.014 0"><span class='ocrx_word' id='word_1_23' title='bbox 34 3548 43 3553; x_wconf 67' lang='lat'>.</span> <span class='ocrx_word' id='word_1_24' title='bbox 87 3529 252 3556; x_wconf 60' lang='grc'>1111121101*-</span> 
     </span>
    </p>
   </div>
   <div class='ocr_carea' id='block_1_4' title="bbox 5 3699 126 3735">
    <p class='ocr_par' dir='ltr' id='par_1_4' title="bbox 5 3699 126 3735">
     <span class='ocr_line' id='line_1_5' title="bbox 5 3699 126 3735; baseline 0 -6"><span class='ocrx_word' id='word_1_25' title='bbox 5 3699 126 3735; x_wconf 60' lang='lat'>‘213.</span> 
     </span>
    </p>
   </div>
   <div class='ocr_carea' id='block_1_5' title="bbox 0 1155 50 3978">
    <p class='ocr_par' dir='ltr' id='par_1_5' title="bbox 0 1155 50 3978">
     <span class='ocr_line' id='line_1_6' title="bbox 0 1155 50 3978; baseline 0 0"><span class='ocrx_word' id='word_1_26' title='bbox 0 1155 50 3978; x_wconf 95' lang='lat' dir='ltr'> </span> 
     </span>
    </p>
   </div>
   <div class='ocr_carea' id='block_1_6' title="bbox 96 189 778 240">
    <p class='ocr_par' dir='ltr' id='par_1_6' title="bbox 96 189 778 240">
     <span class='ocr_line' id='line_1_7' title="bbox 96 189 778 240; baseline -0.003 -9"><span class='ocrx_word' id='word_1_27' title='bbox 96 200 172 240; x_wconf 82' lang='grc'>1173</span> <span class='ocrx_word' id='word_1_28' title='bbox 491 189 509 230; x_wconf 90' lang='lat'>1</span> <span class='ocrx_word' id='word_1_29' title='bbox 603 189 648 232; x_wconf 91' lang='lat' dir='ltr'>N</span> <span class='ocrx_word' id='word_1_30' title='bbox 732 189 778 229; x_wconf 93' lang='lat' dir='ltr'>T</span> 
     </span>
    </p>
   </div>
   <div class='ocr_carea' id='block_1_7' title="bbox 78 277 1140 950">
    <p class='ocr_par' dir='ltr' id='par_1_7' title="bbox 78 277 1140 905">
     <span class='ocr_line' id='line_1_8' title="bbox 78 277 1139 313; baseline -0.003 -7"><span class='ocrx_word' id='word_1_31' title='bbox 78 306 81 310; x_wconf 69' lang='grc'>,</span> <span class='ocrx_word' id='word_1_32' title='bbox 97 280 118 306; x_wconf 69' lang='grc' dir='ltr'>ἰ.</span> <span class='ocrx_word' id='word_1_33' title='bbox 132 277 217 312; x_wconf 70' lang='lat' dir='ltr'>mensis</span> <span class='ocrx_word' id='word_1_34' title='bbox 233 277 403 305; x_wconf 72' lang='lat' dir='ltr'>intercalaris.</span> <span class='ocrx_word' id='word_1_35' title='bbox 457 277 529 305; x_wconf 83' lang='lat' dir='ltr'>Idem</span> <span class='ocrx_word' id='word_1_36' title='bbox 541 278 613 306; x_wconf 82' lang='lat' dir='ltr'>Fam.</span> <span class='ocrx_word' id='word_1_37' title='bbox 629 280 658 310; x_wconf 87' lang='grc'>6,</span> <span class='ocrx_word' id='word_1_38' title='bbox 679 287 709 312; x_wconf 88' lang='lat'>14</span> <span class='ocrx_word' id='word_1_39' title='bbox 733 278 788 313; x_wconf 82' lang='lat' dir='ltr'>Ego</span> <span class='ocrx_word' id='word_1_40' title='bbox 806 277 876 305; x_wconf 86' lang='lat' dir='ltr'>idem</span> <span class='ocrx_word' id='word_1_41' title='bbox 897 282 983 304; x_wconf 87' lang='lat' dir='ltr'>tamen</span> <span class='ocrx_word' id='word_1_42' title='bbox 1004 286 1085 311; x_wconf 87' lang='lat' dir='ltr'>quum</span> <span class='ocrx_word' id='word_1_43' title='bbox 1106 278 1139 304; x_wconf 83' lang='lat' dir='ltr'>ad</span> 
     </span>
     <span class='ocr_line' id='line_1_9' title="bbox 100 313 1138 349; baseline -0.002 -9"><span class='ocrx_word' id='word_1_44' title='bbox 100 314 224 348; x_wconf 86' lang='lat' dir='ltr'>quintum</span> <span class='ocrx_word' id='word_1_45' title='bbox 231 313 357 340; x_wconf 84' lang='lat' dir='ltr'>Calendas</span> <span class='ocrx_word' id='word_1_46' title='bbox 372 314 537 340; x_wconf 77' lang='lat' dir='ltr'>intercalares</span> <span class='ocrx_word' id='word_1_47' title='bbox 550 315 652 349; x_wconf 88' lang='lat' dir='ltr'>priores</span> <span class='ocrx_word' id='word_1_48' title='bbox 665 320 759 349; x_wconf 81' lang='lat' dir='ltr'>rogatu</span> <span class='ocrx_word' id='word_1_49' title='bbox 772 315 884 341; x_wconf 81' lang='lat' dir='ltr'>fratrum</span> <span class='ocrx_word' id='word_1_50' title='bbox 894 320 1001 339; x_wconf 85' lang='lat' dir='ltr'>tuorum</span> <span class='ocrx_word' id='word_1_51' title='bbox 1017 315 1138 339; x_wconf 76' lang='lat' dir='ltr'>vcnul&#39;cm</span> 
     </span>
     <span class='ocr_line' id='line_1_10' title="bbox 98 348 1138 385; baseline -0.002 -9"><span class='ocrx_word' id='word_1_52' title='bbox 98 357 176 376; x_wconf 87' lang='lat' dir='ltr'>mane</span> <span class='ocrx_word' id='word_1_53' title='bbox 195 348 226 375; x_wconf 85' lang='lat' dir='ltr'>ad</span> <span class='ocrx_word' id='word_1_54' title='bbox 240 349 385 376; x_wconf 76' lang='lat' dir='ltr'>Caesarem.</span> <span class='ocrx_word' id='word_1_55' title='bbox 438 351 529 385; x_wconf 74' lang='lat' dir='ltr'>Nempe</span> <span class='ocrx_word' id='word_1_56' title='bbox 548 349 580 382; x_wconf 80' lang='lat' dir='ltr'>cst</span> <span class='ocrx_word' id='word_1_57' title='bbox 601 353 624 376; x_wconf 84' lang='lat' dir='ltr'>is</span> <span class='ocrx_word' id='word_1_58' title='bbox 644 358 736 380; x_wconf 68' lang='lat' dir='ltr'>minut,</span> <span class='ocrx_word' id='word_1_59' title='bbox 756 353 782 375; x_wconf 84' lang='lat' dir='ltr'>in</span> <span class='ocrx_word' id='word_1_60' title='bbox 801 359 846 384; x_wconf 84' lang='lat' dir='ltr'>quo</span> <span class='ocrx_word' id='word_1_61' title='bbox 859 348 947 383; x_wconf 68' lang='lat' dir='ltr'>Caqsltr</span> <span class='ocrx_word' id='word_1_62' title='bbox 972 348 1032 374; x_wconf 72' lang='lat' dir='ltr'>duos</span> <span class='ocrx_word' id='word_1_63' title='bbox 1050 350 1138 385; x_wconf 58' lang='lat' dir='ltr'>&#39;limfis</span> 
     </span>
     <span class='ocr_line' id='line_1_11' title="bbox 99 385 1137 418; baseline 0 -8"><span class='ocrx_word' id='word_1_64' title='bbox 99 386 269 412; x_wconf 57' lang='lat' dir='ltr'>intercalant.</span> <span class='ocrx_word' id='word_1_65' title='bbox 339 385 476 412; x_wconf 86' lang='lat' dir='ltr'>Censorin.</span> <span class='ocrx_word' id='word_1_66' title='bbox 503 394 525 411; x_wconf 84' lang='lat' dir='ltr'>c.</span> <span class='ocrx_word' id='word_1_67' title='bbox 544 393 578 411; x_wconf 88' lang='lat'>20</span> <span class='ocrx_word' id='word_1_68' title='bbox 611 386 678 411; x_wconf 88' lang='lat' dir='ltr'>Cmn</span> <span class='ocrx_word' id='word_1_69' title='bbox 701 385 884 411; x_wconf 79' lang='lat' dir='ltr'>intercalarem</span> <span class='ocrx_word' id='word_1_70' title='bbox 906 385 1020 409; x_wconf 79' lang='lat' dir='ltr'>inensem</span> <span class='ocrx_word' id='word_1_71' title='bbox 1039 385 1137 418; x_wconf 83' lang='lat' dir='ltr'>viginti</span> 
     </span>
     <span class='ocr_line' id='line_1_12' title="bbox 100 416 1138 454; baseline 0.001 -9"><span class='ocrx_word' id='word_1_72' title='bbox 100 416 199 452; x_wconf 80' lang='lat' dir='ltr'>duiim,</span> <span class='ocrx_word' id='word_1_73' title='bbox 216 418 259 446; x_wconf 88' lang='lat' dir='ltr'>vel</span> <span class='ocrx_word' id='word_1_74' title='bbox 272 419 370 454; x_wconf 81' lang='lat' dir='ltr'>viginti</span> <span class='ocrx_word' id='word_1_75' title='bbox 386 421 468 447; x_wconf 85' lang='lat' dir='ltr'>trium</span> <span class='ocrx_word' id='word_1_76' title='bbox 482 420 584 447; x_wconf 87' lang='lat' dir='ltr'>dierum</span> <span class='ocrx_word' id='word_1_77' title='bbox 606 421 713 447; x_wconf 81' lang='lat' dir='ltr'>alternis</span> <span class='ocrx_word' id='word_1_78' title='bbox 734 421 808 447; x_wconf 80' lang='lat' dir='ltr'>annis</span> <span class='ocrx_word' id='word_1_79' title='bbox 820 418 881 445; x_wconf 82' lang='lat' dir='ltr'>addi</span> <span class='ocrx_word' id='word_1_80' title='bbox 896 419 1041 452; x_wconf 51' lang='lat' dir='ltr'>pinnini-t.</span> <span class='ocrx_word' id='word_1_81' title='bbox 1064 430 1087 446; x_wconf 69' lang='lat' dir='ltr'>u·</span> <span class='ocrx_word' id='word_1_82' title='bbox 1103 420 1138 446; x_wconf 90' lang='lat' dir='ltr'>ci-</span> 
     </span>
     <span class='ocr_line' id='line_1_13' title="bbox 98 454 1139 491; baseline -0.001 -9"><span class='ocrx_word' id='word_1_83' title='bbox 98 454 163 482; x_wconf 89' lang='lat' dir='ltr'>vilis</span> <span class='ocrx_word' id='word_1_84' title='bbox 174 463 257 485; x_wconf 84' lang='lat' dir='ltr'>annus</span> <span class='ocrx_word' id='word_1_85' title='bbox 270 457 300 481; x_wconf 86' lang='lat' dir='ltr'>ad</span> <span class='ocrx_word' id='word_1_86' title='bbox 316 456 460 483; x_wconf 88' lang='lat' dir='ltr'>naturalem</span> <span class='ocrx_word' id='word_1_87' title='bbox 475 461 665 491; x_wconf 81' lang='lat' dir='ltr'>exaequaretur</span> <span class='ocrx_word' id='word_1_88' title='bbox 679 466 685 482; x_wconf 85' lang='lat'>:</span> <span class='ocrx_word' id='word_1_89' title='bbox 710 456 738 482; x_wconf 91' lang='lat' dir='ltr'>in</span> <span class='ocrx_word' id='word_1_90' title='bbox 753 455 838 482; x_wconf 83' lang='lat' dir='ltr'>mense</span> <span class='ocrx_word' id='word_1_91' title='bbox 855 454 1013 488; x_wconf 79' lang='lat' dir='ltr'>potillimnm</span> <span class='ocrx_word' id='word_1_92' title='bbox 1030 456 1139 482; x_wconf 57' lang='grc'>10111113-</span> 
     </span>
     <span class='ocr_line' id='line_1_14' title="bbox 98 489 1140 526; baseline 0 -10"><span class='ocrx_word' id='word_1_93' title='bbox 98 490 158 523; x_wconf 75' lang='lat' dir='ltr'>rio,</span> <span class='ocrx_word' id='word_1_94' title='bbox 178 491 248 517; x_wconf 87' lang='lat' dir='ltr'>inter</span> <span class='ocrx_word' id='word_1_95' title='bbox 262 491 431 518; x_wconf 80' lang='lat' dir='ltr'>Terminalia</span> <span class='ocrx_word' id='word_1_96' title='bbox 450 498 480 518; x_wconf 77' lang='lat' dir='ltr'>et</span> <span class='ocrx_word' id='word_1_97' title='bbox 490 491 659 526; x_wconf 80' lang='lat' dir='ltr'>Regifugium</span> <span class='ocrx_word' id='word_1_98' title='bbox 674 491 854 518; x_wconf 76' lang='lat' dir='ltr'>intercalatum</span> <span class='ocrx_word' id='word_1_99' title='bbox 868 489 911 515; x_wconf 83' lang='lat' dir='ltr'>est.</span> <span class='ocrx_word' id='word_1_100' title='bbox 983 491 1070 517; x_wconf 70' lang='lat' dir='ltr'>(jelius</span> <span class='ocrx_word' id='word_1_101' title='bbox 1085 491 1100 516; x_wconf 88' lang='lat' dir='ltr'>l.</span> <span class='ocrx_word' id='word_1_102' title='bbox 1109 496 1140 523; x_wconf 81' lang='lat'>98</span> 
     </span>
     <span class='ocr_line' id='line_1_15' title="bbox 96 520 1139 562; baseline 0 -10"><span class='ocrx_word' id='word_1_103' title='bbox 96 520 123 562; x_wconf 51' lang='grc' dir='ltr'>ᾖ.</span> <span class='ocrx_word' id='word_1_104' title='bbox 138 534 149 552; x_wconf 89' lang='grc'>1</span> <span class='ocrx_word' id='word_1_105' title='bbox 169 525 202 552; x_wconf 90' lang='lat' dir='ltr'>de</span> <span class='ocrx_word' id='word_1_106' title='bbox 216 526 246 552; x_wconf 91' lang='lat' dir='ltr'>V.</span> <span class='ocrx_word' id='word_1_107' title='bbox 262 526 285 553; x_wconf 82' lang='lat' dir='ltr'>S.</span> <span class='ocrx_word' id='word_1_108' title='bbox 305 528 371 554; x_wconf 85' lang='lat' dir='ltr'>Cato</span> <span class='ocrx_word' id='word_1_109' title='bbox 386 533 458 562; x_wconf 91' lang='lat' dir='ltr'>putat</span> <span class='ocrx_word' id='word_1_110' title='bbox 471 528 584 555; x_wconf 86' lang='lat' dir='ltr'>mensem</span> <span class='ocrx_word' id='word_1_111' title='bbox 601 527 781 553; x_wconf 83' lang='lat' dir='ltr'>intercalarem</span> <span class='ocrx_word' id='word_1_112' title='bbox 794 525 949 552; x_wconf 88' lang='lat' dir='ltr'>additicimn</span> <span class='ocrx_word' id='word_1_113' title='bbox 965 527 1022 558; x_wconf 73' lang='lat' dir='ltr'>else,</span> <span class='ocrx_word' id='word_1_114' title='bbox 1037 535 1139 552; x_wconf 81' lang='lat' dir='ltr'>omnes-</span> 
     </span>
     <span class='ocr_line' id='line_1_16' title="bbox 100 561 1138 597; baseline 0.001 -11"><span class='ocrx_word' id='word_1_115' title='bbox 100 570 153 595; x_wconf 88' lang='lat' dir='ltr'>que</span> <span class='ocrx_word' id='word_1_116' title='bbox 166 561 222 588; x_wconf 90' lang='lat' dir='ltr'>eius</span> <span class='ocrx_word' id='word_1_117' title='bbox 237 561 291 588; x_wconf 75' lang='lat' dir='ltr'>dies</span> <span class='ocrx_word' id='word_1_118' title='bbox 304 572 353 597; x_wconf 88' lang='lat' dir='ltr'>pro</span> <span class='ocrx_word' id='word_1_119' title='bbox 366 570 503 589; x_wconf 88' lang='lat' dir='ltr'>momento</span> <span class='ocrx_word' id='word_1_120' title='bbox 518 563 645 597; x_wconf 85' lang='lat' dir='ltr'>temporis</span> <span class='ocrx_word' id='word_1_121' title='bbox 658 562 796 592; x_wconf 71' lang='lat' dir='ltr'>obstruat,</span> <span class='ocrx_word' id='word_1_122' title='bbox 817 567 986 594; x_wconf 75' lang='lat' dir='ltr'>extremoque</span> <span class='ocrx_word' id='word_1_123' title='bbox 1002 562 1054 587; x_wconf 80' lang='lat' dir='ltr'>dici</span> <span class='ocrx_word' id='word_1_124' title='bbox 1069 569 1138 588; x_wconf 84' lang='lat' dir='ltr'>men-</span> 
     </span>
     <span class='ocr_line' id='line_1_17' title="bbox 97 596 604 632; baseline 0.002 -9"><span class='ocrx_word' id='word_1_125' title='bbox 97 596 131 623; x_wconf 85' lang='lat' dir='ltr'>fis</span> <span class='ocrx_word' id='word_1_126' title='bbox 145 596 285 624; x_wconf 82' lang='lat' dir='ltr'>Februarii</span> <span class='ocrx_word' id='word_1_127' title='bbox 301 597 431 625; x_wconf 87' lang='lat' dir='ltr'>adtribuit</span> <span class='ocrx_word' id='word_1_128' title='bbox 445 599 481 632; x_wconf 76' lang='lat' dir='ltr'>Q</span> <span class='ocrx_word' id='word_1_129' title='bbox 492 598 604 625; x_wconf 86' lang='lat' dir='ltr'>Mucius.</span> 
     </span>
     <span class='ocr_line' id='line_1_18' title="bbox 97 631 1138 668; baseline 0.001 -10"><span class='ocrx_word' id='word_1_130' title='bbox 97 639 132 658; x_wconf 81' lang='lat' dir='ltr'>ex</span> <span class='ocrx_word' id='word_1_131' title='bbox 144 631 237 659; x_wconf 80' lang='lat' dir='ltr'>diebus</span> <span class='ocrx_word' id='word_1_132' title='bbox 249 634 346 668; x_wconf 84' lang='lat' dir='ltr'>viginti</span> <span class='ocrx_word' id='word_1_133' title='bbox 360 633 431 659; x_wconf 72' lang='lat' dir='ltr'>ocio.</span> <span class='ocrx_word' id='word_1_134' title='bbox 525 633 588 660; x_wconf 84' lang='lat' dir='ltr'>Dies</span> <span class='ocrx_word' id='word_1_135' title='bbox 609 632 771 660; x_wconf 86' lang='lat' dir='ltr'>intercalaris</span> <span class='ocrx_word' id='word_1_136' title='bbox 789 631 856 658; x_wconf 91' lang='lat' dir='ltr'>Plin.</span> <span class='ocrx_word' id='word_1_137' title='bbox 876 640 908 662; x_wconf 80' lang='lat'>2,</span> <span class='ocrx_word' id='word_1_138' title='bbox 927 637 949 661; x_wconf 88' lang='lat'>8.</span> <span class='ocrx_word' id='word_1_139' title='bbox 1019 632 1138 659; x_wconf 87' lang='lat' dir='ltr'>Macrob.</span> 
     </span>
     <span class='ocr_line' id='line_1_19' title="bbox 98 666 1138 703; baseline 0 -9"><span class='ocrx_word' id='word_1_140' title='bbox 98 667 204 694; x_wconf 86' lang='lat' dir='ltr'>Saturn.</span> <span class='ocrx_word' id='word_1_141' title='bbox 220 677 239 695; x_wconf 86' lang='lat'>1.</span> <span class='ocrx_word' id='word_1_142' title='bbox 255 678 291 700; x_wconf 75' lang='lat'>¹4·</span> <span class='ocrx_word' id='word_1_143' title='bbox 359 666 454 694; x_wconf 86' lang='lat' dir='ltr'>Mensis</span> <span class='ocrx_word' id='word_1_144' title='bbox 467 667 640 701; x_wconf 77' lang='lat' dir='ltr'>intercalaris,</span> <span class='ocrx_word' id='word_1_145' title='bbox 659 667 707 703; x_wconf 88' lang='lat' dir='ltr'>qui</span> <span class='ocrx_word' id='word_1_146' title='bbox 719 667 901 698; x_wconf 78' lang='lat' dir='ltr'>intercalatur,</span> <span class='ocrx_word' id='word_1_147' title='bbox 919 668 972 698; x_wconf 70' lang='lat' dir='ltr'>vel.</span> <span class='ocrx_word' id='word_1_148' title='bbox 990 667 1017 693; x_wconf 87' lang='lat' dir='ltr'>in</span> <span class='ocrx_word' id='word_1_149' title='bbox 1030 677 1084 702; x_wconf 89' lang='lat' dir='ltr'>quo</span> <span class='ocrx_word' id='word_1_150' title='bbox 1100 668 1138 694; x_wconf 85' lang='lat' dir='ltr'>in-</span> 
     </span>
     <span class='ocr_line' id='line_1_20' title="bbox 96 702 1139 738; baseline 0 -9"><span class='ocrx_word' id='word_1_151' title='bbox 96 704 250 729; x_wconf 72' lang='lat' dir='ltr'>:ei-calatur.</span> <span class='ocrx_word' id='word_1_152' title='bbox 291 702 364 738; x_wconf 87' lang='lat' dir='ltr'>Conf.</span> <span class='ocrx_word' id='word_1_153' title='bbox 384 703 444 730; x_wconf 90' lang='lat' dir='ltr'>Liu.</span> <span class='ocrx_word' id='word_1_154' title='bbox 466 713 493 737; x_wconf 89' lang='lat'>1,</span> <span class='ocrx_word' id='word_1_155' title='bbox 513 713 550 737; x_wconf 89' lang='lat'>¹9·</span> <span class='ocrx_word' id='word_1_156' title='bbox 793 711 806 728; x_wconf 98' lang='grc'>2</span> <span class='ocrx_word' id='word_1_157' title='bbox 844 703 938 729; x_wconf 83' lang='lat' dir='ltr'>Versus</span> <span class='ocrx_word' id='word_1_158' title='bbox 960 704 1139 735; x_wconf 77' lang='lat' dir='ltr'>intercalares,</span> 
     </span>
     <span class='ocr_line' id='line_1_21' title="bbox 96 735 1139 774; baseline 0.004 -13"><span class='ocrx_word' id='word_1_159' title='bbox 96 735 215 773; x_wconf 70' lang='lat' dir='ltr'>quifint,</span> <span class='ocrx_word' id='word_1_160' title='bbox 235 736 346 764; x_wconf 74' lang='lat' dir='ltr'>declarat</span> <span class='ocrx_word' id='word_1_161' title='bbox 359 738 431 765; x_wconf 85' lang='lat' dir='ltr'>Seru.</span> <span class='ocrx_word' id='word_1_162' title='bbox 444 739 478 765; x_wconf 80' lang='lat' dir='ltr'>ad</span> <span class='ocrx_word' id='word_1_163' title='bbox 489 741 563 774; x_wconf 83' lang='lat' dir='ltr'>Virg.</span> <span class='ocrx_word' id='word_1_164' title='bbox 577 739 629 765; x_wconf 82' lang='lat' dir='ltr'>Ecl.</span> <span class='ocrx_word' id='word_1_165' title='bbox 643 744 693 769; x_wconf 81' lang='lat' dir='ltr'>8‚2t</span> <span class='ocrx_word' id='word_1_166' title='bbox 714 739 808 765; x_wconf 80' lang='lat' dir='ltr'>Ducite</span> <span class='ocrx_word' id='word_1_167' title='bbox 821 737 854 765; x_wconf 91' lang='lat' dir='ltr'>ab</span> <span class='ocrx_word' id='word_1_168' title='bbox 866 738 940 764; x_wconf 85' lang='lat' dir='ltr'>Vrbe</span> <span class='ocrx_word' id='word_1_169' title='bbox 958 739 1066 765; x_wconf 77' lang='lat' dir='ltr'>donnini</span> <span class='ocrx_word' id='word_1_170' title='bbox 1081 748 1139 765; x_wconf 85' lang='lat' dir='ltr'>mea</span> 
     </span>
     <span class='ocr_line' id='line_1_22' title="bbox 98 771 1139 808; baseline 0.003 -11"><span class='ocrx_word' id='word_1_171' title='bbox 98 771 224 802; x_wconf 86' lang='lat' dir='ltr'>carmina,</span> <span class='ocrx_word' id='word_1_172' title='bbox 245 771 333 799; x_wconf 87' lang='lat' dir='ltr'>ducite</span> <span class='ocrx_word' id='word_1_173' title='bbox 348 774 489 808; x_wconf 82' lang='lat' dir='ltr'>Daphnim.</span> <span class='ocrx_word' id='word_1_174' title='bbox 547 775 652 801; x_wconf 81' lang='lat' dir='ltr'>Dicitur</span> <span class='ocrx_word' id='word_1_175' title='bbox 664 773 708 801; x_wconf 88' lang='lat' dir='ltr'>hic</span> <span class='ocrx_word' id='word_1_176' title='bbox 725 774 813 801; x_wconf 85' lang='lat' dir='ltr'>versus</span> <span class='ocrx_word' id='word_1_177' title='bbox 827 773 1002 806; x_wconf 67' lang='lat' dir='ltr'>intercalaris,</span> <span class='ocrx_word' id='word_1_178' title='bbox 1023 775 1069 808; x_wconf 93' lang='lat' dir='ltr'>qui</span> <span class='ocrx_word' id='word_1_179' title='bbox 1090 775 1139 800; x_wconf 90' lang='lat' dir='ltr'>fre-</span> 
     </span>
     <span class='ocr_line' id='line_1_23' title="bbox 96 806 1138 843; baseline 0.002 -11"><span class='ocrx_word' id='word_1_180' title='bbox 96 814 208 842; x_wconf 78' lang='lat' dir='ltr'>quente-r</span> <span class='ocrx_word' id='word_1_181' title='bbox 227 808 283 841; x_wconf 89' lang='lat' dir='ltr'>post</span> <span class='ocrx_word' id='word_1_182' title='bbox 296 808 475 843; x_wconf 88' lang='lat' dir='ltr'>aliquantulos</span> <span class='ocrx_word' id='word_1_183' title='bbox 489 810 671 841; x_wconf 83' lang='lat' dir='ltr'>interponitur</span> <span class='ocrx_word' id='word_1_184' title='bbox 683 811 789 837; x_wconf 62' lang='lat' dir='ltr'>versus:</span> <span class='ocrx_word' id='word_1_185' title='bbox 821 806 882 833; x_wconf 84' lang='lat' dir='ltr'>sicut</span> <span class='ocrx_word' id='word_1_186' title='bbox 897 807 1063 834; x_wconf 79' lang='lat' dir='ltr'>intercalares</span> <span class='ocrx_word' id='word_1_187' title='bbox 1082 808 1138 835; x_wconf 76' lang='lat' dir='ltr'>dies</span> 
     </span>
     <span class='ocr_line' id='line_1_24' title="bbox 94 842 1138 882; baseline 0.002 -14"><span class='ocrx_word' id='word_1_188' title='bbox 94 847 144 869; x_wconf 78' lang='lat' dir='ltr'>aut</span> <span class='ocrx_word' id='word_1_189' title='bbox 166 843 266 882; x_wconf 77' lang='lat' dir='ltr'>menses</span> <span class='ocrx_word' id='word_1_190' title='bbox 287 851 431 877; x_wconf 86' lang='lat' dir='ltr'>vocantur,</span> <span class='ocrx_word' id='word_1_191' title='bbox 458 844 506 878; x_wconf 87' lang='lat' dir='ltr'>qui</span> <span class='ocrx_word' id='word_1_192' title='bbox 526 843 749 878; x_wconf 85' lang='lat' dir='ltr'>interponuntur,</span> <span class='ocrx_word' id='word_1_193' title='bbox 768 848 797 869; x_wconf 89' lang='lat' dir='ltr'>vt</span> <span class='ocrx_word' id='word_1_194' title='bbox 817 842 888 869; x_wconf 90' lang='lat' dir='ltr'>ratio</span> <span class='ocrx_word' id='word_1_195' title='bbox 906 843 994 869; x_wconf 88' lang='lat' dir='ltr'>Lunae</span> <span class='ocrx_word' id='word_1_196' title='bbox 1017 844 1138 878; x_wconf 83' lang='lat' dir='ltr'>Solisque</span> 
     </span>
     <span class='ocr_line' id='line_1_25' title="bbox 94 883 248 905; baseline -0.006 0"><span class='ocrx_word' id='word_1_197' title='bbox 94 883 248 905; x_wconf 82' lang='lat' dir='ltr'>conueniat.</span> 
     </span>
    </p>

    <p class='ocr_par' dir='ltr' id='par_1_8' title="bbox 133 911 1138 950">
     <span class='ocr_line' id='line_1_26' title="bbox 133 911 1138 950; baseline 0.001 -11"><span class='ocrx_word' id='word_1_198' title='bbox 133 919 143 938; x_wconf 95' lang='lat'>1</span> <span class='ocrx_word' id='word_1_199' title='bbox 153 920 174 940; x_wconf 84' lang='lat' dir='ltr'>N</span> <span class='ocrx_word' id='word_1_200' title='bbox 186 920 207 940; x_wconf 90' lang='grc' dir='ltr'><strong>Τ</strong></span> <span class='ocrx_word' id='word_1_201' title='bbox 216 921 232 940; x_wconf 80' lang='lat' dir='ltr'>E</span> <span class='ocrx_word' id='word_1_202' title='bbox 241 920 260 940; x_wconf 84' lang='lat' dir='ltr'>R</span> <span class='ocrx_word' id='word_1_203' title='bbox 269 920 316 941; x_wconf 83' lang='lat' dir='ltr'>CA</span> <span class='ocrx_word' id='word_1_204' title='bbox 325 920 341 940; x_wconf 87' lang='lat' dir='ltr'>L</span> <span class='ocrx_word' id='word_1_205' title='bbox 350 921 400 941; x_wconf 83' lang='lat' dir='ltr'>AR</span> <span class='ocrx_word' id='word_1_206' title='bbox 409 920 418 940; x_wconf 89' lang='lat'>1</span> <span class='ocrx_word' id='word_1_207' title='bbox 427 920 488 947; x_wconf 86' lang='lat' dir='ltr'>vs,</span> <span class='ocrx_word' id='word_1_208' title='bbox 507 922 532 947; x_wconf 84' lang='lat' dir='ltr'>a,</span> <span class='ocrx_word' id='word_1_209' title='bbox 551 923 606 940; x_wconf 90' lang='lat' dir='ltr'>um.</span> <span class='ocrx_word' id='word_1_210' title='bbox 642 913 702 940; x_wconf 87' lang='lat' dir='ltr'>Adi.</span> <span class='ocrx_word' id='word_1_211' title='bbox 736 911 936 947; x_wconf 64' lang='grc' dir='ltr'>[ἕμξολιμκῖος]</span> <span class='ocrx_word' id='word_1_212' title='bbox 973 913 1054 945; x_wconf 69' lang='lat' dir='ltr'>Idem,</span> <span class='ocrx_word' id='word_1_213' title='bbox 1073 914 1138 950; x_wconf 75' lang='lat' dir='ltr'>quod</span> 
     </span>
    </p>
   </div>
   <div class='ocr_carea' id='block_1_8' title="bbox 1163 427 1177 452">
    <p class='ocr_par' dir='ltr' id='par_1_9' title="bbox 1163 427 1177 452">
     <span class='ocr_line' id='line_1_27' title="bbox 1163 427 1177 452; baseline 0 0"><span class='ocrx_word' id='word_1_214' title='bbox 1163 427 1177 452; x_wconf 80' lang='lat'>5·</span> 
     </span>
    </p>
   </div>
   <div class='ocr_carea' id='block_1_9' title="bbox 1160 785 1185 810">
    <p class='ocr_par' dir='ltr' id='par_1_10' title="bbox 1160 785 1185 810">
     <span class='ocr_line' id='line_1_28' title="bbox 1160 785 1185 810; baseline 0 0"><span class='ocrx_word' id='word_1_215' title='bbox 1160 785 1185 810; x_wconf 78' lang='lat'>¹5</span> 
     </span>
    </p>
   </div>
   <div class='ocr_carea' id='block_1_10' title="bbox 92 947 1185 984">
    <p class='ocr_par' dir='ltr' id='par_1_11' title="bbox 92 947 1185 984">
     <span class='ocr_line' id='line_1_29' title="bbox 92 947 1185 984; baseline 0 -8"><span class='ocrx_word' id='word_1_216' title='bbox 92 947 270 976; x_wconf 66' lang='lat' dir='ltr'>intercalaris.</span> <span class='ocrx_word' id='word_1_217' title='bbox 305 949 367 976; x_wconf 89' lang='lat' dir='ltr'>Liu.</span> <span class='ocrx_word' id='word_1_218' title='bbox 381 958 423 984; x_wconf 86' lang='grc'>37,</span> <span class='ocrx_word' id='word_1_219' title='bbox 437 958 468 982; x_wconf 84' lang='lat'>59</span> <span class='ocrx_word' id='word_1_220' title='bbox 491 949 594 976; x_wconf 85' lang='lat' dir='ltr'>Trium</span> <span class='ocrx_word' id='word_1_221' title='bbox 615 948 689 975; x_wconf 89' lang='lat' dir='ltr'>hauit</span> <span class='ocrx_word' id='word_1_222' title='bbox 701 949 787 975; x_wconf 86' lang='lat' dir='ltr'>mense</span> <span class='ocrx_word' id='word_1_223' title='bbox 805 947 971 975; x_wconf 88' lang='lat' dir='ltr'>intercalario</span> <span class='ocrx_word' id='word_1_224' title='bbox 990 950 1074 983; x_wconf 83' lang='lat' dir='ltr'>pridie</span> <span class='ocrx_word' id='word_1_225' title='bbox 1088 951 1135 976; x_wconf 87' lang='lat' dir='ltr'>Ca·</span> <span class='ocrx_word' id='word_1_226' title='bbox 1149 960 1185 981; x_wconf 58' lang='grc' dir='ltr'>ιο</span> 
     </span>
    </p>
   </div>
   <div class='ocr_carea' id='block_1_11' title="bbox 86 981 1136 1091">
    <p class='ocr_par' dir='ltr' id='par_1_12' title="bbox 86 981 1136 1091">
     <span class='ocr_line' id='line_1_30' title="bbox 94 981 1134 1018; baseline 0.001 -8"><span class='ocrx_word' id='word_1_227' title='bbox 94 981 185 1010; x_wconf 85' lang='lat' dir='ltr'>lendas</span> <span class='ocrx_word' id='word_1_228' title='bbox 205 983 325 1011; x_wconf 70' lang='lat' dir='ltr'>Martias.</span> <span class='ocrx_word' id='word_1_229' title='bbox 380 985 446 1011; x_wconf 88' lang='lat' dir='ltr'>Plin.</span> <span class='ocrx_word' id='word_1_230' title='bbox 459 991 494 1017; x_wconf 83' lang='lat'>18,</span> <span class='ocrx_word' id='word_1_231' title='bbox 512 992 543 1018; x_wconf 87' lang='lat'>25</span> <span class='ocrx_word' id='word_1_232' title='bbox 566 986 588 1017; x_wconf 86' lang='lat' dir='ltr'>A</span> <span class='ocrx_word' id='word_1_233' title='bbox 619 981 759 1012; x_wconf 86' lang='lat' dir='ltr'>CCCLXV</span> <span class='ocrx_word' id='word_1_234' title='bbox 777 984 833 1010; x_wconf 87' lang='lat' dir='ltr'>dies</span> <span class='ocrx_word' id='word_1_235' title='bbox 848 984 974 1011; x_wconf 86' lang='lat' dir='ltr'>adiiciunt</span> <span class='ocrx_word' id='word_1_236' title='bbox 990 985 1134 1011; x_wconf 84' lang='lat' dir='ltr'>etiamnum</span> 
     </span>
     <span class='ocr_line' id='line_1_31' title="bbox 94 1019 1136 1056; baseline 0.001 -11"><span class='ocrx_word' id='word_1_237' title='bbox 94 1019 280 1050; x_wconf 70' lang='lat' dir='ltr'>interi-alarios</span> <span class='ocrx_word' id='word_1_238' title='bbox 301 1019 364 1046; x_wconf 32' lang='lat' dir='ltr'>diei.</span> <span class='ocrx_word' id='word_1_239' title='bbox 375 1020 515 1055; x_wconf 61' lang='lat' dir='ltr'>noffiisque</span> <span class='ocrx_word' id='word_1_240' title='bbox 534 1020 704 1056; x_wconf 74' lang='lat' dir='ltr'>quadrantes,</span> <span class='ocrx_word' id='word_1_241' title='bbox 723 1019 787 1046; x_wconf 77' lang='lat' dir='ltr'>vnde</span> <span class='ocrx_word' id='word_1_242' title='bbox 803 1019 933 1054; x_wconf 69' lang='lat' dir='ltr'>conficitur</span> <span class='ocrx_word' id='word_1_243' title='bbox 951 1021 990 1047; x_wconf 72' lang='lat' dir='ltr'>ille</span> <span class='ocrx_word' id='word_1_244' title='bbox 1009 1021 1074 1052; x_wconf 69' lang='lat' dir='ltr'>dics,</span> <span class='ocrx_word' id='word_1_245' title='bbox 1092 1024 1136 1056; x_wconf 75' lang='lat' dir='ltr'>qui</span> 
     </span>
     <span class='ocr_line' id='line_1_32' title="bbox 86 1053 1136 1091; baseline 0.002 -11"><span class='ocrx_word' id='word_1_246' title='bbox 86 1053 198 1091; x_wconf 74' lang='lat' dir='ltr'>fingulis</span> <span class='ocrx_word' id='word_1_247' title='bbox 217 1054 389 1089; x_wconf 75' lang='lat' dir='ltr'>quadrienniis</span> <span class='ocrx_word' id='word_1_248' title='bbox 403 1056 536 1083; x_wconf 79' lang='lat' dir='ltr'>Februario</span> <span class='ocrx_word' id='word_1_249' title='bbox 553 1055 682 1082; x_wconf 79' lang='lat' dir='ltr'>adiicitur.</span> <span class='ocrx_word' id='word_1_250' title='bbox 738 1055 901 1081; x_wconf 87' lang='lat' dir='ltr'>Intercalarii</span> <span class='ocrx_word' id='word_1_251' title='bbox 919 1055 975 1082; x_wconf 87' lang='lat' dir='ltr'>dies</span> <span class='ocrx_word' id='word_1_252' title='bbox 995 1063 1017 1082; x_wconf 83' lang='lat' dir='ltr'>et</span> <span class='ocrx_word' id='word_1_253' title='bbox 1036 1058 1136 1082; x_wconf 70' lang='lat' dir='ltr'>menses</span> 
     </span>
    </p>
   </div>
   <div class='ocr_carea' id='block_1_12' title="bbox 85 1087 1136 1127">
    <p class='ocr_par' dir='ltr' id='par_1_13' title="bbox 85 1087 1136 1127">
     <span class='ocr_line' id='line_1_33' title="bbox 85 1087 1136 1127; baseline 0.003 -12"><span class='ocrx_word' id='word_1_254' title='bbox 85 1090 152 1127; x_wconf 71' lang='lat' dir='ltr'>Jime</span> <span class='ocrx_word' id='word_1_255' title='bbox 163 1092 235 1116; x_wconf 68' lang='lat' dir='ltr'>etiam</span> <span class='ocrx_word' id='word_1_256' title='bbox 251 1090 387 1117; x_wconf 85' lang='lat' dir='ltr'>Censorin.</span> <span class='ocrx_word' id='word_1_257' title='bbox 407 1091 425 1118; x_wconf 95' lang='lat' dir='ltr'>l.</span> <span class='ocrx_word' id='word_1_258' title='bbox 438 1100 459 1118; x_wconf 88' lang='lat' dir='ltr'>e.</span> <span class='ocrx_word' id='word_1_259' title='bbox 525 1092 646 1118; x_wconf 68' lang='lat' dir='ltr'>ponamus</span> <span class='ocrx_word' id='word_1_260' title='bbox 658 1087 700 1117; x_wconf 78' lang='lat' dir='ltr'>hic</span> <span class='ocrx_word' id='word_1_261' title='bbox 712 1091 788 1117; x_wconf 83' lang='lat' dir='ltr'>Iocum</span> <span class='ocrx_word' id='word_1_262' title='bbox 801 1090 975 1126; x_wconf 63' lang='lat' dir='ltr'>longiusculum</span> <span class='ocrx_word' id='word_1_263' title='bbox 990 1092 1136 1123; x_wconf 83' lang='lat' dir='ltr'>Ciceronis,</span> 
     </span>
    </p>
   </div>
   <div class='ocr_carea' id='block_1_13' title="bbox 107 1124 1172 1162">
    <p class='ocr_par' dir='ltr' id='par_1_14' title="bbox 107 1124 1172 1162">
     <span class='ocr_line' id='line_1_34' title="bbox 107 1124 1172 1162; baseline 0.003 -12"><span class='ocrx_word' id='word_1_264' title='bbox 107 1124 137 1151; x_wconf 82' lang='lat' dir='ltr'>ed</span> <span class='ocrx_word' id='word_1_265' title='bbox 155 1128 198 1160; x_wconf 87' lang='lat' dir='ltr'>qui</span> <span class='ocrx_word' id='word_1_266' title='bbox 214 1131 292 1151; x_wconf 68' lang='lat' dir='ltr'>tetam</span> <span class='ocrx_word' id='word_1_267' title='bbox 309 1128 510 1153; x_wconf 71' lang='lat' dir='ltr'>intercalationis</span> <span class='ocrx_word' id='word_1_268' title='bbox 526 1136 577 1153; x_wconf 80' lang='lat' dir='ltr'>rem</span> <span class='ocrx_word' id='word_1_269' title='bbox 591 1126 694 1161; x_wconf 77' lang='lat' dir='ltr'>pulchre</span> <span class='ocrx_word' id='word_1_270' title='bbox 714 1126 840 1158; x_wconf 74' lang='lat' dir='ltr'>declarat,</span> <span class='ocrx_word' id='word_1_271' title='bbox 860 1127 934 1153; x_wconf 83' lang='lat' dir='ltr'>Verr.</span> <span class='ocrx_word' id='word_1_272' title='bbox 949 1136 973 1159; x_wconf 90' lang='lat'>2,</span> <span class='ocrx_word' id='word_1_273' title='bbox 992 1136 1037 1160; x_wconf 87' lang='lat'>129</span> <span class='ocrx_word' id='word_1_274' title='bbox 1064 1137 1085 1153; x_wconf 87' lang='lat' dir='ltr'>c.</span> <span class='ocrx_word' id='word_1_275' title='bbox 1107 1136 1172 1162; x_wconf 76' lang='lat'>5225</span> 
     </span>
    </p>
   </div>
   <div class='ocr_carea' id='block_1_14' title="bbox 84 1159 1137 1656">
    <p class='ocr_par' dir='ltr' id='par_1_15' title="bbox 84 1159 1137 1514">
     <span class='ocr_line' id='line_1_35' title="bbox 117 1159 1134 1196; baseline 0.004 -11"><span class='ocrx_word' id='word_1_276' title='bbox 117 1159 137 1186; x_wconf 85' lang='lat' dir='ltr'>st</span> <span class='ocrx_word' id='word_1_277' title='bbox 150 1161 310 1186; x_wconf 83' lang='lat' dir='ltr'>consuetudo</span> <span class='ocrx_word' id='word_1_278' title='bbox 324 1161 471 1188; x_wconf 83' lang='lat' dir='ltr'>Siculorum</span> <span class='ocrx_word' id='word_1_279' title='bbox 492 1164 709 1196; x_wconf 84' lang='lat' dir='ltr'>caeterorumque</span> <span class='ocrx_word' id='word_1_280' title='bbox 721 1161 897 1196; x_wconf 78' lang='lat' dir='ltr'>Graecorum,</span> <span class='ocrx_word' id='word_1_281' title='bbox 915 1162 985 1196; x_wconf 88' lang='lat' dir='ltr'>quod</span> <span class='ocrx_word' id='word_1_282' title='bbox 1001 1163 1058 1188; x_wconf 84' lang='lat' dir='ltr'>suos</span> <span class='ocrx_word' id='word_1_283' title='bbox 1077 1163 1134 1189; x_wconf 85' lang='lat' dir='ltr'>dics</span> 
     </span>
     <span class='ocr_line' id='line_1_36' title="bbox 91 1196 1135 1231; baseline 0.003 -10"><span class='ocrx_word' id='word_1_284' title='bbox 91 1196 249 1230; x_wconf 84' lang='lat' dir='ltr'>mensesque</span> <span class='ocrx_word' id='word_1_285' title='bbox 268 1204 414 1230; x_wconf 78' lang='lat' dir='ltr'>congruere</span> <span class='ocrx_word' id='word_1_286' title='bbox 427 1197 520 1224; x_wconf 91' lang='lat' dir='ltr'>volunt</span> <span class='ocrx_word' id='word_1_287' title='bbox 533 1205 591 1223; x_wconf 89' lang='lat' dir='ltr'>cum</span> <span class='ocrx_word' id='word_1_288' title='bbox 604 1197 670 1223; x_wconf 88' lang='lat' dir='ltr'>Solis</span> <span class='ocrx_word' id='word_1_289' title='bbox 683 1196 825 1231; x_wconf 85' lang='lat' dir='ltr'>Lunaeque</span> <span class='ocrx_word' id='word_1_290' title='bbox 838 1198 950 1229; x_wconf 79' lang='lat' dir='ltr'>ratione,</span> <span class='ocrx_word' id='word_1_291' title='bbox 965 1204 991 1224; x_wconf 91' lang='lat' dir='ltr'>vt</span> <span class='ocrx_word' id='word_1_292' title='bbox 1005 1207 1057 1224; x_wconf 92' lang='lat' dir='ltr'>non</span> <span class='ocrx_word' id='word_1_293' title='bbox 1071 1207 1135 1225; x_wconf 88' lang='lat' dir='ltr'>nun-</span> 
     </span>
     <span class='ocr_line' id='line_1_37' title="bbox 93 1229 1135 1266; baseline 0.003 -10"><span class='ocrx_word' id='word_1_294' title='bbox 93 1239 189 1265; x_wconf 83' lang='lat' dir='ltr'>quam,</span> <span class='ocrx_word' id='word_1_295' title='bbox 209 1229 226 1256; x_wconf 81' lang='lat' dir='ltr'><strong>fi</strong></span> <span class='ocrx_word' id='word_1_296' title='bbox 241 1231 306 1266; x_wconf 91' lang='lat' dir='ltr'>quid</span> <span class='ocrx_word' id='word_1_297' title='bbox 319 1231 464 1266; x_wconf 86' lang='lat' dir='ltr'>discrepet,</span> <span class='ocrx_word' id='word_1_298' title='bbox 483 1233 600 1258; x_wconf 84' lang='lat' dir='ltr'>eximant</span> <span class='ocrx_word' id='word_1_299' title='bbox 611 1241 693 1258; x_wconf 91' lang='lat' dir='ltr'>vnum</span> <span class='ocrx_word' id='word_1_300' title='bbox 705 1232 821 1266; x_wconf 85' lang='lat' dir='ltr'>aliquem</span> <span class='ocrx_word' id='word_1_301' title='bbox 835 1231 913 1264; x_wconf 86' lang='lat' dir='ltr'>diem,</span> <span class='ocrx_word' id='word_1_302' title='bbox 933 1239 976 1259; x_wconf 91' lang='lat' dir='ltr'>aut</span> <span class='ocrx_word' id='word_1_303' title='bbox 992 1234 1135 1266; x_wconf 88' lang='lat' dir='ltr'>summum,</span> 
     </span>
     <span class='ocr_line' id='line_1_38' title="bbox 90 1264 1134 1302; baseline 0.002 -9"><span class='ocrx_word' id='word_1_304' title='bbox 90 1264 205 1293; x_wconf 78' lang='lat' dir='ltr'>biduum</span> <span class='ocrx_word' id='word_1_305' title='bbox 218 1275 250 1292; x_wconf 84' lang='lat' dir='ltr'>ex</span> <span class='ocrx_word' id='word_1_306' title='bbox 262 1268 359 1300; x_wconf 89' lang='lat' dir='ltr'>mense,</span> <span class='ocrx_word' id='word_1_307' title='bbox 379 1276 444 1302; x_wconf 88' lang='lat' dir='ltr'>quos</span> <span class='ocrx_word' id='word_1_308' title='bbox 457 1267 498 1294; x_wconf 90' lang='lat' dir='ltr'>illi</span> <span class='ocrx_word' id='word_1_309' title='bbox 511 1267 660 1302; x_wconf 65' lang='grc' dir='ltr'>ἐξαιρεσῖμες</span> <span class='ocrx_word' id='word_1_310' title='bbox 674 1266 731 1293; x_wconf 87' lang='lat' dir='ltr'>dies</span> <span class='ocrx_word' id='word_1_311' title='bbox 744 1269 882 1294; x_wconf 88' lang='lat' dir='ltr'>nominant</span> <span class='ocrx_word' id='word_1_312' title='bbox 895 1279 900 1294; x_wconf 68' lang='grc' dir='ltr'>ς</span> <span class='ocrx_word' id='word_1_313' title='bbox 926 1269 989 1295; x_wconf 87' lang='lat' dir='ltr'>item</span> <span class='ocrx_word' id='word_1_314' title='bbox 1004 1278 1057 1294; x_wconf 75' lang='lat' dir='ltr'>non</span> <span class='ocrx_word' id='word_1_315' title='bbox 1070 1279 1134 1295; x_wconf 92' lang='lat' dir='ltr'>nun-</span> 
     </span>
     <span class='ocr_line' id='line_1_39' title="bbox 90 1302 877 1337; baseline 0.005 -11"><span class='ocrx_word' id='word_1_316' title='bbox 90 1309 172 1336; x_wconf 86' lang='lat' dir='ltr'>quam</span> <span class='ocrx_word' id='word_1_317' title='bbox 186 1310 240 1327; x_wconf 92' lang='lat' dir='ltr'>vno</span> <span class='ocrx_word' id='word_1_318' title='bbox 251 1302 295 1328; x_wconf 90' lang='lat' dir='ltr'>die</span> <span class='ocrx_word' id='word_1_319' title='bbox 306 1302 456 1337; x_wconf 85' lang='lat' dir='ltr'>longiorem</span> <span class='ocrx_word' id='word_1_320' title='bbox 468 1302 583 1329; x_wconf 85' lang='lat' dir='ltr'>mensem</span> <span class='ocrx_word' id='word_1_321' title='bbox 595 1303 712 1335; x_wconf 83' lang='lat' dir='ltr'>faciunt,</span> <span class='ocrx_word' id='word_1_322' title='bbox 726 1309 771 1330; x_wconf 89' lang='lat' dir='ltr'>aut</span> <span class='ocrx_word' id='word_1_323' title='bbox 786 1303 877 1330; x_wconf 84' lang='lat' dir='ltr'>biduo.</span> 
     </span>
     <span class='ocr_line' id='line_1_40' title="bbox 91 1337 1134 1374; baseline 0.003 -11"><span class='ocrx_word' id='word_1_324' title='bbox 91 1337 255 1370; x_wconf 80' lang='lat' dir='ltr'>cognouiffet</span> <span class='ocrx_word' id='word_1_325' title='bbox 273 1347 359 1364; x_wconf 87' lang='lat' dir='ltr'>nouus</span> <span class='ocrx_word' id='word_1_326' title='bbox 372 1337 533 1372; x_wconf 71' lang='lat' dir='ltr'>astrologus,</span> <span class='ocrx_word' id='word_1_327' title='bbox 552 1338 599 1373; x_wconf 90' lang='lat' dir='ltr'>qni</span> <span class='ocrx_word' id='word_1_328' title='bbox 615 1347 668 1364; x_wconf 91' lang='lat' dir='ltr'>non</span> <span class='ocrx_word' id='word_1_329' title='bbox 683 1344 736 1365; x_wconf 87' lang='lat' dir='ltr'>tam</span> <span class='ocrx_word' id='word_1_330' title='bbox 748 1339 813 1365; x_wconf 86' lang='lat' dir='ltr'>caeli</span> <span class='ocrx_word' id='word_1_331' title='bbox 825 1340 965 1372; x_wconf 82' lang='lat' dir='ltr'>rationem,</span> <span class='ocrx_word' id='word_1_332' title='bbox 986 1349 1065 1374; x_wconf 89' lang='lat' dir='ltr'>quam</span> <span class='ocrx_word' id='word_1_333' title='bbox 1078 1349 1134 1368; x_wconf 82' lang='lat' dir='ltr'>cae-</span> 
     </span>
     <span class='ocr_line' id='line_1_41' title="bbox 89 1371 1135 1407; baseline 0.004 -9"><span class='ocrx_word' id='word_1_334' title='bbox 89 1371 139 1398; x_wconf 73' lang='lat' dir='ltr'>lati</span> <span class='ocrx_word' id='word_1_335' title='bbox 152 1373 255 1407; x_wconf 81' lang='lat' dir='ltr'>argenti</span> <span class='ocrx_word' id='word_1_336' title='bbox 269 1373 388 1404; x_wconf 85' lang='lat' dir='ltr'>duceret,</span> <span class='ocrx_word' id='word_1_337' title='bbox 412 1373 496 1399; x_wconf 88' lang='lat' dir='ltr'>eximi</span> <span class='ocrx_word' id='word_1_338' title='bbox 515 1373 588 1400; x_wconf 91' lang='lat' dir='ltr'>iubet</span> <span class='ocrx_word' id='word_1_339' title='bbox 607 1383 661 1400; x_wconf 90' lang='lat' dir='ltr'>non</span> <span class='ocrx_word' id='word_1_340' title='bbox 680 1374 750 1401; x_wconf 88' lang='lat' dir='ltr'>diem</span> <span class='ocrx_word' id='word_1_341' title='bbox 773 1384 804 1401; x_wconf 83' lang='lat' dir='ltr'>ex</span> <span class='ocrx_word' id='word_1_342' title='bbox 826 1376 928 1407; x_wconf 90' lang='lat' dir='ltr'>mense,</span> <span class='ocrx_word' id='word_1_343' title='bbox 951 1376 993 1402; x_wconf 89' lang='lat' dir='ltr'>sed</span> <span class='ocrx_word' id='word_1_344' title='bbox 1014 1385 1045 1402; x_wconf 87' lang='lat' dir='ltr'>cx</span> <span class='ocrx_word' id='word_1_345' title='bbox 1065 1385 1135 1402; x_wconf 89' lang='lat' dir='ltr'>anno</span> 
     </span>
     <span class='ocr_line' id='line_1_42' title="bbox 89 1408 1137 1446; baseline 0.004 -13"><span class='ocrx_word' id='word_1_346' title='bbox 89 1415 176 1434; x_wconf 82' lang='lat' dir='ltr'>vnum</span> <span class='ocrx_word' id='word_1_347' title='bbox 191 1408 360 1434; x_wconf 89' lang='lat' dir='ltr'>dimidiatum</span> <span class='ocrx_word' id='word_1_348' title='bbox 380 1417 413 1434; x_wconf 91' lang='lat' dir='ltr'>ue</span> <span class='ocrx_word' id='word_1_349' title='bbox 432 1409 548 1435; x_wconf 89' lang='lat' dir='ltr'>mensem</span> <span class='ocrx_word' id='word_1_350' title='bbox 583 1424 628 1429; x_wconf 91' lang='lat'><strong>—</strong></span> <span class='ocrx_word' id='word_1_351' title='bbox 663 1409 745 1436; x_wconf 90' lang='lat' dir='ltr'>Tunc</span> <span class='ocrx_word' id='word_1_352' title='bbox 758 1410 958 1445; x_wconf 82' lang='lat' dir='ltr'>Cephaleditani</span> <span class='ocrx_word' id='word_1_353' title='bbox 975 1411 1064 1445; x_wconf 71' lang='lat' dir='ltr'>(apud</span> <span class='ocrx_word' id='word_1_354' title='bbox 1077 1420 1137 1446; x_wconf 76' lang='lat' dir='ltr'>quos</span> 
     </span>
     <span class='ocr_line' id='line_1_43' title="bbox 84 1418 1136 1482; baseline 0.002 -11"><span class='ocrx_word' id='word_1_355' title='bbox 84 1442 135 1471; x_wconf 67' lang='lat' dir='ltr'>boc</span> <span class='ocrx_word' id='word_1_356' title='bbox 145 1443 249 1479; x_wconf 78' lang='lat' dir='ltr'>fecerat</span> <span class='ocrx_word' id='word_1_357' title='bbox 271 1418 384 1478; x_wconf 52' lang='lat' dir='ltr'>Verres}</span> <span class='ocrx_word' id='word_1_358' title='bbox 408 1443 583 1471; x_wconf 87' lang='lat' dir='ltr'>decreuerunt</span> <span class='ocrx_word' id='word_1_359' title='bbox 602 1443 799 1472; x_wconf 86' lang='lat' dir='ltr'>intercalarium</span> <span class='ocrx_word' id='word_1_360' title='bbox 823 1446 968 1482; x_wconf 57' lang='lat' dir='ltr'>(moisi-m)</span> <span class='ocrx_word' id='word_1_361' title='bbox 989 1447 1060 1473; x_wconf 87' lang='lat' dir='ltr'>XLV</span> <span class='ocrx_word' id='word_1_362' title='bbox 1081 1447 1136 1473; x_wconf 89' lang='lat' dir='ltr'>dies</span> 
     </span>
     <span class='ocr_line' id='line_1_44' title="bbox 88 1477 980 1514; baseline 0.004 -10"><span class='ocrx_word' id='word_1_363' title='bbox 88 1477 215 1512; x_wconf 81' lang='lat' dir='ltr'>longum,</span> <span class='ocrx_word' id='word_1_364' title='bbox 231 1484 260 1504; x_wconf 92' lang='lat' dir='ltr'>vt</span> <span class='ocrx_word' id='word_1_365' title='bbox 273 1479 374 1514; x_wconf 81' lang='lat' dir='ltr'>reliqui</span> <span class='ocrx_word' id='word_1_366' title='bbox 387 1479 486 1505; x_wconf 89' lang='lat' dir='ltr'>menses</span> <span class='ocrx_word' id='word_1_367' title='bbox 501 1479 530 1505; x_wconf 87' lang='lat' dir='ltr'>in</span> <span class='ocrx_word' id='word_1_368' title='bbox 544 1481 617 1506; x_wconf 88' lang='lat' dir='ltr'>suam</span> <span class='ocrx_word' id='word_1_369' title='bbox 629 1481 763 1507; x_wconf 85' lang='lat' dir='ltr'>rationem</span> <span class='ocrx_word' id='word_1_370' title='bbox 776 1489 980 1509; x_wconf 84' lang='lat' dir='ltr'>reuerterentur.</span> 
     </span>
    </p>

    <p class='ocr_par' dir='ltr' id='par_1_16' title="bbox 85 1515 1136 1656">
     <span class='ocr_line' id='line_1_45' title="bbox 127 1515 1135 1552; baseline 0.006 -14"><span class='ocrx_word' id='word_1_371' title='bbox 127 1520 137 1538; x_wconf 91' lang='lat'>1</span> <span class='ocrx_word' id='word_1_372' title='bbox 148 1520 169 1538; x_wconf 85' lang='lat' dir='ltr'>N</span> <span class='ocrx_word' id='word_1_373' title='bbox 180 1519 226 1539; x_wconf 79' lang='lat' dir='ltr'>TE</span> <span class='ocrx_word' id='word_1_374' title='bbox 235 1520 254 1540; x_wconf 79' lang='lat' dir='ltr'>R</span> <span class='ocrx_word' id='word_1_375' title='bbox 263 1520 280 1541; x_wconf 90' lang='lat' dir='ltr'>c</span> <span class='ocrx_word' id='word_1_376' title='bbox 291 1522 313 1541; x_wconf 80' lang='lat' dir='ltr'>A</span> <span class='ocrx_word' id='word_1_377' title='bbox 322 1522 337 1540; x_wconf 61' lang='lat'>1.</span> <span class='ocrx_word' id='word_1_378' title='bbox 346 1522 367 1542; x_wconf 83' lang='lat' dir='ltr'>A</span> <span class='ocrx_word' id='word_1_379' title='bbox 377 1521 416 1542; x_wconf 87' lang='grc' dir='ltr'>Τ1</span> <span class='ocrx_word' id='word_1_380' title='bbox 428 1521 464 1547; x_wconf 92' lang='grc'>0,</span> <span class='ocrx_word' id='word_1_381' title='bbox 484 1516 551 1542; x_wconf 79' lang='lat' dir='ltr'>onis.</span> <span class='ocrx_word' id='word_1_382' title='bbox 586 1515 607 1542; x_wconf 89' lang='lat' dir='ltr'>f.</span> <span class='ocrx_word' id='word_1_383' title='bbox 642 1515 708 1542; x_wconf 87' lang='lat' dir='ltr'>Plin.</span> <span class='ocrx_word' id='word_1_384' title='bbox 721 1525 747 1549; x_wconf 89' lang='lat'>2,</span> <span class='ocrx_word' id='word_1_385' title='bbox 759 1524 797 1551; x_wconf 82' lang='lat'>47</span> <span class='ocrx_word' id='word_1_386' title='bbox 812 1518 860 1550; x_wconf 64' lang='lat' dir='ltr'>Ber</span> <span class='ocrx_word' id='word_1_387' title='bbox 874 1517 984 1552; x_wconf 75' lang='lat' dir='ltr'>nugulas</span> <span class='ocrx_word' id='word_1_388' title='bbox 999 1517 1135 1544; x_wconf 82' lang='lat' dir='ltr'>intercala-</span> 
     </span>
     <span class='ocr_line' id='line_1_46' title="bbox 85 1548 1136 1589; baseline 0.005 -14"><span class='ocrx_word' id='word_1_389' title='bbox 85 1548 177 1577; x_wconf 67' lang='lat' dir='ltr'>tiones</span> <span class='ocrx_word' id='word_1_390' title='bbox 196 1558 249 1576; x_wconf 89' lang='lat' dir='ltr'>vno</span> <span class='ocrx_word' id='word_1_391' title='bbox 267 1549 310 1576; x_wconf 91' lang='lat' dir='ltr'>die</span> <span class='ocrx_word' id='word_1_392' title='bbox 332 1550 493 1585; x_wconf 79' lang='lat' dir='ltr'>anticipare,</span> <span class='ocrx_word' id='word_1_393' title='bbox 530 1552 548 1577; x_wconf 93' lang='lat' dir='ltr'>i.</span> <span class='ocrx_word' id='word_1_394' title='bbox 567 1556 616 1586; x_wconf 76' lang='lat' dir='ltr'>per</span> <span class='ocrx_word' id='word_1_395' title='bbox 635 1550 745 1588; x_wconf 71' lang='lat' dir='ltr'>singulos</span> <span class='ocrx_word' id='word_1_396' title='bbox 766 1562 846 1578; x_wconf 84' lang='lat' dir='ltr'>annos</span> <span class='ocrx_word' id='word_1_397' title='bbox 865 1555 1043 1583; x_wconf 75' lang='lat' dir='ltr'>intercalares,</span> <span class='ocrx_word' id='word_1_398' title='bbox 1068 1563 1092 1578; x_wconf 83' lang='grc' dir='ltr'>υ.</span> <span class='ocrx_word' id='word_1_399' title='bbox 1109 1562 1136 1589; x_wconf 84' lang='lat' dir='ltr'>g.</span> 
     </span>
     <span class='ocr_line' id='line_1_47' title="bbox 85 1583 1135 1621; baseline 0.004 -10"><span class='ocrx_word' id='word_1_400' title='bbox 85 1591 218 1620; x_wconf 72' lang='lat' dir='ltr'>quartum,</span> <span class='ocrx_word' id='word_1_401' title='bbox 238 1583 366 1616; x_wconf 61' lang='lat' dir='ltr'>offanum,</span> <span class='ocrx_word' id='word_1_402' title='bbox 385 1591 430 1612; x_wconf 78' lang='lat' dir='ltr'>etc.</span> <span class='ocrx_word' id='word_1_403' title='bbox 467 1617 471 1621; x_wconf 40' lang='grc'>,</span> <span class='ocrx_word' id='word_1_404' title='bbox 487 1587 526 1612; x_wconf 81' lang='lat' dir='ltr'>De</span> <span class='ocrx_word' id='word_1_405' title='bbox 542 1587 616 1617; x_wconf 72' lang='lat' dir='ltr'>aliis,</span> <span class='ocrx_word' id='word_1_406' title='bbox 636 1588 797 1618; x_wconf 75' lang='lat' dir='ltr'>Graecorum,</span> <span class='ocrx_word' id='word_1_407' title='bbox 816 1590 1046 1615; x_wconf 74' lang='lat' dir='ltr'>intercalationibus</span> <span class='ocrx_word' id='word_1_408' title='bbox 1068 1589 1135 1615; x_wconf 85' lang='lat' dir='ltr'>Cen-</span> 
     </span>
     <span class='ocr_line' id='line_1_48' title="bbox 86 1621 907 1656; baseline 0.005 -10"><span class='ocrx_word' id='word_1_409' title='bbox 86 1621 171 1646; x_wconf 69' lang='grc' dir='ltr'>[οι-111.</span> <span class='ocrx_word' id='word_1_410' title='bbox 191 1629 212 1646; x_wconf 84' lang='grc'>0.</span> <span class='ocrx_word' id='word_1_411' title='bbox 226 1626 261 1649; x_wconf 84' lang='grc'>13.</span> <span class='ocrx_word' id='word_1_412' title='bbox 303 1622 341 1646; x_wconf 80' lang='lat' dir='ltr'>De</span> <span class='ocrx_word' id='word_1_413' title='bbox 354 1622 472 1647; x_wconf 76' lang='lat' dir='ltr'>Romanis</span> <span class='ocrx_word' id='word_1_414' title='bbox 489 1627 513 1647; x_wconf 81' lang='lat' dir='ltr'>et</span> <span class='ocrx_word' id='word_1_415' title='bbox 525 1621 627 1648; x_wconf 71' lang='lat' dir='ltr'>Graecis</span> <span class='ocrx_word' id='word_1_416' title='bbox 641 1622 761 1650; x_wconf 87' lang='lat' dir='ltr'>Macrob.</span> <span class='ocrx_word' id='word_1_417' title='bbox 773 1624 823 1649; x_wconf 88' lang='lat' dir='ltr'>Sat.</span> <span class='ocrx_word' id='word_1_418' title='bbox 838 1631 858 1655; x_wconf 90' lang='lat'>1,</span> <span class='ocrx_word' id='word_1_419' title='bbox 873 1626 907 1656; x_wconf 78' lang='grc'>13.</span> 
     </span>
    </p>
   </div>
   <div class='ocr_carea' id='block_1_15' title="bbox 925 1304 1173 1338">
    <p class='ocr_par' dir='ltr' id='par_1_17' title="bbox 925 1304 1173 1338">
     <span class='ocr_line' id='line_1_49' title="bbox 925 1304 1173 1338; baseline 0.004 -8"><span class='ocrx_word' id='word_1_420' title='bbox 925 1306 1000 1338; x_wconf 80' lang='lat' dir='ltr'>Quae</span> <span class='ocrx_word' id='word_1_421' title='bbox 1015 1304 1061 1330; x_wconf 79' lang='lat' dir='ltr'>isle</span> <span class='ocrx_word' id='word_1_422' title='bbox 1074 1314 1132 1331; x_wconf 86' lang='lat' dir='ltr'>cum</span> <span class='ocrx_word' id='word_1_423' title='bbox 1141 1312 1173 1337; x_wconf 83' lang='lat'>50</span> 
     </span>
    </p>
   </div>
   <div class='ocr_carea' id='block_1_16' title="bbox 1141 1493 1169 1518">
    <p class='ocr_par' dir='ltr' id='par_1_18' title="bbox 1141 1493 1169 1518">
     <span class='ocr_line' id='line_1_50' title="bbox 1141 1493 1169 1518; baseline 0.071 -2"><span class='ocrx_word' id='word_1_424' title='bbox 1141 1493 1169 1518; x_wconf 74' lang='lat'>35</span> 
     </span>
    </p>
   </div>
   <div class='ocr_carea' id='block_1_17' title="bbox 1600 183 2250 250">
    <p class='ocr_par' dir='ltr' id='par_1_19' title="bbox 1600 183 2250 250">
     <span class='ocr_line' id='line_1_51' title="bbox 1600 183 2250 250; baseline 0.011 -18"><span class='ocrx_word' id='word_1_425' title='bbox 1600 183 1626 232; x_wconf 72' lang='lat'>&#39;1</span> <span class='ocrx_word' id='word_1_426' title='bbox 1706 193 1750 233; x_wconf 91' lang='grc' dir='ltr'>Ν</span> <span class='ocrx_word' id='word_1_427' title='bbox 1832 195 1875 235; x_wconf 92' lang='grc' dir='ltr'>Τ</span> <span class='ocrx_word' id='word_1_428' title='bbox 2165 212 2250 250; x_wconf 86' lang='lat'>¹174</span> 
     </span>
    </p>
   </div>
   <div class='ocr_carea' id='block_1_18' title="bbox 1206 281 2249 599">
    <p class='ocr_par' dir='ltr' id='par_1_20' title="bbox 1206 281 2249 462">
     <span class='ocr_line' id='line_1_52' title="bbox 1207 281 2249 320; baseline 0.007 -13"><span class='ocrx_word' id='word_1_429' title='bbox 1207 281 1261 308; x_wconf 71' lang='lat' dir='ltr'>Au.</span> <span class='ocrx_word' id='word_1_430' title='bbox 1284 289 1306 307; x_wconf 85' lang='lat' dir='ltr'>c.</span> <span class='ocrx_word' id='word_1_431' title='bbox 1320 290 1334 308; x_wconf 70' lang='lat' dir='ltr'>a</span> <span class='ocrx_word' id='word_1_432' title='bbox 1351 286 1376 308; x_wconf 75' lang='lat' dir='ltr'>et</span> <span class='ocrx_word' id='word_1_433' title='bbox 1385 289 1412 315; x_wconf 85' lang='lat'>9.</span> <span class='ocrx_word' id='word_1_434' title='bbox 1482 281 1597 318; x_wconf 60' lang='lat' dir='ltr'>Absolute</span> <span class='ocrx_word' id='word_1_435' title='bbox 1610 291 1619 307; x_wconf 85' lang='grc'>.·</span> <span class='ocrx_word' id='word_1_436' title='bbox 1649 281 1706 308; x_wconf 85' lang='lat' dir='ltr'>Cic.</span> <span class='ocrx_word' id='word_1_437' title='bbox 1721 282 1774 308; x_wconf 87' lang='lat' dir='ltr'>Att.</span> <span class='ocrx_word' id='word_1_438' title='bbox 1788 291 1809 314; x_wconf 83' lang='grc'>1,</span> <span class='ocrx_word' id='word_1_439' title='bbox 1825 286 1853 309; x_wconf 85' lang='grc'>16</span> <span class='ocrx_word' id='word_1_440' title='bbox 1877 284 2013 319; x_wconf 74' lang='lat' dir='ltr'>Promisit,</span> <span class='ocrx_word' id='word_1_441' title='bbox 2032 286 2184 320; x_wconf 77' lang='lat' dir='ltr'>interceffit,</span> <span class='ocrx_word' id='word_1_442' title='bbox 2204 287 2249 314; x_wconf 87' lang='lat' dir='ltr'>de-</span> 
     </span>
     <span class='ocr_line' id='line_1_53' title="bbox 1208 314 2249 358; baseline 0.008 -16"><span class='ocrx_word' id='word_1_443' title='bbox 1208 316 1256 342; x_wconf 88' lang='lat' dir='ltr'>dit.</span> <span class='ocrx_word' id='word_1_444' title='bbox 1453 314 1474 354; x_wconf 58' lang='lat' dir='ltr'><strong>ff</strong></span> <span class='ocrx_word' id='word_1_445' title='bbox 1501 327 1516 344; x_wconf 89' lang='lat'>2</span> <span class='ocrx_word' id='word_1_446' title='bbox 1552 318 1716 344; x_wconf 61' lang='lat' dir='ltr'>lntcrccilvre</span> <span class='ocrx_word' id='word_1_447' title='bbox 1735 316 1766 350; x_wconf 72' lang='lat' dir='ltr'>1ss</span> <span class='ocrx_word' id='word_1_448' title='bbox 1785 318 1901 352; x_wconf 41' lang='lat' dir='ltr'>impediri·</span> <span class='ocrx_word' id='word_1_449' title='bbox 1917 329 2018 356; x_wconf 67' lang='lat' dir='ltr'>[ir-pru·</span> <span class='ocrx_word' id='word_1_450' title='bbox 2038 323 2089 358; x_wconf 72' lang='lat' dir='ltr'>ipso</span> <span class='ocrx_word' id='word_1_451' title='bbox 2108 327 2249 350; x_wconf 64' lang='lat' dir='ltr'>interuentu</span> 
     </span>
     <span class='ocr_line' id='line_1_54' title="bbox 1206 350 2248 393; baseline 0.009 -17"><span class='ocrx_word' id='word_1_452' title='bbox 1206 359 1230 377; x_wconf 84' lang='lat' dir='ltr'>et</span> <span class='ocrx_word' id='word_1_453' title='bbox 1244 352 1402 387; x_wconf 64' lang='lat' dir='ltr'>prmfintia,</span> <span class='ocrx_word' id='word_1_454' title='bbox 1421 350 1506 379; x_wconf 59' lang='lat' dir='ltr'>dcimlc</span> <span class='ocrx_word' id='word_1_455' title='bbox 1526 353 1644 385; x_wconf 55' lang='lat' dir='ltr'>vetando,</span> <span class='ocrx_word' id='word_1_456' title='bbox 1664 365 1681 377; x_wconf 54' lang='grc' dir='ltr'>ν</span> <span class='ocrx_word' id='word_1_457' title='bbox 1703 373 1708 378; x_wconf 91' lang='grc'>.</span> <span class='ocrx_word' id='word_1_458' title='bbox 1745 352 1811 378; x_wconf 86' lang='lat' dir='ltr'>Plin.</span> <span class='ocrx_word' id='word_1_459' title='bbox 1829 361 1888 384; x_wconf 83' lang='lat'>32,1</span> <span class='ocrx_word' id='word_1_460' title='bbox 1917 356 1944 380; x_wconf 63' lang='lat' dir='ltr'>1ss</span> <span class='ocrx_word' id='word_1_461' title='bbox 1962 358 2084 383; x_wconf 58' lang='grc' dir='ltr'>πλη-1111111*</span> <span class='ocrx_word' id='word_1_462' title='bbox 2098 358 2182 393; x_wconf 71' lang='lat' dir='ltr'>pisce,</span> <span class='ocrx_word' id='word_1_463' title='bbox 2207 360 2248 385; x_wconf 88' lang='lat' dir='ltr'>In-</span> 
     </span>
     <span class='ocr_line' id='line_1_55' title="bbox 1208 387 2247 427; baseline 0.008 -15"><span class='ocrx_word' id='word_1_464' title='bbox 1208 395 1306 412; x_wconf 79' lang='lat' dir='ltr'>venere</span> <span class='ocrx_word' id='word_1_465' title='bbox 1327 387 1512 414; x_wconf 81' lang='lat' dir='ltr'>adhaerentem</span> <span class='ocrx_word' id='word_1_466' title='bbox 1530 388 1724 421; x_wconf 51' lang='lat' dir='ltr'>gubcruattdo,</span> <span class='ocrx_word' id='word_1_467' title='bbox 1744 387 1963 423; x_wconf 75' lang='lat' dir='ltr'>ostenderuntque</span> <span class='ocrx_word' id='word_1_468' title='bbox 1985 391 2067 425; x_wconf 63' lang='lat' dir='ltr'>(Laio,</span> <span class='ocrx_word' id='word_1_469' title='bbox 2088 393 2247 427; x_wconf 68' lang='lat' dir='ltr'>indignanti,</span> 
     </span>
     <span class='ocr_line' id='line_1_56' title="bbox 1211 421 2247 462; baseline 0.01 -16"><span class='ocrx_word' id='word_1_470' title='bbox 1211 421 1259 447; x_wconf 71' lang='lat' dir='ltr'>hnc</span> <span class='ocrx_word' id='word_1_471' title='bbox 1279 423 1367 451; x_wconf 82' lang='lat' dir='ltr'>fuissc,</span> <span class='ocrx_word' id='word_1_472' title='bbox 1389 423 1460 456; x_wconf 81' lang='lat' dir='ltr'>quod</span> <span class='ocrx_word' id='word_1_473' title='bbox 1480 424 1504 449; x_wconf 86' lang='lat' dir='ltr'>se</span> <span class='ocrx_word' id='word_1_474' title='bbox 1524 429 1675 456; x_wconf 76' lang='lat' dir='ltr'>reuocaret,</span> <span class='ocrx_word' id='word_1_475' title='bbox 1702 423 2004 458; x_wconf 62' lang='lat' dir='ltr'>qi:adringentorumqne</span> <span class='ocrx_word' id='word_1_476' title='bbox 2023 429 2152 462; x_wconf 83' lang='lat' dir='ltr'>remigum</span> <span class='ocrx_word' id='word_1_477' title='bbox 2173 430 2247 456; x_wconf 75' lang='lat' dir='ltr'>obse-</span> 
     </span>
    </p>

    <p class='ocr_par' dir='ltr' id='par_1_21' title="bbox 1206 458 2247 599">
     <span class='ocr_line' id='line_1_57' title="bbox 1227 458 2246 495; baseline 0.007 -12"><span class='ocrx_word' id='word_1_478' title='bbox 1227 459 1272 483; x_wconf 75' lang='grc'>11111</span> <span class='ocrx_word' id='word_1_479' title='bbox 1287 465 1376 484; x_wconf 62' lang='lat' dir='ltr'>ccntra</span> <span class='ocrx_word' id='word_1_480' title='bbox 1393 460 1415 483; x_wconf 78' lang='lat' dir='ltr'>sc</span> <span class='ocrx_word' id='word_1_481' title='bbox 1432 458 1612 485; x_wconf 76' lang='lat' dir='ltr'>intercederet.</span> <span class='ocrx_word' id='word_1_482' title='bbox 1683 459 1751 486; x_wconf 80' lang='lat' dir='ltr'>Tac.</span> <span class='ocrx_word' id='word_1_483' title='bbox 1768 458 1854 491; x_wconf 64' lang='lat' dir='ltr'>Agric.</span> <span class='ocrx_word' id='word_1_484' title='bbox 1868 461 1904 491; x_wconf 82' lang='lat'>46</span> <span class='ocrx_word' id='word_1_485' title='bbox 1926 458 1990 485; x_wconf 86' lang='lat' dir='ltr'>Non</span> <span class='ocrx_word' id='word_1_486' title='bbox 2008 463 2070 495; x_wconf 84' lang='lat' dir='ltr'>quia</span> <span class='ocrx_word' id='word_1_487' title='bbox 2087 464 2246 491; x_wconf 81' lang='lat' dir='ltr'>interceden-</span> 
     </span>
     <span class='ocr_line' id='line_1_58' title="bbox 1207 467 2247 529; baseline 0.004 -11"><span class='ocrx_word' id='word_1_488' title='bbox 1207 467 1269 518; x_wconf 56' lang='lat' dir='ltr'>{inm</span> <span class='ocrx_word' id='word_1_489' title='bbox 1283 499 1370 527; x_wconf 86' lang='lat' dir='ltr'>putem</span> <span class='ocrx_word' id='word_1_490' title='bbox 1385 493 1562 528; x_wconf 73' lang='lat' dir='ltr'>imaginibus,</span> <span class='ocrx_word' id='word_1_491' title='bbox 1582 501 1626 520; x_wconf 76' lang='lat' dir='ltr'>etc.</span> <span class='ocrx_word' id='word_1_492' title='bbox 1665 495 1774 520; x_wconf 64' lang='lat' dir='ltr'>Pertinet</span> <span class='ocrx_word' id='word_1_493' title='bbox 1792 496 1818 519; x_wconf 71' lang='lat' dir='ltr'>in</span> <span class='ocrx_word' id='word_1_494' title='bbox 1831 497 1922 528; x_wconf 66' lang='lat' dir='ltr'>prunis</span> <span class='ocrx_word' id='word_1_495' title='bbox 1941 494 1974 519; x_wconf 74' lang='lat' dir='ltr'>ud</span> <span class='ocrx_word' id='word_1_496' title='bbox 1986 498 2143 529; x_wconf 59' lang='lat' dir='ltr'>magistratus</span> <span class='ocrx_word' id='word_1_497' title='bbox 2158 501 2247 526; x_wconf 59' lang='lat' dir='ltr'>Roma-</span> 
     </span>
     <span class='ocr_line' id='line_1_59' title="bbox 1206 527 2246 566; baseline 0.007 -12"><span class='ocrx_word' id='word_1_498' title='bbox 1206 537 1266 560; x_wconf 76' lang='lat' dir='ltr'>nos,</span> <span class='ocrx_word' id='word_1_499' title='bbox 1283 537 1335 554; x_wconf 77' lang='lat' dir='ltr'>cum</span> <span class='ocrx_word' id='word_1_500' title='bbox 1349 530 1413 554; x_wconf 74' lang='lat' dir='ltr'>alter</span> <span class='ocrx_word' id='word_1_501' title='bbox 1427 531 1545 561; x_wconf 68' lang='lat' dir='ltr'>alterius,</span> <span class='ocrx_word' id='word_1_502' title='bbox 1563 531 1602 555; x_wconf 69' lang='grc' dir='ltr'>υιἸ</span> <span class='ocrx_word' id='word_1_503' title='bbox 1613 536 1689 555; x_wconf 74' lang='lat' dir='ltr'>totius</span> <span class='ocrx_word' id='word_1_504' title='bbox 1709 532 1781 554; x_wconf 68' lang='lat' dir='ltr'>ctiam</span> <span class='ocrx_word' id='word_1_505' title='bbox 1793 530 1897 556; x_wconf 65' lang='lat' dir='ltr'>Senarus</span> <span class='ocrx_word' id='word_1_506' title='bbox 1913 527 2176 566; x_wconf 45' lang='lat' dir='ltr'>ac&#39;homaslnwpedzune.</span> <span class='ocrx_word' id='word_1_507' title='bbox 2214 537 2246 561; x_wconf 76' lang='lat' dir='ltr'>ln</span> 
     </span>
     <span class='ocr_line' id='line_1_60' title="bbox 1206 563 2246 599; baseline 0.007 -10"><span class='ocrx_word' id='word_1_508' title='bbox 1206 564 1312 590; x_wconf 80' lang='lat' dir='ltr'>decreto</span> <span class='ocrx_word' id='word_1_509' title='bbox 1326 563 1388 589; x_wconf 68' lang='grc'>0810</span> <span class='ocrx_word' id='word_1_510' title='bbox 1403 565 1592 590; x_wconf 74' lang='lat' dir='ltr'>Tribunorum</span> <span class='ocrx_word' id='word_1_511' title='bbox 1613 564 1695 597; x_wconf 82' lang='lat' dir='ltr'>plebis</span> <span class='ocrx_word' id='word_1_512' title='bbox 1715 564 1781 599; x_wconf 78' lang='lat' dir='ltr'>upml</span> <span class='ocrx_word' id='word_1_513' title='bbox 1794 564 1861 591; x_wconf 78' lang='lat' dir='ltr'>Geli.</span> <span class='ocrx_word' id='word_1_514' title='bbox 1875 572 1901 599; x_wconf 85' lang='lat'>7,</span> <span class='ocrx_word' id='word_1_515' title='bbox 1916 573 1945 597; x_wconf 88' lang='lat'>19</span> <span class='ocrx_word' id='word_1_516' title='bbox 1975 568 2054 598; x_wconf 83' lang='lat' dir='ltr'>Qtod</span> <span class='ocrx_word' id='word_1_517' title='bbox 2069 569 2093 592; x_wconf 87' lang='lat' dir='ltr'>P.</span> <span class='ocrx_word' id='word_1_518' title='bbox 2108 570 2246 596; x_wconf 74' lang='lat' dir='ltr'>Africanus</span> 
     </span>
    </p>
   </div>
   <div class='ocr_carea' id='block_1_19' title="bbox 658 596 2245 638">
    <p class='ocr_par' dir='ltr' id='par_1_22' title="bbox 658 596 2245 638">
     <span class='ocr_line' id='line_1_61' title="bbox 658 596 2245 638; baseline -0.001 -14"><span class='ocrx_word' id='word_1_519' title='bbox 658 596 753 624; x_wconf 84' lang='lat' dir='ltr'>Mensis</span> <span class='ocrx_word' id='word_1_520' title='bbox 766 602 854 623; x_wconf 84' lang='lat' dir='ltr'>autem</span> <span class='ocrx_word' id='word_1_521' title='bbox 867 596 1028 623; x_wconf 80' lang='lat' dir='ltr'>intercalaris</span> <span class='ocrx_word' id='word_1_522' title='bbox 1042 600 1139 623; x_wconf 72' lang='lat' dir='ltr'>constat</span> <span class='ocrx_word' id='word_1_523' title='bbox 1166 606 1197 624; x_wconf 86' lang='lat'>10</span> <span class='ocrx_word' id='word_1_524' title='bbox 1208 598 1350 632; x_wconf 75' lang='lat' dir='ltr'>postulauit</span> <span class='ocrx_word' id='word_1_525' title='bbox 1370 608 1417 633; x_wconf 87' lang='lat' dir='ltr'>pro</span> <span class='ocrx_word' id='word_1_526' title='bbox 1431 600 1460 625; x_wconf 92' lang='lat' dir='ltr'>L.</span> <span class='ocrx_word' id='word_1_527' title='bbox 1473 600 1593 633; x_wconf 80' lang='lat' dir='ltr'>Scipione</span> <span class='ocrx_word' id='word_1_528' title='bbox 1607 600 1719 626; x_wconf 78' lang='lat' dir='ltr'>Aliatico</span> <span class='ocrx_word' id='word_1_529' title='bbox 1737 600 1818 626; x_wconf 75' lang='lat' dir='ltr'>fratre</span> <span class='ocrx_word' id='word_1_530' title='bbox 1851 614 1898 620; x_wconf 83' lang='lat'>—</span> <span class='ocrx_word' id='word_1_531' title='bbox 1928 606 1957 628; x_wconf 92' lang='lat' dir='ltr'>vt</span> <span class='ocrx_word' id='word_1_532' title='bbox 1977 610 2037 627; x_wconf 83' lang='lat' dir='ltr'>cuin</span> <span class='ocrx_word' id='word_1_533' title='bbox 2053 610 2066 626; x_wconf 82' lang='lat' dir='ltr'>a</span> <span class='ocrx_word' id='word_1_534' title='bbox 2080 604 2201 638; x_wconf 58' lang='lat' dir='ltr'>Collegae</span> <span class='ocrx_word' id='word_1_535' title='bbox 2217 605 2245 632; x_wconf 60' lang='lat' dir='ltr'>vj</span> 
     </span>
    </p>
   </div>
   <div class='ocr_carea' id='block_1_20' title="bbox 1193 633 2248 1660">
    <p class='ocr_par' dir='ltr' id='par_1_23' title="bbox 1198 633 2248 1510">
     <span class='ocr_line' id='line_1_62' title="bbox 1208 633 2245 669; baseline 0.007 -10"><span class='ocrx_word' id='word_1_536' title='bbox 1208 633 1413 668; x_wconf 83' lang='lat' dir='ltr'>prohibeamus:</span> <span class='ocrx_word' id='word_1_537' title='bbox 1444 642 1468 660; x_wconf 89' lang='lat' dir='ltr'>et</span> <span class='ocrx_word' id='word_1_538' title='bbox 1488 634 1559 669; x_wconf 84' lang='lat' dir='ltr'>quod</span> <span class='ocrx_word' id='word_1_539' title='bbox 1575 641 1663 660; x_wconf 84' lang='lat' dir='ltr'>contra</span> <span class='ocrx_word' id='word_1_540' title='bbox 1678 635 1786 669; x_wconf 78' lang='lat' dir='ltr'>Collega</span> <span class='ocrx_word' id='word_1_541' title='bbox 1805 635 1961 669; x_wconf 82' lang='lat' dir='ltr'>postulauit,</span> <span class='ocrx_word' id='word_1_542' title='bbox 1979 645 2012 663; x_wconf 88' lang='lat' dir='ltr'>ne</span> <span class='ocrx_word' id='word_1_543' title='bbox 2033 636 2082 662; x_wconf 81' lang='lat' dir='ltr'>libi</span> <span class='ocrx_word' id='word_1_544' title='bbox 2102 638 2245 666; x_wconf 81' lang='lat' dir='ltr'>interceda-</span> 
     </span>
     <span class='ocr_line' id='line_1_63' title="bbox 1207 670 2246 704; baseline 0.006 -10"><span class='ocrx_word' id='word_1_545' title='bbox 1207 678 1280 701; x_wconf 86' lang='lat' dir='ltr'>mus,</span> <span class='ocrx_word' id='word_1_546' title='bbox 1301 679 1355 704; x_wconf 83' lang='lat' dir='ltr'>quo</span> <span class='ocrx_word' id='word_1_547' title='bbox 1370 671 1456 696; x_wconf 88' lang='lat' dir='ltr'>minus</span> <span class='ocrx_word' id='word_1_548' title='bbox 1473 671 1559 704; x_wconf 82' lang='lat' dir='ltr'>suapte</span> <span class='ocrx_word' id='word_1_549' title='bbox 1577 670 1696 704; x_wconf 74' lang='lat' dir='ltr'>potestate</span> <span class='ocrx_word' id='word_1_550' title='bbox 1713 671 1751 696; x_wconf 82' lang='lat' dir='ltr'>vti</span> <span class='ocrx_word' id='word_1_551' title='bbox 1766 671 1858 697; x_wconf 86' lang='lat' dir='ltr'>liceat:</span> <span class='ocrx_word' id='word_1_552' title='bbox 1885 671 1917 697; x_wconf 83' lang='lat' dir='ltr'>dc</span> <span class='ocrx_word' id='word_1_553' title='bbox 1931 680 1960 697; x_wconf 88' lang='lat' dir='ltr'>ea</span> <span class='ocrx_word' id='word_1_554' title='bbox 1973 680 2002 698; x_wconf 85' lang='lat' dir='ltr'>re</span> <span class='ocrx_word' id='word_1_555' title='bbox 2015 672 2133 699; x_wconf 87' lang='lat' dir='ltr'>nostrum</span> <span class='ocrx_word' id='word_1_556' title='bbox 2147 675 2246 701; x_wconf 81' lang='lat' dir='ltr'>scincu-</span> 
     </span>
     <span class='ocr_line' id='line_1_64' title="bbox 1206 704 2245 742; baseline 0.005 -11"><span class='ocrx_word' id='word_1_557' title='bbox 1206 705 1241 731; x_wconf 86' lang='lat' dir='ltr'>tia</span> <span class='ocrx_word' id='word_1_558' title='bbox 1262 705 1383 731; x_wconf 87' lang='lat' dir='ltr'>onmium</span> <span class='ocrx_word' id='word_1_559' title='bbox 1402 705 1461 731; x_wconf 84' lang='lat' dir='ltr'>data</span> <span class='ocrx_word' id='word_1_560' title='bbox 1477 704 1526 737; x_wconf 83' lang='lat' dir='ltr'>cll,</span> <span class='ocrx_word' id='word_1_561' title='bbox 1551 706 1576 731; x_wconf 88' lang='lat' dir='ltr'>Si</span> <span class='ocrx_word' id='word_1_562' title='bbox 1594 705 1623 731; x_wconf 86' lang='lat' dir='ltr'>L.</span> <span class='ocrx_word' id='word_1_563' title='bbox 1641 705 1778 731; x_wconf 82' lang='lat' dir='ltr'>Cornelius</span> <span class='ocrx_word' id='word_1_564' title='bbox 1799 706 1886 738; x_wconf 84' lang='lat' dir='ltr'>Scipio</span> <span class='ocrx_word' id='word_1_565' title='bbox 1899 705 2023 733; x_wconf 80' lang='lat' dir='ltr'>Aliaticus</span> <span class='ocrx_word' id='word_1_566' title='bbox 2036 708 2158 742; x_wconf 87' lang='lat' dir='ltr'>Collegae</span> <span class='ocrx_word' id='word_1_567' title='bbox 2175 710 2245 736; x_wconf 83' lang='lat' dir='ltr'>arbi-</span> 
     </span>
     <span class='ocr_line' id='line_1_65' title="bbox 1206 740 2247 775; baseline 0.005 -9"><span class='ocrx_word' id='word_1_568' title='bbox 1206 746 1274 766; x_wconf 88' lang='lat' dir='ltr'>tratu</span> <span class='ocrx_word' id='word_1_569' title='bbox 1289 740 1394 774; x_wconf 82' lang='lat' dir='ltr'>praedes</span> <span class='ocrx_word' id='word_1_570' title='bbox 1409 740 1492 772; x_wconf 88' lang='lat' dir='ltr'>dabit,</span> <span class='ocrx_word' id='word_1_571' title='bbox 1512 741 1645 774; x_wconf 64' lang='lat' dir='ltr'>(ode-gae,</span> <span class='ocrx_word' id='word_1_572' title='bbox 1659 750 1692 766; x_wconf 89' lang='grc'>110</span> <span class='ocrx_word' id='word_1_573' title='bbox 1707 749 1767 766; x_wconf 86' lang='lat' dir='ltr'>cum</span> <span class='ocrx_word' id='word_1_574' title='bbox 1781 740 1808 766; x_wconf 89' lang='lat' dir='ltr'>in</span> <span class='ocrx_word' id='word_1_575' title='bbox 1822 742 1927 767; x_wconf 82' lang='lat' dir='ltr'>vincula</span> <span class='ocrx_word' id='word_1_576' title='bbox 1941 742 2028 775; x_wconf 87' lang='lat' dir='ltr'>ducat,</span> <span class='ocrx_word' id='word_1_577' title='bbox 2042 743 2247 771; x_wconf 81' lang='lat' dir='ltr'>intercedemus:</span> 
     </span>
     <span class='ocr_line' id='line_1_66' title="bbox 1206 775 2245 813; baseline 0.005 -12"><span class='ocrx_word' id='word_1_578' title='bbox 1206 775 1223 801; x_wconf 85' lang='lat' dir='ltr'>li</span> <span class='ocrx_word' id='word_1_579' title='bbox 1238 776 1294 802; x_wconf 90' lang='lat' dir='ltr'>eius</span> <span class='ocrx_word' id='word_1_580' title='bbox 1311 777 1440 802; x_wconf 88' lang='lat' dir='ltr'>arbitratu</span> <span class='ocrx_word' id='word_1_581' title='bbox 1462 776 1568 810; x_wconf 86' lang='lat' dir='ltr'>praedes</span> <span class='ocrx_word' id='word_1_582' title='bbox 1587 784 1642 802; x_wconf 89' lang='lat' dir='ltr'>non</span> <span class='ocrx_word' id='word_1_583' title='bbox 1655 775 1742 808; x_wconf 90' lang='lat' dir='ltr'>dabit,</span> <span class='ocrx_word' id='word_1_584' title='bbox 1762 784 1816 810; x_wconf 87' lang='lat' dir='ltr'>quo</span> <span class='ocrx_word' id='word_1_585' title='bbox 1828 776 1916 801; x_wconf 85' lang='lat' dir='ltr'>minus</span> <span class='ocrx_word' id='word_1_586' title='bbox 1929 777 2037 812; x_wconf 81' lang='lat' dir='ltr'>Collega</span> <span class='ocrx_word' id='word_1_587' title='bbox 2051 780 2095 805; x_wconf 88' lang='lat' dir='ltr'>sua</span> <span class='ocrx_word' id='word_1_588' title='bbox 2118 780 2245 813; x_wconf 79' lang='lat' dir='ltr'>potestate</span> 
     </span>
     <span class='ocr_line' id='line_1_67' title="bbox 1206 811 2246 846; baseline 0.006 -10"><span class='ocrx_word' id='word_1_589' title='bbox 1206 816 1306 842; x_wconf 89' lang='lat' dir='ltr'>vtatur,</span> <span class='ocrx_word' id='word_1_590' title='bbox 1324 820 1377 837; x_wconf 86' lang='grc'>11011</span> <span class='ocrx_word' id='word_1_591' title='bbox 1393 811 1591 837; x_wconf 79' lang='lat' dir='ltr'>intercedemus.</span> <span class='ocrx_word' id='word_1_592' title='bbox 1627 811 1691 838; x_wconf 78' lang='lat' dir='ltr'>Sunt</span> <span class='ocrx_word' id='word_1_593' title='bbox 1703 812 1738 836; x_wconf 82' lang='lat' dir='ltr'>ibi</span> <span class='ocrx_word' id='word_1_594' title='bbox 1748 813 1832 846; x_wconf 76' lang='lat' dir='ltr'>plura.</span> <span class='ocrx_word' id='word_1_595' title='bbox 1902 812 1959 838; x_wconf 86' lang='lat' dir='ltr'>Cic.</span> <span class='ocrx_word' id='word_1_596' title='bbox 1979 813 2010 838; x_wconf 82' lang='lat' dir='ltr'>de</span> <span class='ocrx_word' id='word_1_597' title='bbox 2030 814 2149 841; x_wconf 88' lang='lat' dir='ltr'>l’rouine.</span> <span class='ocrx_word' id='word_1_598' title='bbox 2166 816 2246 842; x_wconf 79' lang='lat' dir='ltr'>eous.</span> 
     </span>
     <span class='ocr_line' id='line_1_68' title="bbox 1206 845 2245 884; baseline 0.004 -12"><span class='ocrx_word' id='word_1_599' title='bbox 1206 854 1234 880; x_wconf 84' lang='grc'>17</span> <span class='ocrx_word' id='word_1_600' title='bbox 1255 855 1276 872; x_wconf 83' lang='grc'>0.</span> <span class='ocrx_word' id='word_1_601' title='bbox 1291 851 1304 876; x_wconf 85' lang='lat'>8</span> <span class='ocrx_word' id='word_1_602' title='bbox 1334 847 1403 880; x_wconf 81' lang='lat' dir='ltr'>Lege</span> <span class='ocrx_word' id='word_1_603' title='bbox 1424 855 1475 881; x_wconf 86' lang='lat' dir='ltr'>qna</span> <span class='ocrx_word' id='word_1_604' title='bbox 1488 846 1616 872; x_wconf 83' lang='lat' dir='ltr'>intercedi</span> <span class='ocrx_word' id='word_1_605' title='bbox 1634 846 1666 873; x_wconf 88' lang='lat' dir='ltr'>de</span> <span class='ocrx_word' id='word_1_606' title='bbox 1680 845 1826 880; x_wconf 86' lang='lat' dir='ltr'>prouinciis</span> <span class='ocrx_word' id='word_1_607' title='bbox 1844 854 1898 872; x_wconf 91' lang='lat' dir='ltr'>non</span> <span class='ocrx_word' id='word_1_608' title='bbox 1912 846 2011 874; x_wconf 81' lang='lat' dir='ltr'>licebit.</span> <span class='ocrx_word' id='word_1_609' title='bbox 2045 850 2245 884; x_wconf 80' lang='lat' dir='ltr'>Conf.1d.ibid.</span> 
     </span>
     <span class='ocr_line' id='line_1_69' title="bbox 1205 881 2248 916; baseline 0.006 -10"><span class='ocrx_word' id='word_1_610' title='bbox 1205 890 1227 907; x_wconf 91' lang='lat' dir='ltr'>c.</span> <span class='ocrx_word' id='word_1_611' title='bbox 1243 889 1275 913; x_wconf 88' lang='lat'>15.</span> <span class='ocrx_word' id='word_1_612' title='bbox 1309 889 1332 907; x_wconf 78' lang='lat' dir='ltr'>et</span> <span class='ocrx_word' id='word_1_613' title='bbox 1351 890 1399 915; x_wconf 86' lang='lat' dir='ltr'>pro</span> <span class='ocrx_word' id='word_1_614' title='bbox 1414 883 1443 908; x_wconf 83' lang='lat' dir='ltr'>C.</span> <span class='ocrx_word' id='word_1_615' title='bbox 1459 882 1566 908; x_wconf 76' lang='lat' dir='ltr'>Corncl.</span> <span class='ocrx_word' id='word_1_616' title='bbox 1581 891 1602 907; x_wconf 86' lang='lat' dir='ltr'>c.</span> <span class='ocrx_word' id='word_1_617' title='bbox 1618 890 1627 907; x_wconf 96' lang='lat'>1</span> <span class='ocrx_word' id='word_1_618' title='bbox 1682 883 1785 916; x_wconf 72' lang='lat' dir='ltr'>Proprie</span> <span class='ocrx_word' id='word_1_619' title='bbox 1799 881 1988 908; x_wconf 81' lang='lat' dir='ltr'>Tribunoruni</span> <span class='ocrx_word' id='word_1_620' title='bbox 2002 890 2055 909; x_wconf 77' lang='lat' dir='ltr'>erat</span> <span class='ocrx_word' id='word_1_621' title='bbox 2068 884 2248 912; x_wconf 79' lang='lat' dir='ltr'>intercedere:</span> 
     </span>
     <span class='ocr_line' id='line_1_70' title="bbox 1204 916 2246 955; baseline 0.005 -13"><span class='ocrx_word' id='word_1_622' title='bbox 1204 918 1276 943; x_wconf 84' lang='lat' dir='ltr'>Caes.</span> <span class='ocrx_word' id='word_1_623' title='bbox 1290 917 1355 942; x_wconf 77' lang='lat' dir='ltr'>Bell.</span> <span class='ocrx_word' id='word_1_624' title='bbox 1369 918 1430 943; x_wconf 86' lang='lat' dir='ltr'>Ciu.</span> <span class='ocrx_word' id='word_1_625' title='bbox 1444 926 1462 947; x_wconf 88' lang='lat'>1,</span> <span class='ocrx_word' id='word_1_626' title='bbox 1477 926 1492 944; x_wconf 83' lang='lat'>2</span> <span class='ocrx_word' id='word_1_627' title='bbox 1521 916 1662 943; x_wconf 76' lang='lat' dir='ltr'>intercedit</span> <span class='ocrx_word' id='word_1_628' title='bbox 1677 917 1714 943; x_wconf 92' lang='lat' dir='ltr'>M.</span> <span class='ocrx_word' id='word_1_629' title='bbox 1723 917 1867 947; x_wconf 80' lang='lat' dir='ltr'>Antonius,</span> <span class='ocrx_word' id='word_1_630' title='bbox 1887 918 1925 951; x_wconf 82' lang='lat' dir='ltr'>Q</span> <span class='ocrx_word' id='word_1_631' title='bbox 1935 917 2028 944; x_wconf 73' lang='lat' dir='ltr'>Cassius</span> <span class='ocrx_word' id='word_1_632' title='bbox 2042 919 2162 946; x_wconf 83' lang='lat' dir='ltr'>Tribun.</span> <span class='ocrx_word' id='word_1_633' title='bbox 2175 920 2246 955; x_wconf 84' lang='lat' dir='ltr'>pleb.</span> 
     </span>
     <span class='ocr_line' id='line_1_71' title="bbox 1205 952 2244 987; baseline 0.006 -10"><span class='ocrx_word' id='word_1_634' title='bbox 1205 952 1261 978; x_wconf 85' lang='lat' dir='ltr'>Cic.</span> <span class='ocrx_word' id='word_1_635' title='bbox 1271 953 1324 978; x_wconf 82' lang='lat' dir='ltr'>Att.</span> <span class='ocrx_word' id='word_1_636' title='bbox 1339 962 1357 984; x_wconf 85' lang='lat'>1,</span> <span class='ocrx_word' id='word_1_637' title='bbox 1369 955 1396 978; x_wconf 85' lang='lat'>16</span> <span class='ocrx_word' id='word_1_638' title='bbox 1416 953 1479 986; x_wconf 76' lang='lat' dir='ltr'>Qu,</span> <span class='ocrx_word' id='word_1_639' title='bbox 1493 952 1554 978; x_wconf 90' lang='lat' dir='ltr'>dum</span> <span class='ocrx_word' id='word_1_640' title='bbox 1569 952 1668 979; x_wconf 83' lang='lat' dir='ltr'>veritus</span> <span class='ocrx_word' id='word_1_641' title='bbox 1683 952 1728 983; x_wconf 80' lang='grc'>011,</span> <span class='ocrx_word' id='word_1_642' title='bbox 1749 960 1782 977; x_wconf 85' lang='grc'>110</span> <span class='ocrx_word' id='word_1_643' title='bbox 1796 952 1885 979; x_wconf 82' lang='lat' dir='ltr'>Fufius</span> <span class='ocrx_word' id='word_1_644' title='bbox 1898 955 1924 978; x_wconf 79' lang='lat' dir='ltr'>ci</span> <span class='ocrx_word' id='word_1_645' title='bbox 1936 953 1987 987; x_wconf 79' lang='lat' dir='ltr'>legi</span> <span class='ocrx_word' id='word_1_646' title='bbox 2003 954 2186 986; x_wconf 79' lang='lat' dir='ltr'>intercederet,</span> <span class='ocrx_word' id='word_1_647' title='bbox 2197 963 2244 983; x_wconf 78' lang='lat' dir='ltr'>etc.</span> 
     </span>
     <span class='ocr_line' id='line_1_72' title="bbox 1208 986 2246 1022; baseline 0.005 -10"><span class='ocrx_word' id='word_1_648' title='bbox 1208 986 1267 1014; x_wconf 80' lang='lat' dir='ltr'>Vid.</span> <span class='ocrx_word' id='word_1_649' title='bbox 1282 987 1342 1013; x_wconf 90' lang='lat' dir='ltr'>Liu.</span> <span class='ocrx_word' id='word_1_650' title='bbox 1356 996 1397 1020; x_wconf 71' lang='lat'>43,</span> <span class='ocrx_word' id='word_1_651' title='bbox 1410 996 1447 1014; x_wconf 79' lang='lat'>21.</span> <span class='ocrx_word' id='word_1_652' title='bbox 1483 991 1513 1013; x_wconf 75' lang='lat' dir='ltr'>it.</span> <span class='ocrx_word' id='word_1_653' title='bbox 1528 993 1555 1019; x_wconf 77' lang='lat'>33</span> <span class='ocrx_word' id='word_1_654' title='bbox 1577 993 1641 1013; x_wconf 72' lang='lat' dir='ltr'>extr.</span> <span class='ocrx_word' id='word_1_655' title='bbox 1677 989 1707 1013; x_wconf 81' lang='lat' dir='ltr'>it.</span> <span class='ocrx_word' id='word_1_656' title='bbox 1721 989 1746 1016; x_wconf 89' lang='lat'>6,</span> <span class='ocrx_word' id='word_1_657' title='bbox 1764 995 1799 1019; x_wconf 81' lang='lat'>35.</span> <span class='ocrx_word' id='word_1_658' title='bbox 1870 988 1992 1022; x_wconf 79' lang='lat' dir='ltr'>Praetor,</span> <span class='ocrx_word' id='word_1_659' title='bbox 2013 990 2054 1015; x_wconf 82' lang='lat' dir='ltr'>cui</span> <span class='ocrx_word' id='word_1_660' title='bbox 2070 999 2148 1017; x_wconf 86' lang='lat' dir='ltr'>nemo</span> <span class='ocrx_word' id='word_1_661' title='bbox 2164 992 2246 1018; x_wconf 86' lang='lat' dir='ltr'>inter-</span> 
     </span>
     <span class='ocr_line' id='line_1_73' title="bbox 1202 1022 2243 1058; baseline 0.005 -10"><span class='ocrx_word' id='word_1_662' title='bbox 1202 1022 1296 1048; x_wconf 80' lang='lat' dir='ltr'>cedere</span> <span class='ocrx_word' id='word_1_663' title='bbox 1309 1024 1387 1056; x_wconf 68' lang='lat' dir='ltr'>poss‘ct</span> <span class='ocrx_word' id='word_1_664' title='bbox 1401 1023 1457 1049; x_wconf 88' lang='lat' dir='ltr'>Cic.</span> <span class='ocrx_word' id='word_1_665' title='bbox 1473 1024 1547 1049; x_wconf 71' lang='lat' dir='ltr'>Vei-r.</span> <span class='ocrx_word' id='word_1_666' title='bbox 1560 1031 1576 1048; x_wconf 83' lang='lat'>2</span> <span class='ocrx_word' id='word_1_667' title='bbox 1596 1031 1616 1048; x_wconf 90' lang='grc'>0.</span> <span class='ocrx_word' id='word_1_668' title='bbox 1632 1030 1665 1047; x_wconf 87' lang='lat'>12.</span> <span class='ocrx_word' id='word_1_669' title='bbox 1719 1023 1751 1047; x_wconf 86' lang='lat' dir='ltr'>Et</span> <span class='ocrx_word' id='word_1_670' title='bbox 1763 1029 1843 1048; x_wconf 67' lang='lat' dir='ltr'>tamen</span> <span class='ocrx_word' id='word_1_671' title='bbox 1857 1023 1932 1050; x_wconf 84' lang='lat' dir='ltr'>Verr.</span> <span class='ocrx_word' id='word_1_672' title='bbox 1947 1032 1967 1056; x_wconf 84' lang='lat'>1,</span> <span class='ocrx_word' id='word_1_673' title='bbox 1983 1032 2025 1058; x_wconf 88' lang='lat'>119</span> <span class='ocrx_word' id='word_1_674' title='bbox 2046 1034 2066 1051; x_wconf 88' lang='lat' dir='ltr'>c.</span> <span class='ocrx_word' id='word_1_675' title='bbox 2081 1028 2117 1057; x_wconf 78' lang='lat'>46</span> <span class='ocrx_word' id='word_1_676' title='bbox 2141 1027 2170 1053; x_wconf 88' lang='lat' dir='ltr'>L.</span> <span class='ocrx_word' id='word_1_677' title='bbox 2185 1027 2243 1054; x_wconf 83' lang='lat' dir='ltr'>Piso</span> 
     </span>
     <span class='ocr_line' id='line_1_74' title="bbox 1202 1055 2244 1092; baseline 0.005 -8"><span class='ocrx_word' id='word_1_678' title='bbox 1202 1059 1314 1089; x_wconf 78' lang='lat' dir='ltr'>Praetor,</span> <span class='ocrx_word' id='word_1_679' title='bbox 1328 1060 1450 1089; x_wconf 70' lang='lat' dir='ltr'>Praetori,</span> <span class='ocrx_word' id='word_1_680' title='bbox 1471 1059 1546 1084; x_wconf 72' lang='lat' dir='ltr'>Verri</span> <span class='ocrx_word' id='word_1_681' title='bbox 1560 1055 1708 1088; x_wconf 74' lang='lat' dir='ltr'>imm-ceint,</span> <span class='ocrx_word' id='word_1_682' title='bbox 1727 1057 1904 1090; x_wconf 85' lang='lat' dir='ltr'>appellatione</span> <span class='ocrx_word' id='word_1_683' title='bbox 1919 1061 2018 1092; x_wconf 85' lang='lat' dir='ltr'>causae,</span> <span class='ocrx_word' id='word_1_684' title='bbox 2040 1067 2069 1086; x_wconf 81' lang='lat' dir='ltr'>vt</span> <span class='ocrx_word' id='word_1_685' title='bbox 2080 1061 2151 1087; x_wconf 74' lang='lat' dir='ltr'>addit</span> <span class='ocrx_word' id='word_1_686' title='bbox 2165 1064 2244 1089; x_wconf 88' lang='lat' dir='ltr'>Asco-</span> 
     </span>
     <span class='ocr_line' id='line_1_75' title="bbox 1202 1090 2245 1128; baseline 0.005 -9"><span class='ocrx_word' id='word_1_687' title='bbox 1202 1094 1276 1125; x_wconf 86' lang='lat' dir='ltr'>nius,</span> <span class='ocrx_word' id='word_1_688' title='bbox 1294 1094 1326 1119; x_wconf 85' lang='lat' dir='ltr'>ad</span> <span class='ocrx_word' id='word_1_689' title='bbox 1340 1093 1466 1128; x_wconf 80' lang='lat' dir='ltr'>collegam</span> <span class='ocrx_word' id='word_1_690' title='bbox 1479 1092 1555 1119; x_wconf 63' lang='lat' dir='ltr'>faeta.</span> <span class='ocrx_word' id='word_1_691' title='bbox 1612 1093 1702 1126; x_wconf 74' lang='lat' dir='ltr'>Nempe</span> <span class='ocrx_word' id='word_1_692' title='bbox 1716 1097 1768 1125; x_wconf 82' lang='lat' dir='ltr'>par</span> <span class='ocrx_word' id='word_1_693' title='bbox 1781 1090 1908 1127; x_wconf 74' lang='lat' dir='ltr'>potestas,</span> <span class='ocrx_word' id='word_1_694' title='bbox 1923 1102 1967 1119; x_wconf 79' lang='lat' dir='ltr'>aut</span> <span class='ocrx_word' id='word_1_695' title='bbox 1984 1098 2062 1121; x_wconf 79' lang='lat' dir='ltr'>maior</span> <span class='ocrx_word' id='word_1_696' title='bbox 2077 1098 2245 1124; x_wconf 72' lang='lat' dir='ltr'>intercedendi</span> 
     </span>
     <span class='ocr_line' id='line_1_76' title="bbox 1199 1128 2246 1168; baseline 0.005 -14"><span class='ocrx_word' id='word_1_697' title='bbox 1199 1132 1239 1154; x_wconf 83' lang='lat' dir='ltr'>ius</span> <span class='ocrx_word' id='word_1_698' title='bbox 1253 1129 1332 1155; x_wconf 69' lang='lat' dir='ltr'>habet.</span> <span class='ocrx_word' id='word_1_699' title='bbox 1373 1130 1500 1155; x_wconf 59' lang='lat' dir='ltr'>Zbibunus</span> <span class='ocrx_word' id='word_1_700' title='bbox 1514 1128 1594 1163; x_wconf 75' lang='lat' dir='ltr'>plebei</span> <span class='ocrx_word' id='word_1_701' title='bbox 1611 1129 1745 1161; x_wconf 68' lang='lat' dir='ltr'>intercedit</span> <span class='ocrx_word' id='word_1_702' title='bbox 1762 1130 1858 1153; x_wconf 82' lang='lat' dir='ltr'>nomine</span> <span class='ocrx_word' id='word_1_703' title='bbox 1871 1130 1966 1163; x_wconf 77' lang='lat' dir='ltr'>populi.</span> <span class='ocrx_word' id='word_1_704' title='bbox 2037 1131 2092 1156; x_wconf 90' lang='lat' dir='ltr'>Cic.</span> <span class='ocrx_word' id='word_1_705' title='bbox 2107 1132 2178 1159; x_wconf 86' lang='lat' dir='ltr'>Fam.</span> <span class='ocrx_word' id='word_1_706' title='bbox 2193 1142 2213 1166; x_wconf 91' lang='lat'>1,</span> <span class='ocrx_word' id='word_1_707' title='bbox 2228 1141 2246 1168; x_wconf 80' lang='lat'>7</span> 
     </span>
     <span class='ocr_line' id='line_1_77' title="bbox 1199 1161 2246 1200; baseline 0.006 -13"><span class='ocrx_word' id='word_1_708' title='bbox 1199 1164 1298 1198; x_wconf 75' lang='lat' dir='ltr'>anue,</span> <span class='ocrx_word' id='word_1_709' title='bbox 1312 1173 1378 1198; x_wconf 81' lang='lat' dir='ltr'>quae</span> <span class='ocrx_word' id='word_1_710' title='bbox 1391 1164 1421 1190; x_wconf 88' lang='lat' dir='ltr'>dc</span> <span class='ocrx_word' id='word_1_711' title='bbox 1435 1172 1464 1190; x_wconf 87' lang='lat' dir='ltr'>ea</span> <span class='ocrx_word' id='word_1_712' title='bbox 1478 1165 1551 1190; x_wconf 83' lang='lat' dir='ltr'>eausa</span> <span class='ocrx_word' id='word_1_713' title='bbox 1566 1163 1659 1197; x_wconf 88' lang='lat' dir='ltr'>scripta</span> <span class='ocrx_word' id='word_1_714' title='bbox 1673 1162 1709 1188; x_wconf 81' lang='lat' dir='ltr'>est</span> <span class='ocrx_word' id='word_1_715' title='bbox 1722 1161 1864 1193; x_wconf 75' lang='lat' dir='ltr'>a116toritas</span> <span class='ocrx_word' id='word_1_716' title='bbox 1883 1165 1938 1195; x_wconf 84' lang='lat' dir='ltr'>(eui</span> <span class='ocrx_word' id='word_1_717' title='bbox 1954 1164 2000 1190; x_wconf 81' lang='lat' dir='ltr'>scis</span> <span class='ocrx_word' id='word_1_718' title='bbox 2012 1164 2174 1192; x_wconf 65' lang='lat' dir='ltr'>intercessum</span> <span class='ocrx_word' id='word_1_719' title='bbox 2189 1169 2246 1200; x_wconf 77' lang='lat' dir='ltr'>esse,</span> 
     </span>
     <span class='ocr_line' id='line_1_78' title="bbox 1198 1198 2245 1234; baseline 0.005 -9"><span class='ocrx_word' id='word_1_720' title='bbox 1198 1206 1228 1225; x_wconf 86' lang='lat' dir='ltr'>vt</span> <span class='ocrx_word' id='word_1_721' title='bbox 1243 1209 1274 1225; x_wconf 88' lang='lat' dir='ltr'>ne</span> <span class='ocrx_word' id='word_1_722' title='bbox 1288 1200 1345 1234; x_wconf 86' lang='lat' dir='ltr'>quis</span> <span class='ocrx_word' id='word_1_723' title='bbox 1365 1201 1476 1225; x_wconf 87' lang='lat' dir='ltr'>omnino</span> <span class='ocrx_word' id='word_1_724' title='bbox 1490 1208 1577 1232; x_wconf 73' lang='lat' dir='ltr'>regem</span> <span class='ocrx_word' id='word_1_725' title='bbox 1592 1199 1714 1230; x_wconf 87' lang='lat' dir='ltr'>duceret)</span> <span class='ocrx_word' id='word_1_726' title='bbox 1729 1204 1825 1224; x_wconf 85' lang='lat' dir='ltr'>tantam</span> <span class='ocrx_word' id='word_1_727' title='bbox 1842 1199 1895 1224; x_wconf 85' lang='lat' dir='ltr'>vim</span> <span class='ocrx_word' id='word_1_728' title='bbox 1910 1198 1997 1226; x_wconf 87' lang='lat' dir='ltr'>habet.</span> <span class='ocrx_word' id='word_1_729' title='bbox 2077 1202 2147 1228; x_wconf 89' lang='lat' dir='ltr'>Huic</span> <span class='ocrx_word' id='word_1_730' title='bbox 2162 1204 2245 1230; x_wconf 80' lang='lat' dir='ltr'>inter-</span> 
     </span>
     <span class='ocr_line' id='line_1_79' title="bbox 1199 1233 2245 1270; baseline 0.004 -9"><span class='ocrx_word' id='word_1_731' title='bbox 1199 1235 1301 1261; x_wconf 75' lang='lat' dir='ltr'>ceditur</span> <span class='ocrx_word' id='word_1_732' title='bbox 1314 1235 1468 1269; x_wconf 75' lang='lat' dir='ltr'>frequenter</span> <span class='ocrx_word' id='word_1_733' title='bbox 1482 1235 1554 1260; x_wconf 80' lang='lat' dir='ltr'>Idem</span> <span class='ocrx_word' id='word_1_734' title='bbox 1569 1235 1620 1260; x_wconf 83' lang='lat' dir='ltr'>Att.</span> <span class='ocrx_word' id='word_1_735' title='bbox 1636 1241 1702 1265; x_wconf 88' lang='lat'>1,19.</span> <span class='ocrx_word' id='word_1_736' title='bbox 1795 1233 1960 1260; x_wconf 71' lang='lat' dir='ltr'>lutei-cedere</span> <span class='ocrx_word' id='word_1_737' title='bbox 1974 1244 2021 1269; x_wconf 79' lang='lat' dir='ltr'>per</span> <span class='ocrx_word' id='word_1_738' title='bbox 2034 1236 2089 1262; x_wconf 89' lang='lat' dir='ltr'>vim</span> <span class='ocrx_word' id='word_1_739' title='bbox 2103 1245 2131 1263; x_wconf 89' lang='lat' dir='ltr'>ac</span> <span class='ocrx_word' id='word_1_740' title='bbox 2144 1238 2245 1270; x_wconf 85' lang='lat' dir='ltr'>dolum,</span> 
     </span>
     <span class='ocr_line' id='line_1_80' title="bbox 1200 1267 2247 1306; baseline 0.004 -10"><span class='ocrx_word' id='word_1_741' title='bbox 1200 1279 1254 1305; x_wconf 86' lang='lat' dir='ltr'>quo</span> <span class='ocrx_word' id='word_1_742' title='bbox 1269 1271 1356 1296; x_wconf 81' lang='lat' dir='ltr'>minus</span> <span class='ocrx_word' id='word_1_743' title='bbox 1372 1270 1470 1305; x_wconf 61' lang='lat' dir='ltr'>aliquid</span> <span class='ocrx_word' id='word_1_744' title='bbox 1484 1270 1526 1295; x_wconf 86' lang='lat' dir='ltr'>fiat</span> <span class='ocrx_word' id='word_1_745' title='bbox 1536 1269 1670 1304; x_wconf 79' lang='lat' dir='ltr'>Papinian.</span> <span class='ocrx_word' id='word_1_746' title='bbox 1680 1269 1708 1294; x_wconf 88' lang='lat' dir='ltr'>in</span> <span class='ocrx_word' id='word_1_747' title='bbox 1722 1267 1842 1295; x_wconf 79' lang='lat' dir='ltr'>LVirum</span> <span class='ocrx_word' id='word_1_748' title='bbox 1863 1270 1894 1295; x_wconf 90' lang='lat' dir='ltr'>D.</span> <span class='ocrx_word' id='word_1_749' title='bbox 1904 1269 1931 1296; x_wconf 93' lang='lat' dir='ltr'>Si</span> <span class='ocrx_word' id='word_1_750' title='bbox 1942 1271 2002 1305; x_wconf 84' lang='lat' dir='ltr'>quis</span> <span class='ocrx_word' id='word_1_751' title='bbox 2015 1271 2132 1306; x_wconf 82' lang='lat' dir='ltr'>aliquem</span> <span class='ocrx_word' id='word_1_752' title='bbox 2145 1273 2247 1300; x_wconf 84' lang='lat' dir='ltr'>testam.</span> 
     </span>
     <span class='ocr_line' id='line_1_81' title="bbox 1199 1303 2244 1344; baseline 0.003 -12"><span class='ocrx_word' id='word_1_753' title='bbox 1199 1305 1334 1340; x_wconf 87' lang='lat' dir='ltr'>prohibet.</span> <span class='ocrx_word' id='word_1_754' title='bbox 1531 1303 1551 1342; x_wconf 64' lang='lat' dir='ltr'>‘j</span> <span class='ocrx_word' id='word_1_755' title='bbox 1573 1313 1585 1337; x_wconf 78' lang='lat'>3</span> <span class='ocrx_word' id='word_1_756' title='bbox 1621 1306 1758 1339; x_wconf 72' lang='lat' dir='ltr'>Deprecari</span> <span class='ocrx_word' id='word_1_757' title='bbox 1774 1314 1805 1330; x_wconf 79' lang='lat' dir='ltr'>an</span> <span class='ocrx_word' id='word_1_758' title='bbox 1818 1304 1944 1340; x_wconf 69' lang='lat' dir='ltr'>significet</span> <span class='ocrx_word' id='word_1_759' title='bbox 1956 1305 2115 1342; x_wconf 76' lang='lat' dir='ltr'>simpliciter,</span> <span class='ocrx_word' id='word_1_760' title='bbox 2134 1308 2244 1344; x_wconf 73' lang='lat' dir='ltr'>disputa-</span> 
     </span>
     <span class='ocr_line' id='line_1_82' title="bbox 1199 1339 2244 1379; baseline 0.004 -12"><span class='ocrx_word' id='word_1_761' title='bbox 1199 1349 1250 1367; x_wconf 82' lang='lat' dir='ltr'>tum</span> <span class='ocrx_word' id='word_1_762' title='bbox 1269 1340 1311 1374; x_wconf 65' lang='lat' dir='ltr'>est.</span> <span class='ocrx_word' id='word_1_763' title='bbox 1388 1341 1464 1367; x_wconf 79' lang='lat' dir='ltr'>Nihil</span> <span class='ocrx_word' id='word_1_764' title='bbox 1488 1339 1567 1367; x_wconf 80' lang='lat' dir='ltr'>adhuc</span> <span class='ocrx_word' id='word_1_765' title='bbox 1581 1341 1707 1374; x_wconf 66' lang='lat' dir='ltr'>prolatum</span> <span class='ocrx_word' id='word_1_766' title='bbox 1720 1346 1797 1374; x_wconf 77' lang='lat' dir='ltr'>puto,</span> <span class='ocrx_word' id='word_1_767' title='bbox 1829 1350 1874 1379; x_wconf 55' lang='lat' dir='ltr'>quo</span> <span class='ocrx_word' id='word_1_768' title='bbox 1890 1340 1932 1367; x_wconf 68' lang='lat' dir='ltr'>illa</span> <span class='ocrx_word' id='word_1_769' title='bbox 1943 1340 2099 1377; x_wconf 65' lang='lat' dir='ltr'>stgvlfitatl&#39;o</span> <span class='ocrx_word' id='word_1_770' title='bbox 2111 1346 2244 1378; x_wconf 66' lang='lat' dir='ltr'>probetur.</span> 
     </span>
     <span class='ocr_line' id='line_1_83' title="bbox 1202 1375 2245 1412; baseline 0.001 -9"><span class='ocrx_word' id='word_1_771' title='bbox 1202 1379 1268 1403; x_wconf 76' lang='lat' dir='ltr'>Nam</span> <span class='ocrx_word' id='word_1_772' title='bbox 1288 1376 1354 1412; x_wconf 79' lang='lat' dir='ltr'>quod</span> <span class='ocrx_word' id='word_1_773' title='bbox 1370 1376 1486 1402; x_wconf 51' lang='lat' dir='ltr'>laudatur</span> <span class='ocrx_word' id='word_1_774' title='bbox 1499 1375 1616 1401; x_wconf 85' lang='lat' dir='ltr'>Macrob.</span> <span class='ocrx_word' id='word_1_775' title='bbox 1632 1375 1732 1401; x_wconf 87' lang='lat' dir='ltr'>Saturn.</span> <span class='ocrx_word' id='word_1_776' title='bbox 1746 1383 1796 1407; x_wconf 81' lang='lat'>2,3</span> <span class='ocrx_word' id='word_1_777' title='bbox 1820 1375 1846 1401; x_wconf 88' lang='lat' dir='ltr'>Si</span> <span class='ocrx_word' id='word_1_778' title='bbox 1865 1375 2028 1409; x_wconf 84' lang='lat' dir='ltr'>obtinueris,</span> <span class='ocrx_word' id='word_1_779' title='bbox 2051 1384 2078 1403; x_wconf 86' lang='lat' dir='ltr'>er</span> <span class='ocrx_word' id='word_1_780' title='bbox 2096 1387 2145 1412; x_wconf 85' lang='lat' dir='ltr'>pro</span> <span class='ocrx_word' id='word_1_781' title='bbox 2165 1380 2245 1406; x_wconf 73' lang='lat' dir='ltr'>nobis</span> 
     </span>
     <span class='ocr_line' id='line_1_84' title="bbox 1201 1410 2246 1449; baseline 0.003 -11"><span class='ocrx_word' id='word_1_782' title='bbox 1201 1413 1355 1443; x_wconf 70' lang='lat' dir='ltr'>intercede3</span> <span class='ocrx_word' id='word_1_783' title='bbox 1378 1413 1443 1438; x_wconf 61' lang='lat' dir='ltr'>elsim</span> <span class='ocrx_word' id='word_1_784' title='bbox 1461 1410 1504 1444; x_wconf 66' lang='lat' dir='ltr'>eff}-</span> <span class='ocrx_word' id='word_1_785' title='bbox 1517 1413 1746 1445; x_wconf 70' lang='lat' dir='ltr'>interpretationem</span> <span class='ocrx_word' id='word_1_786' title='bbox 1766 1411 1872 1436; x_wconf 82' lang='lat' dir='ltr'>alicuius</span> <span class='ocrx_word' id='word_1_787' title='bbox 1890 1416 2051 1446; x_wconf 77' lang='lat' dir='ltr'>recentioris,</span> <span class='ocrx_word' id='word_1_788' title='bbox 2071 1414 2142 1440; x_wconf 77' lang='lat' dir='ltr'>ualde</span> <span class='ocrx_word' id='word_1_789' title='bbox 2161 1414 2246 1449; x_wconf 54' lang='lat' dir='ltr'>verifi-</span> 
     </span>
     <span class='ocr_line' id='line_1_85' title="bbox 1199 1445 2245 1488; baseline 0.004 -15"><span class='ocrx_word' id='word_1_790' title='bbox 1199 1449 1256 1474; x_wconf 84' lang='lat' dir='ltr'>mile</span> <span class='ocrx_word' id='word_1_791' title='bbox 1269 1446 1300 1480; x_wconf 69' lang='lat' dir='ltr'>esi</span> <span class='ocrx_word' id='word_1_792' title='bbox 1315 1449 1460 1474; x_wconf 72' lang='lat' dir='ltr'>Graecorum</span> <span class='ocrx_word' id='word_1_793' title='bbox 1470 1466 1476 1477; x_wconf 90' lang='lat'>‚</span> <span class='ocrx_word' id='word_1_794' title='bbox 1497 1445 1536 1472; x_wconf 77' lang='grc' dir='ltr'>ἓοέν</span> <span class='ocrx_word' id='word_1_795' title='bbox 1549 1445 1681 1478; x_wconf 55' lang='lat' dir='ltr'>inarime,</span> <span class='ocrx_word' id='word_1_796' title='bbox 1696 1445 1739 1479; x_wconf 59' lang='lat'>²19²)</span> <span class='ocrx_word' id='word_1_797' title='bbox 1751 1446 1804 1481; x_wconf 68' lang='grc' dir='ltr'>περί</span> <span class='ocrx_word' id='word_1_798' title='bbox 1815 1445 1880 1479; x_wconf 64' lang='grc' dir='ltr'>ὴμῶν</span> <span class='ocrx_word' id='word_1_799' title='bbox 1893 1448 2042 1482; x_wconf 72' lang='grc' dir='ltr'>πρέσβευσον.</span> <span class='ocrx_word' id='word_1_800' title='bbox 2077 1451 2173 1477; x_wconf 80' lang='lat' dir='ltr'>Merito</span> <span class='ocrx_word' id='word_1_801' title='bbox 2186 1460 2245 1488; x_wconf 83' lang='lat' dir='ltr'>ergo</span> 
     </span>
     <span class='ocr_line' id='line_1_86' title="bbox 1198 1480 1819 1510; baseline -0.008 0"><span class='ocrx_word' id='word_1_802' title='bbox 1198 1486 1348 1510; x_wconf 71' lang='lat' dir='ltr'>omittuntur</span> <span class='ocrx_word' id='word_1_803' title='bbox 1361 1486 1387 1509; x_wconf 85' lang='lat' dir='ltr'>in</span> <span class='ocrx_word' id='word_1_804' title='bbox 1404 1484 1511 1508; x_wconf 83' lang='lat' dir='ltr'>Gronou.</span> <span class='ocrx_word' id='word_1_805' title='bbox 1811 1480 1819 1493; x_wconf 66' lang='lat'><strong>⁶</strong></span> 
     </span>
    </p>

    <p class='ocr_par' dir='ltr' id='par_1_24' title="bbox 1193 1513 2246 1660">
     <span class='ocr_line' id='line_1_87' title="bbox 1236 1513 2246 1552; baseline 0.014 -17"><span class='ocrx_word' id='word_1_806' title='bbox 1236 1525 1365 1545; x_wconf 73' lang='lat' dir='ltr'>1NTERC¹</span> <span class='ocrx_word' id='word_1_807' title='bbox 1380 1517 1528 1547; x_wconf 61' lang='lat' dir='ltr'>ssinnss·</span> <span class='ocrx_word' id='word_1_808' title='bbox 1544 1515 1561 1542; x_wconf 90' lang='lat' dir='ltr'>f.</span> <span class='ocrx_word' id='word_1_809' title='bbox 1584 1513 1784 1548; x_wconf 65' lang='lat' dir='ltr'>Pi*otc(iatio²zem</span> <span class='ocrx_word' id='word_1_810' title='bbox 1796 1516 1883 1543; x_wconf 77' lang='lat' dir='ltr'>dicunt</span> <span class='ocrx_word' id='word_1_811' title='bbox 1891 1517 1969 1544; x_wconf 77' lang='lat' dir='ltr'>hodie.</span> <span class='ocrx_word' id='word_1_812' title='bbox 1996 1520 2246 1552; x_wconf 67' lang='lat' dir='ltr'>Qium=.intercessio</span> 
     </span>
     <span class='ocr_line' id='line_1_88' title="bbox 1199 1551 2245 1590; baseline 0.003 -9"><span class='ocrx_word' id='word_1_813' title='bbox 1199 1554 1338 1581; x_wconf 88' lang='lat' dir='ltr'>stultitiam</span> <span class='ocrx_word' id='word_1_814' title='bbox 1352 1553 1524 1580; x_wconf 83' lang='lat' dir='ltr'>intercessoris</span> <span class='ocrx_word' id='word_1_815' title='bbox 1539 1551 1711 1585; x_wconf 76' lang='lat' dir='ltr'>significatura</span> <span class='ocrx_word' id='word_1_816' title='bbox 1722 1551 1758 1583; x_wconf 84' lang='lat' dir='ltr'>fit,</span> <span class='ocrx_word' id='word_1_817' title='bbox 1767 1561 1819 1577; x_wconf 88' lang='lat' dir='ltr'>non</span> <span class='ocrx_word' id='word_1_818' title='bbox 1831 1562 1887 1579; x_wconf 85' lang='lat' dir='ltr'>rem</span> <span class='ocrx_word' id='word_1_819' title='bbox 1900 1553 2059 1587; x_wconf 87' lang='lat' dir='ltr'>impeditura</span> <span class='ocrx_word' id='word_1_820' title='bbox 2067 1556 2121 1582; x_wconf 90' lang='lat' dir='ltr'>Cic.</span> <span class='ocrx_word' id='word_1_821' title='bbox 2130 1558 2221 1590; x_wconf 82' lang='lat' dir='ltr'>Agrar.</span> <span class='ocrx_word' id='word_1_822' title='bbox 2232 1566 2245 1584; x_wconf 83' lang='lat'>2</span> 
     </span>
     <span class='ocr_line' id='line_1_89' title="bbox 1199 1587 2245 1618; baseline 0.002 -2"><span class='ocrx_word' id='word_1_823' title='bbox 1199 1598 1265 1616; x_wconf 90' lang='lat' dir='ltr'>c.12.</span> <span class='ocrx_word' id='word_1_824' title='bbox 1300 1590 1372 1616; x_wconf 83' lang='lat' dir='ltr'>Caes.</span> <span class='ocrx_word' id='word_1_825' title='bbox 1379 1589 1440 1615; x_wconf 89' lang='lat' dir='ltr'>B.C.</span> <span class='ocrx_word' id='word_1_826' title='bbox 1450 1597 1490 1618; x_wconf 85' lang='lat'>1,2</span> <span class='ocrx_word' id='word_1_827' title='bbox 1502 1588 1627 1614; x_wconf 81' lang='lat' dir='ltr'>Refertur</span> <span class='ocrx_word' id='word_1_828' title='bbox 1634 1587 1718 1612; x_wconf 84' lang='lat' dir='ltr'>statim</span> <span class='ocrx_word' id='word_1_829' title='bbox 1731 1587 1762 1613; x_wconf 78' lang='lat' dir='ltr'>de</span> <span class='ocrx_word' id='word_1_830' title='bbox 1776 1588 1953 1618; x_wconf 75' lang='lat' dir='ltr'>intercessione</span> <span class='ocrx_word' id='word_1_831' title='bbox 1960 1589 2160 1618; x_wconf 86' lang='lat' dir='ltr'>Tribunorum.</span> <span class='ocrx_word' id='word_1_832' title='bbox 2184 1595 2245 1618; x_wconf 78' lang='lat' dir='ltr'>Pro-</span> 
     </span>
     <span class='ocr_line' id='line_1_90' title="bbox 1193 1623 2246 1660; baseline 0.003 -10"><span class='ocrx_word' id='word_1_833' title='bbox 1193 1627 1253 1660; x_wconf 72' lang='lat' dir='ltr'>prie</span> <span class='ocrx_word' id='word_1_834' title='bbox 1267 1623 1623 1656; x_wconf 74' lang='lat' dir='ltr'>intercessio‚Tribun0mm</span> <span class='ocrx_word' id='word_1_835' title='bbox 1638 1630 1700 1649; x_wconf 75' lang='lat' dir='ltr'>erat.</span> <span class='ocrx_word' id='word_1_836' title='bbox 1728 1625 1794 1649; x_wconf 79' lang='lat' dir='ltr'>Nam</span> <span class='ocrx_word' id='word_1_837' title='bbox 1808 1624 1944 1650; x_wconf 78' lang='lat' dir='ltr'>thellius</span> <span class='ocrx_word' id='word_1_838' title='bbox 1957 1624 2025 1650; x_wconf 76' lang='lat' dir='ltr'>docet</span> <span class='ocrx_word' id='word_1_839' title='bbox 2039 1625 2075 1658; x_wconf 73' lang='lat' dir='ltr'>ii,</span> <span class='ocrx_word' id='word_1_840' title='bbox 2085 1635 2108 1657; x_wconf 97' lang='grc'>13</span> <span class='ocrx_word' id='word_1_841' title='bbox 2122 1627 2246 1655; x_wconf 81' lang='lat' dir='ltr'>Tribuni</span> 
     </span>
    </p>
   </div>
   <div class='ocr_carea' id='block_1_21' title="bbox 124 1656 2244 1696">
    <p class='ocr_par' dir='ltr' id='par_1_25' title="bbox 124 1656 2244 1696">
     <span class='ocr_line' id='line_1_91' title="bbox 124 1656 2244 1696; baseline 0.001 -15"><span class='ocrx_word' id='word_1_842' title='bbox 124 1662 135 1681; x_wconf 89' lang='lat'>1</span> <span class='ocrx_word' id='word_1_843' title='bbox 144 1661 247 1681; x_wconf 80' lang='lat' dir='ltr'>NTER</span> <span class='ocrx_word' id='word_1_844' title='bbox 256 1660 275 1682; x_wconf 94' lang='lat' dir='ltr'>C</span> <span class='ocrx_word' id='word_1_845' title='bbox 284 1662 333 1683; x_wconf 79' lang='lat' dir='ltr'>AL</span> <span class='ocrx_word' id='word_1_846' title='bbox 342 1658 391 1685; x_wconf 72' lang='grc' dir='ltr'>ᾸΤ</span> <span class='ocrx_word' id='word_1_847' title='bbox 400 1662 419 1683; x_wconf 95' lang='lat'><em>0</em></span> <span class='ocrx_word' id='word_1_848' title='bbox 429 1663 464 1688; x_wconf 84' lang='lat' dir='ltr'>R,</span> <span class='ocrx_word' id='word_1_849' title='bbox 482 1656 547 1684; x_wconf 71' lang='lat' dir='ltr'>oris.</span> <span class='ocrx_word' id='word_1_850' title='bbox 572 1666 609 1684; x_wconf 86' lang='lat' dir='ltr'>in.</span> <span class='ocrx_word' id='word_1_851' title='bbox 644 1658 764 1685; x_wconf 86' lang='lat' dir='ltr'>Maerob.</span> <span class='ocrx_word' id='word_1_852' title='bbox 774 1659 825 1686; x_wconf 86' lang='lat' dir='ltr'>Sat.</span> <span class='ocrx_word' id='word_1_853' title='bbox 839 1667 860 1691; x_wconf 85' lang='lat'>1,</span> <span class='ocrx_word' id='word_1_854' title='bbox 874 1668 897 1692; x_wconf 78' lang='lat'>13</span> <span class='ocrx_word' id='word_1_855' title='bbox 918 1659 988 1686; x_wconf 67' lang='lat'>0610</span> <span class='ocrx_word' id='word_1_856' title='bbox 1000 1660 1137 1687; x_wconf 85' lang='lat' dir='ltr'>intercala-</span> <span class='ocrx_word' id='word_1_857' title='bbox 1144 1670 1181 1696; x_wconf 87' lang='lat'>40</span> <span class='ocrx_word' id='word_1_858' title='bbox 1200 1659 1285 1696; x_wconf 85' lang='lat' dir='ltr'>plebis</span> <span class='ocrx_word' id='word_1_859' title='bbox 1299 1660 1445 1694; x_wconf 87' lang='lat' dir='ltr'>antiquitus</span> <span class='ocrx_word' id='word_1_860' title='bbox 1459 1658 1541 1686; x_wconf 87' lang='lat' dir='ltr'>creati</span> <span class='ocrx_word' id='word_1_861' title='bbox 1552 1658 1677 1684; x_wconf 82' lang='lat' dir='ltr'>videntur</span> <span class='ocrx_word' id='word_1_862' title='bbox 1689 1666 1743 1683; x_wconf 87' lang='lat' dir='ltr'>non</span> <span class='ocrx_word' id='word_1_863' title='bbox 1758 1658 1812 1684; x_wconf 89' lang='lat' dir='ltr'>iuri</span> <span class='ocrx_word' id='word_1_864' title='bbox 1823 1658 1948 1691; x_wconf 86' lang='lat' dir='ltr'>dicundo,</span> <span class='ocrx_word' id='word_1_865' title='bbox 1961 1668 2009 1685; x_wconf 89' lang='lat' dir='ltr'>nec</span> <span class='ocrx_word' id='word_1_866' title='bbox 2022 1661 2100 1686; x_wconf 80' lang='lat' dir='ltr'>cautis</span> <span class='ocrx_word' id='word_1_867' title='bbox 2114 1662 2244 1695; x_wconf 82' lang='lat' dir='ltr'>querelis.</span> 
     </span>
    </p>
   </div>
   <div class='ocr_carea' id='block_1_22' title="bbox 82 1689 1136 2324">
    <p class='ocr_par' dir='ltr' id='par_1_26' title="bbox 85 1689 365 1718">
     <span class='ocr_line' id='line_1_92' title="bbox 85 1689 365 1718; baseline -0.004 0"><span class='ocrx_word' id='word_1_868' title='bbox 85 1694 157 1718; x_wconf 79' lang='lat' dir='ltr'>tores</span> <span class='ocrx_word' id='word_1_869' title='bbox 173 1689 237 1717; x_wconf 85' lang='lat' dir='ltr'>dies.</span> <span class='ocrx_word' id='word_1_870' title='bbox 363 1711 365 1713; x_wconf 48' lang='lat'>&gt;</span> 
     </span>
    </p>

    <p class='ocr_par' dir='ltr' id='par_1_27' title="bbox 83 1725 1136 2255">
     <span class='ocr_line' id='line_1_93' title="bbox 127 1725 1136 1765; baseline 0.006 -13"><span class='ocrx_word' id='word_1_871' title='bbox 127 1733 137 1751; x_wconf 85' lang='lat'>1</span> <span class='ocrx_word' id='word_1_872' title='bbox 151 1732 172 1752; x_wconf 81' lang='lat' dir='ltr'>N</span> <span class='ocrx_word' id='word_1_873' title='bbox 186 1732 207 1751; x_wconf 86' lang='lat' dir='ltr'>&#39;r</span> <span class='ocrx_word' id='word_1_874' title='bbox 217 1733 260 1752; x_wconf 80' lang='lat' dir='ltr'>ER</span> <span class='ocrx_word' id='word_1_875' title='bbox 270 1730 288 1753; x_wconf 91' lang='lat' dir='ltr'>c</span> <span class='ocrx_word' id='word_1_876' title='bbox 298 1733 321 1753; x_wconf 87' lang='lat' dir='ltr'>A</span> <span class='ocrx_word' id='word_1_877' title='bbox 331 1732 348 1752; x_wconf 80' lang='lat' dir='ltr'>P</span> <span class='ocrx_word' id='word_1_878' title='bbox 359 1726 431 1753; x_wconf 67' lang='lat' dir='ltr'>EDO</span> <span class='ocrx_word' id='word_1_879' title='bbox 444 1746 453 1759; x_wconf 92' lang='lat'>,</span> <span class='ocrx_word' id='word_1_880' title='bbox 477 1726 538 1753; x_wconf 76' lang='lat' dir='ltr'>inis.</span> <span class='ocrx_word' id='word_1_881' title='bbox 574 1727 595 1753; x_wconf 89' lang='lat' dir='ltr'>f.</span> <span class='ocrx_word' id='word_1_882' title='bbox 631 1725 813 1763; x_wconf 73' lang='grc' dir='ltr'>[δικχιῦρημοι,</span> <span class='ocrx_word' id='word_1_883' title='bbox 833 1729 967 1756; x_wconf 82' lang='lat' dir='ltr'>Prisciano</span> <span class='ocrx_word' id='word_1_884' title='bbox 983 1739 1013 1764; x_wconf 89' lang='lat'>14</span> <span class='ocrx_word' id='word_1_885' title='bbox 1038 1740 1063 1765; x_wconf 89' lang='lat' dir='ltr'>p.</span> <span class='ocrx_word' id='word_1_886' title='bbox 1078 1739 1136 1763; x_wconf 82' lang='lat'>991,</span> 
     </span>
     <span class='ocr_line' id='line_1_94' title="bbox 86 1761 1136 1799; baseline 0.004 -11"><span class='ocrx_word' id='word_1_887' title='bbox 86 1764 135 1794; x_wconf 76' lang='lat'>12]</span> <span class='ocrx_word' id='word_1_888' title='bbox 170 1761 207 1787; x_wconf 90' lang='lat' dir='ltr'>est</span> <span class='ocrx_word' id='word_1_889' title='bbox 218 1762 341 1796; x_wconf 86' lang='lat' dir='ltr'>Tempus</span> <span class='ocrx_word' id='word_1_890' title='bbox 355 1762 533 1796; x_wconf 88' lang='lat' dir='ltr'>interceptum</span> <span class='ocrx_word' id='word_1_891' title='bbox 545 1782 553 1794; x_wconf 91' lang='lat'>,</span> <span class='ocrx_word' id='word_1_892' title='bbox 573 1765 657 1798; x_wconf 82' lang='lat' dir='ltr'>inquit</span> <span class='ocrx_word' id='word_1_893' title='bbox 671 1764 771 1790; x_wconf 89' lang='lat' dir='ltr'>Festus:</span> <span class='ocrx_word' id='word_1_894' title='bbox 798 1773 881 1799; x_wconf 90' lang='lat' dir='ltr'>quum</span> <span class='ocrx_word' id='word_1_895' title='bbox 894 1766 995 1792; x_wconf 83' lang='lat' dir='ltr'>scilicet</span> <span class='ocrx_word' id='word_1_896' title='bbox 1010 1775 1086 1792; x_wconf 88' lang='lat' dir='ltr'>mora</span> <span class='ocrx_word' id='word_1_897' title='bbox 1099 1766 1136 1792; x_wconf 87' lang='lat' dir='ltr'>est</span> 
     </span>
     <span class='ocr_line' id='line_1_95' title="bbox 84 1796 1134 1857; baseline 0.004 -35"><span class='ocrx_word' id='word_1_898' title='bbox 84 1796 302 1857; x_wconf 66' lang='lat' dir='ltr'>addcapiendutn.</span> <span class='ocrx_word' id='word_1_899' title='bbox 339 1798 460 1824; x_wconf 85' lang='lat' dir='ltr'>Priscian.</span> <span class='ocrx_word' id='word_1_900' title='bbox 475 1807 494 1830; x_wconf 85' lang='lat'><strong>4</strong></span> <span class='ocrx_word' id='word_1_901' title='bbox 517 1807 542 1831; x_wconf 91' lang='lat' dir='ltr'>p.</span> <span class='ocrx_word' id='word_1_902' title='bbox 556 1800 614 1829; x_wconf 80' lang='lat'>624,</span> <span class='ocrx_word' id='word_1_903' title='bbox 629 1803 642 1828; x_wconf 85' lang='lat'>8</span> <span class='ocrx_word' id='word_1_904' title='bbox 669 1800 833 1833; x_wconf 80' lang='lat' dir='ltr'>Intercapio,</span> <span class='ocrx_word' id='word_1_905' title='bbox 852 1800 1006 1833; x_wconf 86' lang='lat' dir='ltr'>intercapis‚</span> <span class='ocrx_word' id='word_1_906' title='bbox 1025 1802 1134 1826; x_wconf 87' lang='lat' dir='ltr'>interca-</span> 
     </span>
     <span class='ocr_line' id='line_1_96' title="bbox 85 1840 166 1865; baseline 0.012 -9"><span class='ocrx_word' id='word_1_907' title='bbox 85 1840 120 1865; x_wconf 78' lang='lat' dir='ltr'>pe</span> <span class='ocrx_word' id='word_1_908' title='bbox 139 1840 166 1857; x_wconf 95' lang='lat' dir='ltr'>o.</span> 
     </span>
     <span class='ocr_line' id='line_1_97' title="bbox 85 1865 1135 1901; baseline 0.004 -11"><span class='ocrx_word' id='word_1_909' title='bbox 85 1865 185 1900; x_wconf 56' lang='grc' dir='ltr'>Ι(10011110</span> <span class='ocrx_word' id='word_1_910' title='bbox 202 1866 257 1900; x_wconf 87' lang='lat' dir='ltr'>ipse</span> <span class='ocrx_word' id='word_1_911' title='bbox 273 1866 370 1893; x_wconf 83' lang='lat' dir='ltr'>leniuit</span> <span class='ocrx_word' id='word_1_912' title='bbox 383 1867 448 1892; x_wconf 79' lang='lat' dir='ltr'>dies.</span> <span class='ocrx_word' id='word_1_913' title='bbox 518 1867 573 1892; x_wconf 91' lang='lat' dir='ltr'>Cic.</span> <span class='ocrx_word' id='word_1_914' title='bbox 586 1867 656 1892; x_wconf 86' lang='lat' dir='ltr'>filius</span> <span class='ocrx_word' id='word_1_915' title='bbox 670 1869 741 1894; x_wconf 86' lang='lat' dir='ltr'>Fam.</span> <span class='ocrx_word' id='word_1_916' title='bbox 755 1870 794 1899; x_wconf 88' lang='lat'>16,</span> <span class='ocrx_word' id='word_1_917' title='bbox 807 1877 832 1893; x_wconf 90' lang='lat'>21</span> <span class='ocrx_word' id='word_1_918' title='bbox 851 1869 942 1901; x_wconf 89' lang='lat' dir='ltr'>Itaque</span> <span class='ocrx_word' id='word_1_919' title='bbox 954 1877 997 1893; x_wconf 89' lang='lat' dir='ltr'>me</span> <span class='ocrx_word' id='word_1_920' title='bbox 1013 1868 1066 1894; x_wconf 89' lang='lat' dir='ltr'>iam</span> <span class='ocrx_word' id='word_1_921' title='bbox 1079 1877 1135 1894; x_wconf 88' lang='lat' dir='ltr'>non</span> 
     </span>
     <span class='ocr_line' id='line_1_98' title="bbox 84 1900 1135 1936; baseline 0.003 -10"><span class='ocrx_word' id='word_1_922' title='bbox 84 1900 480 1935; x_wconf 70' lang='lat' dir='ltr'>poenitebat·intercapedinem</span> <span class='ocrx_word' id='word_1_923' title='bbox 500 1901 631 1927; x_wconf 84' lang='lat' dir='ltr'>scribendi</span> <span class='ocrx_word' id='word_1_924' title='bbox 650 1902 746 1928; x_wconf 82' lang='lat' dir='ltr'>fecisse.</span> <span class='ocrx_word' id='word_1_925' title='bbox 840 1903 1049 1929; x_wconf 62' lang='lat' dir='ltr'>Suetonoctau.</span> <span class='ocrx_word' id='word_1_926' title='bbox 1070 1912 1091 1929; x_wconf 87' lang='lat' dir='ltr'>c.</span> <span class='ocrx_word' id='word_1_927' title='bbox 1106 1908 1135 1936; x_wconf 78' lang='lat'>38</span> 
     </span>
     <span class='ocr_line' id='line_1_99' title="bbox 83 1936 1134 1972; baseline 0.002 -10"><span class='ocrx_word' id='word_1_928' title='bbox 83 1936 214 1971; x_wconf 81' lang='lat' dir='ltr'>Equitum</span> <span class='ocrx_word' id='word_1_929' title='bbox 233 1943 331 1963; x_wconf 88' lang='lat' dir='ltr'>turmas</span> <span class='ocrx_word' id='word_1_930' title='bbox 347 1937 501 1971; x_wconf 79' lang='lat' dir='ltr'>frequenter</span> <span class='ocrx_word' id='word_1_931' title='bbox 519 1937 675 1970; x_wconf 83' lang='lat' dir='ltr'>recognouit</span> <span class='ocrx_word' id='word_1_932' title='bbox 694 1937 750 1971; x_wconf 84' lang='lat' dir='ltr'>post</span> <span class='ocrx_word' id='word_1_933' title='bbox 769 1936 876 1971; x_wconf 83' lang='lat' dir='ltr'>longam</span> <span class='ocrx_word' id='word_1_934' title='bbox 896 1938 1134 1972; x_wconf 87' lang='lat' dir='ltr'>intercapedinem,</span> 
     </span>
     <span class='ocr_line' id='line_1_100' title="bbox 83 1971 1132 2006; baseline 0.001 -9"><span class='ocrx_word' id='word_1_935' title='bbox 83 1971 198 2001; x_wconf 63' lang='lat' dir='ltr'>redufiko</span> <span class='ocrx_word' id='word_1_936' title='bbox 211 1971 512 1998; x_wconf 57' lang='lat' dir='ltr'>more.t1·ansue61ionis.</span> <span class='ocrx_word' id='word_1_937' title='bbox 605 1971 680 1998; x_wconf 76' lang='lat' dir='ltr'>Idem</span> <span class='ocrx_word' id='word_1_938' title='bbox 691 1973 768 2006; x_wconf 88' lang='lat' dir='ltr'>Vesp.</span> <span class='ocrx_word' id='word_1_939' title='bbox 788 1981 810 1997; x_wconf 93' lang='lat' dir='ltr'>c.</span> <span class='ocrx_word' id='word_1_940' title='bbox 825 1981 854 1998; x_wconf 81' lang='lat'>10</span> <span class='ocrx_word' id='word_1_941' title='bbox 880 1973 1080 2006; x_wconf 87' lang='lat' dir='ltr'>Intercapedine</span> <span class='ocrx_word' id='word_1_942' title='bbox 1093 1974 1132 1999; x_wconf 90' lang='lat' dir='ltr'>iu-</span> 
     </span>
     <span class='ocr_line' id='line_1_101' title="bbox 83 2005 644 2034; baseline -0.005 0"><span class='ocrx_word' id='word_1_943' title='bbox 83 2006 252 2034; x_wconf 69' lang='lat' dir='ltr'>risdic&#39;iionis</span> <span class='ocrx_word' id='word_1_944' title='bbox 268 2012 438 2033; x_wconf 87' lang='lat' dir='ltr'>exercuerant</span> <span class='ocrx_word' id='word_1_945' title='bbox 452 2005 543 2031; x_wconf 86' lang='lat' dir='ltr'>litium</span> <span class='ocrx_word' id='word_1_946' title='bbox 557 2006 644 2032; x_wconf 88' lang='lat' dir='ltr'>series.</span> 
     </span>
     <span class='ocr_line' id='line_1_102' title="bbox 84 2041 1134 2077; baseline 0.001 -9"><span class='ocrx_word' id='word_1_947' title='bbox 84 2042 212 2074; x_wconf 80' lang='lat' dir='ltr'>audaces,</span> <span class='ocrx_word' id='word_1_948' title='bbox 231 2042 366 2076; x_wconf 82' lang='lat' dir='ltr'>proterni,</span> <span class='ocrx_word' id='word_1_949' title='bbox 385 2041 469 2067; x_wconf 88' lang='lat' dir='ltr'>iidem</span> <span class='ocrx_word' id='word_1_950' title='bbox 487 2041 692 2075; x_wconf 82' lang='lat' dir='ltr'>intemperantes</span> <span class='ocrx_word' id='word_1_951' title='bbox 712 2047 738 2067; x_wconf 89' lang='lat' dir='ltr'>et</span> <span class='ocrx_word' id='word_1_952' title='bbox 755 2042 862 2076; x_wconf 85' lang='lat' dir='ltr'>ignaui,</span> <span class='ocrx_word' id='word_1_953' title='bbox 882 2052 1016 2077; x_wconf 86' lang='lat' dir='ltr'>nunquam</span> <span class='ocrx_word' id='word_1_954' title='bbox 1037 2043 1065 2069; x_wconf 83' lang='lat' dir='ltr'>in</span> <span class='ocrx_word' id='word_1_955' title='bbox 1079 2044 1134 2069; x_wconf 86' lang='lat' dir='ltr'>sen-</span> 
     </span>
     <span class='ocr_line' id='line_1_103' title="bbox 83 2076 1134 2111; baseline 0.002 -8"><span class='ocrx_word' id='word_1_956' title='bbox 83 2077 169 2104; x_wconf 75' lang='lat' dir='ltr'>tentia</span> <span class='ocrx_word' id='word_1_957' title='bbox 188 2083 368 2111; x_wconf 86' lang='lat' dir='ltr'>permanentes</span> <span class='ocrx_word' id='word_1_958' title='bbox 383 2087 389 2103; x_wconf 74' lang='lat'>2</span> <span class='ocrx_word' id='word_1_959' title='bbox 417 2085 480 2111; x_wconf 85' lang='lat' dir='ltr'>quas</span> <span class='ocrx_word' id='word_1_960' title='bbox 499 2076 534 2103; x_wconf 92' lang='lat' dir='ltr'>ob</span> <span class='ocrx_word' id='word_1_961' title='bbox 551 2077 638 2102; x_wconf 85' lang='lat' dir='ltr'>causas</span> <span class='ocrx_word' id='word_1_962' title='bbox 652 2077 681 2102; x_wconf 89' lang='lat' dir='ltr'>in</span> <span class='ocrx_word' id='word_1_963' title='bbox 699 2085 792 2103; x_wconf 89' lang='lat' dir='ltr'>eorum</span> <span class='ocrx_word' id='word_1_964' title='bbox 806 2078 862 2104; x_wconf 88' lang='lat' dir='ltr'>vita</span> <span class='ocrx_word' id='word_1_965' title='bbox 876 2078 949 2105; x_wconf 87' lang='lat' dir='ltr'>nulla</span> <span class='ocrx_word' id='word_1_966' title='bbox 967 2078 1003 2104; x_wconf 87' lang='lat' dir='ltr'>est</span> <span class='ocrx_word' id='word_1_967' title='bbox 1024 2079 1134 2105; x_wconf 87' lang='lat' dir='ltr'>interca-</span> 
     </span>
     <span class='ocr_line' id='line_1_104' title="bbox 83 2112 1132 2148; baseline 0.002 -10"><span class='ocrx_word' id='word_1_968' title='bbox 83 2112 156 2148; x_wconf 77' lang='lat' dir='ltr'>pedo</span> <span class='ocrx_word' id='word_1_969' title='bbox 168 2113 311 2139; x_wconf 88' lang='lat' dir='ltr'>molestiae.</span> <span class='ocrx_word' id='word_1_970' title='bbox 346 2112 420 2148; x_wconf 81' lang='lat' dir='ltr'>Conf.</span> <span class='ocrx_word' id='word_1_971' title='bbox 434 2113 514 2139; x_wconf 90' lang='lat' dir='ltr'>Mart.</span> <span class='ocrx_word' id='word_1_972' title='bbox 529 2112 628 2146; x_wconf 88' lang='lat' dir='ltr'>Capell.</span> <span class='ocrx_word' id='word_1_973' title='bbox 642 2117 655 2142; x_wconf 89' lang='lat'>8</span> <span class='ocrx_word' id='word_1_974' title='bbox 677 2121 701 2146; x_wconf 87' lang='lat' dir='ltr'>p.</span> <span class='ocrx_word' id='word_1_975' title='bbox 717 2117 765 2142; x_wconf 85' lang='lat'>281.</span> <span class='ocrx_word' id='word_1_976' title='bbox 792 2119 815 2139; x_wconf 83' lang='lat' dir='ltr'>et</span> <span class='ocrx_word' id='word_1_977' title='bbox 833 2122 858 2147; x_wconf 88' lang='lat' dir='ltr'>p.</span> <span class='ocrx_word' id='word_1_978' title='bbox 872 2121 936 2148; x_wconf 86' lang='lat'>274.</span> <span class='ocrx_word' id='word_1_979' title='bbox 977 2115 1039 2140; x_wconf 73' lang='lat' dir='ltr'>Item</span> <span class='ocrx_word' id='word_1_980' title='bbox 1054 2114 1132 2148; x_wconf 89' lang='lat' dir='ltr'>Apul.</span> 
     </span>
     <span class='ocr_line' id='line_1_105' title="bbox 84 2147 1134 2182; baseline 0 -8"><span class='ocrx_word' id='word_1_981' title='bbox 84 2147 165 2182; x_wconf 86' lang='lat' dir='ltr'>Apol.</span> <span class='ocrx_word' id='word_1_982' title='bbox 188 2158 210 2182; x_wconf 87' lang='lat' dir='ltr'>p.</span> <span class='ocrx_word' id='word_1_983' title='bbox 225 2155 282 2177; x_wconf 69' lang='lat'>2532.</span> <span class='ocrx_word' id='word_1_984' title='bbox 354 2147 485 2181; x_wconf 69' lang='lat' dir='ltr'>Quinem.</span> <span class='ocrx_word' id='word_1_985' title='bbox 501 2153 523 2180; x_wconf 80' lang='lat'>8,</span> <span class='ocrx_word' id='word_1_986' title='bbox 536 2156 557 2179; x_wconf 86' lang='lat'>3,</span> <span class='ocrx_word' id='word_1_987' title='bbox 571 2150 605 2181; x_wconf 87' lang='lat'>46</span> <span class='ocrx_word' id='word_1_988' title='bbox 622 2147 719 2180; x_wconf 77' lang='lat' dir='ltr'>Diuisio</span> <span class='ocrx_word' id='word_1_989' title='bbox 732 2147 808 2174; x_wconf 82' lang='lat' dir='ltr'>affert</span> <span class='ocrx_word' id='word_1_990' title='bbox 821 2148 931 2175; x_wconf 87' lang='lat' dir='ltr'>eandem</span> <span class='ocrx_word' id='word_1_991' title='bbox 945 2149 1073 2175; x_wconf 85' lang='lat' dir='ltr'>iniuriam</span> <span class='ocrx_word' id='word_1_992' title='bbox 1087 2158 1134 2182; x_wconf 88' lang='lat' dir='ltr'>pu-</span> 
     </span>
     <span class='ocr_line' id='line_1_106' title="bbox 85 2183 916 2218; baseline -0.002 -7"><span class='ocrx_word' id='word_1_993' title='bbox 85 2183 162 2214; x_wconf 88' lang='lat' dir='ltr'>dori,</span> <span class='ocrx_word' id='word_1_994' title='bbox 182 2189 210 2210; x_wconf 90' lang='lat' dir='ltr'>vt</span> <span class='ocrx_word' id='word_1_995' title='bbox 228 2183 245 2210; x_wconf 82' lang='lat' dir='ltr'>si</span> <span class='ocrx_word' id='word_1_996' title='bbox 264 2183 456 2218; x_wconf 73' lang='lat' dir='ltr'>intercapedinis</span> <span class='ocrx_word' id='word_1_997' title='bbox 469 2183 649 2209; x_wconf 88' lang='lat' dir='ltr'>Nominatiuo</span> <span class='ocrx_word' id='word_1_998' title='bbox 662 2183 728 2209; x_wconf 88' lang='lat' dir='ltr'>Casu</span> <span class='ocrx_word' id='word_1_999' title='bbox 742 2184 801 2217; x_wconf 90' lang='lat' dir='ltr'>quis</span> <span class='ocrx_word' id='word_1_1000' title='bbox 818 2189 916 2210; x_wconf 85' lang='lat' dir='ltr'>vtatur.</span> 
     </span>
     <span class='ocr_line' id='line_1_107' title="bbox 83 2218 742 2255; baseline -0.006 -9"><span class='ocrx_word' id='word_1_1001' title='bbox 83 2226 110 2246; x_wconf 77' lang='lat' dir='ltr'>et</span> <span class='ocrx_word' id='word_1_1002' title='bbox 122 2218 191 2245; x_wconf 84' lang='lat' dir='ltr'>Pedo</span> <span class='ocrx_word' id='word_1_1003' title='bbox 203 2219 267 2255; x_wconf 79' lang='lat' dir='ltr'>fimt</span> <span class='ocrx_word' id='word_1_1004' title='bbox 281 2219 354 2245; x_wconf 73' lang='lat' dir='ltr'>verba</span> <span class='ocrx_word' id='word_1_1005' title='bbox 369 2221 475 2254; x_wconf 76' lang='lat' dir='ltr'>propria</span> <span class='ocrx_word' id='word_1_1006' title='bbox 489 2221 558 2244; x_wconf 71' lang='lat' dir='ltr'>venti</span> <span class='ocrx_word' id='word_1_1007' title='bbox 570 2218 664 2252; x_wconf 71' lang='lat' dir='ltr'>obsceni</span> <span class='ocrx_word' id='word_1_1008' title='bbox 671 2236 680 2249; x_wconf 83' lang='lat'>,</span> <span class='ocrx_word' id='word_1_1009' title='bbox 696 2224 742 2243; x_wconf 82' lang='lat' dir='ltr'>etc.</span> 
     </span>
    </p>

    <p class='ocr_par' dir='ltr' id='par_1_28' title="bbox 82 2252 1134 2324">
     <span class='ocr_line' id='line_1_108' title="bbox 124 2252 1134 2286; baseline -0.002 -5"><span class='ocrx_word' id='word_1_1010' title='bbox 124 2261 166 2280; x_wconf 75' lang='lat' dir='ltr'>IN</span> <span class='ocrx_word' id='word_1_1011' title='bbox 177 2261 249 2281; x_wconf 81' lang='lat' dir='ltr'>TER</span> <span class='ocrx_word' id='word_1_1012' title='bbox 260 2261 277 2280; x_wconf 88' lang='lat' dir='ltr'>c</span> <span class='ocrx_word' id='word_1_1013' title='bbox 289 2261 360 2280; x_wconf 79' lang='lat' dir='ltr'>APE</span> <span class='ocrx_word' id='word_1_1014' title='bbox 372 2260 408 2279; x_wconf 81' lang='lat' dir='ltr'>Di</span> <span class='ocrx_word' id='word_1_1015' title='bbox 421 2260 440 2278; x_wconf 78' lang='grc' dir='ltr'>Ν</span> <span class='ocrx_word' id='word_1_1016' title='bbox 453 2260 471 2279; x_wconf 94' lang='grc' dir='ltr'>ο</span> <span class='ocrx_word' id='word_1_1017' title='bbox 481 2273 490 2285; x_wconf 91' lang='grc'>,</span> <span class='ocrx_word' id='word_1_1018' title='bbox 517 2258 568 2279; x_wconf 69' lang='lat' dir='ltr'>are.</span> <span class='ocrx_word' id='word_1_1019' title='bbox 606 2253 725 2286; x_wconf 82' lang='lat' dir='ltr'>Fulgent.</span> <span class='ocrx_word' id='word_1_1020' title='bbox 740 2252 830 2284; x_wconf 29' lang='lat' dir='ltr'>,Myth.</span> <span class='ocrx_word' id='word_1_1021' title='bbox 852 2260 862 2277; x_wconf 88' lang='lat'>1</span> <span class='ocrx_word' id='word_1_1022' title='bbox 893 2261 918 2286; x_wconf 90' lang='lat' dir='ltr'>p.</span> <span class='ocrx_word' id='word_1_1023' title='bbox 937 2260 954 2284; x_wconf 86' lang='lat'><em>9</em></span> <span class='ocrx_word' id='word_1_1024' title='bbox 987 2252 1134 2286; x_wconf 86' lang='lat' dir='ltr'>Intercape—</span> 
     </span>
     <span class='ocr_line' id='line_1_109' title="bbox 82 2288 1133 2324; baseline -0.002 -8"><span class='ocrx_word' id='word_1_1025' title='bbox 82 2290 193 2317; x_wconf 79' lang='lat' dir='ltr'>dinante</span> <span class='ocrx_word' id='word_1_1026' title='bbox 208 2290 315 2324; x_wconf 87' lang='lat' dir='ltr'>pauoris</span> <span class='ocrx_word' id='word_1_1027' title='bbox 336 2289 506 2323; x_wconf 85' lang='lat' dir='ltr'>prolixitate,</span> <span class='ocrx_word' id='word_1_1028' title='bbox 531 2291 549 2313; x_wconf 85' lang='lat' dir='ltr'>i.</span> <span class='ocrx_word' id='word_1_1029' title='bbox 568 2289 762 2319; x_wconf 74' lang='lat' dir='ltr'>interueniente,</span> <span class='ocrx_word' id='word_1_1030' title='bbox 785 2288 966 2318; x_wconf 76' lang='lat' dir='ltr'>intercedente,</span> <span class='ocrx_word' id='word_1_1031' title='bbox 991 2295 1015 2314; x_wconf 82' lang='lat' dir='ltr'>ec</span> <span class='ocrx_word' id='word_1_1032' title='bbox 1028 2288 1068 2321; x_wconf 79' lang='lat' dir='ltr'>stc</span> <span class='ocrx_word' id='word_1_1033' title='bbox 1087 2292 1133 2314; x_wconf 86' lang='lat' dir='ltr'>im-</span> 
     </span>
    </p>
   </div>
   <div class='ocr_carea' id='block_1_23' title="bbox 77 2325 203 2362">
    <p class='ocr_par' dir='ltr' id='par_1_29' title="bbox 77 2325 203 2362">
     <span class='ocr_line' id='line_1_110' title="bbox 77 2325 203 2362; baseline -0.016 -10"><span class='ocrx_word' id='word_1_1034' title='bbox 77 2325 203 2362; x_wconf 64' lang='lat' dir='ltr'>pediente.</span> 
     </span>
    </p>
   </div>
   <div class='ocr_carea' id='block_1_24' title="bbox 952 2183 1153 2218">
    <p class='ocr_par' dir='ltr' id='par_1_30' title="bbox 952 2183 1153 2218">
     <span class='ocr_line' id='line_1_111' title="bbox 952 2183 1153 2218; baseline 0 -9"><span class='ocrx_word' id='word_1_1035' title='bbox 952 2185 1046 2218; x_wconf 77' lang='lat' dir='ltr'>Nempe</span> <span class='ocrx_word' id='word_1_1036' title='bbox 1061 2183 1132 2209; x_wconf 82' lang='lat' dir='ltr'>Vilio</span> <span class='ocrx_word' id='word_1_1037' title='bbox 1140 2189 1153 2215; x_wconf 85' lang='lat'>5</span> 
     </span>
    </p>
   </div>
   <div class='ocr_carea' id='block_1_25' title="bbox 220 1831 1175 1867">
    <p class='ocr_par' dir='ltr' id='par_1_31' title="bbox 220 1831 1175 1867">
     <span class='ocr_line' id='line_1_112' title="bbox 220 1831 1175 1867; baseline 0.001 -9"><span class='ocrx_word' id='word_1_1038' title='bbox 220 1831 366 1866; x_wconf 87' lang='lat' dir='ltr'>Turpilius</span> <span class='ocrx_word' id='word_1_1039' title='bbox 380 1832 447 1866; x_wconf 81' lang='lat' dir='ltr'>apud</span> <span class='ocrx_word' id='word_1_1040' title='bbox 458 1833 530 1859; x_wconf 90' lang='lat' dir='ltr'>Non.</span> <span class='ocrx_word' id='word_1_1041' title='bbox 546 1841 580 1864; x_wconf 88' lang='grc'>12,</span> <span class='ocrx_word' id='word_1_1042' title='bbox 592 1835 621 1858; x_wconf 87' lang='grc'>16</span> <span class='ocrx_word' id='word_1_1043' title='bbox 646 1834 871 1867; x_wconf 70' lang='lat' dir='ltr'>Quandoquidem</span> <span class='ocrx_word' id='word_1_1044' title='bbox 890 1843 1009 1860; x_wconf 82' lang='lat' dir='ltr'>amorem</span> <span class='ocrx_word' id='word_1_1045' title='bbox 1023 1834 1175 1865; x_wconf 85' lang='lat' dir='ltr'>interca-45</span> 
     </span>
    </p>
   </div>
   <div class='ocr_carea' id='block_1_26' title="bbox 715 2007 1174 2040">
    <p class='ocr_par' dir='ltr' id='par_1_32' title="bbox 715 2007 1174 2040">
     <span class='ocr_line' id='line_1_113' title="bbox 715 2007 1174 2040; baseline 0.004 -8"><span class='ocrx_word' id='word_1_1046' title='bbox 715 2007 770 2033; x_wconf 83' lang='lat' dir='ltr'>Cic.</span> <span class='ocrx_word' id='word_1_1047' title='bbox 785 2007 818 2032; x_wconf 89' lang='lat' dir='ltr'>de</span> <span class='ocrx_word' id='word_1_1048' title='bbox 832 2007 889 2034; x_wconf 88' lang='lat' dir='ltr'>Fin.</span> <span class='ocrx_word' id='word_1_1049' title='bbox 902 2017 929 2040; x_wconf 88' lang='lat'>1,</span> <span class='ocrx_word' id='word_1_1050' title='bbox 943 2010 972 2033; x_wconf 84' lang='lat'>61</span> <span class='ocrx_word' id='word_1_1051' title='bbox 992 2017 1014 2034; x_wconf 88' lang='lat' dir='ltr'>e.</span> <span class='ocrx_word' id='word_1_1052' title='bbox 1029 2013 1053 2037; x_wconf 82' lang='lat'>18</span> <span class='ocrx_word' id='word_1_1053' title='bbox 1077 2008 1133 2034; x_wconf 89' lang='lat' dir='ltr'>Alii</span> <span class='ocrx_word' id='word_1_1054' title='bbox 1142 2011 1174 2037; x_wconf 77' lang='lat'>50</span> 
     </span>
    </p>
   </div>
   <div class='ocr_carea' id='block_1_27' title="bbox 1154 2189 1169 2215">
    <p class='ocr_par' dir='ltr' id='par_1_33' title="bbox 1154 2189 1169 2215">
     <span class='ocr_line' id='line_1_114' title="bbox 1154 2189 1169 2215; baseline 0 0"><span class='ocrx_word' id='word_1_1055' title='bbox 1154 2189 1169 2215; x_wconf 77' lang='lat'>5</span> 
     </span>
    </p>
   </div>
   <div class='ocr_carea' id='block_1_28' title="bbox 121 2356 1173 2396">
    <p class='ocr_par' dir='ltr' id='par_1_34' title="bbox 121 2356 1173 2396">
     <span class='ocr_line' id='line_1_115' title="bbox 121 2356 1173 2396; baseline 0 -10"><span class='ocrx_word' id='word_1_1056' title='bbox 121 2366 246 2387; x_wconf 65' lang='lat' dir='ltr'>1N&#39;r1-7R</span> <span class='ocrx_word' id='word_1_1057' title='bbox 257 2359 561 2391; x_wconf 60' lang='lat' dir='ltr'>CAPEDINETVS,</span> <span class='ocrx_word' id='word_1_1058' title='bbox 580 2366 602 2388; x_wconf 82' lang='lat' dir='ltr'>a,</span> <span class='ocrx_word' id='word_1_1059' title='bbox 623 2366 677 2383; x_wconf 89' lang='lat' dir='ltr'>um.</span> <span class='ocrx_word' id='word_1_1060' title='bbox 714 2357 782 2383; x_wconf 69' lang='lat' dir='ltr'>Part.</span> <span class='ocrx_word' id='word_1_1061' title='bbox 817 2356 1005 2391; x_wconf 84' lang='lat' dir='ltr'>Mart.Capell.</span> <span class='ocrx_word' id='word_1_1062' title='bbox 1019 2365 1037 2396; x_wconf 78' lang='lat'><em>2</em></span> <span class='ocrx_word' id='word_1_1063' title='bbox 1056 2358 1173 2392; x_wconf 61' lang='lat' dir='ltr'>p.31}60</span> 
     </span>
    </p>
   </div>
   <div class='ocr_carea' id='block_1_29' title="bbox 80 2391 1131 2532">
    <p class='ocr_par' dir='ltr' id='par_1_35' title="bbox 80 2391 810 2428">
     <span class='ocr_line' id='line_1_116' title="bbox 80 2391 810 2428; baseline -0.005 -6"><span class='ocrx_word' id='word_1_1064' title='bbox 80 2395 253 2423; x_wconf 85' lang='lat' dir='ltr'>Vanescentia</span> <span class='ocrx_word' id='word_1_1065' title='bbox 266 2393 507 2428; x_wconf 85' lang='lat' dir='ltr'>intercapedinatae</span> <span class='ocrx_word' id='word_1_1066' title='bbox 521 2392 685 2427; x_wconf 82' lang='lat' dir='ltr'>prolixitatis</span> <span class='ocrx_word' id='word_1_1067' title='bbox 697 2391 810 2419; x_wconf 89' lang='lat' dir='ltr'>obliuia.</span> 
     </span>
    </p>

    <p class='ocr_par' dir='ltr' id='par_1_36' title="bbox 82 2426 1131 2499">
     <span class='ocr_line' id='line_1_117' title="bbox 119 2426 1131 2460; baseline -0.001 -4"><span class='ocrx_word' id='word_1_1068' title='bbox 119 2437 129 2456; x_wconf 91' lang='grc'>1</span> <span class='ocrx_word' id='word_1_1069' title='bbox 139 2438 161 2457; x_wconf 83' lang='lat' dir='ltr'>N</span> <span class='ocrx_word' id='word_1_1070' title='bbox 170 2438 190 2458; x_wconf 89' lang='lat' dir='ltr'><strong>T</strong></span> <span class='ocrx_word' id='word_1_1071' title='bbox 200 2438 216 2457; x_wconf 82' lang='lat' dir='ltr'>E</span> <span class='ocrx_word' id='word_1_1072' title='bbox 225 2437 243 2456; x_wconf 80' lang='lat' dir='ltr'>R</span> <span class='ocrx_word' id='word_1_1073' title='bbox 251 2437 268 2456; x_wconf 85' lang='lat' dir='ltr'>c</span> <span class='ocrx_word' id='word_1_1074' title='bbox 277 2437 298 2456; x_wconf 87' lang='lat' dir='ltr'>A</span> <span class='ocrx_word' id='word_1_1075' title='bbox 307 2437 327 2456; x_wconf 76' lang='lat' dir='ltr'>R</span> <span class='ocrx_word' id='word_1_1076' title='bbox 335 2436 371 2456; x_wconf 82' lang='lat' dir='ltr'>DI</span> <span class='ocrx_word' id='word_1_1077' title='bbox 383 2435 405 2454; x_wconf 82' lang='lat' dir='ltr'>N</span> <span class='ocrx_word' id='word_1_1078' title='bbox 418 2431 440 2454; x_wconf 77' lang='grc' dir='ltr'><em>Ᾱ</em></span> <span class='ocrx_word' id='word_1_1079' title='bbox 450 2435 471 2454; x_wconf 91' lang='grc' dir='ltr'><strong>Τ</strong></span> <span class='ocrx_word' id='word_1_1080' title='bbox 481 2435 502 2453; x_wconf 84' lang='lat' dir='ltr'><strong>v</strong></span> <span class='ocrx_word' id='word_1_1081' title='bbox 512 2434 524 2453; x_wconf 86' lang='lat' dir='ltr'>s</span> <span class='ocrx_word' id='word_1_1082' title='bbox 532 2447 539 2458; x_wconf 96' lang='lat'>,</span> <span class='ocrx_word' id='word_1_1083' title='bbox 557 2436 580 2458; x_wconf 84' lang='lat' dir='ltr'>a,</span> <span class='ocrx_word' id='word_1_1084' title='bbox 599 2436 653 2454; x_wconf 91' lang='lat' dir='ltr'>um.</span> <span class='ocrx_word' id='word_1_1085' title='bbox 690 2426 751 2454; x_wconf 89' lang='lat' dir='ltr'>Adi.</span> <span class='ocrx_word' id='word_1_1086' title='bbox 790 2427 896 2455; x_wconf 78' lang='lat' dir='ltr'>Viti-1111.</span> <span class='ocrx_word' id='word_1_1087' title='bbox 912 2436 949 2460; x_wconf 89' lang='lat'>10,</span> <span class='ocrx_word' id='word_1_1088' title='bbox 962 2437 997 2454; x_wconf 87' lang='lat'>20</span> <span class='ocrx_word' id='word_1_1089' title='bbox 1014 2428 1131 2455; x_wconf 90' lang='lat' dir='ltr'>Conclu-</span> 
     </span>
     <span class='ocr_line' id='line_1_118' title="bbox 82 2463 674 2499; baseline -0.007 -6"><span class='ocrx_word' id='word_1_1090' title='bbox 82 2465 179 2493; x_wconf 69' lang='grc'>113111111-</span> <span class='ocrx_word' id='word_1_1091' title='bbox 193 2467 304 2499; x_wconf 86' lang='lat' dir='ltr'>superne</span> <span class='ocrx_word' id='word_1_1092' title='bbox 317 2463 531 2490; x_wconf 86' lang='lat' dir='ltr'>intercardinatis</span> <span class='ocrx_word' id='word_1_1093' title='bbox 545 2463 674 2490; x_wconf 78' lang='lat' dir='ltr'>trabibus.</span> 
     </span>
    </p>

    <p class='ocr_par' dir='ltr' id='par_1_37' title="bbox 121 2497 1129 2532">
     <span class='ocr_line' id='line_1_119' title="bbox 121 2497 1129 2532; baseline -0.003 -5"><span class='ocrx_word' id='word_1_1094' title='bbox 121 2509 129 2527; x_wconf 86' lang='lat'>1</span> <span class='ocrx_word' id='word_1_1095' title='bbox 141 2509 162 2527; x_wconf 84' lang='grc' dir='ltr'>Ν</span> <span class='ocrx_word' id='word_1_1096' title='bbox 173 2506 194 2527; x_wconf 84' lang='lat' dir='ltr'>&#39;r</span> <span class='ocrx_word' id='word_1_1097' title='bbox 208 2507 224 2526; x_wconf 81' lang='grc' dir='ltr'>Ε</span> <span class='ocrx_word' id='word_1_1098' title='bbox 235 2507 254 2526; x_wconf 86' lang='lat' dir='ltr'>R</span> <span class='ocrx_word' id='word_1_1099' title='bbox 265 2506 282 2526; x_wconf 89' lang='lat' dir='ltr'>C</span> <span class='ocrx_word' id='word_1_1100' title='bbox 294 2500 311 2526; x_wconf 71' lang='grc' dir='ltr'>ᾗ</span> <span class='ocrx_word' id='word_1_1101' title='bbox 320 2506 338 2525; x_wconf 87' lang='lat' dir='ltr'>D</span> <span class='ocrx_word' id='word_1_1102' title='bbox 347 2506 365 2525; x_wconf 93' lang='lat' dir='ltr'>O</span> <span class='ocrx_word' id='word_1_1103' title='bbox 374 2518 382 2530; x_wconf 93' lang='lat'>‚</span> <span class='ocrx_word' id='word_1_1104' title='bbox 401 2497 445 2530; x_wconf 81' lang='lat' dir='ltr'>ffi,</span> <span class='ocrx_word' id='word_1_1105' title='bbox 462 2499 541 2531; x_wconf 83' lang='lat' dir='ltr'>ssum,</span> <span class='ocrx_word' id='word_1_1106' title='bbox 562 2501 615 2525; x_wconf 68' lang='lat' dir='ltr'>ere.</span> <span class='ocrx_word' id='word_1_1107' title='bbox 652 2499 802 2532; x_wconf 57' lang='grc' dir='ltr'>[ἒνίςαμαι]</span> <span class='ocrx_word' id='word_1_1108' title='bbox 839 2497 950 2525; x_wconf 84' lang='lat' dir='ltr'>Medium</span> <span class='ocrx_word' id='word_1_1109' title='bbox 962 2497 1021 2532; x_wconf 60' lang='lat' dir='ltr'>effe:</span> <span class='ocrx_word' id='word_1_1110' title='bbox 1042 2505 1066 2524; x_wconf 82' lang='lat' dir='ltr'>et</span> <span class='ocrx_word' id='word_1_1111' title='bbox 1077 2505 1129 2524; x_wconf 82' lang='lat' dir='ltr'>tam</span> 
     </span>
    </p>
   </div>
   <div class='ocr_carea' id='block_1_30' title="bbox 1193 1693 2247 2535">
    <p class='ocr_par' dir='ltr' id='par_1_38' title="bbox 1193 1693 2247 2535">
     <span class='ocr_line' id='line_1_120' title="bbox 1201 1693 2246 1731; baseline 0.003 -11"><span class='ocrx_word' id='word_1_1112' title='bbox 1201 1705 1252 1731; x_wconf 87' lang='lat' dir='ltr'>que</span> <span class='ocrx_word' id='word_1_1113' title='bbox 1276 1695 1308 1722; x_wconf 89' lang='lat' dir='ltr'>de</span> <span class='ocrx_word' id='word_1_1114' title='bbox 1329 1694 1480 1722; x_wconf 87' lang='lat' dir='ltr'>absentibus</span> <span class='ocrx_word' id='word_1_1115' title='bbox 1497 1694 1652 1731; x_wconf 76' lang='lat' dir='ltr'>noscendis,</span> <span class='ocrx_word' id='word_1_1116' title='bbox 1680 1693 1720 1717; x_wconf 85' lang='lat' dir='ltr'>sed</span> <span class='ocrx_word' id='word_1_1117' title='bbox 1744 1693 1966 1719; x_wconf 77' lang='lat' dir='ltr'>intercessionibus</span> <span class='ocrx_word' id='word_1_1118' title='bbox 1985 1694 2129 1728; x_wconf 76' lang='lat' dir='ltr'>faciendis,</span> <span class='ocrx_word' id='word_1_1119' title='bbox 2147 1696 2246 1730; x_wconf 71' lang='lat' dir='ltr'>quibus</span> 
     </span>
     <span class='ocr_line' id='line_1_121' title="bbox 1199 1728 2245 1765; baseline 0.002 -8"><span class='ocrx_word' id='word_1_1120' title='bbox 1199 1731 1345 1765; x_wconf 82' lang='lat' dir='ltr'>praesentes</span> <span class='ocrx_word' id='word_1_1121' title='bbox 1359 1730 1480 1759; x_wconf 82' lang='lat' dir='ltr'>fuissent,</span> <span class='ocrx_word' id='word_1_1122' title='bbox 1498 1734 1526 1755; x_wconf 90' lang='lat' dir='ltr'>vt</span> <span class='ocrx_word' id='word_1_1123' title='bbox 1546 1728 1663 1757; x_wconf 87' lang='lat' dir='ltr'>iniuria,</span> <span class='ocrx_word' id='word_1_1124' title='bbox 1678 1736 1745 1761; x_wconf 87' lang='lat' dir='ltr'>quae</span> <span class='ocrx_word' id='word_1_1125' title='bbox 1762 1736 1851 1753; x_wconf 78' lang='lat' dir='ltr'>coram</span> <span class='ocrx_word' id='word_1_1126' title='bbox 1867 1728 1956 1760; x_wconf 82' lang='lat' dir='ltr'>tieret,</span> <span class='ocrx_word' id='word_1_1127' title='bbox 1974 1736 2118 1756; x_wconf 84' lang='lat' dir='ltr'>arceretur.</span> <span class='ocrx_word' id='word_1_1128' title='bbox 2188 1733 2245 1759; x_wconf 80' lang='lat' dir='ltr'>Cic.</span> 
     </span>
     <span class='ocr_line' id='line_1_122' title="bbox 1199 1761 2247 1800; baseline 0.002 -8"><span class='ocrx_word' id='word_1_1129' title='bbox 1199 1766 1315 1800; x_wconf 86' lang='lat' dir='ltr'>Philipp.</span> <span class='ocrx_word' id='word_1_1130' title='bbox 1329 1775 1351 1796; x_wconf 87' lang='lat'>2,</span> <span class='ocrx_word' id='word_1_1131' title='bbox 1388 1784 1395 1790; x_wconf 91' lang='lat'>.</span> <span class='ocrx_word' id='word_1_1132' title='bbox 1431 1783 1438 1790; x_wconf 91' lang='lat'>.</span> <span class='ocrx_word' id='word_1_1133' title='bbox 1475 1764 1567 1796; x_wconf 78' lang='lat' dir='ltr'>Quini</span> <span class='ocrx_word' id='word_1_1134' title='bbox 1581 1761 1695 1793; x_wconf 80' lang='lat' dir='ltr'>auspicia</span> <span class='ocrx_word' id='word_1_1135' title='bbox 1711 1763 1818 1795; x_wconf 81' lang='lat' dir='ltr'>Augur,</span> <span class='ocrx_word' id='word_1_1136' title='bbox 1836 1763 2042 1790; x_wconf 81' lang='lat' dir='ltr'>interceslionem</span> <span class='ocrx_word' id='word_1_1137' title='bbox 2057 1766 2153 1792; x_wconf 88' lang='lat' dir='ltr'>Consul</span> <span class='ocrx_word' id='word_1_1138' title='bbox 2165 1767 2247 1794; x_wconf 86' lang='lat' dir='ltr'>sustu-</span> 
     </span>
     <span class='ocr_line' id='line_1_123' title="bbox 1200 1796 1998 1828; baseline 0 -2"><span class='ocrx_word' id='word_1_1139' title='bbox 1200 1801 1275 1826; x_wconf 71' lang='lat' dir='ltr'>lisl&#39;es.</span> <span class='ocrx_word' id='word_1_1140' title='bbox 1353 1798 1477 1824; x_wconf 85' lang='lat' dir='ltr'>Abiicere</span> <span class='ocrx_word' id='word_1_1141' title='bbox 1498 1796 1705 1823; x_wconf 80' lang='lat' dir='ltr'>interccffionem</span> <span class='ocrx_word' id='word_1_1142' title='bbox 1715 1816 1724 1828; x_wconf 90' lang='lat'>,</span> <span class='ocrx_word' id='word_1_1143' title='bbox 1751 1796 1804 1822; x_wconf 78' lang='lat' dir='ltr'>vid.</span> <span class='ocrx_word' id='word_1_1144' title='bbox 1826 1804 1845 1823; x_wconf 72' lang='grc' dir='ltr'><em>Α</em></span> <span class='ocrx_word' id='word_1_1145' title='bbox 1856 1804 1871 1824; x_wconf 84' lang='grc' dir='ltr'><strong><em>Β</em></strong></span> <span class='ocrx_word' id='word_1_1146' title='bbox 1880 1806 1889 1824; x_wconf 92' lang='grc'>1</span> <span class='ocrx_word' id='word_1_1147' title='bbox 1899 1806 1907 1824; x_wconf 96' lang='lat'>1</span> <span class='ocrx_word' id='word_1_1148' title='bbox 1916 1805 1932 1825; x_wconf 93' lang='lat' dir='ltr'>C</span> <span class='ocrx_word' id='word_1_1149' title='bbox 1942 1807 1951 1825; x_wconf 92' lang='grc'>1</span> <span class='ocrx_word' id='word_1_1150' title='bbox 1962 1805 1981 1825; x_wconf 92' lang='lat' dir='ltr'>O</span> <span class='ocrx_word' id='word_1_1151' title='bbox 1992 1819 1998 1825; x_wconf 94' lang='lat'>.</span> 
     </span>
     <span class='ocr_line' id='line_1_124' title="bbox 1200 1831 1858 1863; baseline -0.003 -3"><span class='ocrx_word' id='word_1_1152' title='bbox 1200 1833 1407 1860; x_wconf 80' lang='lat' dir='ltr'>interceffionem</span> <span class='ocrx_word' id='word_1_1153' title='bbox 1422 1833 1493 1858; x_wconf 86' lang='lat' dir='ltr'>suam</span> <span class='ocrx_word' id='word_1_1154' title='bbox 1507 1831 1594 1857; x_wconf 86' lang='lat' dir='ltr'>Valcr.</span> <span class='ocrx_word' id='word_1_1155' title='bbox 1609 1831 1719 1857; x_wconf 84' lang='lat' dir='ltr'>Maxim.</span> <span class='ocrx_word' id='word_1_1156' title='bbox 1733 1834 1757 1863; x_wconf 88' lang='lat'>6,</span> <span class='ocrx_word' id='word_1_1157' title='bbox 1772 1841 1808 1863; x_wconf 89' lang='lat'>10,</span> <span class='ocrx_word' id='word_1_1158' title='bbox 1821 1841 1858 1859; x_wconf 83' lang='lat'>10.</span> 
     </span>
     <span class='ocr_line' id='line_1_125' title="bbox 1199 1866 2246 1906; baseline 0.006 -12"><span class='ocrx_word' id='word_1_1159' title='bbox 1199 1878 1260 1894; x_wconf 88' lang='lat' dir='ltr'>nem</span> <span class='ocrx_word' id='word_1_1160' title='bbox 1274 1869 1385 1894; x_wconf 86' lang='lat' dir='ltr'>Clodius</span> <span class='ocrx_word' id='word_1_1161' title='bbox 1405 1868 1461 1894; x_wconf 89' lang='lat' dir='ltr'>Cic.</span> <span class='ocrx_word' id='word_1_1162' title='bbox 1481 1866 1513 1893; x_wconf 86' lang='lat' dir='ltr'>de</span> <span class='ocrx_word' id='word_1_1163' title='bbox 1531 1867 1576 1893; x_wconf 89' lang='lat' dir='ltr'>Ar.</span> <span class='ocrx_word' id='word_1_1164' title='bbox 1596 1867 1670 1900; x_wconf 82' lang='lat' dir='ltr'>Resp.</span> <span class='ocrx_word' id='word_1_1165' title='bbox 1692 1876 1713 1893; x_wconf 91' lang='lat' dir='ltr'>c.</span> <span class='ocrx_word' id='word_1_1166' title='bbox 1727 1875 1768 1901; x_wconf 77' lang='grc'>27.</span> <span class='ocrx_word' id='word_1_1167' title='bbox 1864 1869 2060 1896; x_wconf 79' lang='lat' dir='ltr'>Incercesl&#39;iones</span> <span class='ocrx_word' id='word_1_1168' title='bbox 2074 1874 2246 1906; x_wconf 82' lang='lat' dir='ltr'>pecuniarum</span> 
     </span>
     <span class='ocr_line' id='line_1_126' title="bbox 1198 1901 2244 1939; baseline 0.005 -8"><span class='ocrx_word' id='word_1_1169' title='bbox 1198 1904 1227 1931; x_wconf 93' lang='lat' dir='ltr'>in</span> <span class='ocrx_word' id='word_1_1170' title='bbox 1242 1904 1406 1930; x_wconf 88' lang='lat' dir='ltr'>coitionibus</span> <span class='ocrx_word' id='word_1_1171' title='bbox 1420 1901 1618 1929; x_wconf 83' lang='lat' dir='ltr'>candidatorum</span> <span class='ocrx_word' id='word_1_1172' title='bbox 1634 1902 1681 1927; x_wconf 88' lang='lat' dir='ltr'>Cic</span> <span class='ocrx_word' id='word_1_1173' title='bbox 1698 1902 1821 1934; x_wconf 84' lang='lat' dir='ltr'>Pa1·ad.6,</span> <span class='ocrx_word' id='word_1_1174' title='bbox 1829 1911 1853 1928; x_wconf 88' lang='lat'>2.</span> <span class='ocrx_word' id='word_1_1175' title='bbox 1890 1904 1964 1939; x_wconf 83' lang='lat' dir='ltr'>Conf.</span> <span class='ocrx_word' id='word_1_1176' title='bbox 1978 1906 2049 1932; x_wconf 80' lang='lat' dir='ltr'>Cael.</span> <span class='ocrx_word' id='word_1_1177' title='bbox 2062 1906 2094 1933; x_wconf 86' lang='lat' dir='ltr'>ad</span> <span class='ocrx_word' id='word_1_1178' title='bbox 2107 1908 2163 1935; x_wconf 89' lang='lat' dir='ltr'>Cic.</span> <span class='ocrx_word' id='word_1_1179' title='bbox 2172 1909 2244 1936; x_wconf 89' lang='lat' dir='ltr'>Fam.</span> 
     </span>
     <span class='ocr_line' id='line_1_127' title="bbox 1199 1936 2137 1972; baseline 0.002 -8"><span class='ocrx_word' id='word_1_1180' title='bbox 1199 1945 1223 1971; x_wconf 83' lang='lat'>8,</span> <span class='ocrx_word' id='word_1_1181' title='bbox 1240 1941 1277 1965; x_wconf 89' lang='lat'>16.</span> <span class='ocrx_word' id='word_1_1182' title='bbox 1347 1940 1436 1965; x_wconf 86' lang='lat' dir='ltr'>Parata</span> <span class='ocrx_word' id='word_1_1183' title='bbox 1449 1937 1485 1963; x_wconf 85' lang='lat' dir='ltr'>est</span> <span class='ocrx_word' id='word_1_1184' title='bbox 1503 1946 1561 1963; x_wconf 88' lang='grc'>11103</span> <span class='ocrx_word' id='word_1_1185' title='bbox 1576 1936 1720 1962; x_wconf 56' lang='lat' dir='ltr'>intere-estio</span> <span class='ocrx_word' id='word_1_1186' title='bbox 1733 1937 1807 1963; x_wconf 82' lang='lat' dir='ltr'>Idem</span> <span class='ocrx_word' id='word_1_1187' title='bbox 1823 1941 1875 1964; x_wconf 80' lang='lat' dir='ltr'>Att.</span> <span class='ocrx_word' id='word_1_1188' title='bbox 1888 1947 1908 1971; x_wconf 87' lang='lat'>1,</span> <span class='ocrx_word' id='word_1_1189' title='bbox 1922 1948 1948 1972; x_wconf 78' lang='lat'>4.</span> <span class='ocrx_word' id='word_1_1190' title='bbox 2134 1946 2137 1949; x_wconf 86' lang='lat'><em>&#39;</em></span> 
     </span>
     <span class='ocr_line' id='line_1_128' title="bbox 1235 1971 2245 2009; baseline 0.006 -10"><span class='ocrx_word' id='word_1_1191' title='bbox 1235 1980 1428 2000; x_wconf 78' lang='lat' dir='ltr'>INTERCES</span> <span class='ocrx_word' id='word_1_1192' title='bbox 1439 1979 1480 1999; x_wconf 86' lang='lat' dir='ltr'>so</span> <span class='ocrx_word' id='word_1_1193' title='bbox 1491 1979 1526 2004; x_wconf 80' lang='lat' dir='ltr'>R,</span> <span class='ocrx_word' id='word_1_1194' title='bbox 1545 1971 1608 1997; x_wconf 74' lang='lat' dir='ltr'>oris.</span> <span class='ocrx_word' id='word_1_1195' title='bbox 1645 1981 1680 1998; x_wconf 90' lang='lat' dir='ltr'>m.</span> <span class='ocrx_word' id='word_1_1196' title='bbox 1717 1972 1855 2007; x_wconf 64' lang='grc' dir='ltr'>[ἐπαίτης]</span> <span class='ocrx_word' id='word_1_1197' title='bbox 1890 1976 1943 2009; x_wconf 66' lang='lat' dir='ltr'>,Qui</span> <span class='ocrx_word' id='word_1_1198' title='bbox 1963 1976 2102 2003; x_wconf 69' lang='lat' dir='ltr'>intercedit.</span> <span class='ocrx_word' id='word_1_1199' title='bbox 2137 1978 2194 2004; x_wconf 84' lang='lat' dir='ltr'>Cic.</span> <span class='ocrx_word' id='word_1_1200' title='bbox 2211 1978 2245 2006; x_wconf 84' lang='lat' dir='ltr'>de</span> 
     </span>
     <span class='ocr_line' id='line_1_129' title="bbox 1196 2006 2246 2048; baseline 0.007 -14"><span class='ocrx_word' id='word_1_1201' title='bbox 1196 2009 1290 2042; x_wconf 85' lang='lat' dir='ltr'>Legib.</span> <span class='ocrx_word' id='word_1_1202' title='bbox 1304 2017 1366 2040; x_wconf 86' lang='grc'>3,11</span> <span class='ocrx_word' id='word_1_1203' title='bbox 1391 2007 1485 2034; x_wconf 68' lang='grc' dir='ltr'>Ρ31010</span> <span class='ocrx_word' id='word_1_1204' title='bbox 1505 2006 1580 2033; x_wconf 89' lang='lat' dir='ltr'>iubet</span> <span class='ocrx_word' id='word_1_1205' title='bbox 1600 2007 1777 2040; x_wconf 77' lang='lat' dir='ltr'>intercessori,</span> <span class='ocrx_word' id='word_1_1206' title='bbox 1802 2017 1855 2042; x_wconf 87' lang='lat' dir='ltr'>quo</span> <span class='ocrx_word' id='word_1_1207' title='bbox 1868 2009 1937 2035; x_wconf 84' lang='lat' dir='ltr'>nihil</span> <span class='ocrx_word' id='word_1_1208' title='bbox 1952 2011 2135 2043; x_wconf 80' lang='lat' dir='ltr'>praestantius:</span> <span class='ocrx_word' id='word_1_1209' title='bbox 2163 2015 2246 2048; x_wconf 86' lang='lat' dir='ltr'>impe-</span> 
     </span>
     <span class='ocr_line' id='line_1_130' title="bbox 1198 2042 2244 2077; baseline 0.002 -7"><span class='ocrx_word' id='word_1_1210' title='bbox 1198 2044 1252 2071; x_wconf 84' lang='lat' dir='ltr'>diri</span> <span class='ocrx_word' id='word_1_1211' title='bbox 1267 2044 1339 2070; x_wconf 87' lang='lat' dir='ltr'>enim</span> <span class='ocrx_word' id='word_1_1212' title='bbox 1353 2043 1450 2070; x_wconf 89' lang='lat' dir='ltr'>bonam</span> <span class='ocrx_word' id='word_1_1213' title='bbox 1465 2052 1522 2069; x_wconf 86' lang='lat' dir='ltr'>rem</span> <span class='ocrx_word' id='word_1_1214' title='bbox 1537 2042 1649 2075; x_wconf 85' lang='lat' dir='ltr'>melius,</span> <span class='ocrx_word' id='word_1_1215' title='bbox 1668 2051 1747 2076; x_wconf 74' lang='lat' dir='ltr'>quam</span> <span class='ocrx_word' id='word_1_1216' title='bbox 1762 2043 1870 2069; x_wconf 85' lang='lat' dir='ltr'>concedi</span> <span class='ocrx_word' id='word_1_1217' title='bbox 1889 2044 1992 2072; x_wconf 83' lang='lat' dir='ltr'>malam.</span> <span class='ocrx_word' id='word_1_1218' title='bbox 2064 2048 2133 2074; x_wconf 88' lang='lat' dir='ltr'>lbid.</span> <span class='ocrx_word' id='word_1_1219' title='bbox 2161 2050 2244 2077; x_wconf 84' lang='lat' dir='ltr'>Inter-</span> 
     </span>
     <span class='ocr_line' id='line_1_131' title="bbox 1197 2077 2243 2116; baseline 0.007 -10"><span class='ocrx_word' id='word_1_1220' title='bbox 1197 2080 1278 2106; x_wconf 81' lang='lat' dir='ltr'>cessor</span> <span class='ocrx_word' id='word_1_1221' title='bbox 1291 2079 1332 2106; x_wconf 85' lang='lat' dir='ltr'>rei</span> <span class='ocrx_word' id='word_1_1222' title='bbox 1344 2079 1427 2105; x_wconf 87' lang='lat' dir='ltr'>malae</span> <span class='ocrx_word' id='word_1_1223' title='bbox 1440 2077 1558 2104; x_wconf 85' lang='lat' dir='ltr'>salutaris</span> <span class='ocrx_word' id='word_1_1224' title='bbox 1577 2078 1644 2103; x_wconf 86' lang='lat' dir='ltr'>ciuis</span> <span class='ocrx_word' id='word_1_1225' title='bbox 1657 2077 1720 2103; x_wconf 85' lang='lat' dir='ltr'>esto.</span> <span class='ocrx_word' id='word_1_1226' title='bbox 1778 2078 1959 2106; x_wconf 78' lang='lat' dir='ltr'>lutei-cessores</span> <span class='ocrx_word' id='word_1_1227' title='bbox 1972 2081 2037 2115; x_wconf 78' lang='lat' dir='ltr'>legis</span> <span class='ocrx_word' id='word_1_1228' title='bbox 2051 2084 2168 2116; x_wconf 76' lang='lat' dir='ltr'>agrariae</span> <span class='ocrx_word' id='word_1_1229' title='bbox 2182 2086 2243 2112; x_wconf 84' lang='lat' dir='ltr'>Liu.</span> 
     </span>
     <span class='ocr_line' id='line_1_132' title="bbox 1198 2112 2245 2151; baseline 0.007 -11"><span class='ocrx_word' id='word_1_1230' title='bbox 1198 2123 1228 2147; x_wconf 83' lang='lat'>4,</span> <span class='ocrx_word' id='word_1_1231' title='bbox 1241 2122 1275 2147; x_wconf 82' lang='lat'>53.</span> <span class='ocrx_word' id='word_1_1232' title='bbox 1372 2114 1428 2140; x_wconf 86' lang='lat' dir='ltr'>Cic.</span> <span class='ocrx_word' id='word_1_1233' title='bbox 1445 2121 1494 2147; x_wconf 86' lang='lat' dir='ltr'>pro</span> <span class='ocrx_word' id='word_1_1234' title='bbox 1509 2114 1533 2138; x_wconf 89' lang='lat' dir='ltr'>S.</span> <span class='ocrx_word' id='word_1_1235' title='bbox 1548 2113 1621 2138; x_wconf 86' lang='lat' dir='ltr'>Rosc.</span> <span class='ocrx_word' id='word_1_1236' title='bbox 1642 2121 1663 2138; x_wconf 91' lang='lat' dir='ltr'>c.</span> <span class='ocrx_word' id='word_1_1237' title='bbox 1679 2117 1706 2144; x_wconf 81' lang='grc'>38</span> <span class='ocrx_word' id='word_1_1238' title='bbox 1737 2112 1789 2138; x_wconf 88' lang='lat' dir='ltr'>Isto</span> <span class='ocrx_word' id='word_1_1239' title='bbox 1808 2112 1960 2148; x_wconf 81' lang='lat' dir='ltr'>hortatore,</span> <span class='ocrx_word' id='word_1_1240' title='bbox 1979 2117 2104 2151; x_wconf 72' lang='grc'>31101010,</span> <span class='ocrx_word' id='word_1_1241' title='bbox 2124 2119 2245 2147; x_wconf 87' lang='lat' dir='ltr'>interces-</span> 
     </span>
     <span class='ocr_line' id='line_1_133' title="bbox 1199 2147 2245 2189; baseline 0.007 -14"><span class='ocrx_word' id='word_1_1242' title='bbox 1199 2151 1273 2181; x_wconf 89' lang='lat' dir='ltr'>sore,</span> <span class='ocrx_word' id='word_1_1243' title='bbox 1294 2148 1374 2181; x_wconf 79' lang='lat' dir='ltr'>legati</span> <span class='ocrx_word' id='word_1_1244' title='bbox 1387 2148 1418 2174; x_wconf 91' lang='lat' dir='ltr'>ad</span> <span class='ocrx_word' id='word_1_1245' title='bbox 1432 2148 1530 2173; x_wconf 83' lang='lat' dir='ltr'>Sullam</span> <span class='ocrx_word' id='word_1_1246' title='bbox 1549 2156 1601 2172; x_wconf 90' lang='lat' dir='ltr'>non</span> <span class='ocrx_word' id='word_1_1247' title='bbox 1615 2147 1712 2173; x_wconf 81' lang='lat' dir='ltr'>adiere.</span> <span class='ocrx_word' id='word_1_1248' title='bbox 1782 2149 1853 2175; x_wconf 79' lang='lat' dir='ltr'>Idem</span> <span class='ocrx_word' id='word_1_1249' title='bbox 1867 2151 1938 2177; x_wconf 75' lang='lat' dir='ltr'>Fani.</span> <span class='ocrx_word' id='word_1_1250' title='bbox 1954 2160 1992 2184; x_wconf 85' lang='lat'>10,</span> <span class='ocrx_word' id='word_1_1251' title='bbox 2013 2161 2039 2179; x_wconf 83' lang='lat'>12</span> <span class='ocrx_word' id='word_1_1252' title='bbox 2061 2155 2138 2180; x_wconf 86' lang='lat' dir='ltr'>Hunc</span> <span class='ocrx_word' id='word_1_1253' title='bbox 2153 2164 2245 2189; x_wconf 83' lang='lat' dir='ltr'>quem-</span> 
     </span>
     <span class='ocr_line' id='line_1_134' title="bbox 1197 2183 2245 2218; baseline 0.007 -9"><span class='ocrx_word' id='word_1_1254' title='bbox 1197 2183 1341 2210; x_wconf 87' lang='lat' dir='ltr'>admodum</span> <span class='ocrx_word' id='word_1_1255' title='bbox 1354 2183 1495 2218; x_wconf 83' lang='lat' dir='ltr'>fregerim,</span> <span class='ocrx_word' id='word_1_1256' title='bbox 1515 2189 1662 2216; x_wconf 82' lang='lat' dir='ltr'>quantaque</span> <span class='ocrx_word' id='word_1_1257' title='bbox 1680 2184 1850 2210; x_wconf 84' lang='lat' dir='ltr'>contentione</span> <span class='ocrx_word' id='word_1_1258' title='bbox 1864 2185 1975 2213; x_wconf 85' lang='lat' dir='ltr'>Titium</span> <span class='ocrx_word' id='word_1_1259' title='bbox 1990 2188 2182 2215; x_wconf 80' lang='lat' dir='ltr'>intercess&#39;orem</span> <span class='ocrx_word' id='word_1_1260' title='bbox 2199 2191 2245 2217; x_wconf 79' lang='lat' dir='ltr'>ab·</span> 
     </span>
     <span class='ocr_line' id='line_1_135' title="bbox 1196 2215 2245 2258; baseline 0.007 -13"><span class='ocrx_word' id='word_1_1261' title='bbox 1196 2217 1316 2245; x_wconf 80' lang='lat' dir='ltr'>iecerim.</span> <span class='ocrx_word' id='word_1_1262' title='bbox 1494 2215 1515 2255; x_wconf 58' lang='lat' dir='ltr'>fl</span> <span class='ocrx_word' id='word_1_1263' title='bbox 1537 2227 1549 2243; x_wconf 97' lang='grc'>2</span> <span class='ocrx_word' id='word_1_1264' title='bbox 1581 2217 1733 2244; x_wconf 76' lang='lat' dir='ltr'>Intercessor</span> <span class='ocrx_word' id='word_1_1265' title='bbox 1751 2217 1800 2251; x_wconf 71' lang='lat' dir='ltr'>est,</span> <span class='ocrx_word' id='word_1_1266' title='bbox 1822 2223 1864 2255; x_wconf 85' lang='lat' dir='ltr'>qui</span> <span class='ocrx_word' id='word_1_1267' title='bbox 1883 2224 1910 2246; x_wconf 83' lang='lat' dir='ltr'>in</span> <span class='ocrx_word' id='word_1_1268' title='bbox 1927 2228 2007 2247; x_wconf 71' lang='lat' dir='ltr'>mutuo</span> <span class='ocrx_word' id='word_1_1269' title='bbox 2024 2225 2178 2258; x_wconf 55' lang='lat' dir='ltr'>inpetrando</span> <span class='ocrx_word' id='word_1_1270' title='bbox 2198 2227 2245 2252; x_wconf 78' lang='lat' dir='ltr'>ali-</span> 
     </span>
     <span class='ocr_line' id='line_1_136' title="bbox 1196 2251 2245 2291; baseline 0.006 -11"><span class='ocrx_word' id='word_1_1271' title='bbox 1196 2263 1265 2290; x_wconf 78' lang='lat' dir='ltr'>quem</span> <span class='ocrx_word' id='word_1_1272' title='bbox 1283 2256 1353 2279; x_wconf 82' lang='lat' dir='ltr'>iuuat</span> <span class='ocrx_word' id='word_1_1273' title='bbox 1363 2251 1508 2288; x_wconf 71' lang='lat' dir='ltr'>sponsione,</span> <span class='ocrx_word' id='word_1_1274' title='bbox 1528 2254 1569 2279; x_wconf 82' lang='lat' dir='ltr'>vcl</span> <span class='ocrx_word' id='word_1_1275' title='bbox 1584 2255 1633 2279; x_wconf 72' lang='lat' dir='ltr'>alio</span> <span class='ocrx_word' id='word_1_1276' title='bbox 1650 2252 1737 2287; x_wconf 73' lang='lat' dir='ltr'>efficto.</span> <span class='ocrx_word' id='word_1_1277' title='bbox 1784 2255 1843 2281; x_wconf 83' lang='lat' dir='ltr'>Sen.</span> <span class='ocrx_word' id='word_1_1278' title='bbox 1857 2256 1902 2289; x_wconf 83' lang='lat' dir='ltr'>Ep.</span> <span class='ocrx_word' id='word_1_1279' title='bbox 1919 2265 1959 2287; x_wconf 89' lang='lat'>119</span> <span class='ocrx_word' id='word_1_1280' title='bbox 1981 2264 2021 2291; x_wconf 76' lang='lat' dir='ltr'>pr.</span> <span class='ocrx_word' id='word_1_1281' title='bbox 2057 2259 2095 2284; x_wconf 74' lang='lat' dir='ltr'>Aa</span> <span class='ocrx_word' id='word_1_1282' title='bbox 2117 2261 2245 2288; x_wconf 65' lang='lat' dir='ltr'>maximas</span> 
     </span>
     <span class='ocr_line' id='line_1_137' title="bbox 1195 2287 2246 2324; baseline 0.009 -9"><span class='ocrx_word' id='word_1_1283' title='bbox 1195 2295 1222 2316; x_wconf 89' lang='lat' dir='ltr'>te</span> <span class='ocrx_word' id='word_1_1284' title='bbox 1235 2289 1343 2315; x_wconf 85' lang='lat' dir='ltr'>diuitias</span> <span class='ocrx_word' id='word_1_1285' title='bbox 1355 2287 1553 2323; x_wconf 83' lang='lat' dir='ltr'>compendiaria</span> <span class='ocrx_word' id='word_1_1286' title='bbox 1565 2289 1641 2322; x_wconf 77' lang='lat' dir='ltr'>(oia)</span> <span class='ocrx_word' id='word_1_1287' title='bbox 1651 2290 1752 2315; x_wconf 73' lang='lat' dir='ltr'>ducam.</span> <span class='ocrx_word' id='word_1_1288' title='bbox 1791 2290 1864 2323; x_wconf 84' lang='lat' dir='ltr'>Opus</span> <span class='ocrx_word' id='word_1_1289' title='bbox 1876 2291 1928 2317; x_wconf 88' lang='lat' dir='ltr'>erit</span> <span class='ocrx_word' id='word_1_1290' title='bbox 1941 2297 2026 2318; x_wconf 71' lang='lat' dir='ltr'>tamen</span> <span class='ocrx_word' id='word_1_1291' title='bbox 2040 2294 2091 2320; x_wconf 88' lang='lat' dir='ltr'>tibi</span> <span class='ocrx_word' id='word_1_1292' title='bbox 2104 2297 2246 2324; x_wconf 78' lang='lat' dir='ltr'>creditore.</span> 
     </span>
     <span class='ocr_line' id='line_1_138' title="bbox 1195 2323 2244 2364; baseline 0.005 -14"><span class='ocrx_word' id='word_1_1293' title='bbox 1195 2324 1234 2351; x_wconf 86' lang='lat' dir='ltr'>Vt</span> <span class='ocrx_word' id='word_1_1294' title='bbox 1250 2324 1382 2359; x_wconf 80' lang='lat' dir='ltr'>negotiari</span> <span class='ocrx_word' id='word_1_1295' title='bbox 1400 2323 1488 2359; x_wconf 80' lang='lat' dir='ltr'>posl&#39;is,</span> <span class='ocrx_word' id='word_1_1296' title='bbox 1509 2332 1551 2350; x_wconf 88' lang='lat' dir='ltr'>aes</span> <span class='ocrx_word' id='word_1_1297' title='bbox 1572 2324 1688 2350; x_wconf 87' lang='lat' dir='ltr'>alienum</span> <span class='ocrx_word' id='word_1_1298' title='bbox 1708 2324 1786 2349; x_wconf 85' lang='lat' dir='ltr'>facias</span> <span class='ocrx_word' id='word_1_1299' title='bbox 1805 2332 1927 2359; x_wconf 66' lang='lat' dir='ltr'>oportet:</span> <span class='ocrx_word' id='word_1_1300' title='bbox 1957 2328 1997 2353; x_wconf 72' lang='lat' dir='ltr'>sed</span> <span class='ocrx_word' id='word_1_1301' title='bbox 2015 2329 2077 2355; x_wconf 69' lang='lat' dir='ltr'>nelo</span> <span class='ocrx_word' id='word_1_1302' title='bbox 2098 2340 2145 2364; x_wconf 81' lang='lat' dir='ltr'>per</span> <span class='ocrx_word' id='word_1_1303' title='bbox 2163 2333 2244 2360; x_wconf 76' lang='lat' dir='ltr'>inter-</span> 
     </span>
     <span class='ocr_line' id='line_1_139' title="bbox 1196 2359 2243 2396; baseline 0.008 -10"><span class='ocrx_word' id='word_1_1304' title='bbox 1196 2361 1320 2386; x_wconf 81' lang='lat' dir='ltr'>cessorem</span> <span class='ocrx_word' id='word_1_1305' title='bbox 1339 2360 1482 2390; x_wconf 87' lang='lat' dir='ltr'>mutueris,</span> <span class='ocrx_word' id='word_1_1306' title='bbox 1501 2359 1567 2385; x_wconf 87' lang='lat' dir='ltr'>nolo</span> <span class='ocrx_word' id='word_1_1307' title='bbox 1582 2365 1742 2393; x_wconf 86' lang='lat' dir='ltr'>proxenetae</span> <span class='ocrx_word' id='word_1_1308' title='bbox 1762 2368 1860 2386; x_wconf 80' lang='lat' dir='ltr'>nomen</span> <span class='ocrx_word' id='word_1_1309' title='bbox 1876 2369 1949 2388; x_wconf 89' lang='lat' dir='ltr'>tuum</span> <span class='ocrx_word' id='word_1_1310' title='bbox 1963 2363 2068 2391; x_wconf 69' lang='lat' dir='ltr'>iac&#39;lent.</span> <span class='ocrx_word' id='word_1_1311' title='bbox 2122 2367 2243 2396; x_wconf 83' lang='lat' dir='ltr'>Paratum</span> 
     </span>
     <span class='ocr_line' id='line_1_140' title="bbox 1195 2394 2241 2430; baseline 0.008 -8"><span class='ocrx_word' id='word_1_1312' title='bbox 1195 2395 1248 2422; x_wconf 88' lang='lat' dir='ltr'>tibi</span> <span class='ocrx_word' id='word_1_1313' title='bbox 1266 2395 1425 2422; x_wconf 82' lang='lat' dir='ltr'>creditorem</span> <span class='ocrx_word' id='word_1_1314' title='bbox 1445 2394 1531 2426; x_wconf 86' lang='lat' dir='ltr'>dabo,</span> <span class='ocrx_word' id='word_1_1315' title='bbox 1551 2395 1729 2420; x_wconf 86' lang='lat' dir='ltr'>Catonianum</span> <span class='ocrx_word' id='word_1_1316' title='bbox 1748 2395 1842 2428; x_wconf 71' lang='lat' dir='ltr'>illurn,</span> <span class='ocrx_word' id='word_1_1317' title='bbox 1861 2398 1922 2424; x_wconf 82' lang='lat' dir='ltr'>Ate</span> <span class='ocrx_word' id='word_1_1318' title='bbox 1938 2406 2058 2426; x_wconf 86' lang='lat' dir='ltr'>mutuum</span> <span class='ocrx_word' id='word_1_1319' title='bbox 2076 2401 2160 2428; x_wconf 85' lang='lat' dir='ltr'>sumes</span> <span class='ocrx_word' id='word_1_1320' title='bbox 2195 2410 2241 2430; x_wconf 75' lang='lat' dir='ltr'>etc.</span> 
     </span>
     <span class='ocr_line' id='line_1_141' title="bbox 1196 2425 2242 2472; baseline 0.008 -17"><span class='ocrx_word' id='word_1_1321' title='bbox 1196 2433 1289 2465; x_wconf 69' lang='lat' dir='ltr'>Nempe</span> <span class='ocrx_word' id='word_1_1322' title='bbox 1306 2433 1379 2456; x_wconf 77' lang='lat' dir='ltr'>etiam</span> <span class='ocrx_word' id='word_1_1323' title='bbox 1398 2430 1430 2455; x_wconf 87' lang='lat' dir='ltr'>de</span> <span class='ocrx_word' id='word_1_1324' title='bbox 1446 2429 1538 2455; x_wconf 80' lang='lat' dir='ltr'>Benef.</span> <span class='ocrx_word' id='word_1_1325' title='bbox 1552 2436 1579 2462; x_wconf 86' lang='lat'>5,</span> <span class='ocrx_word' id='word_1_1326' title='bbox 1600 2438 1617 2464; x_wconf 87' lang='lat'><em>7</em></span> <span class='ocrx_word' id='word_1_1327' title='bbox 1642 2431 1678 2456; x_wconf 85' lang='grc' dir='ltr'>Μ.</span> <span class='ocrx_word' id='word_1_1328' title='bbox 1693 2431 1759 2456; x_wconf 82' lang='lat' dir='ltr'>Cato</span> <span class='ocrx_word' id='word_1_1329' title='bbox 1780 2431 1833 2464; x_wconf 84' lang='lat' dir='ltr'>ait,</span> <span class='ocrx_word' id='word_1_1330' title='bbox 1852 2433 1924 2466; x_wconf 88' lang='lat' dir='ltr'>quod</span> <span class='ocrx_word' id='word_1_1331' title='bbox 1945 2433 1994 2460; x_wconf 86' lang='lat' dir='ltr'>tibi</span> <span class='ocrx_word' id='word_1_1332' title='bbox 2010 2435 2095 2468; x_wconf 84' lang='lat' dir='ltr'>deest,</span> <span class='ocrx_word' id='word_1_1333' title='bbox 2112 2446 2126 2462; x_wconf 90' lang='lat' dir='ltr'>a</span> <span class='ocrx_word' id='word_1_1334' title='bbox 2141 2425 2175 2464; x_wconf 57' lang='lat' dir='ltr'>tc,</span> <span class='ocrx_word' id='word_1_1335' title='bbox 2185 2439 2242 2472; x_wconf 86' lang='lat' dir='ltr'>ipso</span> 
     </span>
     <span class='ocr_line' id='line_1_142' title="bbox 1195 2466 2243 2509; baseline 0.009 -18"><span class='ocrx_word' id='word_1_1336' title='bbox 1195 2472 1325 2492; x_wconf 86' lang='lat' dir='ltr'>mutuare.</span> <span class='ocrx_word' id='word_1_1337' title='bbox 1382 2466 1451 2490; x_wconf 84' lang='lat' dir='ltr'>Hinc</span> <span class='ocrx_word' id='word_1_1338' title='bbox 1464 2466 1677 2499; x_wconf 64' lang='lat' dir='ltr'>interpretandism</span> <span class='ocrx_word' id='word_1_1339' title='bbox 1690 2466 1754 2491; x_wconf 61' lang='lat' dir='ltr'>raud</span> <span class='ocrx_word' id='word_1_1340' title='bbox 1764 2466 1819 2497; x_wconf 65' lang='lat' dir='ltr'>Cic.v</span> <span class='ocrx_word' id='word_1_1341' title='bbox 1836 2468 1913 2501; x_wconf 80' lang='lat' dir='ltr'>Epist.</span> <span class='ocrx_word' id='word_1_1342' title='bbox 1926 2476 1952 2501; x_wconf 80' lang='lat'>7,</span> <span class='ocrx_word' id='word_1_1343' title='bbox 1967 2478 1998 2503; x_wconf 86' lang='lat'>27</span> <span class='ocrx_word' id='word_1_1344' title='bbox 2022 2471 2127 2497; x_wconf 76' lang='lat' dir='ltr'>VtInam</span> <span class='ocrx_word' id='word_1_1345' title='bbox 2140 2474 2243 2509; x_wconf 78' lang='lat' dir='ltr'>semper</span> 
     </span>
     <span class='ocr_line' id='line_1_143' title="bbox 1193 2499 1870 2535; baseline 0.003 -8"><span class='ocrx_word' id='word_1_1346' title='bbox 1193 2501 1255 2527; x_wconf 80' lang='lat' dir='ltr'>esses</span> <span class='ocrx_word' id='word_1_1347' title='bbox 1267 2499 1412 2528; x_wconf 87' lang='lat' dir='ltr'>Tribunus</span> <span class='ocrx_word' id='word_1_1348' title='bbox 1422 2521 1430 2532; x_wconf 95' lang='lat'>‚</span> <span class='ocrx_word' id='word_1_1349' title='bbox 1446 2500 1639 2526; x_wconf 74' lang='lat' dir='ltr'>intercessorem</span> <span class='ocrx_word' id='word_1_1350' title='bbox 1652 2510 1706 2526; x_wconf 91' lang='lat' dir='ltr'>non</span> <span class='ocrx_word' id='word_1_1351' title='bbox 1721 2510 1870 2535; x_wconf 81' lang='lat' dir='ltr'>quaereres.</span> 
     </span>
    </p>
   </div>
   <div class='ocr_carea' id='block_1_31' title="bbox 1951 1802 2247 1864">
    <p class='ocr_par' dir='ltr' id='par_1_39' title="bbox 1951 1802 2247 1864">
     <span class='ocr_line' id='line_1_144' title="bbox 2075 1802 2247 1835; baseline 0.023 -9"><span class='ocrx_word' id='word_1_1352' title='bbox 2075 1802 2247 1835; x_wconf 76' lang='lat' dir='ltr'>interponere</span> 
     </span>
     <span class='ocr_line' id='line_1_145' title="bbox 1951 1835 2246 1864; baseline 0.017 -5"><span class='ocrx_word' id='word_1_1353' title='bbox 1951 1835 2076 1862; x_wconf 84' lang='lat' dir='ltr'>Remouit</span> <span class='ocrx_word' id='word_1_1354' title='bbox 2090 1836 2246 1864; x_wconf 84' lang='lat' dir='ltr'>interceffio-</span> 
     </span>
    </p>
   </div>
   <div class='ocr_carea' id='block_1_32' title="bbox 1922 2504 2242 2542">
    <p class='ocr_par' dir='ltr' id='par_1_40' title="bbox 1922 2504 2242 2542">
     <span class='ocr_line' id='line_1_146' title="bbox 1922 2504 2242 2542; baseline 0.022 -12"><span class='ocrx_word' id='word_1_1355' title='bbox 1922 2504 2093 2540; x_wconf 77' lang='lat' dir='ltr'>Ambiguicare</span> <span class='ocrx_word' id='word_1_1356' title='bbox 2111 2508 2176 2534; x_wconf 81' lang='lat' dir='ltr'>ludit</span> <span class='ocrx_word' id='word_1_1357' title='bbox 2182 2529 2191 2542; x_wconf 91' lang='lat'>,</span> <span class='ocrx_word' id='word_1_1358' title='bbox 2211 2516 2242 2537; x_wconf 72' lang='lat' dir='ltr'>vt</span> 
     </span>
    </p>
   </div>
   <div class='ocr_carea' id='block_1_33' title="bbox 81 2533 1820 2573">
    <p class='ocr_par' dir='ltr' id='par_1_41' title="bbox 81 2533 1820 2573">
     <span class='ocr_line' id='line_1_147' title="bbox 81 2533 1820 2573; baseline 0 -10"><span class='ocrx_word' id='word_1_1359' title='bbox 81 2537 113 2563; x_wconf 72' lang='lat' dir='ltr'>de</span> <span class='ocrx_word' id='word_1_1360' title='bbox 133 2538 184 2562; x_wconf 84' lang='lat' dir='ltr'>loco</span> <span class='ocrx_word' id='word_1_1361' title='bbox 204 2543 227 2561; x_wconf 80' lang='lat' dir='ltr'>et</span> <span class='ocrx_word' id='word_1_1362' title='bbox 246 2535 274 2562; x_wconf 83' lang='lat' dir='ltr'>de</span> <span class='ocrx_word' id='word_1_1363' title='bbox 293 2542 415 2569; x_wconf 75' lang='lat' dir='ltr'>tempore,</span> <span class='ocrx_word' id='word_1_1364' title='bbox 435 2543 507 2569; x_wconf 82' lang='lat' dir='ltr'>quam</span> <span class='ocrx_word' id='word_1_1365' title='bbox 523 2533 552 2560; x_wconf 80' lang='lat' dir='ltr'>de</span> <span class='ocrx_word' id='word_1_1366' title='bbox 567 2533 698 2569; x_wconf 71' lang='lat' dir='ltr'>perfhm&#39;r,</span> <span class='ocrx_word' id='word_1_1367' title='bbox 715 2540 739 2560; x_wconf 78' lang='lat' dir='ltr'>et</span> <span class='ocrx_word' id='word_1_1368' title='bbox 751 2535 803 2559; x_wconf 81' lang='lat' dir='ltr'>alia</span> <span class='ocrx_word' id='word_1_1369' title='bbox 818 2542 845 2560; x_wconf 86' lang='lat' dir='ltr'>re</span> <span class='ocrx_word' id='word_1_1370' title='bbox 862 2542 1003 2573; x_wconf 59' lang='lat' dir='ltr'>quacunque</span> <span class='ocrx_word' id='word_1_1371' title='bbox 1018 2534 1129 2567; x_wconf 82' lang='lat' dir='ltr'>dicitur,</span> <span class='ocrx_word' id='word_1_1372' title='bbox 1142 2535 1174 2567; x_wconf 77' lang='lat'>65</span> <span class='ocrx_word' id='word_1_1373' title='bbox 1191 2543 1266 2569; x_wconf 84' lang='lat' dir='ltr'>ante,</span> <span class='ocrx_word' id='word_1_1374' title='bbox 1282 2535 1355 2563; x_wconf 90' lang='lat' dir='ltr'>Tibi</span> <span class='ocrx_word' id='word_1_1375' title='bbox 1372 2545 1450 2562; x_wconf 85' lang='lat' dir='ltr'>nemo</span> <span class='ocrx_word' id='word_1_1376' title='bbox 1464 2536 1562 2567; x_wconf 88' lang='lat' dir='ltr'>eredit,</span> <span class='ocrx_word' id='word_1_1377' title='bbox 1584 2537 1662 2562; x_wconf 69' lang='lat' dir='ltr'>intell.</span> <span class='ocrx_word' id='word_1_1378' title='bbox 1675 2537 1820 2570; x_wconf 86' lang='lat' dir='ltr'>pecuniam.</span> 
     </span>
    </p>
   </div>
   <div class='ocr_carea' id='block_1_34' title="bbox 75 2568 1129 2673">
    <p class='ocr_par' dir='ltr' id='par_1_42' title="bbox 75 2568 1129 2673">
     <span class='ocr_line' id='line_1_148' title="bbox 75 2568 1128 2607; baseline -0.001 -10"><span class='ocrx_word' id='word_1_1379' title='bbox 75 2572 131 2607; x_wconf 74' lang='lat' dir='ltr'>Jiue</span> <span class='ocrx_word' id='word_1_1380' title='bbox 152 2571 208 2606; x_wconf 71' lang='lat' dir='ltr'>casu</span> <span class='ocrx_word' id='word_1_1381' title='bbox 232 2571 260 2597; x_wconf 86' lang='lat' dir='ltr'>id</span> <span class='ocrx_word' id='word_1_1382' title='bbox 266 2576 269 2579; x_wconf 87' lang='lat'>&#39;</span> <span class='ocrx_word' id='word_1_1383' title='bbox 274 2570 339 2605; x_wconf 81' lang='lat' dir='ltr'>fiat,</span> <span class='ocrx_word' id='word_1_1384' title='bbox 360 2568 414 2603; x_wconf 78' lang='lat' dir='ltr'>flue</span> <span class='ocrx_word' id='word_1_1385' title='bbox 435 2568 548 2603; x_wconf 72' lang='lat' dir='ltr'>consilio,</span> <span class='ocrx_word' id='word_1_1386' title='bbox 563 2569 617 2603; x_wconf 80' lang='lat' dir='ltr'>flue</span> <span class='ocrx_word' id='word_1_1387' title='bbox 640 2569 779 2596; x_wconf 60' lang='lat' dir='ltr'>adornandi</span> <span class='ocrx_word' id='word_1_1388' title='bbox 796 2569 885 2604; x_wconf 85' lang='lat' dir='ltr'>causa,</span> <span class='ocrx_word' id='word_1_1389' title='bbox 898 2570 952 2603; x_wconf 78' lang='lat' dir='ltr'>Jzue</span> <span class='ocrx_word' id='word_1_1390' title='bbox 969 2570 1128 2604; x_wconf 75' lang='lat' dir='ltr'>impediendi.</span> 
     </span>
     <span class='ocr_line' id='line_1_149' title="bbox 83 2604 1128 2640; baseline -0.003 -7"><span class='ocrx_word' id='word_1_1391' title='bbox 83 2607 156 2634; x_wconf 84' lang='lat' dir='ltr'>Caes.</span> <span class='ocrx_word' id='word_1_1392' title='bbox 170 2606 234 2633; x_wconf 85' lang='lat' dir='ltr'>Bell.</span> <span class='ocrx_word' id='word_1_1393' title='bbox 248 2606 314 2632; x_wconf 88' lang='lat' dir='ltr'>Gall.</span> <span class='ocrx_word' id='word_1_1394' title='bbox 330 2614 353 2638; x_wconf 88' lang='lat'>5,</span> <span class='ocrx_word' id='word_1_1395' title='bbox 365 2613 404 2637; x_wconf 87' lang='lat'>52,</span> <span class='ocrx_word' id='word_1_1396' title='bbox 418 2614 427 2631; x_wconf 94' lang='lat'>1</span> <span class='ocrx_word' id='word_1_1397' title='bbox 447 2605 566 2639; x_wconf 86' lang='lat' dir='ltr'>Longius</span> <span class='ocrx_word' id='word_1_1398' title='bbox 580 2605 704 2640; x_wconf 86' lang='lat' dir='ltr'>prosequi</span> <span class='ocrx_word' id='word_1_1399' title='bbox 717 2604 834 2636; x_wconf 86' lang='lat' dir='ltr'>veritus,</span> <span class='ocrx_word' id='word_1_1400' title='bbox 855 2604 927 2639; x_wconf 87' lang='lat' dir='ltr'>qnod</span> <span class='ocrx_word' id='word_1_1401' title='bbox 940 2604 1035 2635; x_wconf 87' lang='lat' dir='ltr'>siluae,</span> <span class='ocrx_word' id='word_1_1402' title='bbox 1056 2605 1128 2638; x_wconf 88' lang='lat' dir='ltr'>palu-</span> 
     </span>
     <span class='ocr_line' id='line_1_150' title="bbox 511 2639 1129 2673; baseline 0 -7"><span class='ocrx_word' id='word_1_1403' title='bbox 511 2641 579 2667; x_wconf 82' lang='lat' dir='ltr'>Ter.</span> <span class='ocrx_word' id='word_1_1404' title='bbox 595 2639 677 2666; x_wconf 87' lang='lat' dir='ltr'>Andr.</span> <span class='ocrx_word' id='word_1_1405' title='bbox 693 2650 715 2672; x_wconf 83' lang='lat'>5,</span> <span class='ocrx_word' id='word_1_1406' title='bbox 728 2648 751 2673; x_wconf 86' lang='lat'>5,</span> <span class='ocrx_word' id='word_1_1407' title='bbox 765 2647 778 2672; x_wconf 92' lang='lat'>5</span> <span class='ocrx_word' id='word_1_1408' title='bbox 803 2640 874 2666; x_wconf 86' lang='lat' dir='ltr'>Nam</span> <span class='ocrx_word' id='word_1_1409' title='bbox 888 2639 957 2665; x_wconf 86' lang='lat' dir='ltr'>mihi</span> <span class='ocrx_word' id='word_1_1410' title='bbox 969 2640 1129 2666; x_wconf 84' lang='lat' dir='ltr'>immortali·</span> 
     </span>
    </p>
   </div>
   <div class='ocr_carea' id='block_1_35' title="bbox 81 2640 1127 2701">
    <p class='ocr_par' dir='ltr' id='par_1_43' title="bbox 81 2640 1127 2701">
     <span class='ocr_line' id='line_1_151' title="bbox 81 2640 405 2677; baseline -0.006 -9"><span class='ocrx_word' id='word_1_1411' title='bbox 81 2643 180 2677; x_wconf 85' lang='lat' dir='ltr'>desque</span> <span class='ocrx_word' id='word_1_1412' title='bbox 200 2640 405 2668; x_wconf 83' lang='lat' dir='ltr'>intercedebant.</span> 
     </span>
     <span class='ocr_line' id='line_1_152' title="bbox 1023 2675 1127 2701; baseline 0.01 -1"><span class='ocrx_word' id='word_1_1413' title='bbox 1023 2676 1079 2701; x_wconf 91' lang='lat' dir='ltr'>Cic.</span> <span class='ocrx_word' id='word_1_1414' title='bbox 1094 2675 1127 2701; x_wconf 89' lang='lat' dir='ltr'>de</span> 
     </span>
    </p>
   </div>
   <div class='ocr_carea' id='block_1_36' title="bbox 80 2675 944 2712">
    <p class='ocr_par' dir='ltr' id='par_1_44' title="bbox 80 2675 944 2712">
     <span class='ocr_line' id='line_1_153' title="bbox 80 2675 944 2712; baseline -0.003 -8"><span class='ocrx_word' id='word_1_1415' title='bbox 80 2684 121 2704; x_wconf 69' lang='lat' dir='ltr'>tas</span> <span class='ocrx_word' id='word_1_1416' title='bbox 136 2683 208 2712; x_wconf 84' lang='lat' dir='ltr'>parta</span> <span class='ocrx_word' id='word_1_1417' title='bbox 222 2676 311 2707; x_wconf 53' lang='lat' dir='ltr'>estfsi</span> <span class='ocrx_word' id='word_1_1418' title='bbox 324 2676 396 2702; x_wconf 89' lang='lat' dir='ltr'>nulla</span> <span class='ocrx_word' id='word_1_1419' title='bbox 409 2675 556 2709; x_wconf 81' lang='lat' dir='ltr'>Aegritudo</span> <span class='ocrx_word' id='word_1_1420' title='bbox 573 2675 636 2702; x_wconf 86' lang='lat' dir='ltr'>huic</span> <span class='ocrx_word' id='word_1_1421' title='bbox 652 2675 750 2710; x_wconf 86' lang='lat' dir='ltr'>gaudio</span> <span class='ocrx_word' id='word_1_1422' title='bbox 763 2675 944 2701; x_wconf 78' lang='lat' dir='ltr'>intercesserit.</span> 
     </span>
    </p>
   </div>
   <div class='ocr_carea' id='block_1_37' title="bbox 83 2710 1178 2748">
    <p class='ocr_par' dir='ltr' id='par_1_45' title="bbox 83 2710 1178 2748">
     <span class='ocr_line' id='line_1_154' title="bbox 83 2710 1178 2748; baseline -0.002 -9"><span class='ocrx_word' id='word_1_1423' title='bbox 83 2713 143 2740; x_wconf 78' lang='lat' dir='ltr'>Fin.</span> <span class='ocrx_word' id='word_1_1424' title='bbox 158 2722 186 2745; x_wconf 88' lang='lat'>2,</span> <span class='ocrx_word' id='word_1_1425' title='bbox 201 2721 242 2739; x_wconf 86' lang='lat'>102</span> <span class='ocrx_word' id='word_1_1426' title='bbox 269 2713 312 2739; x_wconf 90' lang='lat' dir='ltr'>Ne</span> <span class='ocrx_word' id='word_1_1427' title='bbox 329 2712 357 2738; x_wconf 89' lang='lat' dir='ltr'>id</span> <span class='ocrx_word' id='word_1_1428' title='bbox 373 2711 496 2746; x_wconf 88' lang='lat' dir='ltr'>quidem,</span> <span class='ocrx_word' id='word_1_1429' title='bbox 516 2711 562 2737; x_wconf 84' lang='lat' dir='ltr'>nisi</span> <span class='ocrx_word' id='word_1_1430' title='bbox 583 2710 767 2745; x_wconf 85' lang='lat' dir='ltr'>quum.nmlta</span> <span class='ocrx_word' id='word_1_1431' title='bbox 780 2712 920 2737; x_wconf 69' lang='lat' dir='ltr'>Armorum</span> <span class='ocrx_word' id='word_1_1432' title='bbox 939 2710 1128 2737; x_wconf 79' lang='lat' dir='ltr'>intercesserint</span> <span class='ocrx_word' id='word_1_1433' title='bbox 1141 2720 1178 2748; x_wconf 86' lang='lat'>70</span> 
     </span>
    </p>
   </div>
   <div class='ocr_carea' id='block_1_38' title="bbox 81 2745 1129 3066">
    <p class='ocr_par' dir='ltr' id='par_1_46' title="bbox 81 2745 1129 3066">
     <span class='ocr_line' id='line_1_155' title="bbox 83 2745 1127 2781; baseline -0.002 -7"><span class='ocrx_word' id='word_1_1434' title='bbox 83 2749 187 2781; x_wconf 75' lang='lat' dir='ltr'>millia,</span> <span class='ocrx_word' id='word_1_1435' title='bbox 208 2755 236 2774; x_wconf 94' lang='lat' dir='ltr'>vt</span> <span class='ocrx_word' id='word_1_1436' title='bbox 256 2748 378 2774; x_wconf 86' lang='lat' dir='ltr'>omnium</span> <span class='ocrx_word' id='word_1_1437' title='bbox 395 2746 508 2773; x_wconf 74' lang='lat' dir='ltr'>siderum</span> <span class='ocrx_word' id='word_1_1438' title='bbox 522 2746 616 2772; x_wconf 88' lang='lat' dir='ltr'>eodem</span> <span class='ocrx_word' id='word_1_1439' title='bbox 634 2747 703 2773; x_wconf 85' lang='lat' dir='ltr'>vnde</span> <span class='ocrx_word' id='word_1_1440' title='bbox 719 2746 838 2781; x_wconf 62' lang='lat' dir='ltr'>profecta</span> <span class='ocrx_word' id='word_1_1441' title='bbox 853 2745 916 2778; x_wconf 82' lang='lat' dir='ltr'>tint,</span> <span class='ocrx_word' id='word_1_1442' title='bbox 935 2745 979 2771; x_wconf 86' lang='lat' dir='ltr'>fiat</span> <span class='ocrx_word' id='word_1_1443' title='bbox 998 2745 1031 2772; x_wconf 83' lang='lat' dir='ltr'>ad</span> <span class='ocrx_word' id='word_1_1444' title='bbox 1044 2755 1127 2772; x_wconf 85' lang='lat' dir='ltr'>vnum</span> 
     </span>
     <span class='ocr_line' id='line_1_156' title="bbox 81 2781 1128 2817; baseline -0.004 -6"><span class='ocrx_word' id='word_1_1445' title='bbox 81 2789 186 2817; x_wconf 70' lang='lat' dir='ltr'>tempus</span> <span class='ocrx_word' id='word_1_1446' title='bbox 207 2783 354 2810; x_wconf 83' lang='lat' dir='ltr'>conuersio.</span> <span class='ocrx_word' id='word_1_1447' title='bbox 458 2782 529 2809; x_wconf 90' lang='lat' dir='ltr'>Caes.</span> <span class='ocrx_word' id='word_1_1448' title='bbox 544 2782 608 2809; x_wconf 87' lang='lat' dir='ltr'>Bell.</span> <span class='ocrx_word' id='word_1_1449' title='bbox 623 2781 705 2808; x_wconf 88' lang='lat' dir='ltr'>Ciuil.</span> <span class='ocrx_word' id='word_1_1450' title='bbox 722 2790 750 2814; x_wconf 88' lang='lat'>1,</span> <span class='ocrx_word' id='word_1_1451' title='bbox 768 2790 794 2808; x_wconf 86' lang='lat'>21</span> <span class='ocrx_word' id='word_1_1452' title='bbox 820 2781 898 2814; x_wconf 82' lang='lat' dir='ltr'>Qiod</span> <span class='ocrx_word' id='word_1_1453' title='bbox 915 2781 989 2815; x_wconf 87' lang='lat' dir='ltr'>saepe</span> <span class='ocrx_word' id='word_1_1454' title='bbox 1008 2781 1036 2807; x_wconf 89' lang='lat' dir='ltr'>in</span> <span class='ocrx_word' id='word_1_1455' title='bbox 1055 2781 1128 2808; x_wconf 88' lang='lat' dir='ltr'>bello</span> 
     </span>
     <span class='ocr_line' id='line_1_157' title="bbox 81 2815 1129 2854; baseline -0.004 -8"><span class='ocrx_word' id='word_1_1456' title='bbox 81 2820 174 2854; x_wconf 71' lang='lat' dir='ltr'>paruis</span> <span class='ocrx_word' id='word_1_1457' title='bbox 187 2819 326 2845; x_wconf 81' lang='lat' dir='ltr'>momentis</span> <span class='ocrx_word' id='word_1_1458' title='bbox 341 2817 428 2852; x_wconf 81' lang='lat' dir='ltr'>magni</span> <span class='ocrx_word' id='word_1_1459' title='bbox 443 2818 522 2844; x_wconf 81' lang='lat' dir='ltr'>Casus</span> <span class='ocrx_word' id='word_1_1460' title='bbox 537 2817 739 2844; x_wconf 85' lang='lat' dir='ltr'>intercederent.</span> <span class='ocrx_word' id='word_1_1461' title='bbox 810 2817 866 2843; x_wconf 85' lang='lat' dir='ltr'>Cic.</span> <span class='ocrx_word' id='word_1_1462' title='bbox 881 2815 914 2843; x_wconf 89' lang='lat' dir='ltr'>de</span> <span class='ocrx_word' id='word_1_1463' title='bbox 926 2816 1010 2843; x_wconf 87' lang='lat' dir='ltr'>Amic.</span> <span class='ocrx_word' id='word_1_1464' title='bbox 1025 2825 1060 2851; x_wconf 86' lang='lat'>79</span> <span class='ocrx_word' id='word_1_1465' title='bbox 1083 2817 1129 2843; x_wconf 88' lang='lat' dir='ltr'>Sin</span> 
     </span>
     <span class='ocr_line' id='line_1_158' title="bbox 83 2852 1127 2887; baseline -0.003 -6"><span class='ocrx_word' id='word_1_1466' title='bbox 83 2861 173 2881; x_wconf 85' lang='lat' dir='ltr'>antem</span> <span class='ocrx_word' id='word_1_1467' title='bbox 197 2864 301 2881; x_wconf 85' lang='lat' dir='ltr'>morum</span> <span class='ocrx_word' id='word_1_1468' title='bbox 324 2859 370 2880; x_wconf 88' lang='lat' dir='ltr'>aut</span> <span class='ocrx_word' id='word_1_1469' title='bbox 389 2853 536 2880; x_wconf 83' lang='lat' dir='ltr'>studiorum</span> <span class='ocrx_word' id='word_1_1470' title='bbox 555 2853 730 2879; x_wconf 88' lang='lat' dir='ltr'>commutatio</span> <span class='ocrx_word' id='word_1_1471' title='bbox 752 2852 879 2887; x_wconf 78' lang='lat' dir='ltr'>quaedam</span> <span class='ocrx_word' id='word_1_1472' title='bbox 897 2854 943 2884; x_wconf 90' lang='lat' dir='ltr'>(vt</span> <span class='ocrx_word' id='word_1_1473' title='bbox 962 2852 1023 2878; x_wconf 85' lang='lat' dir='ltr'>fieri</span> <span class='ocrx_word' id='word_1_1474' title='bbox 1042 2852 1127 2884; x_wconf 88' lang='lat' dir='ltr'>solet)</span> 
     </span>
     <span class='ocr_line' id='line_1_159' title="bbox 83 2888 1004 2923; baseline -0.002 -8"><span class='ocrx_word' id='word_1_1475' title='bbox 83 2890 153 2915; x_wconf 42' lang='lat'>{1352</span> <span class='ocrx_word' id='word_1_1476' title='bbox 166 2891 218 2917; x_wconf 84' lang='lat' dir='ltr'>erit</span> <span class='ocrx_word' id='word_1_1477' title='bbox 226 2910 234 2922; x_wconf 89' lang='lat'>,</span> <span class='ocrx_word' id='word_1_1478' title='bbox 253 2896 299 2916; x_wconf 89' lang='lat' dir='ltr'>aut</span> <span class='ocrx_word' id='word_1_1479' title='bbox 312 2890 341 2916; x_wconf 88' lang='lat' dir='ltr'>in</span> <span class='ocrx_word' id='word_1_1480' title='bbox 354 2889 478 2923; x_wconf 84' lang='lat' dir='ltr'>Reipubl.</span> <span class='ocrx_word' id='word_1_1481' title='bbox 493 2888 609 2923; x_wconf 86' lang='lat' dir='ltr'>partibus</span> <span class='ocrx_word' id='word_1_1482' title='bbox 622 2888 740 2915; x_wconf 77' lang='lat' dir='ltr'>dissensio</span> <span class='ocrx_word' id='word_1_1483' title='bbox 753 2888 938 2920; x_wconf 80' lang='lat' dir='ltr'>intercesserit,</span> <span class='ocrx_word' id='word_1_1484' title='bbox 956 2895 1004 2914; x_wconf 79' lang='lat' dir='ltr'>etc.</span> 
     </span>
     <span class='ocr_line' id='line_1_160' title="bbox 84 2923 996 2958; baseline -0.003 -6"><span class='ocrx_word' id='word_1_1485' title='bbox 84 2932 131 2952; x_wconf 53' lang='lat' dir='ltr'>trw</span> <span class='ocrx_word' id='word_1_1486' title='bbox 144 2936 181 2951; x_wconf 64' lang='lat' dir='ltr'>uas</span> <span class='ocrx_word' id='word_1_1487' title='bbox 197 2925 338 2952; x_wconf 57' lang='lat' dir='ltr'>ineertedit</span> <span class='ocrx_word' id='word_1_1488' title='bbox 356 2924 467 2951; x_wconf 86' lang='lat' dir='ltr'>Modest.</span> <span class='ocrx_word' id='word_1_1489' title='bbox 487 2925 516 2951; x_wconf 90' lang='lat' dir='ltr'>in</span> <span class='ocrx_word' id='word_1_1490' title='bbox 531 2925 548 2951; x_wconf 89' lang='lat' dir='ltr'>l.</span> <span class='ocrx_word' id='word_1_1491' title='bbox 567 2925 636 2951; x_wconf 87' lang='lat' dir='ltr'>Cum</span> <span class='ocrx_word' id='word_1_1492' title='bbox 646 2924 743 2952; x_wconf 88' lang='lat' dir='ltr'>vitiose</span> <span class='ocrx_word' id='word_1_1493' title='bbox 763 2925 795 2950; x_wconf 81' lang='lat' dir='ltr'>D.</span> <span class='ocrx_word' id='word_1_1494' title='bbox 816 2923 848 2950; x_wconf 88' lang='lat' dir='ltr'>de</span> <span class='ocrx_word' id='word_1_1495' title='bbox 862 2923 996 2958; x_wconf 86' lang='lat' dir='ltr'>pignorib.</span> 
     </span>
     <span class='ocr_line' id='line_1_161' title="bbox 83 2959 1128 2995; baseline -0.001 -8"><span class='ocrx_word' id='word_1_1496' title='bbox 83 2962 156 2988; x_wconf 52' lang='lat'>1³:241.</span> <span class='ocrx_word' id='word_1_1497' title='bbox 172 2969 190 2991; x_wconf 88' lang='lat'>1,</span> <span class='ocrx_word' id='word_1_1498' title='bbox 204 2970 220 2993; x_wconf 85' lang='lat'>9</span> <span class='ocrx_word' id='word_1_1499' title='bbox 242 2960 266 2994; x_wconf 62' lang='lat' dir='ltr'>pl</span> <span class='ocrx_word' id='word_1_1500' title='bbox 282 2968 314 2995; x_wconf 74' lang='lat'>57</span> <span class='ocrx_word' id='word_1_1501' title='bbox 335 2961 423 2987; x_wconf 76' lang='lat' dir='ltr'>Graeu.</span> <span class='ocrx_word' id='word_1_1502' title='bbox 449 2960 563 2987; x_wconf 92' lang='lat' dir='ltr'>Nullum</span> <span class='ocrx_word' id='word_1_1503' title='bbox 581 2969 671 2987; x_wconf 89' lang='lat' dir='ltr'>meum</span> <span class='ocrx_word' id='word_1_1504' title='bbox 688 2959 832 2986; x_wconf 85' lang='lat' dir='ltr'>minimum</span> <span class='ocrx_word' id='word_1_1505' title='bbox 845 2959 954 2985; x_wconf 66' lang='lat' dir='ltr'>Di&amp;um</span> <span class='ocrx_word' id='word_1_1506' title='bbox 974 2968 1028 2985; x_wconf 91' lang='lat' dir='ltr'>non</span> <span class='ocrx_word' id='word_1_1507' title='bbox 1046 2960 1128 2986; x_wconf 89' lang='lat' dir='ltr'>modo</span> 
     </span>
     <span class='ocr_line' id='line_1_162' title="bbox 82 2994 1126 3030; baseline -0.003 -7"><span class='ocrx_word' id='word_1_1508' title='bbox 82 2996 192 3024; x_wconf 61' lang='lat' dir='ltr'>Factum</span> <span class='ocrx_word' id='word_1_1509' title='bbox 207 3006 256 3030; x_wconf 78' lang='lat' dir='ltr'>pro</span> <span class='ocrx_word' id='word_1_1510' title='bbox 270 2997 379 3022; x_wconf 83' lang='lat' dir='ltr'>Caesare</span> <span class='ocrx_word' id='word_1_1511' title='bbox 398 2995 545 3027; x_wconf 79' lang='lat' dir='ltr'>intercessit,</span> <span class='ocrx_word' id='word_1_1512' title='bbox 562 2995 634 3030; x_wconf 90' lang='lat' dir='ltr'>quod</span> <span class='ocrx_word' id='word_1_1513' title='bbox 648 2995 694 3022; x_wconf 89' lang='lat' dir='ltr'>ille</span> <span class='ocrx_word' id='word_1_1514' title='bbox 707 3004 761 3023; x_wconf 85' lang='lat' dir='ltr'>non</span> <span class='ocrx_word' id='word_1_1515' title='bbox 775 2994 871 3021; x_wconf 87' lang='lat' dir='ltr'>illustri</span> <span class='ocrx_word' id='word_1_1516' title='bbox 884 2995 968 3029; x_wconf 85' lang='lat' dir='ltr'>gratia</span> <span class='ocrx_word' id='word_1_1517' title='bbox 984 2996 1126 3029; x_wconf 84' lang='lat' dir='ltr'>exceperit.</span> 
     </span>
     <span class='ocr_line' id='line_1_163' title="bbox 82 3031 1127 3066; baseline -0.003 -7"><span class='ocrx_word' id='word_1_1518' title='bbox 82 3033 160 3059; x_wconf 79' lang='lat' dir='ltr'>Vnus</span> <span class='ocrx_word' id='word_1_1519' title='bbox 173 3037 198 3058; x_wconf 90' lang='lat' dir='ltr'>et</span> <span class='ocrx_word' id='word_1_1520' title='bbox 211 3032 276 3058; x_wconf 81' lang='lat' dir='ltr'>alter</span> <span class='ocrx_word' id='word_1_1521' title='bbox 291 3031 346 3058; x_wconf 77' lang='lat' dir='ltr'>dies</span> <span class='ocrx_word' id='word_1_1522' title='bbox 360 3032 534 3058; x_wconf 78' lang='lat' dir='ltr'>intercesserat</span> <span class='ocrx_word' id='word_1_1523' title='bbox 548 3032 605 3058; x_wconf 89' lang='lat' dir='ltr'>Cic.</span> <span class='ocrx_word' id='word_1_1524' title='bbox 618 3040 666 3065; x_wconf 91' lang='lat' dir='ltr'>pro</span> <span class='ocrx_word' id='word_1_1525' title='bbox 678 3031 780 3058; x_wconf 87' lang='lat' dir='ltr'>Cluent.</span> <span class='ocrx_word' id='word_1_1526' title='bbox 790 3038 821 3066; x_wconf 88' lang='lat'>72</span> <span class='ocrx_word' id='word_1_1527' title='bbox 841 3040 863 3057; x_wconf 92' lang='lat' dir='ltr'>c.</span> <span class='ocrx_word' id='word_1_1528' title='bbox 877 3033 916 3057; x_wconf 89' lang='grc'>26.</span> <span class='ocrx_word' id='word_1_1529' title='bbox 984 3031 1046 3056; x_wconf 89' lang='lat' dir='ltr'>Dies</span> <span class='ocrx_word' id='word_1_1530' title='bbox 1060 3040 1127 3056; x_wconf 89' lang='lat' dir='ltr'>non-</span> 
     </span>
    </p>
   </div>
   <div class='ocr_carea' id='block_1_39' title="bbox 1068 2924 1125 2950">
    <p class='ocr_par' dir='ltr' id='par_1_47' title="bbox 1068 2924 1125 2950">
     <span class='ocr_line' id='line_1_164' title="bbox 1068 2924 1125 2950; baseline -0.018 0"><span class='ocrx_word' id='word_1_1531' title='bbox 1068 2924 1125 2950; x_wconf 91' lang='lat' dir='ltr'>Cic.</span> 
     </span>
    </p>
   </div>
   <div class='ocr_carea' id='block_1_40' title="bbox 1058 2889 1174 2927">
    <p class='ocr_par' dir='ltr' id='par_1_48' title="bbox 1058 2889 1174 2927">
     <span class='ocr_line' id='line_1_165' title="bbox 1058 2889 1174 2927; baseline -0.017 -11"><span class='ocrx_word' id='word_1_1532' title='bbox 1058 2889 1127 2916; x_wconf 86' lang='lat' dir='ltr'>Con-</span> <span class='ocrx_word' id='word_1_1533' title='bbox 1140 2899 1174 2927; x_wconf 76' lang='lat'>75</span> 
     </span>
    </p>
   </div>
   <div class='ocr_carea' id='block_1_41' title="bbox 80 3065 1176 3102">
    <p class='ocr_par' dir='ltr' id='par_1_49' title="bbox 80 3065 1176 3102">
     <span class='ocr_line' id='line_1_166' title="bbox 80 3065 1176 3102; baseline -0.001 -7"><span class='ocrx_word' id='word_1_1534' title='bbox 80 3068 148 3095; x_wconf 80' lang='lat' dir='ltr'>dum</span> <span class='ocrx_word' id='word_1_1535' title='bbox 164 3066 253 3093; x_wconf 76' lang='grc' dir='ltr'>Γ1000111</span> <span class='ocrx_word' id='word_1_1536' title='bbox 272 3068 481 3099; x_wconf 80' lang='lat' dir='ltr'>intercesserant,</span> <span class='ocrx_word' id='word_1_1537' title='bbox 502 3076 584 3101; x_wconf 90' lang='lat' dir='ltr'>quum</span> <span class='ocrx_word' id='word_1_1538' title='bbox 606 3067 651 3094; x_wconf 94' lang='lat' dir='ltr'>ille</span> <span class='ocrx_word' id='word_1_1539' title='bbox 670 3067 736 3093; x_wconf 88' lang='lat' dir='ltr'>alter</span> <span class='ocrx_word' id='word_1_1540' title='bbox 750 3066 820 3092; x_wconf 86' lang='lat' dir='ltr'>filius</span> <span class='ocrx_word' id='word_1_1541' title='bbox 833 3066 919 3093; x_wconf 83' lang='lat' dir='ltr'>infans</span> <span class='ocrx_word' id='word_1_1542' title='bbox 935 3071 1042 3092; x_wconf 83' lang='lat' dir='ltr'>necatur</span> <span class='ocrx_word' id='word_1_1543' title='bbox 1058 3065 1127 3094; x_wconf 85' lang='lat' dir='ltr'>Ibid.</span> <span class='ocrx_word' id='word_1_1544' title='bbox 1143 3075 1176 3102; x_wconf 75' lang='lat'>80</span> 
     </span>
    </p>
   </div>
   <div class='ocr_carea' id='block_1_42' title="bbox 82 3101 1128 3209">
    <p class='ocr_par' dir='ltr' id='par_1_50' title="bbox 82 3101 1128 3209">
     <span class='ocr_line' id='line_1_167' title="bbox 271 3101 1128 3137; baseline 0 -9"><span class='ocrx_word' id='word_1_1545' title='bbox 271 3101 346 3129; x_wconf 87' lang='lat' dir='ltr'>Idem</span> <span class='ocrx_word' id='word_1_1546' title='bbox 358 3104 434 3129; x_wconf 87' lang='lat' dir='ltr'>Verr.</span> <span class='ocrx_word' id='word_1_1547' title='bbox 451 3113 478 3136; x_wconf 93' lang='lat'>4,</span> <span class='ocrx_word' id='word_1_1548' title='bbox 494 3107 525 3135; x_wconf 81' lang='lat'>89</span> <span class='ocrx_word' id='word_1_1549' title='bbox 550 3104 608 3129; x_wconf 89' lang='lat' dir='ltr'>Vna</span> <span class='ocrx_word' id='word_1_1550' title='bbox 622 3111 675 3129; x_wconf 86' lang='lat' dir='ltr'>nox</span> <span class='ocrx_word' id='word_1_1551' title='bbox 688 3103 870 3133; x_wconf 82' lang='lat' dir='ltr'>intercesserat,</span> <span class='ocrx_word' id='word_1_1552' title='bbox 885 3111 966 3137; x_wconf 87' lang='lat' dir='ltr'>quum</span> <span class='ocrx_word' id='word_1_1553' title='bbox 981 3102 1028 3128; x_wconf 86' lang='lat' dir='ltr'>iste</span> <span class='ocrx_word' id='word_1_1554' title='bbox 1042 3102 1128 3129; x_wconf 88' lang='lat' dir='ltr'>Doro-</span> 
     </span>
     <span class='ocr_line' id='line_1_168' title="bbox 84 3137 1127 3173; baseline -0.001 -9"><span class='ocrx_word' id='word_1_1555' title='bbox 84 3139 176 3166; x_wconf 87' lang='lat' dir='ltr'>theum</span> <span class='ocrx_word' id='word_1_1556' title='bbox 191 3138 223 3164; x_wconf 84' lang='lat' dir='ltr'>[ic</span> <span class='ocrx_word' id='word_1_1557' title='bbox 236 3137 378 3173; x_wconf 81' lang='lat' dir='ltr'>diligebat,</span> <span class='ocrx_word' id='word_1_1558' title='bbox 398 3143 426 3164; x_wconf 91' lang='lat' dir='ltr'>vt</span> <span class='ocrx_word' id='word_1_1559' title='bbox 439 3137 538 3164; x_wconf 86' lang='lat' dir='ltr'>diceres</span> <span class='ocrx_word' id='word_1_1560' title='bbox 550 3138 640 3165; x_wconf 85' lang='lat' dir='ltr'>omnia</span> <span class='ocrx_word' id='word_1_1561' title='bbox 653 3138 722 3165; x_wconf 86' lang='lat' dir='ltr'>inter</span> <span class='ocrx_word' id='word_1_1562' title='bbox 739 3147 783 3164; x_wconf 84' lang='lat' dir='ltr'>eos</span> <span class='ocrx_word' id='word_1_1563' title='bbox 793 3138 841 3164; x_wconf 81' lang='lat' dir='ltr'>effe</span> <span class='ocrx_word' id='word_1_1564' title='bbox 855 3137 1016 3164; x_wconf 87' lang='lat' dir='ltr'>communia.</span> <span class='ocrx_word' id='word_1_1565' title='bbox 1088 3137 1127 3163; x_wconf 90' lang='lat' dir='ltr'>Id.</span> 
     </span>
     <span class='ocr_line' id='line_1_169' title="bbox 82 3172 1126 3209; baseline -0.003 -8"><span class='ocrx_word' id='word_1_1566' title='bbox 82 3174 114 3201; x_wconf 78' lang='lat' dir='ltr'>in</span> <span class='ocrx_word' id='word_1_1567' title='bbox 128 3173 207 3201; x_wconf 87' lang='lat' dir='ltr'>Catil.</span> <span class='ocrx_word' id='word_1_1568' title='bbox 223 3182 241 3204; x_wconf 91' lang='lat'>1,</span> <span class='ocrx_word' id='word_1_1569' title='bbox 254 3183 274 3208; x_wconf 90' lang='lat'>4</span> <span class='ocrx_word' id='word_1_1570' title='bbox 293 3183 314 3200; x_wconf 90' lang='lat' dir='ltr'>e.</span> <span class='ocrx_word' id='word_1_1571' title='bbox 326 3182 343 3200; x_wconf 85' lang='lat'>2</span> <span class='ocrx_word' id='word_1_1572' title='bbox 362 3174 426 3200; x_wconf 86' lang='lat' dir='ltr'>Nox</span> <span class='ocrx_word' id='word_1_1573' title='bbox 440 3173 511 3199; x_wconf 85' lang='lat' dir='ltr'>nulla</span> <span class='ocrx_word' id='word_1_1574' title='bbox 524 3173 676 3207; x_wconf 88' lang='lat' dir='ltr'>interceint,</span> <span class='ocrx_word' id='word_1_1575' title='bbox 702 3177 721 3200; x_wconf 83' lang='lat' dir='ltr'>i.</span> <span class='ocrx_word' id='word_1_1576' title='bbox 741 3183 766 3200; x_wconf 83' lang='lat' dir='ltr'>eo</span> <span class='ocrx_word' id='word_1_1577' title='bbox 779 3174 831 3209; x_wconf 73' lang='lat' dir='ltr'>ipso</span> <span class='ocrx_word' id='word_1_1578' title='bbox 850 3173 896 3201; x_wconf 73' lang='lat' dir='ltr'>die.</span> <span class='ocrx_word' id='word_1_1579' title='bbox 936 3172 1004 3200; x_wconf 85' lang='lat' dir='ltr'>Ter.</span> <span class='ocrx_word' id='word_1_1580' title='bbox 1020 3172 1126 3200; x_wconf 85' lang='lat' dir='ltr'>Phorm.</span> 
     </span>
    </p>
   </div>
   <div class='ocr_carea' id='block_1_43' title="bbox 83 3207 1129 3244">
    <p class='ocr_par' dir='ltr' id='par_1_51' title="bbox 83 3207 1129 3244">
     <span class='ocr_line' id='line_1_170' title="bbox 83 3207 1129 3244; baseline -0.001 -9"><span class='ocrx_word' id='word_1_1581' title='bbox 83 3219 113 3244; x_wconf 81' lang='lat'>4,</span> <span class='ocrx_word' id='word_1_1582' title='bbox 128 3219 154 3242; x_wconf 87' lang='lat'>1,</span> <span class='ocrx_word' id='word_1_1583' title='bbox 170 3216 198 3242; x_wconf 88' lang='lat'>17</span> <span class='ocrx_word' id='word_1_1584' title='bbox 227 3207 345 3236; x_wconf 83' lang='lat' dir='ltr'>Tacebit</span> <span class='ocrx_word' id='word_1_1585' title='bbox 361 3209 424 3236; x_wconf 89' lang='lat' dir='ltr'>dum</span> <span class='ocrx_word' id='word_1_1586' title='bbox 445 3209 589 3236; x_wconf 88' lang='lat' dir='ltr'>intercedet</span> <span class='ocrx_word' id='word_1_1587' title='bbox 607 3208 792 3236; x_wconf 80' lang='lat' dir='ltr'>Familiaritas.</span> <span class='ocrx_word' id='word_1_1588' title='bbox 861 3209 933 3235; x_wconf 86' lang='lat' dir='ltr'>Caes.</span> <span class='ocrx_word' id='word_1_1589' title='bbox 948 3208 1013 3235; x_wconf 87' lang='lat' dir='ltr'>Bell.</span> <span class='ocrx_word' id='word_1_1590' title='bbox 1029 3210 1060 3234; x_wconf 89' lang='lat' dir='ltr'>G.</span> <span class='ocrx_word' id='word_1_1591' title='bbox 1076 3217 1096 3240; x_wconf 92' lang='lat'>1,</span> <span class='ocrx_word' id='word_1_1592' title='bbox 1111 3215 1129 3242; x_wconf 86' lang='grc'>7</span> 
     </span>
    </p>
   </div>
   <div class='ocr_carea' id='block_1_44' title="bbox 84 3244 1173 3285">
    <p class='ocr_par' dir='ltr' id='par_1_52' title="bbox 84 3244 1173 3285">
     <span class='ocr_line' id='line_1_171' title="bbox 84 3244 1173 3285; baseline -0.003 -13"><span class='ocrx_word' id='word_1_1593' title='bbox 84 3253 151 3272; x_wconf 79' lang='lat' dir='ltr'>extr.</span> <span class='ocrx_word' id='word_1_1594' title='bbox 175 3244 282 3270; x_wconf 85' lang='lat' dir='ltr'>Tamen</span> <span class='ocrx_word' id='word_1_1595' title='bbox 294 3245 414 3285; x_wconf 55' lang='lat' dir='ltr'>§patium</span> <span class='ocrx_word' id='word_1_1596' title='bbox 434 3244 706 3279; x_wconf 72' lang='lat' dir='ltr'>intercedere&#39;poffet,</span> <span class='ocrx_word' id='word_1_1597' title='bbox 726 3245 789 3271; x_wconf 90' lang='lat' dir='ltr'>dum</span> <span class='ocrx_word' id='word_1_1598' title='bbox 803 3244 918 3277; x_wconf 82' lang='lat' dir='ltr'>milites,</span> <span class='ocrx_word' id='word_1_1599' title='bbox 936 3252 1002 3278; x_wconf 87' lang='lat' dir='ltr'>quos</span> <span class='ocrx_word' id='word_1_1600' title='bbox 1016 3244 1128 3277; x_wconf 88' lang='lat' dir='ltr'>impera·</span> <span class='ocrx_word' id='word_1_1601' title='bbox 1143 3251 1173 3280; x_wconf 72' lang='lat'>85</span> 
     </span>
    </p>
   </div>
   <div class='ocr_carea' id='block_1_45' title="bbox 785 3279 1128 3314">
    <p class='ocr_par' dir='ltr' id='par_1_53' title="bbox 785 3279 1128 3314">
     <span class='ocr_line' id='line_1_172' title="bbox 785 3279 1128 3314; baseline -0.003 -8"><span class='ocrx_word' id='word_1_1602' title='bbox 785 3280 906 3314; x_wconf 88' lang='lat' dir='ltr'>Tempus</span> <span class='ocrx_word' id='word_1_1603' title='bbox 920 3279 1061 3306; x_wconf 85' lang='lat' dir='ltr'>intercedit</span> <span class='ocrx_word' id='word_1_1604' title='bbox 1074 3280 1128 3311; x_wconf 86' lang='lat' dir='ltr'>Hy-</span> 
     </span>
    </p>
   </div>
   <div class='ocr_carea' id='block_1_46' title="bbox 84 3280 1128 3341">
    <p class='ocr_par' dir='ltr' id='par_1_54' title="bbox 84 3280 1128 3341">
     <span class='ocr_line' id='line_1_173' title="bbox 84 3280 1101 3341; baseline -0.002 -33"><span class='ocrx_word' id='word_1_1605' title='bbox 84 3286 174 3309; x_wconf 78' lang='lat' dir='ltr'>verat‚</span> <span class='ocrx_word' id='word_1_1606' title='bbox 194 3286 383 3313; x_wconf 83' lang='lat' dir='ltr'>conuenirent,</span> <span class='ocrx_word' id='word_1_1607' title='bbox 402 3280 494 3314; x_wconf 84' lang='lat' dir='ltr'>legatis</span> <span class='ocrx_word' id='word_1_1608' title='bbox 506 3281 651 3315; x_wconf 83' lang='lat' dir='ltr'>respondit,</span> <span class='ocrx_word' id='word_1_1609' title='bbox 670 3287 715 3306; x_wconf 83' lang='lat' dir='ltr'>etc.</span> <span class='ocrx_word' id='word_1_1610' title='bbox 1070 3315 1101 3341; x_wconf 35' lang='lat' dir='ltr'>C·</span> 
     </span>
     <span class='ocr_line' id='line_1_174' title="bbox 1095 3323 1128 3341; baseline 0.03 -1"><span class='ocrx_word' id='word_1_1611' title='bbox 1095 3323 1128 3341; x_wconf 88' lang='lat' dir='ltr'>ic.</span> 
     </span>
    </p>
   </div>
   <div class='ocr_carea' id='block_1_47' title="bbox 386 3316 998 3347">
    <p class='ocr_par' dir='ltr' id='par_1_55' title="bbox 386 3316 998 3347">
     <span class='ocr_line' id='line_1_175' title="bbox 386 3316 998 3347; baseline -0.003 -5"><span class='ocrx_word' id='word_1_1612' title='bbox 386 3316 458 3342; x_wconf 87' lang='lat' dir='ltr'>Bella</span> <span class='ocrx_word' id='word_1_1613' title='bbox 476 3316 553 3343; x_wconf 85' lang='lat' dir='ltr'>alteri</span> <span class='ocrx_word' id='word_1_1614' title='bbox 571 3325 630 3342; x_wconf 88' lang='lat' dir='ltr'>cum</span> <span class='ocrx_word' id='word_1_1615' title='bbox 651 3316 735 3342; x_wconf 87' lang='lat' dir='ltr'>altero</span> <span class='ocrx_word' id='word_1_1616' title='bbox 754 3316 826 3343; x_wconf 87' lang='lat' dir='ltr'>Caes.</span> <span class='ocrx_word' id='word_1_1617' title='bbox 839 3316 866 3342; x_wconf 91' lang='lat' dir='ltr'>B.</span> <span class='ocrx_word' id='word_1_1618' title='bbox 880 3316 912 3341; x_wconf 87' lang='lat' dir='ltr'>G.</span> <span class='ocrx_word' id='word_1_1619' title='bbox 927 3322 951 3347; x_wconf 90' lang='lat'>5,</span> <span class='ocrx_word' id='word_1_1620' title='bbox 966 3323 998 3341; x_wconf 93' lang='lat'>11.</span> 
     </span>
    </p>
   </div>
   <div class='ocr_carea' id='block_1_48' title="bbox 83 3385 1133 3916">
    <p class='ocr_par' dir='ltr' id='par_1_56' title="bbox 83 3385 1133 3916">
     <span class='ocr_line' id='line_1_176' title="bbox 84 3385 1130 3417; baseline -0.004 -3"><span class='ocrx_word' id='word_1_1621' title='bbox 84 3387 153 3414; x_wconf 84' lang='lat' dir='ltr'>culis</span> <span class='ocrx_word' id='word_1_1622' title='bbox 167 3386 249 3413; x_wconf 86' lang='lat' dir='ltr'>Causa</span> <span class='ocrx_word' id='word_1_1623' title='bbox 267 3390 352 3412; x_wconf 85' lang='lat' dir='ltr'>tantae</span> <span class='ocrx_word' id='word_1_1624' title='bbox 367 3386 557 3412; x_wconf 81' lang='lat' dir='ltr'>neeessitudinis</span> <span class='ocrx_word' id='word_1_1625' title='bbox 570 3396 624 3411; x_wconf 84' lang='lat' dir='ltr'>non</span> <span class='ocrx_word' id='word_1_1626' title='bbox 635 3387 823 3417; x_wconf 78' lang='lat' dir='ltr'>intercederet,</span> <span class='ocrx_word' id='word_1_1627' title='bbox 840 3392 886 3410; x_wconf 82' lang='lat' dir='ltr'>etc.</span> <span class='ocrx_word' id='word_1_1628' title='bbox 959 3385 1130 3411; x_wconf 89' lang='lat' dir='ltr'>Consuetudo</span> 
     </span>
     <span class='ocr_line' id='line_1_177' title="bbox 83 3419 595 3454; baseline -0.008 -5"><span class='ocrx_word' id='word_1_1629' title='bbox 83 3422 168 3450; x_wconf 73' lang='lat' dir='ltr'>alicui</span> <span class='ocrx_word' id='word_1_1630' title='bbox 183 3430 242 3448; x_wconf 86' lang='lat' dir='ltr'>cum</span> <span class='ocrx_word' id='word_1_1631' title='bbox 256 3420 349 3454; x_wconf 88' lang='lat' dir='ltr'>aliquo</span> <span class='ocrx_word' id='word_1_1632' title='bbox 362 3419 416 3445; x_wconf 88' lang='lat' dir='ltr'>Cic.</span> <span class='ocrx_word' id='word_1_1633' title='bbox 425 3421 495 3446; x_wconf 89' lang='lat' dir='ltr'>Fam.</span> <span class='ocrx_word' id='word_1_1634' title='bbox 510 3428 544 3454; x_wconf 82' lang='lat'>13,</span> <span class='ocrx_word' id='word_1_1635' title='bbox 553 3428 595 3454; x_wconf 78' lang='lat'>45.</span> 
     </span>
     <span class='ocr_line' id='line_1_178' title="bbox 84 3454 1130 3494; baseline -0.005 -9"><span class='ocrx_word' id='word_1_1636' title='bbox 84 3458 199 3494; x_wconf 64' lang='lat' dir='ltr'>pecunia</span> <span class='ocrx_word' id='word_1_1637' title='bbox 211 3455 284 3482; x_wconf 88' lang='lat' dir='ltr'>Idem</span> <span class='ocrx_word' id='word_1_1638' title='bbox 296 3463 345 3488; x_wconf 84' lang='lat' dir='ltr'>pro</span> <span class='ocrx_word' id='word_1_1639' title='bbox 359 3454 452 3488; x_wconf 86' lang='lat' dir='ltr'>Qiint.</span> <span class='ocrx_word' id='word_1_1640' title='bbox 472 3464 493 3482; x_wconf 89' lang='lat' dir='ltr'>c.</span> <span class='ocrx_word' id='word_1_1641' title='bbox 507 3464 542 3488; x_wconf 86' lang='lat'>17.</span> <span class='ocrx_word' id='word_1_1642' title='bbox 619 3455 674 3482; x_wconf 89' lang='lat' dir='ltr'>Cic.</span> <span class='ocrx_word' id='word_1_1643' title='bbox 694 3464 743 3490; x_wconf 88' lang='lat' dir='ltr'>pro</span> <span class='ocrx_word' id='word_1_1644' title='bbox 755 3456 830 3481; x_wconf 90' lang='lat' dir='ltr'>Rosc.</span> <span class='ocrx_word' id='word_1_1645' title='bbox 845 3456 920 3481; x_wconf 90' lang='lat' dir='ltr'>Com.</span> <span class='ocrx_word' id='word_1_1646' title='bbox 935 3463 963 3486; x_wconf 75' lang='lat'>41</span> <span class='ocrx_word' id='word_1_1647' title='bbox 989 3455 1015 3481; x_wconf 89' lang='lat' dir='ltr'>Si</span> <span class='ocrx_word' id='word_1_1648' title='bbox 1029 3455 1079 3481; x_wconf 86' lang='lat' dir='ltr'>alia</span> <span class='ocrx_word' id='word_1_1649' title='bbox 1098 3455 1130 3481; x_wconf 89' lang='lat' dir='ltr'>de</span> 
     </span>
     <span class='ocr_line' id='line_1_179' title="bbox 88 3489 1131 3526; baseline -0.004 -6"><span class='ocrx_word' id='word_1_1650' title='bbox 88 3495 181 3525; x_wconf 86' lang='lat' dir='ltr'>causa,</span> <span class='ocrx_word' id='word_1_1651' title='bbox 205 3489 365 3526; x_wconf 57' lang='lat' dir='ltr'>quac‘Ratio</span> <span class='ocrx_word' id='word_1_1652' title='bbox 384 3489 436 3516; x_wconf 85' lang='lat' dir='ltr'>tibi</span> <span class='ocrx_word' id='word_1_1653' title='bbox 455 3498 516 3517; x_wconf 88' lang='lat' dir='ltr'>cum</span> <span class='ocrx_word' id='word_1_1654' title='bbox 534 3490 584 3517; x_wconf 90' lang='lat' dir='ltr'>illo</span> <span class='ocrx_word' id='word_1_1655' title='bbox 599 3491 796 3518; x_wconf 71' lang='lat' dir='ltr'>intercesserat?</span> <span class='ocrx_word' id='word_1_1656' title='bbox 820 3491 899 3516; x_wconf 89' lang='lat' dir='ltr'>nulla.</span> <span class='ocrx_word' id='word_1_1657' title='bbox 935 3489 1054 3517; x_wconf 70' lang='lat' dir='ltr'>addictus</span> <span class='ocrx_word' id='word_1_1658' title='bbox 1074 3496 1131 3517; x_wconf 88' lang='lat' dir='ltr'>erat</span> 
     </span>
     <span class='ocr_line' id='line_1_180' title="bbox 289 3524 1130 3558; baseline 0.004 -9"><span class='ocrx_word' id='word_1_1659' title='bbox 289 3524 385 3550; x_wconf 81' lang='lat' dir='ltr'>frustra</span> <span class='ocrx_word' id='word_1_1660' title='bbox 398 3530 499 3558; x_wconf 85' lang='lat' dir='ltr'>tempus</span> <span class='ocrx_word' id='word_1_1661' title='bbox 513 3531 638 3558; x_wconf 86' lang='lat' dir='ltr'>contero,</span> <span class='ocrx_word' id='word_1_1662' title='bbox 658 3534 703 3553; x_wconf 79' lang='lat' dir='ltr'>etc.</span> <span class='ocrx_word' id='word_1_1663' title='bbox 798 3526 872 3553; x_wconf 90' lang='lat' dir='ltr'>Caes.</span> <span class='ocrx_word' id='word_1_1664' title='bbox 887 3526 914 3552; x_wconf 79' lang='lat' dir='ltr'>B.</span> <span class='ocrx_word' id='word_1_1665' title='bbox 928 3526 958 3551; x_wconf 90' lang='lat' dir='ltr'>C.</span> <span class='ocrx_word' id='word_1_1666' title='bbox 970 3534 996 3558; x_wconf 86' lang='lat'>2,</span> <span class='ocrx_word' id='word_1_1667' title='bbox 1010 3534 1040 3556; x_wconf 65' lang='grc' dir='ltr'>ις</span> <span class='ocrx_word' id='word_1_1668' title='bbox 1058 3526 1130 3552; x_wconf 84' lang='lat' dir='ltr'>Huic</span> 
     </span>
     <span class='ocr_line' id='line_1_181' title="bbox 86 3559 1130 3595; baseline -0.001 -8"><span class='ocrx_word' id='word_1_1669' title='bbox 86 3570 114 3587; x_wconf 76' lang='lat' dir='ltr'>et</span> <span class='ocrx_word' id='word_1_1670' title='bbox 127 3567 264 3594; x_wconf 79' lang='lat' dir='ltr'>paternum</span> <span class='ocrx_word' id='word_1_1671' title='bbox 277 3559 431 3592; x_wconf 86' lang='lat' dir='ltr'>Hospitium</span> <span class='ocrx_word' id='word_1_1672' title='bbox 444 3568 503 3585; x_wconf 90' lang='lat' dir='ltr'>cum</span> <span class='ocrx_word' id='word_1_1673' title='bbox 516 3561 658 3595; x_wconf 74' lang='lat' dir='ltr'>Pompeio,</span> <span class='ocrx_word' id='word_1_1674' title='bbox 674 3568 699 3588; x_wconf 86' lang='lat' dir='ltr'>et</span> <span class='ocrx_word' id='word_1_1675' title='bbox 712 3561 833 3588; x_wconf 87' lang='lat' dir='ltr'>Simultas</span> <span class='ocrx_word' id='word_1_1676' title='bbox 846 3571 906 3588; x_wconf 88' lang='lat' dir='ltr'>cum</span> <span class='ocrx_word' id='word_1_1677' title='bbox 917 3560 1038 3587; x_wconf 88' lang='lat' dir='ltr'>Curione</span> <span class='ocrx_word' id='word_1_1678' title='bbox 1049 3560 1130 3587; x_wconf 87' lang='lat' dir='ltr'>inter-</span> 
     </span>
     <span class='ocr_line' id='line_1_182' title="bbox 88 3593 975 3632; baseline 0 -10"><span class='ocrx_word' id='word_1_1679' title='bbox 88 3596 214 3627; x_wconf 85' lang='lat' dir='ltr'>cedebat,</span> <span class='ocrx_word' id='word_1_1680' title='bbox 237 3603 292 3628; x_wconf 90' lang='lat' dir='ltr'>quo</span> <span class='ocrx_word' id='word_1_1681' title='bbox 313 3593 455 3620; x_wconf 90' lang='lat' dir='ltr'>Tribunus</span> <span class='ocrx_word' id='word_1_1682' title='bbox 474 3594 558 3628; x_wconf 87' lang='lat' dir='ltr'>plebis</span> <span class='ocrx_word' id='word_1_1683' title='bbox 578 3596 663 3631; x_wconf 81' lang='lat' dir='ltr'>legem</span> <span class='ocrx_word' id='word_1_1684' title='bbox 683 3596 909 3632; x_wconf 63' lang='lat' dir='ltr'>promfflgauerat,</span> <span class='ocrx_word' id='word_1_1685' title='bbox 928 3603 975 3622; x_wconf 82' lang='lat' dir='ltr'>etc.</span> 
     </span>
     <span class='ocr_line' id='line_1_183' title="bbox 87 3629 1133 3667; baseline -0.004 -6"><span class='ocrx_word' id='word_1_1686' title='bbox 87 3638 128 3665; x_wconf 72' lang='lat'>38,</span> <span class='ocrx_word' id='word_1_1687' title='bbox 137 3639 167 3664; x_wconf 72' lang='lat'>52</span> <span class='ocrx_word' id='word_1_1688' title='bbox 182 3637 246 3656; x_wconf 78' lang='lat' dir='ltr'>extr.</span> <span class='ocrx_word' id='word_1_1689' title='bbox 266 3629 410 3655; x_wconf 79' lang='lat' dir='ltr'>Tribunus</span> <span class='ocrx_word' id='word_1_1690' title='bbox 423 3629 507 3664; x_wconf 82' lang='lat' dir='ltr'>plebis</span> <span class='ocrx_word' id='word_1_1691' title='bbox 519 3639 551 3656; x_wconf 90' lang='lat' dir='ltr'>eo</span> <span class='ocrx_word' id='word_1_1692' title='bbox 563 3637 682 3667; x_wconf 86' lang='lat' dir='ltr'>tempore</span> <span class='ocrx_word' id='word_1_1693' title='bbox 694 3634 732 3660; x_wconf 89' lang='lat' dir='ltr'>T.</span> <span class='ocrx_word' id='word_1_1694' title='bbox 746 3633 913 3667; x_wconf 86' lang='lat' dir='ltr'>Sempronius</span> <span class='ocrx_word' id='word_1_1695' title='bbox 922 3631 1052 3658; x_wconf 87' lang='lat' dir='ltr'>Gracchus</span> <span class='ocrx_word' id='word_1_1696' title='bbox 1066 3637 1133 3663; x_wconf 88' lang='lat' dir='ltr'>erat,</span> 
     </span>
     <span class='ocr_line' id='line_1_184' title="bbox 88 3665 1132 3703; baseline 0 -11"><span class='ocrx_word' id='word_1_1697' title='bbox 88 3667 134 3694; x_wconf 77' lang='lat' dir='ltr'>cui</span> <span class='ocrx_word' id='word_1_1698' title='bbox 153 3665 295 3692; x_wconf 84' lang='lat' dir='ltr'>inimicitia</span> <span class='ocrx_word' id='word_1_1699' title='bbox 313 3673 372 3690; x_wconf 83' lang='lat' dir='ltr'>cum</span> <span class='ocrx_word' id='word_1_1700' title='bbox 388 3666 415 3691; x_wconf 93' lang='lat' dir='ltr'>P.</span> <span class='ocrx_word' id='word_1_1701' title='bbox 430 3665 552 3699; x_wconf 82' lang='lat' dir='ltr'>Scipione</span> <span class='ocrx_word' id='word_1_1702' title='bbox 569 3666 757 3695; x_wconf 88' lang='lat' dir='ltr'>intercedebat.</span> <span class='ocrx_word' id='word_1_1703' title='bbox 793 3668 865 3703; x_wconf 78' lang='lat' dir='ltr'>Conf.</span> <span class='ocrx_word' id='word_1_1704' title='bbox 887 3667 940 3694; x_wconf 89' lang='lat' dir='ltr'>Cic.</span> <span class='ocrx_word' id='word_1_1705' title='bbox 957 3676 1005 3701; x_wconf 88' lang='lat' dir='ltr'>pro</span> <span class='ocrx_word' id='word_1_1706' title='bbox 1019 3667 1089 3693; x_wconf 87' lang='lat' dir='ltr'>Cael.</span> <span class='ocrx_word' id='word_1_1707' title='bbox 1110 3676 1132 3693; x_wconf 87' lang='lat' dir='ltr'>c.</span> 
     </span>
     <span class='ocr_line' id='line_1_185' title="bbox 180 3700 1132 3737; baseline 0 -10"><span class='ocrx_word' id='word_1_1708' title='bbox 180 3702 255 3727; x_wconf 85' lang='lat' dir='ltr'>Idem</span> <span class='ocrx_word' id='word_1_1709' title='bbox 270 3700 301 3726; x_wconf 87' lang='lat' dir='ltr'>de</span> <span class='ocrx_word' id='word_1_1710' title='bbox 313 3700 370 3726; x_wconf 79' lang='lat' dir='ltr'>Fin.</span> <span class='ocrx_word' id='word_1_1711' title='bbox 386 3709 408 3732; x_wconf 79' lang='grc'>3,</span> <span class='ocrx_word' id='word_1_1712' title='bbox 418 3702 446 3724; x_wconf 55' lang='lat' dir='ltr'>(n</span> <span class='ocrx_word' id='word_1_1713' title='bbox 467 3701 653 3737; x_wconf 79' lang='lat' dir='ltr'>Qioniamque</span> <span class='ocrx_word' id='word_1_1714' title='bbox 666 3713 696 3731; x_wconf 83' lang='lat' dir='ltr'>ea</span> <span class='ocrx_word' id='word_1_1715' title='bbox 708 3709 800 3731; x_wconf 84' lang='lat' dir='ltr'>natura</span> <span class='ocrx_word' id='word_1_1716' title='bbox 813 3705 872 3730; x_wconf 86' lang='lat' dir='ltr'>esset</span> <span class='ocrx_word' id='word_1_1717' title='bbox 884 3702 1012 3734; x_wconf 81' lang='lat' dir='ltr'>hominis,</span> <span class='ocrx_word' id='word_1_1718' title='bbox 1030 3708 1058 3728; x_wconf 94' lang='lat' dir='ltr'>vt</span> <span class='ocrx_word' id='word_1_1719' title='bbox 1071 3711 1132 3728; x_wconf 89' lang='lat' dir='ltr'>cum</span> 
     </span>
     <span class='ocr_line' id='line_1_186' title="bbox 88 3735 1131 3774; baseline -0.002 -10"><span class='ocrx_word' id='word_1_1720' title='bbox 88 3746 185 3772; x_wconf 79' lang='lat' dir='ltr'>genere</span> <span class='ocrx_word' id='word_1_1721' title='bbox 199 3737 316 3763; x_wconf 86' lang='lat' dir='ltr'>humano</span> <span class='ocrx_word' id='word_1_1722' title='bbox 330 3735 399 3769; x_wconf 78' lang='lat' dir='ltr'>quasi</span> <span class='ocrx_word' id='word_1_1723' title='bbox 416 3735 492 3762; x_wconf 89' lang='lat' dir='ltr'>ciuili</span> <span class='ocrx_word' id='word_1_1724' title='bbox 506 3736 548 3761; x_wconf 86' lang='lat' dir='ltr'>Ius</span> <span class='ocrx_word' id='word_1_1725' title='bbox 568 3736 753 3767; x_wconf 86' lang='lat' dir='ltr'>intercederet:</span> <span class='ocrx_word' id='word_1_1726' title='bbox 780 3740 829 3774; x_wconf 82' lang='lat' dir='ltr'>qui</span> <span class='ocrx_word' id='word_1_1727' title='bbox 842 3740 869 3766; x_wconf 85' lang='lat' dir='ltr'>id</span> <span class='ocrx_word' id='word_1_1728' title='bbox 882 3739 1055 3768; x_wconf 86' lang='lat' dir='ltr'>conseruaret‚</span> <span class='ocrx_word' id='word_1_1729' title='bbox 1070 3746 1131 3763; x_wconf 88' lang='lat' dir='ltr'>eum</span> 
     </span>
     <span class='ocr_line' id='line_1_187' title="bbox 86 3770 659 3807; baseline -0.003 -7"><span class='ocrx_word' id='word_1_1730' title='bbox 86 3773 204 3800; x_wconf 69' lang='lat' dir='ltr'>iustum:</span> <span class='ocrx_word' id='word_1_1731' title='bbox 229 3772 278 3807; x_wconf 87' lang='lat' dir='ltr'>qni</span> <span class='ocrx_word' id='word_1_1732' title='bbox 290 3771 434 3805; x_wconf 82' lang='lat' dir='ltr'>migraret,</span> <span class='ocrx_word' id='word_1_1733' title='bbox 451 3770 577 3797; x_wconf 85' lang='lat' dir='ltr'>iniustum</span> <span class='ocrx_word' id='word_1_1734' title='bbox 591 3772 659 3798; x_wconf 85' lang='lat' dir='ltr'>fore.</span> 
     </span>
     <span class='ocr_line' id='line_1_188' title="bbox 89 3806 1131 3845; baseline -0.002 -10"><span class='ocrx_word' id='word_1_1735' title='bbox 89 3817 112 3835; x_wconf 81' lang='lat' dir='ltr'>e.</span> <span class='ocrx_word' id='word_1_1736' title='bbox 125 3809 203 3843; x_wconf 72' lang='lat' dir='ltr'>fidem</span> <span class='ocrx_word' id='word_1_1737' title='bbox 212 3808 284 3843; x_wconf 75' lang='lat' dir='ltr'>fliam</span> <span class='ocrx_word' id='word_1_1738' title='bbox 303 3810 473 3841; x_wconf 77' lang='lat' dir='ltr'>interponere,</span> <span class='ocrx_word' id='word_1_1739' title='bbox 485 3806 606 3841; x_wconf 73' lang='lat' dir='ltr'>spondere</span> <span class='ocrx_word' id='word_1_1740' title='bbox 620 3818 627 3832; x_wconf 90' lang='lat'><em>:</em></span> <span class='ocrx_word' id='word_1_1741' title='bbox 663 3808 718 3836; x_wconf 85' lang='lat' dir='ltr'>Cic.</span> <span class='ocrx_word' id='word_1_1742' title='bbox 733 3810 847 3845; x_wconf 85' lang='lat' dir='ltr'>Philipp.</span> <span class='ocrx_word' id='word_1_1743' title='bbox 860 3819 887 3843; x_wconf 83' lang='lat'>2,</span> <span class='ocrx_word' id='word_1_1744' title='bbox 901 3817 934 3843; x_wconf 82' lang='lat'>45</span> <span class='ocrx_word' id='word_1_1745' title='bbox 960 3816 981 3835; x_wconf 88' lang='lat' dir='ltr'>c.</span> <span class='ocrx_word' id='word_1_1746' title='bbox 997 3814 1020 3838; x_wconf 81' lang='lat'>18</span> <span class='ocrx_word' id='word_1_1747' title='bbox 1046 3808 1131 3834; x_wconf 82' lang='lat' dir='ltr'>Filius</span> 
     </span>
     <span class='ocr_line' id='line_1_189' title="bbox 90 3840 1132 3877; baseline -0.003 -8"><span class='ocrx_word' id='word_1_1748' title='bbox 90 3844 118 3869; x_wconf 79' lang='lat' dir='ltr'>se</span> <span class='ocrx_word' id='word_1_1749' title='bbox 136 3844 168 3870; x_wconf 82' lang='lat' dir='ltr'>ad</span> <span class='ocrx_word' id='word_1_1750' title='bbox 182 3844 258 3877; x_wconf 88' lang='lat' dir='ltr'>pedes</span> <span class='ocrx_word' id='word_1_1751' title='bbox 274 3850 348 3868; x_wconf 88' lang='lat' dir='ltr'>meos</span> <span class='ocrx_word' id='word_1_1752' title='bbox 363 3841 543 3876; x_wconf 78' lang='lat' dir='ltr'>prosternens,</span> <span class='ocrx_word' id='word_1_1753' title='bbox 566 3840 712 3874; x_wconf 79' lang='lat' dir='ltr'>lacrimans,</span> <span class='ocrx_word' id='word_1_1754' title='bbox 729 3850 755 3871; x_wconf 87' lang='lat' dir='ltr'>te</span> <span class='ocrx_word' id='word_1_1755' title='bbox 771 3847 841 3872; x_wconf 74' lang='lat' dir='ltr'>mihi</span> <span class='ocrx_word' id='word_1_1756' title='bbox 854 3844 1063 3876; x_wconf 74' lang='lat' dir='ltr'>commendabat,</span> <span class='ocrx_word' id='word_1_1757' title='bbox 1075 3852 1132 3870; x_wconf 74' lang='lat' dir='ltr'>ora.</span> 
     </span>
     <span class='ocr_line' id='line_1_190' title="bbox 91 3877 1133 3916; baseline -0.002 -11"><span class='ocrx_word' id='word_1_1758' title='bbox 91 3877 153 3910; x_wconf 90' lang='lat' dir='ltr'>bat,</span> <span class='ocrx_word' id='word_1_1759' title='bbox 173 3886 202 3905; x_wconf 91' lang='lat' dir='ltr'>vt</span> <span class='ocrx_word' id='word_1_1760' title='bbox 215 3885 240 3904; x_wconf 90' lang='lat' dir='ltr'>te</span> <span class='ocrx_word' id='word_1_1761' title='bbox 254 3884 346 3904; x_wconf 90' lang='lat' dir='ltr'>contra</span> <span class='ocrx_word' id='word_1_1762' title='bbox 365 3878 438 3903; x_wconf 89' lang='lat' dir='ltr'>snum</span> <span class='ocrx_word' id='word_1_1763' title='bbox 453 3882 551 3911; x_wconf 85' lang='lat' dir='ltr'>patrem</span> <span class='ocrx_word' id='word_1_1764' title='bbox 561 3897 570 3909; x_wconf 93' lang='lat'>‚</span> <span class='ocrx_word' id='word_1_1765' title='bbox 590 3877 607 3903; x_wconf 88' lang='grc'>11</span> <span class='ocrx_word' id='word_1_1766' title='bbox 622 3877 768 3906; x_wconf 78' lang='lat' dir='ltr'>sestertiilm</span> <span class='ocrx_word' id='word_1_1767' title='bbox 780 3880 893 3916; x_wconf 84' lang='lat' dir='ltr'>sexagies</span> <span class='ocrx_word' id='word_1_1768' title='bbox 911 3886 1023 3915; x_wconf 85' lang='lat' dir='ltr'>peteret,</span> <span class='ocrx_word' id='word_1_1769' title='bbox 1045 3879 1133 3906; x_wconf 79' lang='lat' dir='ltr'>defen-</span> 
     </span>
    </p>
   </div>
   <div class='ocr_carea' id='block_1_49' title="bbox 93 3913 1132 3946">
    <p class='ocr_par' dir='ltr' id='par_1_57' title="bbox 93 3913 1132 3946">
     <span class='ocr_line' id='line_1_191' title="bbox 93 3913 1132 3946; baseline 0.001 -7"><span class='ocrx_word' id='word_1_1770' title='bbox 93 3913 182 3939; x_wconf 84' lang='lat' dir='ltr'>derem</span> <span class='ocrx_word' id='word_1_1771' title='bbox 197 3924 203 3939; x_wconf 88' lang='lat'>:</span> <span class='ocrx_word' id='word_1_1772' title='bbox 223 3920 325 3940; x_wconf 86' lang='lat' dir='ltr'>tantum</span> <span class='ocrx_word' id='word_1_1773' title='bbox 339 3913 409 3938; x_wconf 81' lang='lat' dir='ltr'>enim</span> <span class='ocrx_word' id='word_1_1774' title='bbox 425 3921 473 3946; x_wconf 87' lang='lat' dir='ltr'>pro</span> <span class='ocrx_word' id='word_1_1775' title='bbox 488 3918 512 3937; x_wconf 89' lang='lat' dir='ltr'>te</span> <span class='ocrx_word' id='word_1_1776' title='bbox 533 3913 692 3939; x_wconf 75' lang='lat' dir='ltr'>interceffiffe</span> <span class='ocrx_word' id='word_1_1777' title='bbox 705 3913 815 3942; x_wconf 81' lang='lat' dir='ltr'>dicebat.</span> <span class='ocrx_word' id='word_1_1778' title='bbox 924 3916 996 3942; x_wconf 81' lang='lat' dir='ltr'>Idem</span> <span class='ocrx_word' id='word_1_1779' title='bbox 1011 3915 1090 3941; x_wconf 89' lang='lat' dir='ltr'>Attic.</span> <span class='ocrx_word' id='word_1_1780' title='bbox 1105 3916 1132 3946; x_wconf 91' lang='lat'>6,</span> 
     </span>
    </p>
   </div>
   <div class='ocr_carea' id='block_1_50' title="bbox 699 3418 1177 3459">
    <p class='ocr_par' dir='ltr' id='par_1_58' title="bbox 699 3418 1177 3459">
     <span class='ocr_line' id='line_1_192' title="bbox 699 3418 1177 3459; baseline -0.002 -13"><span class='ocrx_word' id='word_1_1781' title='bbox 699 3419 885 3446; x_wconf 84' lang='lat' dir='ltr'>Controuersia</span> <span class='ocrx_word' id='word_1_1782' title='bbox 897 3418 966 3446; x_wconf 88' lang='lat' dir='ltr'>mihi</span> <span class='ocrx_word' id='word_1_1783' title='bbox 978 3429 1036 3446; x_wconf 89' lang='lat' dir='ltr'>cum</span> <span class='ocrx_word' id='word_1_1784' title='bbox 1049 3429 1082 3446; x_wconf 88' lang='lat' dir='ltr'>eo</span> <span class='ocrx_word' id='word_1_1785' title='bbox 1096 3419 1128 3446; x_wconf 88' lang='lat' dir='ltr'>de</span> <span class='ocrx_word' id='word_1_1786' title='bbox 1141 3433 1177 3459; x_wconf 85' lang='lat'>90</span> 
     </span>
    </p>
   </div>
   <div class='ocr_carea' id='block_1_51' title="bbox 773 3773 1185 3808">
    <p class='ocr_par' dir='ltr' id='par_1_59' title="bbox 773 3773 1185 3808">
     <span class='ocr_line' id='line_1_193' title="bbox 773 3773 1185 3808; baseline -0.007 -8"><span class='ocrx_word' id='word_1_1787' title='bbox 773 3774 936 3802; x_wconf 85' lang='lat' dir='ltr'>Intcrcedere</span> <span class='ocrx_word' id='word_1_1788' title='bbox 950 3782 999 3808; x_wconf 91' lang='lat' dir='ltr'>pro</span> <span class='ocrx_word' id='word_1_1789' title='bbox 1011 3773 1081 3805; x_wconf 85' lang='grc'>3110,</span> <span class='ocrx_word' id='word_1_1790' title='bbox 1104 3773 1129 3799; x_wconf 89' lang='lat' dir='ltr'>b.</span> <span class='ocrx_word' id='word_1_1791' title='bbox 1138 3785 1185 3804; x_wconf 76' lang='lat'>100</span> 
     </span>
    </p>
   </div>
   <div class='ocr_carea' id='block_1_52' title="bbox 1191 2569 2241 3601">
    <p class='ocr_par' dir='ltr' id='par_1_60' title="bbox 1192 2569 2241 2715">
     <span class='ocr_line' id='line_1_194' title="bbox 1230 2569 2240 2614; baseline 0.009 -18"><span class='ocrx_word' id='word_1_1792' title='bbox 1230 2578 1240 2597; x_wconf 95' lang='lat'>1</span> <span class='ocrx_word' id='word_1_1793' title='bbox 1250 2578 1273 2597; x_wconf 86' lang='lat' dir='ltr'><strong>N</strong></span> <span class='ocrx_word' id='word_1_1794' title='bbox 1284 2578 1305 2597; x_wconf 90' lang='lat' dir='ltr'>T</span> <span class='ocrx_word' id='word_1_1795' title='bbox 1318 2577 1386 2597; x_wconf 82' lang='lat' dir='ltr'>ERC</span> <span class='ocrx_word' id='word_1_1796' title='bbox 1396 2577 1483 2597; x_wconf 72' lang='lat' dir='ltr'>ssssv</span> <span class='ocrx_word' id='word_1_1797' title='bbox 1495 2577 1508 2597; x_wconf 91' lang='lat' dir='ltr'>s</span> <span class='ocrx_word' id='word_1_1798' title='bbox 1519 2591 1527 2603; x_wconf 89' lang='lat'>‚</span> <span class='ocrx_word' id='word_1_1799' title='bbox 1549 2569 1587 2596; x_wconf 71' lang='lat' dir='ltr'>sis.</span> <span class='ocrx_word' id='word_1_1800' title='bbox 1615 2579 1649 2597; x_wconf 84' lang='lat' dir='ltr'>in.</span> <span class='ocrx_word' id='word_1_1801' title='bbox 1686 2572 1773 2598; x_wconf 81' lang='lat' dir='ltr'>Valer.</span> <span class='ocrx_word' id='word_1_1802' title='bbox 1788 2573 1899 2600; x_wconf 66' lang='lat' dir='ltr'>Maxim.</span> <span class='ocrx_word' id='word_1_1803' title='bbox 1912 2582 1934 2607; x_wconf 82' lang='grc' dir='ltr'>ς,</span> <span class='ocrx_word' id='word_1_1804' title='bbox 1948 2583 1977 2608; x_wconf 85' lang='lat'>4,</span> <span class='ocrx_word' id='word_1_1805' title='bbox 1990 2584 2002 2601; x_wconf 87' lang='lat'><em>2</em></span> <span class='ocrx_word' id='word_1_1806' title='bbox 2028 2576 2168 2605; x_wconf 65' lang='lat' dir='ltr'>Consulem</span> <span class='ocrx_word' id='word_1_1807' title='bbox 2183 2587 2240 2614; x_wconf 74' lang='lat' dir='ltr'>gra.</span> 
     </span>
     <span class='ocr_line' id='line_1_195' title="bbox 1193 2606 2241 2649; baseline 0.005 -17"><span class='ocrx_word' id='word_1_1808' title='bbox 1193 2607 1265 2634; x_wconf 87' lang='lat' dir='ltr'>viter</span> <span class='ocrx_word' id='word_1_1809' title='bbox 1285 2606 1402 2633; x_wconf 82' lang='lat' dir='ltr'>saucium</span> <span class='ocrx_word' id='word_1_1810' title='bbox 1424 2606 1561 2634; x_wconf 78' lang='lat' dir='ltr'>intercessu</span> <span class='ocrx_word' id='word_1_1811' title='bbox 1582 2607 1630 2633; x_wconf 88' lang='lat' dir='ltr'>suo</span> <span class='ocrx_word' id='word_1_1812' title='bbox 1648 2608 1779 2640; x_wconf 86' lang='lat' dir='ltr'>seruauit,</span> <span class='ocrx_word' id='word_1_1813' title='bbox 1809 2612 1828 2634; x_wconf 85' lang='lat' dir='ltr'>i.</span> <span class='ocrx_word' id='word_1_1814' title='bbox 1850 2613 1998 2637; x_wconf 73' lang='lat' dir='ltr'>interuentu.</span> <span class='ocrx_word' id='word_1_1815' title='bbox 2071 2614 2146 2640; x_wconf 79' lang='lat' dir='ltr'>Oros.</span> <span class='ocrx_word' id='word_1_1816' title='bbox 2165 2623 2193 2647; x_wconf 70' lang='grc' dir='ltr'>ς,</span> <span class='ocrx_word' id='word_1_1817' title='bbox 2214 2623 2241 2649; x_wconf 76' lang='lat'>15</span> 
     </span>
     <span class='ocr_line' id='line_1_196' title="bbox 1192 2641 2241 2684; baseline 0.009 -15"><span class='ocrx_word' id='word_1_1818' title='bbox 1192 2643 1278 2669; x_wconf 86' lang='lat' dir='ltr'>Paruo</span> <span class='ocrx_word' id='word_1_1819' title='bbox 1292 2641 1428 2668; x_wconf 81' lang='lat' dir='ltr'>intercessu</span> <span class='ocrx_word' id='word_1_1820' title='bbox 1443 2641 1579 2675; x_wconf 88' lang='lat' dir='ltr'>temporis.</span> <span class='ocrx_word' id='word_1_1821' title='bbox 1651 2642 1693 2668; x_wconf 84' lang='lat' dir='ltr'>Ne</span> <span class='ocrx_word' id='word_1_1822' title='bbox 1708 2643 1780 2670; x_wconf 75' lang='lat' dir='ltr'>illins</span> <span class='ocrx_word' id='word_1_1823' title='bbox 1795 2644 1905 2678; x_wconf 81' lang='lat' dir='ltr'>quidem</span> <span class='ocrx_word' id='word_1_1824' title='bbox 1923 2646 2077 2682; x_wconf 83' lang='lat' dir='ltr'>intercessu,</span> <span class='ocrx_word' id='word_1_1825' title='bbox 2096 2651 2144 2684; x_wconf 91' lang='lat' dir='ltr'>qui</span> <span class='ocrx_word' id='word_1_1826' title='bbox 2157 2650 2241 2678; x_wconf 79' lang='lat' dir='ltr'>laesus</span> 
     </span>
     <span class='ocr_line' id='line_1_197' title="bbox 1193 2676 1849 2715; baseline 0 -10"><span class='ocrx_word' id='word_1_1827' title='bbox 1193 2678 1296 2710; x_wconf 87' lang='lat' dir='ltr'>fuerat,</span> <span class='ocrx_word' id='word_1_1828' title='bbox 1316 2676 1422 2703; x_wconf 83' lang='lat' dir='ltr'>indulsit</span> <span class='ocrx_word' id='word_1_1829' title='bbox 1434 2677 1548 2703; x_wconf 85' lang='lat' dir='ltr'>Saluian.</span> <span class='ocrx_word' id='word_1_1830' title='bbox 1563 2677 1595 2703; x_wconf 86' lang='lat' dir='ltr'>de</span> <span class='ocrx_word' id='word_1_1831' title='bbox 1607 2678 1725 2706; x_wconf 85' lang='lat' dir='ltr'>Gubern.</span> <span class='ocrx_word' id='word_1_1832' title='bbox 1738 2688 1748 2705; x_wconf 92' lang='lat'>1</span> <span class='ocrx_word' id='word_1_1833' title='bbox 1768 2688 1793 2714; x_wconf 90' lang='lat' dir='ltr'>p.</span> <span class='ocrx_word' id='word_1_1834' title='bbox 1806 2687 1849 2715; x_wconf 86' lang='lat'>27.</span> 
     </span>
    </p>

    <p class='ocr_par' dir='ltr' id='par_1_61' title="bbox 1228 2718 2239 2749">
     <span class='ocr_line' id='line_1_198' title="bbox 1228 2718 2239 2749; baseline 0.007 -9"><span class='ocrx_word' id='word_1_1835' title='bbox 1228 2719 1959 2748; x_wconf 68' lang='lat' dir='ltr'>INTERCEPTio,iNTERCEP&#39;sOR,1NTERCFPTVS,</span> <span class='ocrx_word' id='word_1_1836' title='bbox 1974 2718 2239 2749; x_wconf 68' lang='lat' dir='ltr'>vid.1NTEizcit³10.</span> 
     </span>
    </p>

    <p class='ocr_par' dir='ltr' id='par_1_62' title="bbox 1191 2748 2240 3174">
     <span class='ocr_line' id='line_1_199' title="bbox 1230 2748 2240 2791; baseline 0.007 -15"><span class='ocrx_word' id='word_1_1837' title='bbox 1230 2757 1240 2776; x_wconf 93' lang='lat'>1</span> <span class='ocrx_word' id='word_1_1838' title='bbox 1250 2756 1271 2775; x_wconf 88' lang='lat' dir='ltr'>N</span> <span class='ocrx_word' id='word_1_1839' title='bbox 1283 2755 1305 2775; x_wconf 90' lang='lat' dir='ltr'>T</span> <span class='ocrx_word' id='word_1_1840' title='bbox 1318 2751 1428 2775; x_wconf 78' lang='lat' dir='ltr'>ERCiD</span> <span class='ocrx_word' id='word_1_1841' title='bbox 1439 2754 1473 2779; x_wconf 79' lang='lat' dir='ltr'>O,</span> <span class='ocrx_word' id='word_1_1842' title='bbox 1494 2749 1545 2779; x_wconf 87' lang='lat' dir='ltr'>idi,</span> <span class='ocrx_word' id='word_1_1843' title='bbox 1565 2749 1631 2775; x_wconf 86' lang='lat' dir='ltr'>isum</span> <span class='ocrx_word' id='word_1_1844' title='bbox 1640 2769 1648 2783; x_wconf 91' lang='lat'>‚</span> <span class='ocrx_word' id='word_1_1845' title='bbox 1666 2751 1719 2776; x_wconf 62' lang='lat' dir='ltr'>ere.</span> <span class='ocrx_word' id='word_1_1846' title='bbox 1756 2748 1916 2787; x_wconf 70' lang='grc' dir='ltr'>[διακόπτω]</span> <span class='ocrx_word' id='word_1_1847' title='bbox 1954 2755 1991 2779; x_wconf 72' lang='lat' dir='ltr'>De</span> <span class='ocrx_word' id='word_1_1848' title='bbox 2000 2754 2074 2780; x_wconf 71' lang='lat' dir='ltr'>medio</span> <span class='ocrx_word' id='word_1_1849' title='bbox 2087 2756 2185 2791; x_wconf 66' lang='lat' dir='ltr'>aliquid</span> <span class='ocrx_word' id='word_1_1850' title='bbox 2199 2767 2240 2783; x_wconf 75' lang='lat' dir='ltr'>cx·-</span> 
     </span>
     <span class='ocr_line' id='line_1_200' title="bbox 1193 2783 2240 2822; baseline 0.007 -11"><span class='ocrx_word' id='word_1_1851' title='bbox 1193 2784 1289 2818; x_wconf 79' lang='lat' dir='ltr'>cidere‚</span> <span class='ocrx_word' id='word_1_1852' title='bbox 1306 2791 1335 2810; x_wconf 83' lang='lat' dir='ltr'>vt</span> <span class='ocrx_word' id='word_1_1853' title='bbox 1356 2783 1536 2816; x_wconf 69' lang='lat' dir='ltr'>intem-idere,</span> <span class='ocrx_word' id='word_1_1854' title='bbox 1557 2784 1733 2812; x_wconf 84' lang='lat' dir='ltr'>interuellere.</span> <span class='ocrx_word' id='word_1_1855' title='bbox 1775 2785 1845 2812; x_wconf 87' lang='lat' dir='ltr'>Caes.</span> <span class='ocrx_word' id='word_1_1856' title='bbox 1862 2787 1926 2814; x_wconf 77' lang='lat' dir='ltr'>Bell.</span> <span class='ocrx_word' id='word_1_1857' title='bbox 1940 2789 2007 2815; x_wconf 88' lang='lat' dir='ltr'>Gall.</span> <span class='ocrx_word' id='word_1_1858' title='bbox 2020 2799 2051 2820; x_wconf 90' lang='lat'>2,</span> <span class='ocrx_word' id='word_1_1859' title='bbox 2070 2799 2086 2822; x_wconf 86' lang='lat'><em>9</em></span> <span class='ocrx_word' id='word_1_1860' title='bbox 2107 2797 2171 2817; x_wconf 76' lang='lat' dir='ltr'>extr.</span> <span class='ocrx_word' id='word_1_1861' title='bbox 2202 2793 2240 2819; x_wconf 87' lang='lat' dir='ltr'>Vt</span> 
     </span>
     <span class='ocr_line' id='line_1_201' title="bbox 1193 2819 2240 2862; baseline 0.008 -16"><span class='ocrx_word' id='word_1_1862' title='bbox 1193 2819 1211 2846; x_wconf 88' lang='lat' dir='ltr'>si</span> <span class='ocrx_word' id='word_1_1863' title='bbox 1225 2821 1339 2854; x_wconf 75' lang='lat' dir='ltr'>possent,</span> <span class='ocrx_word' id='word_1_1864' title='bbox 1359 2819 1502 2851; x_wconf 83' lang='lat' dir='ltr'>castellum,</span> <span class='ocrx_word' id='word_1_1865' title='bbox 1521 2820 1564 2845; x_wconf 91' lang='lat' dir='ltr'>eni</span> <span class='ocrx_word' id='word_1_1866' title='bbox 1577 2828 1695 2854; x_wconf 86' lang='lat' dir='ltr'>praeerat</span> <span class='ocrx_word' id='word_1_1867' title='bbox 1707 2821 1837 2848; x_wconf 88' lang='lat' dir='ltr'>Titurius</span> <span class='ocrx_word' id='word_1_1868' title='bbox 1852 2823 1968 2855; x_wconf 84' lang='lat' dir='ltr'>Qiintus</span> <span class='ocrx_word' id='word_1_1869' title='bbox 1982 2825 2088 2859; x_wconf 77' lang='lat' dir='ltr'>legatus,</span> <span class='ocrx_word' id='word_1_1870' title='bbox 2109 2834 2240 2862; x_wconf 69' lang='lat' dir='ltr'>expugna-</span> 
     </span>
     <span class='ocr_line' id='line_1_202' title="bbox 1194 2855 2240 2896; baseline 0.007 -14"><span class='ocrx_word' id='word_1_1871' title='bbox 1194 2861 1270 2887; x_wconf 87' lang='lat' dir='ltr'>rent,</span> <span class='ocrx_word' id='word_1_1872' title='bbox 1290 2861 1450 2890; x_wconf 87' lang='lat' dir='ltr'>pontemque</span> <span class='ocrx_word' id='word_1_1873' title='bbox 1470 2855 1669 2882; x_wconf 80' lang='lat' dir='ltr'>interciderent.</span> <span class='ocrx_word' id='word_1_1874' title='bbox 1739 2857 1804 2883; x_wconf 84' lang='lat' dir='ltr'>Plin.</span> <span class='ocrx_word' id='word_1_1875' title='bbox 1819 2858 1896 2891; x_wconf 82' lang='lat' dir='ltr'>Epist.</span> <span class='ocrx_word' id='word_1_1876' title='bbox 1911 2861 1942 2891; x_wconf 88' lang='lat'>6,</span> <span class='ocrx_word' id='word_1_1877' title='bbox 1960 2868 1992 2886; x_wconf 86' lang='lat'>22</span> <span class='ocrx_word' id='word_1_1878' title='bbox 2017 2862 2151 2896; x_wconf 87' lang='lat' dir='ltr'>Corrupto</span> <span class='ocrx_word' id='word_1_1879' title='bbox 2166 2856 2240 2890; x_wconf 71' lang='lat' dir='ltr'>enim</span> 
     </span>
     <span class='ocr_line' id='line_1_203' title="bbox 1193 2890 2239 2929; baseline 0.008 -13"><span class='ocrx_word' id='word_1_1880' title='bbox 1193 2890 1292 2917; x_wconf 86' lang='lat' dir='ltr'>scribae</span> <span class='ocrx_word' id='word_1_1881' title='bbox 1310 2893 1386 2917; x_wconf 89' lang='lat' dir='ltr'>seruo</span> <span class='ocrx_word' id='word_1_1882' title='bbox 1401 2891 1575 2925; x_wconf 86' lang='lat' dir='ltr'>interceperat</span> <span class='ocrx_word' id='word_1_1883' title='bbox 1588 2893 1802 2923; x_wconf 87' lang='lat' dir='ltr'>commentarios,</span> <span class='ocrx_word' id='word_1_1884' title='bbox 1822 2893 2055 2929; x_wconf 85' lang='lat' dir='ltr'>intercideratqnc,</span> <span class='ocrx_word' id='word_1_1885' title='bbox 2077 2900 2095 2922; x_wconf 79' lang='grc' dir='ltr'>ι’.</span> <span class='ocrx_word' id='word_1_1886' title='bbox 2111 2899 2171 2924; x_wconf 81' lang='lat' dir='ltr'>hinc</span> <span class='ocrx_word' id='word_1_1887' title='bbox 2182 2898 2239 2925; x_wconf 69' lang='lat' dir='ltr'>inda</span> 
     </span>
     <span class='ocr_line' id='line_1_204' title="bbox 1192 2926 2240 2967; baseline 0.009 -16"><span class='ocrx_word' id='word_1_1888' title='bbox 1192 2926 1291 2962; x_wconf 65' lang='lat' dir='ltr'>aliquid</span> <span class='ocrx_word' id='word_1_1889' title='bbox 1306 2926 1440 2964; x_wconf 59' lang='lat' dir='ltr'>excideret.</span> <span class='ocrx_word' id='word_1_1890' title='bbox 1513 2926 1596 2953; x_wconf 85' lang='lat' dir='ltr'>Aedes</span> <span class='ocrx_word' id='word_1_1891' title='bbox 1610 2927 1710 2954; x_wconf 86' lang='lat' dir='ltr'>vicinas</span> <span class='ocrx_word' id='word_1_1892' title='bbox 1725 2927 1884 2955; x_wconf 87' lang='lat' dir='ltr'>intercidere</span> <span class='ocrx_word' id='word_1_1893' title='bbox 1901 2930 2007 2957; x_wconf 83' lang='lat' dir='ltr'>arcendi</span> <span class='ocrx_word' id='word_1_1894' title='bbox 2023 2932 2139 2959; x_wconf 85' lang='lat' dir='ltr'>incendii</span> <span class='ocrx_word' id='word_1_1895' title='bbox 2154 2934 2240 2967; x_wconf 85' lang='lat' dir='ltr'>gratia</span> 
     </span>
     <span class='ocr_line' id='line_1_205' title="bbox 1193 2960 2238 3004; baseline 0.008 -17"><span class='ocrx_word' id='word_1_1896' title='bbox 1193 2962 1298 2996; x_wconf 85' lang='lat' dir='ltr'>leian.</span> <span class='ocrx_word' id='word_1_1897' title='bbox 1312 2961 1370 2987; x_wconf 91' lang='lat' dir='ltr'>inl.</span> <span class='ocrx_word' id='word_1_1898' title='bbox 1390 2961 1416 2986; x_wconf 86' lang='lat' dir='ltr'>Si</span> <span class='ocrx_word' id='word_1_1899' title='bbox 1432 2960 1492 2995; x_wconf 86' lang='lat' dir='ltr'>quis</span> <span class='ocrx_word' id='word_1_1900' title='bbox 1505 2962 1582 2988; x_wconf 90' lang='lat' dir='ltr'>fumo</span> <span class='ocrx_word' id='word_1_1901' title='bbox 1604 2963 1636 2988; x_wconf 95' lang='lat' dir='ltr'>D.</span> <span class='ocrx_word' id='word_1_1902' title='bbox 1653 2963 1693 2989; x_wconf 86' lang='lat' dir='ltr'>Ad</span> <span class='ocrx_word' id='word_1_1903' title='bbox 1706 2963 1756 2997; x_wconf 79' lang='lat' dir='ltr'>leg.</span> <span class='ocrx_word' id='word_1_1904' title='bbox 1772 2964 1862 2999; x_wconf 88' lang='lat' dir='ltr'>Aquil.</span> <span class='ocrx_word' id='word_1_1905' title='bbox 1933 2966 2006 2992; x_wconf 87' lang='lat' dir='ltr'>Idem</span> <span class='ocrx_word' id='word_1_1906' title='bbox 2025 2967 2054 2993; x_wconf 89' lang='lat' dir='ltr'>in</span> <span class='ocrx_word' id='word_1_1907' title='bbox 2074 2967 2091 2994; x_wconf 93' lang='lat'>1.</span> <span class='ocrx_word' id='word_1_1908' title='bbox 2106 2977 2115 2994; x_wconf 82' lang='lat'>1</span> <span class='ocrx_word' id='word_1_1909' title='bbox 2135 2969 2238 3004; x_wconf 62' lang='lat' dir='ltr'>infime,</span> 
     </span>
     <span class='ocr_line' id='line_1_206' title="bbox 1193 2997 2238 3038; baseline 0.009 -16"><span class='ocrx_word' id='word_1_1910' title='bbox 1193 2997 1271 3029; x_wconf 29' lang='lat' dir='ltr'>D-,de</span> <span class='ocrx_word' id='word_1_1911' title='bbox 1286 2998 1362 3023; x_wconf 86' lang='lat' dir='ltr'>seruo</span> <span class='ocrx_word' id='word_1_1912' title='bbox 1378 3002 1520 3036; x_wconf 74' lang='lat' dir='ltr'>corrupto,</span> <span class='ocrx_word' id='word_1_1913' title='bbox 1540 2997 1587 3024; x_wconf 89' lang='lat' dir='ltr'>Vel</span> <span class='ocrx_word' id='word_1_1914' title='bbox 1602 2997 1619 3023; x_wconf 88' lang='lat' dir='ltr'>si</span> <span class='ocrx_word' id='word_1_1915' title='bbox 1634 2999 1719 3025; x_wconf 68' lang='lat' dir='ltr'>actori</span> <span class='ocrx_word' id='word_1_1916' title='bbox 1733 2999 1825 3032; x_wconf 86' lang='lat' dir='ltr'>suasit,</span> <span class='ocrx_word' id='word_1_1917' title='bbox 1844 2997 1898 3027; x_wconf 80' lang='lat' dir='ltr'>fine</span> <span class='ocrx_word' id='word_1_1918' title='bbox 1911 3001 2015 3032; x_wconf 89' lang='lat' dir='ltr'>verbis,</span> <span class='ocrx_word' id='word_1_1919' title='bbox 2032 3003 2085 3029; x_wconf 87' lang='lat' dir='ltr'>siue</span> <span class='ocrx_word' id='word_1_1920' title='bbox 2096 3004 2192 3038; x_wconf 80' lang='lat' dir='ltr'>pretio,</span> <span class='ocrx_word' id='word_1_1921' title='bbox 2209 3011 2238 3031; x_wconf 91' lang='lat' dir='ltr'>vt</span> 
     </span>
     <span class='ocr_line' id='line_1_207' title="bbox 1192 3031 2240 3070; baseline 0.007 -11"><span class='ocrx_word' id='word_1_1922' title='bbox 1192 3033 1308 3059; x_wconf 87' lang='lat' dir='ltr'>rationes</span> <span class='ocrx_word' id='word_1_1923' title='bbox 1324 3031 1470 3058; x_wconf 83' lang='lat' dir='ltr'>dominicas</span> <span class='ocrx_word' id='word_1_1924' title='bbox 1484 3033 1672 3065; x_wconf 85' lang='lat' dir='ltr'>intercideret,</span> <span class='ocrx_word' id='word_1_1925' title='bbox 1690 3034 1732 3060; x_wconf 87' lang='lat' dir='ltr'>vel</span> <span class='ocrx_word' id='word_1_1926' title='bbox 1744 3034 1901 3062; x_wconf 87' lang='lat' dir='ltr'>adulteraret</span> <span class='ocrx_word' id='word_1_1927' title='bbox 1915 3046 1921 3062; x_wconf 74' lang='grc' dir='ltr'><strong><em>ε</em></strong></span> <span class='ocrx_word' id='word_1_1928' title='bbox 1945 3037 1985 3063; x_wconf 84' lang='lat' dir='ltr'>vel</span> <span class='ocrx_word' id='word_1_1929' title='bbox 2000 3038 2096 3070; x_wconf 86' lang='lat' dir='ltr'>etiam,</span> <span class='ocrx_word' id='word_1_1930' title='bbox 2115 3044 2144 3065; x_wconf 87' lang='lat' dir='ltr'>vt</span> <span class='ocrx_word' id='word_1_1931' title='bbox 2157 3040 2240 3066; x_wconf 75' lang='lat' dir='ltr'>ratio-</span> 
     </span>
     <span class='ocr_line' id='line_1_208' title="bbox 1191 3067 2238 3104; baseline 0.007 -10"><span class='ocrx_word' id='word_1_1932' title='bbox 1191 3077 1253 3094; x_wconf 90' lang='lat' dir='ltr'>nem</span> <span class='ocrx_word' id='word_1_1933' title='bbox 1266 3067 1315 3094; x_wconf 84' lang='lat' dir='ltr'>fibi</span> <span class='ocrx_word' id='word_1_1934' title='bbox 1327 3068 1488 3095; x_wconf 86' lang='lat' dir='ltr'>commissam</span> <span class='ocrx_word' id='word_1_1935' title='bbox 1501 3068 1628 3096; x_wconf 80' lang='lat' dir='ltr'>turbaret.</span> <span class='ocrx_word' id='word_1_1936' title='bbox 1682 3071 1722 3096; x_wconf 80' lang='lat' dir='ltr'>Sic</span> <span class='ocrx_word' id='word_1_1937' title='bbox 1735 3077 1759 3095; x_wconf 80' lang='lat' dir='ltr'>et</span> <span class='ocrx_word' id='word_1_1938' title='bbox 1777 3071 1879 3096; x_wconf 84' lang='lat' dir='ltr'>Paullus</span> <span class='ocrx_word' id='word_1_1939' title='bbox 1896 3071 1913 3097; x_wconf 82' lang='lat' dir='ltr'>l.</span> <span class='ocrx_word' id='word_1_1940' title='bbox 1927 3080 1952 3104; x_wconf 78' lang='lat'>23</span> <span class='ocrx_word' id='word_1_1941' title='bbox 1974 3072 2000 3098; x_wconf 76' lang='lat' dir='ltr'>fl&#39;.</span> <span class='ocrx_word' id='word_1_1942' title='bbox 2021 3072 2052 3098; x_wconf 89' lang='lat' dir='ltr'>ad</span> <span class='ocrx_word' id='word_1_1943' title='bbox 2066 3074 2094 3099; x_wconf 92' lang='lat' dir='ltr'>L.</span> <span class='ocrx_word' id='word_1_1944' title='bbox 2109 3074 2190 3100; x_wconf 85' lang='lat' dir='ltr'>Corn.</span> <span class='ocrx_word' id='word_1_1945' title='bbox 2204 3075 2238 3101; x_wconf 88' lang='lat' dir='ltr'>de</span> 
     </span>
     <span class='ocr_line' id='line_1_209' title="bbox 1192 3102 2236 3147; baseline 0.008 -18"><span class='ocrx_word' id='word_1_1946' title='bbox 1192 3103 1270 3130; x_wconf 85' lang='lat' dir='ltr'>falsis.</span> <span class='ocrx_word' id='word_1_1947' title='bbox 1343 3102 1485 3130; x_wconf 66' lang='lat' dir='ltr'>Adfeeium</span> <span class='ocrx_word' id='word_1_1948' title='bbox 1501 3103 1675 3132; x_wconf 88' lang='lat' dir='ltr'>humanarum</span> <span class='ocrx_word' id='word_1_1949' title='bbox 1691 3105 1904 3133; x_wconf 78' lang='lat' dir='ltr'>necessitudinum</span> <span class='ocrx_word' id='word_1_1950' title='bbox 1924 3107 2060 3142; x_wconf 68' lang='lat' dir='ltr'>Angnl‘tin.</span> <span class='ocrx_word' id='word_1_1951' title='bbox 2074 3109 2103 3135; x_wconf 94' lang='lat' dir='ltr'>C.</span> <span class='ocrx_word' id='word_1_1952' title='bbox 2114 3110 2146 3135; x_wconf 90' lang='lat' dir='ltr'>D.</span> <span class='ocrx_word' id='word_1_1953' title='bbox 2161 3118 2200 3143; x_wconf 84' lang='grc'>19,</span> <span class='ocrx_word' id='word_1_1954' title='bbox 2214 3115 2236 3147; x_wconf 76' lang='lat'>8.</span> 
     </span>
     <span class='ocr_line' id='line_1_210' title="bbox 1191 3138 2220 3174; baseline 0.002 -8"><span class='ocrx_word' id='word_1_1955' title='bbox 1191 3141 1276 3166; x_wconf 88' lang='lat' dir='ltr'>Venas</span> <span class='ocrx_word' id='word_1_1956' title='bbox 1294 3138 1361 3165; x_wconf 91' lang='lat' dir='ltr'>Plin.</span> <span class='ocrx_word' id='word_1_1957' title='bbox 1376 3147 1410 3171; x_wconf 91' lang='grc'>11,</span> <span class='ocrx_word' id='word_1_1958' title='bbox 1422 3147 1463 3174; x_wconf 86' lang='grc'>37.</span> <span class='ocrx_word' id='word_1_1959' title='bbox 2055 3147 2057 3151; x_wconf 74' lang='grc'>’</span> <span class='ocrx_word' id='word_1_1960' title='bbox 2218 3149 2220 3151; x_wconf 80' lang='grc'><strong>’</strong></span> 
     </span>
    </p>

    <p class='ocr_par' dir='ltr' id='par_1_63' title="bbox 1192 3173 2237 3601">
     <span class='ocr_line' id='line_1_211' title="bbox 1229 3173 2236 3212; baseline 0.007 -12"><span class='ocrx_word' id='word_1_1961' title='bbox 1229 3181 1239 3200; x_wconf 91' lang='grc'>1</span> <span class='ocrx_word' id='word_1_1962' title='bbox 1250 3181 1272 3200; x_wconf 83' lang='grc' dir='ltr'>Ν</span> <span class='ocrx_word' id='word_1_1963' title='bbox 1283 3180 1305 3201; x_wconf 83' lang='grc' dir='ltr'><strong>Τ</strong></span> <span class='ocrx_word' id='word_1_1964' title='bbox 1316 3181 1333 3200; x_wconf 83' lang='lat' dir='ltr'>E</span> <span class='ocrx_word' id='word_1_1965' title='bbox 1342 3181 1361 3201; x_wconf 84' lang='lat' dir='ltr'><strong>R</strong></span> <span class='ocrx_word' id='word_1_1966' title='bbox 1370 3180 1386 3200; x_wconf 90' lang='lat' dir='ltr'>c</span> <span class='ocrx_word' id='word_1_1967' title='bbox 1395 3177 1405 3200; x_wconf 90' lang='grc' dir='ltr'>ῑ</span> <span class='ocrx_word' id='word_1_1968' title='bbox 1415 3181 1457 3201; x_wconf 90' lang='lat' dir='ltr'>sv</span> <span class='ocrx_word' id='word_1_1969' title='bbox 1468 3181 1497 3207; x_wconf 81' lang='lat' dir='ltr'>s,</span> <span class='ocrx_word' id='word_1_1970' title='bbox 1522 3184 1551 3206; x_wconf 88' lang='lat' dir='ltr'>a,</span> <span class='ocrx_word' id='word_1_1971' title='bbox 1577 3183 1632 3201; x_wconf 89' lang='lat' dir='ltr'>um.</span> <span class='ocrx_word' id='word_1_1972' title='bbox 1672 3173 1766 3202; x_wconf 83' lang='lat' dir='ltr'>Partic.</span> <span class='ocrx_word' id='word_1_1973' title='bbox 1801 3173 1955 3212; x_wconf 66' lang='grc' dir='ltr'>[διακοπεὶς]</span> <span class='ocrx_word' id='word_1_1974' title='bbox 2003 3177 2128 3205; x_wconf 85' lang='lat' dir='ltr'>Intercisa</span> <span class='ocrx_word' id='word_1_1975' title='bbox 2150 3179 2236 3207; x_wconf 85' lang='lat' dir='ltr'>hostia</span> 
     </span>
     <span class='ocr_line' id='line_1_212' title="bbox 1193 3209 2236 3245; baseline 0.006 -9"><span class='ocrx_word' id='word_1_1976' title='bbox 1193 3209 1313 3237; x_wconf 88' lang='lat' dir='ltr'>Macrob.</span> <span class='ocrx_word' id='word_1_1977' title='bbox 1327 3210 1428 3236; x_wconf 88' lang='lat' dir='ltr'>Saturn.</span> <span class='ocrx_word' id='word_1_1978' title='bbox 1443 3218 1462 3240; x_wconf 87' lang='grc'>1,</span> <span class='ocrx_word' id='word_1_1979' title='bbox 1476 3213 1504 3237; x_wconf 89' lang='lat'>16</span> <span class='ocrx_word' id='word_1_1980' title='bbox 1518 3217 1561 3245; x_wconf 85' lang='lat' dir='ltr'>pr.</span> <span class='ocrx_word' id='word_1_1981' title='bbox 1594 3211 1618 3236; x_wconf 90' lang='lat' dir='ltr'>h.</span> <span class='ocrx_word' id='word_1_1982' title='bbox 1633 3219 1652 3236; x_wconf 83' lang='lat' dir='ltr'>e.</span> <span class='ocrx_word' id='word_1_1983' title='bbox 1672 3209 1782 3244; x_wconf 66' lang='lat' dir='ltr'>diffi’fsa.</span> <span class='ocrx_word' id='word_1_1984' title='bbox 1853 3213 1915 3238; x_wconf 84' lang='lat' dir='ltr'>Dies</span> <span class='ocrx_word' id='word_1_1985' title='bbox 1929 3213 2021 3240; x_wconf 88' lang='lat' dir='ltr'>Claud.</span> <span class='ocrx_word' id='word_1_1986' title='bbox 2031 3215 2109 3240; x_wconf 91' lang='lat' dir='ltr'>Cons.</span> <span class='ocrx_word' id='word_1_1987' title='bbox 2120 3215 2195 3241; x_wconf 86' lang='lat' dir='ltr'>Prob.</span> <span class='ocrx_word' id='word_1_1988' title='bbox 2209 3221 2236 3242; x_wconf 83' lang='lat' dir='ltr'>et</span> 
     </span>
     <span class='ocr_line' id='line_1_213' title="bbox 1193 3245 2236 3280; baseline 0.004 -7"><span class='ocrx_word' id='word_1_1989' title='bbox 1193 3245 1272 3278; x_wconf 91' lang='lat' dir='ltr'>Olyb.</span> <span class='ocrx_word' id='word_1_1990' title='bbox 1286 3253 1331 3280; x_wconf 87' lang='lat'>172</span> <span class='ocrx_word' id='word_1_1991' title='bbox 1349 3246 1416 3271; x_wconf 91' lang='lat' dir='ltr'>Ante</span> <span class='ocrx_word' id='word_1_1992' title='bbox 1428 3245 1563 3278; x_wconf 84' lang='lat' dir='ltr'>Chycsteis</span> <span class='ocrx_word' id='word_1_1993' title='bbox 1578 3245 1674 3272; x_wconf 86' lang='lat' dir='ltr'>iterum</span> <span class='ocrx_word' id='word_1_1994' title='bbox 1687 3247 1830 3273; x_wconf 76' lang='lat' dir='ltr'>conterrita</span> <span class='ocrx_word' id='word_1_1995' title='bbox 1843 3248 1934 3274; x_wconf 78' lang='lat' dir='ltr'>mensis</span> <span class='ocrx_word' id='word_1_1996' title='bbox 1947 3250 2069 3275; x_wconf 80' lang='lat' dir='ltr'>Intercisa</span> <span class='ocrx_word' id='word_1_1997' title='bbox 2082 3250 2145 3276; x_wconf 89' lang='lat' dir='ltr'>Dies</span> <span class='ocrx_word' id='word_1_1998' title='bbox 2165 3251 2236 3277; x_wconf 86' lang='lat' dir='ltr'>refu-</span> 
     </span>
     <span class='ocr_line' id='line_1_214' title="bbox 1193 3281 2237 3316; baseline 0.004 -8"><span class='ocrx_word' id='word_1_1999' title='bbox 1193 3290 1240 3315; x_wconf 86' lang='lat' dir='ltr'>gos</span> <span class='ocrx_word' id='word_1_2000' title='bbox 1254 3286 1372 3308; x_wconf 84' lang='lat' dir='ltr'>vertetur</span> <span class='ocrx_word' id='word_1_2001' title='bbox 1388 3281 1417 3307; x_wconf 92' lang='lat' dir='ltr'>in</span> <span class='ocrx_word' id='word_1_2002' title='bbox 1429 3287 1520 3313; x_wconf 89' lang='lat' dir='ltr'>ortus,</span> <span class='ocrx_word' id='word_1_2003' title='bbox 1543 3283 1561 3306; x_wconf 89' lang='lat' dir='ltr'>i.</span> <span class='ocrx_word' id='word_1_2004' title='bbox 1579 3283 1720 3316; x_wconf 70' lang='lat' dir='ltr'>interrupta</span> <span class='ocrx_word' id='word_1_2005' title='bbox 1735 3282 1842 3308; x_wconf 72' lang='lat' dir='ltr'>tenebris</span> <span class='ocrx_word' id='word_1_2006' title='bbox 1856 3283 1946 3309; x_wconf 69' lang='lat' dir='ltr'>meride</span> <span class='ocrx_word' id='word_1_2007' title='bbox 1960 3284 2060 3311; x_wconf 80' lang='lat' dir='ltr'>obortis.</span> <span class='ocrx_word' id='word_1_2008' title='bbox 2131 3286 2186 3312; x_wconf 92' lang='lat' dir='ltr'>Cic.</span> <span class='ocrx_word' id='word_1_2009' title='bbox 2206 3286 2237 3312; x_wconf 88' lang='lat' dir='ltr'>in</span> 
     </span>
     <span class='ocr_line' id='line_1_215' title="bbox 1193 3316 2235 3354; baseline 0.005 -11"><span class='ocrx_word' id='word_1_2010' title='bbox 1193 3316 1307 3343; x_wconf 83' lang='lat' dir='ltr'>Parad.6</span> <span class='ocrx_word' id='word_1_2011' title='bbox 1326 3325 1368 3342; x_wconf 88' lang='grc'>0.2</span> <span class='ocrx_word' id='word_1_2012' title='bbox 1387 3316 1442 3349; x_wconf 74' lang='lat' dir='ltr'>Qu</span> <span class='ocrx_word' id='word_1_2013' title='bbox 1455 3323 1510 3342; x_wconf 89' lang='lat' dir='ltr'>tuas</span> <span class='ocrx_word' id='word_1_2014' title='bbox 1525 3316 1673 3342; x_wconf 86' lang='lat' dir='ltr'>mercedum</span> <span class='ocrx_word' id='word_1_2015' title='bbox 1689 3316 1822 3350; x_wconf 66' lang='grc' dir='ltr'>113611011οε</span> <span class='ocrx_word' id='word_1_2016' title='bbox 1837 3318 1864 3344; x_wconf 85' lang='grc'>111</span> <span class='ocrx_word' id='word_1_2017' title='bbox 1878 3319 2033 3351; x_wconf 80' lang='lat' dir='ltr'>patrociniis</span> <span class='ocrx_word' id='word_1_2018' title='bbox 2049 3320 2197 3354; x_wconf 86' lang='lat' dir='ltr'>intercisas,</span> <span class='ocrx_word' id='word_1_2019' title='bbox 2215 3325 2235 3348; x_wconf 81' lang='lat' dir='ltr'>i.</span> 
     </span>
     <span class='ocr_line' id='line_1_216' title="bbox 1192 3349 2237 3388; baseline 0.004 -10"><span class='ocrx_word' id='word_1_2020' title='bbox 1192 3352 1327 3387; x_wconf 79' lang='lat' dir='ltr'>abruptas,</span> <span class='ocrx_word' id='word_1_2021' title='bbox 1339 3361 1387 3377; x_wconf 84' lang='lat' dir='ltr'>non</span> <span class='ocrx_word' id='word_1_2022' title='bbox 1396 3349 1536 3387; x_wconf 66' lang='lat' dir='ltr'>perfeHas.</span> <span class='ocrx_word' id='word_1_2023' title='bbox 1573 3350 1620 3377; x_wconf 75' lang='lat' dir='ltr'>Sed</span> <span class='ocrx_word' id='word_1_2024' title='bbox 1626 3351 1739 3385; x_wconf 64' lang='lat' dir='ltr'>praestat</span> <span class='ocrx_word' id='word_1_2025' title='bbox 1751 3354 1830 3378; x_wconf 71' lang='lat' dir='ltr'>altera</span> <span class='ocrx_word' id='word_1_2026' title='bbox 1844 3353 1927 3385; x_wconf 68' lang='lat' dir='ltr'>lefflo,</span> <span class='ocrx_word' id='word_1_2027' title='bbox 1941 3355 1968 3380; x_wconf 92' lang='lat' dir='ltr'>in</span> <span class='ocrx_word' id='word_1_2028' title='bbox 1980 3356 2141 3388; x_wconf 67' lang='lat' dir='ltr'>patrociniis.</span> <span class='ocrx_word' id='word_1_2029' title='bbox 2154 3357 2237 3384; x_wconf 40' lang='lat' dir='ltr'>interv-</span> 
     </span>
     <span class='ocr_line' id='line_1_217' title="bbox 1194 3386 2236 3424; baseline 0.004 -11"><span class='ocrx_word' id='word_1_2030' title='bbox 1194 3387 1315 3413; x_wconf 82' lang='lat' dir='ltr'>ceffiones</span> <span class='ocrx_word' id='word_1_2031' title='bbox 1329 3387 1498 3421; x_wconf 87' lang='lat' dir='ltr'>pecuniarum</span> <span class='ocrx_word' id='word_1_2032' title='bbox 1514 3386 1542 3411; x_wconf 91' lang='lat' dir='ltr'>in</span> <span class='ocrx_word' id='word_1_2033' title='bbox 1555 3386 1718 3413; x_wconf 83' lang='lat' dir='ltr'>coitionibus</span> <span class='ocrx_word' id='word_1_2034' title='bbox 1732 3386 1941 3414; x_wconf 85' lang='lat' dir='ltr'>candidatorum.</span> <span class='ocrx_word' id='word_1_2035' title='bbox 2039 3389 2155 3416; x_wconf 84' lang='lat' dir='ltr'>Intercisi</span> <span class='ocrx_word' id='word_1_2036' title='bbox 2169 3391 2236 3424; x_wconf 81' lang='lat' dir='ltr'>dies,</span> 
     </span>
     <span class='ocr_line' id='line_1_218' title="bbox 1194 3420 2235 3458; baseline 0 -9"><span class='ocrx_word' id='word_1_2037' title='bbox 1194 3423 1223 3449; x_wconf 90' lang='lat' dir='ltr'>in</span> <span class='ocrx_word' id='word_1_2038' title='bbox 1238 3423 1353 3455; x_wconf 83' lang='lat' dir='ltr'>se,&#39;non</span> <span class='ocrx_word' id='word_1_2039' title='bbox 1367 3422 1394 3447; x_wconf 91' lang='lat' dir='ltr'>in</span> <span class='ocrx_word' id='word_1_2040' title='bbox 1410 3421 1461 3447; x_wconf 89' lang='lat' dir='ltr'>alia</span> <span class='ocrx_word' id='word_1_2041' title='bbox 1474 3420 1640 3447; x_wconf 87' lang='lat' dir='ltr'>diuiduntur.</span> <span class='ocrx_word' id='word_1_2042' title='bbox 1681 3421 1793 3447; x_wconf 86' lang='lat' dir='ltr'>Illorum</span> <span class='ocrx_word' id='word_1_2043' title='bbox 1803 3423 1882 3456; x_wconf 33' lang='lat' dir='ltr'>,enim</span> <span class='ocrx_word' id='word_1_2044' title='bbox 1898 3422 2002 3449; x_wconf 88' lang='lat' dir='ltr'>dierum</span> <span class='ocrx_word' id='word_1_2045' title='bbox 2017 3424 2173 3458; x_wconf 84' lang='lat' dir='ltr'>quibusdam</span> <span class='ocrx_word' id='word_1_2046' title='bbox 2187 3425 2235 3452; x_wconf 77' lang='lat' dir='ltr'>ho.</span> 
     </span>
     <span class='ocr_line' id='line_1_219' title="bbox 1194 3455 2237 3493; baseline 0.004 -9"><span class='ocrx_word' id='word_1_2047' title='bbox 1194 3459 1231 3485; x_wconf 84' lang='lat' dir='ltr'>ris</span> <span class='ocrx_word' id='word_1_2048' title='bbox 1244 3458 1283 3484; x_wconf 89' lang='lat' dir='ltr'>fas</span> <span class='ocrx_word' id='word_1_2049' title='bbox 1297 3458 1348 3488; x_wconf 89' lang='lat' dir='ltr'>est,</span> <span class='ocrx_word' id='word_1_2050' title='bbox 1368 3455 1526 3491; x_wconf 88' lang='lat' dir='ltr'>quibusdam</span> <span class='ocrx_word' id='word_1_2051' title='bbox 1545 3456 1583 3482; x_wconf 87' lang='lat' dir='ltr'>fas</span> <span class='ocrx_word' id='word_1_2052' title='bbox 1596 3465 1648 3482; x_wconf 87' lang='lat' dir='ltr'>non</span> <span class='ocrx_word' id='word_1_2053' title='bbox 1665 3456 1700 3482; x_wconf 87' lang='lat' dir='ltr'>est</span> <span class='ocrx_word' id='word_1_2054' title='bbox 1715 3457 1755 3482; x_wconf 81' lang='lat' dir='ltr'>ius</span> <span class='ocrx_word' id='word_1_2055' title='bbox 1766 3457 1862 3483; x_wconf 82' lang='lat' dir='ltr'>dicere.</span> <span class='ocrx_word' id='word_1_2056' title='bbox 1905 3458 1974 3484; x_wconf 89' lang='lat' dir='ltr'>Nam</span> <span class='ocrx_word' id='word_1_2057' title='bbox 1989 3468 2070 3493; x_wconf 89' lang='lat' dir='ltr'>quum</span> <span class='ocrx_word' id='word_1_2058' title='bbox 2085 3459 2168 3487; x_wconf 83' lang='lat' dir='ltr'>hostia</span> <span class='ocrx_word' id='word_1_2059' title='bbox 2180 3470 2237 3488; x_wconf 90' lang='lat' dir='ltr'>cae·</span> 
     </span>
     <span class='ocr_line' id='line_1_220' title="bbox 1195 3491 2236 3526; baseline 0.003 -6"><span class='ocrx_word' id='word_1_2060' title='bbox 1195 3493 1283 3525; x_wconf 87' lang='lat' dir='ltr'>ditur,</span> <span class='ocrx_word' id='word_1_2061' title='bbox 1301 3493 1354 3519; x_wconf 85' lang='lat' dir='ltr'>fari</span> <span class='ocrx_word' id='word_1_2062' title='bbox 1367 3492 1439 3518; x_wconf 86' lang='lat' dir='ltr'>nefas</span> <span class='ocrx_word' id='word_1_2063' title='bbox 1452 3491 1506 3517; x_wconf 84' lang='lat' dir='ltr'>est:</span> <span class='ocrx_word' id='word_1_2064' title='bbox 1531 3491 1600 3518; x_wconf 88' lang='lat' dir='ltr'>inter</span> <span class='ocrx_word' id='word_1_2065' title='bbox 1617 3492 1686 3517; x_wconf 77' lang='lat' dir='ltr'>caesa</span> <span class='ocrx_word' id='word_1_2066' title='bbox 1702 3498 1726 3518; x_wconf 91' lang='lat' dir='ltr'>et</span> <span class='ocrx_word' id='word_1_2067' title='bbox 1741 3493 1877 3526; x_wconf 68' lang='lat' dir='ltr'>porrec&#39;ia,</span> <span class='ocrx_word' id='word_1_2068' title='bbox 1895 3492 1947 3520; x_wconf 87' lang='lat' dir='ltr'>fari</span> <span class='ocrx_word' id='word_1_2069' title='bbox 1961 3494 2022 3520; x_wconf 88' lang='lat' dir='ltr'>licet</span> <span class='ocrx_word' id='word_1_2070' title='bbox 2037 3505 2042 3520; x_wconf 90' lang='lat'><strong>:</strong></span> <span class='ocrx_word' id='word_1_2071' title='bbox 2067 3496 2155 3522; x_wconf 90' lang='lat' dir='ltr'>rursus</span> <span class='ocrx_word' id='word_1_2072' title='bbox 2175 3506 2236 3524; x_wconf 80' lang='lat' dir='ltr'>cum</span> 
     </span>
     <span class='ocr_line' id='line_1_221' title="bbox 1194 3526 2235 3560; baseline 0.004 -6"><span class='ocrx_word' id='word_1_2073' title='bbox 1194 3528 1334 3560; x_wconf 81' lang='lat' dir='ltr'>adoletur,</span> <span class='ocrx_word' id='word_1_2074' title='bbox 1353 3536 1408 3553; x_wconf 88' lang='lat' dir='ltr'>non</span> <span class='ocrx_word' id='word_1_2075' title='bbox 1421 3527 1491 3553; x_wconf 89' lang='lat' dir='ltr'>licet.</span> <span class='ocrx_word' id='word_1_2076' title='bbox 1528 3527 1596 3553; x_wconf 70' lang='lat' dir='ltr'>Haec</span> <span class='ocrx_word' id='word_1_2077' title='bbox 1609 3526 1728 3553; x_wconf 85' lang='lat' dir='ltr'>Macrob.</span> <span class='ocrx_word' id='word_1_2078' title='bbox 1738 3528 1838 3554; x_wconf 84' lang='lat' dir='ltr'>Saturn.</span> <span class='ocrx_word' id='word_1_2079' title='bbox 1852 3537 1871 3560; x_wconf 88' lang='lat'>1,</span> <span class='ocrx_word' id='word_1_2080' title='bbox 1885 3531 1920 3555; x_wconf 84' lang='lat'>16.</span> <span class='ocrx_word' id='word_1_2081' title='bbox 1955 3530 2082 3556; x_wconf 86' lang='lat' dir='ltr'>Varronis</span> <span class='ocrx_word' id='word_1_2082' title='bbox 2095 3532 2170 3557; x_wconf 84' lang='lat' dir='ltr'>Iocum</span> <span class='ocrx_word' id='word_1_2083' title='bbox 2182 3533 2235 3559; x_wconf 82' lang='lat' dir='ltr'>vid.</span> 
     </span>
     <span class='ocr_line' id='line_1_222' title="bbox 1193 3559 2235 3601; baseline 0.004 -11"><span class='ocrx_word' id='word_1_2084' title='bbox 1193 3573 1251 3590; x_wconf 82' lang='lat' dir='ltr'>voce</span> <span class='ocrx_word' id='word_1_2085' title='bbox 1271 3570 1316 3589; x_wconf 75' lang='grc' dir='ltr'>ΡΑ</span> <span class='ocrx_word' id='word_1_2086' title='bbox 1324 3570 1346 3590; x_wconf 85' lang='lat' dir='ltr'>S.</span> <span class='ocrx_word' id='word_1_2087' title='bbox 1404 3563 1435 3589; x_wconf 84' lang='lat' dir='ltr'>In</span> <span class='ocrx_word' id='word_1_2088' title='bbox 1449 3559 1528 3595; x_wconf 78' lang='lat' dir='ltr'>Fastis</span> <span class='ocrx_word' id='word_1_2089' title='bbox 1549 3569 1669 3588; x_wconf 78' lang='lat' dir='ltr'>notantur</span> <span class='ocrx_word' id='word_1_2090' title='bbox 1682 3569 1729 3597; x_wconf 78' lang='lat' dir='ltr'>per</span> <span class='ocrx_word' id='word_1_2091' title='bbox 1743 3569 1802 3596; x_wconf 81' lang='lat' dir='ltr'>EN,</span> <span class='ocrx_word' id='word_1_2092' title='bbox 1831 3567 1849 3590; x_wconf 84' lang='lat' dir='ltr'>i.</span> <span class='ocrx_word' id='word_1_2093' title='bbox 1863 3563 2035 3597; x_wconf 60' lang='lat' dir='ltr'>endotercifi,</span> <span class='ocrx_word' id='word_1_2094' title='bbox 2046 3572 2096 3601; x_wconf 71' lang='lat' dir='ltr'>pro</span> <span class='ocrx_word' id='word_1_2095' title='bbox 2110 3567 2235 3594; x_wconf 77' lang='lat' dir='ltr'>intercisi.</span> 
     </span>
    </p>
   </div>
   <div class='ocr_carea' id='block_1_53' title="bbox 1068 3596 1720 3633">
    <p class='ocr_par' dir='ltr' id='par_1_64' title="bbox 1068 3596 1720 3633">
     <span class='ocr_line' id='line_1_223' title="bbox 1068 3596 1720 3633; baseline -0.003 -8"><span class='ocrx_word' id='word_1_2096' title='bbox 1068 3596 1130 3622; x_wconf 82' lang='lat' dir='ltr'>Liu·</span> <span class='ocrx_word' id='word_1_2097' title='bbox 1145 3607 1178 3633; x_wconf 82' lang='lat'>95</span> <span class='ocrx_word' id='word_1_2098' title='bbox 1194 3600 1290 3633; x_wconf 82' lang='lat' dir='ltr'>Iugum</span> <span class='ocrx_word' id='word_1_2099' title='bbox 1304 3597 1455 3624; x_wconf 83' lang='lat' dir='ltr'>intercisum</span> <span class='ocrx_word' id='word_1_2100' title='bbox 1467 3598 1538 3624; x_wconf 87' lang='lat' dir='ltr'>Caes.</span> <span class='ocrx_word' id='word_1_2101' title='bbox 1553 3597 1581 3623; x_wconf 86' lang='lat' dir='ltr'>B.</span> <span class='ocrx_word' id='word_1_2102' title='bbox 1594 3597 1625 3623; x_wconf 89' lang='lat' dir='ltr'>G.</span> <span class='ocrx_word' id='word_1_2103' title='bbox 1639 3602 1668 3627; x_wconf 82' lang='lat'>8,</span> <span class='ocrx_word' id='word_1_2104' title='bbox 1682 3606 1720 3630; x_wconf 84' lang='lat'>14.</span> 
     </span>
    </p>
   </div>
   <div class='ocr_carea' id='block_1_54' title="bbox 1194 3631 2236 3947">
    <p class='ocr_par' dir='ltr' id='par_1_65' title="bbox 1194 3631 2235 3774">
     <span class='ocr_line' id='line_1_224' title="bbox 1230 3631 2234 3671; baseline 0.003 -12"><span class='ocrx_word' id='word_1_2105' title='bbox 1230 3641 1240 3659; x_wconf 94' lang='lat'>1</span> <span class='ocrx_word' id='word_1_2106' title='bbox 1249 3641 1270 3660; x_wconf 86' lang='lat' dir='ltr'>N</span> <span class='ocrx_word' id='word_1_2107' title='bbox 1280 3638 1301 3661; x_wconf 76' lang='lat' dir='ltr'>&#39;r</span> <span class='ocrx_word' id='word_1_2108' title='bbox 1311 3640 1326 3659; x_wconf 84' lang='lat' dir='ltr'>E</span> <span class='ocrx_word' id='word_1_2109' title='bbox 1336 3640 1380 3660; x_wconf 83' lang='lat' dir='ltr'>Rc</span> <span class='ocrx_word' id='word_1_2110' title='bbox 1389 3635 1423 3659; x_wconf 77' lang='lat' dir='ltr'>fs</span> <span class='ocrx_word' id='word_1_2111' title='bbox 1432 3639 1449 3658; x_wconf 76' lang='lat' dir='ltr'>F,</span> <span class='ocrx_word' id='word_1_2112' title='bbox 1458 3652 1465 3659; x_wconf 92' lang='lat'>.</span> <span class='ocrx_word' id='word_1_2113' title='bbox 1501 3631 1568 3658; x_wconf 87' lang='lat' dir='ltr'>Adu.</span> <span class='ocrx_word' id='word_1_2114' title='bbox 1610 3633 1620 3663; x_wconf 91' lang='lat'>[</span> <span class='ocrx_word' id='word_1_2115' title='bbox 1634 3631 1822 3664; x_wconf 65' lang='grc' dir='ltr'>διακεκομμΐνως</span> <span class='ocrx_word' id='word_1_2116' title='bbox 1835 3634 1848 3668; x_wconf 92' lang='grc'>]</span> <span class='ocrx_word' id='word_1_2117' title='bbox 1889 3632 1980 3661; x_wconf 69' lang='grc' dir='ltr'><em>ςεξῖίηι</em></span> <span class='ocrx_word' id='word_1_2118' title='bbox 1998 3642 2022 3662; x_wconf 71' lang='lat' dir='ltr'>et</span> <span class='ocrx_word' id='word_1_2119' title='bbox 2035 3642 2082 3671; x_wconf 82' lang='lat' dir='ltr'>per</span> <span class='ocrx_word' id='word_1_2120' title='bbox 2100 3636 2234 3669; x_wconf 77' lang='lat' dir='ltr'>incifiones.</span> 
     </span>
     <span class='ocr_line' id='line_1_225' title="bbox 1196 3668 2235 3705; baseline 0.001 -9"><span class='ocrx_word' id='word_1_2121' title='bbox 1196 3668 1253 3696; x_wconf 86' lang='lat' dir='ltr'>Cic.</span> <span class='ocrx_word' id='word_1_2122' title='bbox 1267 3669 1294 3695; x_wconf 87' lang='lat' dir='ltr'>in</span> <span class='ocrx_word' id='word_1_2123' title='bbox 1310 3669 1399 3695; x_wconf 84' lang='lat' dir='ltr'>Partit.</span> <span class='ocrx_word' id='word_1_2124' title='bbox 1414 3676 1450 3701; x_wconf 81' lang='lat'>24</span> <span class='ocrx_word' id='word_1_2125' title='bbox 1470 3677 1491 3694; x_wconf 92' lang='lat' dir='ltr'>c.</span> <span class='ocrx_word' id='word_1_2126' title='bbox 1504 3675 1521 3701; x_wconf 82' lang='lat'>7</span> <span class='ocrx_word' id='word_1_2127' title='bbox 1549 3669 1699 3693; x_wconf 87' lang='lat' dir='ltr'>Inuertatnr</span> <span class='ocrx_word' id='word_1_2128' title='bbox 1716 3668 1798 3698; x_wconf 85' lang='lat' dir='ltr'>ordo,</span> <span class='ocrx_word' id='word_1_2129' title='bbox 1816 3675 1841 3695; x_wconf 89' lang='lat' dir='ltr'>et</span> <span class='ocrx_word' id='word_1_2130' title='bbox 1856 3668 1928 3696; x_wconf 85' lang='lat' dir='ltr'>idem</span> <span class='ocrx_word' id='word_1_2131' title='bbox 1945 3670 2015 3705; x_wconf 84' lang='lat' dir='ltr'>quasi</span> <span class='ocrx_word' id='word_1_2132' title='bbox 2034 3673 2132 3699; x_wconf 84' lang='lat' dir='ltr'>sui-suni</span> <span class='ocrx_word' id='word_1_2133' title='bbox 2146 3671 2235 3697; x_wconf 74' lang='lat' dir='ltr'>versus</span> 
     </span>
     <span class='ocr_line' id='line_1_226' title="bbox 1194 3702 2234 3740; baseline 0 -10"><span class='ocrx_word' id='word_1_2134' title='bbox 1194 3710 1322 3739; x_wconf 84' lang='lat' dir='ltr'>retroque</span> <span class='ocrx_word' id='word_1_2135' title='bbox 1335 3704 1436 3730; x_wconf 89' lang='lat' dir='ltr'>dicatur</span> <span class='ocrx_word' id='word_1_2136' title='bbox 1450 3714 1455 3729; x_wconf 89' lang='lat'>:</span> <span class='ocrx_word' id='word_1_2137' title='bbox 1481 3703 1576 3729; x_wconf 86' lang='lat' dir='ltr'>deinde</span> <span class='ocrx_word' id='word_1_2138' title='bbox 1589 3702 1660 3729; x_wconf 82' lang='lat' dir='ltr'>idem</span> <span class='ocrx_word' id='word_1_2139' title='bbox 1673 3703 1795 3729; x_wconf 70' lang='lat' dir='ltr'>intercise</span> <span class='ocrx_word' id='word_1_2140' title='bbox 1808 3709 1886 3739; x_wconf 85' lang='lat' dir='ltr'>atque</span> <span class='ocrx_word' id='word_1_2141' title='bbox 1898 3706 2029 3740; x_wconf 83' lang='lat' dir='ltr'>permiste.</span> <span class='ocrx_word' id='word_1_2142' title='bbox 2099 3705 2165 3731; x_wconf 87' lang='lat' dir='ltr'>Gell.</span> <span class='ocrx_word' id='word_1_2143' title='bbox 2180 3714 2234 3736; x_wconf 75' lang='lat'>11,:.</span> 
     </span>
     <span class='ocr_line' id='line_1_227' title="bbox 1195 3739 1490 3774; baseline -0.003 -9"><span class='ocrx_word' id='word_1_2144' title='bbox 1195 3739 1306 3774; x_wconf 83' lang='lat' dir='ltr'>Sparfim</span> <span class='ocrx_word' id='word_1_2145' title='bbox 1322 3746 1347 3766; x_wconf 86' lang='lat' dir='ltr'>et</span> <span class='ocrx_word' id='word_1_2146' title='bbox 1362 3739 1490 3766; x_wconf 88' lang='lat' dir='ltr'>intercise.</span> 
     </span>
    </p>

    <p class='ocr_par' dir='ltr' id='par_1_66' title="bbox 1196 3771 2236 3881">
     <span class='ocr_line' id='line_1_228' title="bbox 1233 3771 2236 3808; baseline -0.001 -8"><span class='ocrx_word' id='word_1_2147' title='bbox 1233 3781 1242 3799; x_wconf 93' lang='lat'>1</span> <span class='ocrx_word' id='word_1_2148' title='bbox 1253 3782 1274 3800; x_wconf 82' lang='lat' dir='ltr'>N</span> <span class='ocrx_word' id='word_1_2149' title='bbox 1286 3781 1308 3801; x_wconf 85' lang='grc' dir='ltr'><strong>Τ</strong></span> <span class='ocrx_word' id='word_1_2150' title='bbox 1318 3778 1363 3802; x_wconf 74' lang='lat' dir='ltr'>ER</span> <span class='ocrx_word' id='word_1_2151' title='bbox 1372 3781 1389 3802; x_wconf 90' lang='lat' dir='ltr'>c</span> <span class='ocrx_word' id='word_1_2152' title='bbox 1399 3781 1408 3799; x_wconf 88' lang='lat'>1</span> <span class='ocrx_word' id='word_1_2153' title='bbox 1418 3781 1430 3800; x_wconf 88' lang='lat' dir='ltr'>s</span> <span class='ocrx_word' id='word_1_2154' title='bbox 1440 3780 1491 3804; x_wconf 81' lang='grc'>10,</span> <span class='ocrx_word' id='word_1_2155' title='bbox 1512 3772 1579 3799; x_wconf 75' lang='lat' dir='ltr'>anis.</span> <span class='ocrx_word' id='word_1_2156' title='bbox 1614 3773 1635 3799; x_wconf 87' lang='lat' dir='ltr'>f.</span> <span class='ocrx_word' id='word_1_2157' title='bbox 1672 3773 1686 3806; x_wconf 90' lang='lat'>[</span> <span class='ocrx_word' id='word_1_2158' title='bbox 1693 3771 1811 3808; x_wconf 67' lang='grc' dir='ltr'>διαιιοιτή]</span> <span class='ocrx_word' id='word_1_2159' title='bbox 1844 3775 2024 3803; x_wconf 80' lang='lat' dir='ltr'>Intercifiones</span> <span class='ocrx_word' id='word_1_2160' title='bbox 2037 3773 2161 3800; x_wconf 73' lang='lat' dir='ltr'>steinachi</span> <span class='ocrx_word' id='word_1_2161' title='bbox 2173 3774 2236 3807; x_wconf 63' lang='lat' dir='ltr'>(alii</span> 
     </span>
     <span class='ocr_line' id='line_1_229' title="bbox 1197 3807 2236 3845; baseline 0.004 -10"><span class='ocrx_word' id='word_1_2162' title='bbox 1197 3811 1244 3845; x_wconf 75' lang='lat' dir='ltr'>leg.</span> <span class='ocrx_word' id='word_1_2163' title='bbox 1259 3810 1325 3836; x_wconf 87' lang='lat' dir='ltr'>Item</span> <span class='ocrx_word' id='word_1_2164' title='bbox 1337 3810 1470 3840; x_wconf 85' lang='lat' dir='ltr'>rosiones)</span> <span class='ocrx_word' id='word_1_2165' title='bbox 1491 3808 1557 3834; x_wconf 90' lang='lat' dir='ltr'>Plin.</span> <span class='ocrx_word' id='word_1_2166' title='bbox 1571 3816 1612 3840; x_wconf 87' lang='lat'>20,</span> <span class='ocrx_word' id='word_1_2167' title='bbox 1627 3817 1656 3841; x_wconf 83' lang='lat'>¹4</span> <span class='ocrx_word' id='word_1_2168' title='bbox 1680 3819 1739 3835; x_wconf 44' lang='lat' dir='ltr'>tuas</span> <span class='ocrx_word' id='word_1_2169' title='bbox 1751 3810 1908 3845; x_wconf 64' lang='lat' dir='ltr'>Dioscorides</span> <span class='ocrx_word' id='word_1_2170' title='bbox 1923 3820 1947 3842; x_wconf 77' lang='lat'>3,</span> <span class='ocrx_word' id='word_1_2171' title='bbox 1962 3814 1996 3836; x_wconf 81' lang='lat'>26</span> <span class='ocrx_word' id='word_1_2172' title='bbox 2018 3807 2111 3840; x_wconf 59' lang='grc' dir='ltr'>δηγμὲῑ</span> <span class='ocrx_word' id='word_1_2173' title='bbox 2121 3809 2236 3841; x_wconf 59' lang='grc' dir='ltr'>ςσμάχ-ῐ,</span> 
     </span>
     <span class='ocr_line' id='line_1_230' title="bbox 1196 3843 2189 3881; baseline -0.002 -10"><span class='ocrx_word' id='word_1_2174' title='bbox 1196 3846 1225 3871; x_wconf 79' lang='lat' dir='ltr'>id</span> <span class='ocrx_word' id='word_1_2175' title='bbox 1242 3843 1276 3877; x_wconf 81' lang='lat' dir='ltr'>est</span> <span class='ocrx_word' id='word_1_2176' title='bbox 1295 3845 1388 3880; x_wconf 68' lang='lat' dir='ltr'>morfia</span> <span class='ocrx_word' id='word_1_2177' title='bbox 1408 3851 1431 3870; x_wconf 81' lang='lat' dir='ltr'>et</span> <span class='ocrx_word' id='word_1_2178' title='bbox 1452 3843 1567 3876; x_wconf 74' lang='lat' dir='ltr'>erofiones</span> <span class='ocrx_word' id='word_1_2179' title='bbox 1578 3843 1674 3876; x_wconf 68' lang='lat' dir='ltr'>stomac</span> <span class='ocrx_word' id='word_1_2180' title='bbox 1693 3847 1718 3876; x_wconf 89' lang='grc' dir='ltr'>ι’,</span> <span class='ocrx_word' id='word_1_2181' title='bbox 1735 3853 1817 3871; x_wconf 79' lang='lat' dir='ltr'>vocat.</span> <span class='ocrx_word' id='word_1_2182' title='bbox 1853 3847 1926 3881; x_wconf 82' lang='lat' dir='ltr'>Conf.</span> <span class='ocrx_word' id='word_1_2183' title='bbox 1945 3849 2189 3871; x_wconf 66' lang='lat' dir='ltr'>iNTissizcinoNA.</span> 
     </span>
    </p>

    <p class='ocr_par' dir='ltr' id='par_1_67' title="bbox 1234 3877 2066 3941">
     <span class='ocr_line' id='line_1_231' title="bbox 1234 3877 2066 3941; baseline -0.002 -35"><span class='ocrx_word' id='word_1_2184' title='bbox 1234 3883 1423 3907; x_wconf 77' lang='lat' dir='ltr'>1N⁷rERcis</span> <span class='ocrx_word' id='word_1_2185' title='bbox 1434 3886 1442 3904; x_wconf 95' lang='lat'>1</span> <span class='ocrx_word' id='word_1_2186' title='bbox 1453 3883 1550 3911; x_wconf 73' lang='grc' dir='ltr'>ΜΕΝ,</span> <span class='ocrx_word' id='word_1_2187' title='bbox 1575 3879 1635 3905; x_wconf 64' lang='lat' dir='ltr'>inis.</span> <span class='ocrx_word' id='word_1_2188' title='bbox 1671 3880 1812 3941; x_wconf 31' lang='lat' dir='ltr'>mlx-gloss.</span> <span class='ocrx_word' id='word_1_2189' title='bbox 1829 3881 1885 3907; x_wconf 80' lang='lat' dir='ltr'>Lat.</span> <span class='ocrx_word' id='word_1_2190' title='bbox 1901 3881 1945 3906; x_wconf 85' lang='lat' dir='ltr'>Gr.</span> <span class='ocrx_word' id='word_1_2191' title='bbox 1961 3877 2066 3906; x_wconf 59' lang='lat' dir='ltr'>sanavi.</span> 
     </span>
    </p>

    <p class='ocr_par' dir='ltr' id='par_1_68' title="bbox 1573 3923 1766 3947">
     <span class='ocr_line' id='line_1_232' title="bbox 1573 3923 1766 3947; baseline 0.016 -8"><span class='ocrx_word' id='word_1_2192' title='bbox 1573 3923 1597 3947; x_wconf 74' lang='lat' dir='ltr'>a,</span> <span class='ocrx_word' id='word_1_2193' title='bbox 1614 3923 1667 3941; x_wconf 90' lang='lat' dir='ltr'>um.</span> <span class='ocrx_word' id='word_1_2194' title='bbox 1747 3924 1766 3942; x_wconf 89' lang='lat'>1.</span> 
     </span>
    </p>
   </div>
   <div class='ocr_carea' id='block_1_55' title="bbox 1234 3913 2238 3950">
    <p class='ocr_par' dir='ltr' id='par_1_69' title="bbox 1234 3913 2238 3950">
     <span class='ocr_line' id='line_1_233' title="bbox 1234 3913 2238 3950; baseline 0 -10"><span class='ocrx_word' id='word_1_2195' title='bbox 1234 3918 1244 3940; x_wconf 89' lang='lat'>1</span> <span class='ocrx_word' id='word_1_2196' title='bbox 1254 3922 1276 3940; x_wconf 87' lang='lat' dir='ltr'>N</span> <span class='ocrx_word' id='word_1_2197' title='bbox 1284 3921 1330 3941; x_wconf 78' lang='grc' dir='ltr'>ΤΕ</span> <span class='ocrx_word' id='word_1_2198' title='bbox 1340 3922 1357 3941; x_wconf 79' lang='lat' dir='ltr'>R</span> <span class='ocrx_word' id='word_1_2199' title='bbox 1369 3921 1386 3941; x_wconf 88' lang='lat' dir='ltr'>c</span> <span class='ocrx_word' id='word_1_2200' title='bbox 1397 3922 1427 3941; x_wconf 89' lang='lat' dir='ltr'>is</span> <span class='ocrx_word' id='word_1_2201' title='bbox 1438 3916 1452 3940; x_wconf 85' lang='grc'>1·</span> <span class='ocrx_word' id='word_1_2202' title='bbox 1460 3920 1480 3938; x_wconf 88' lang='lat' dir='ltr'>v</span> <span class='ocrx_word' id='word_1_2203' title='bbox 1490 3920 1510 3939; x_wconf 93' lang='lat' dir='ltr'>v</span> <span class='ocrx_word' id='word_1_2204' title='bbox 1520 3922 1549 3947; x_wconf 89' lang='lat' dir='ltr'>s,</span> <span class='ocrx_word' id='word_1_2205' title='bbox 1804 3916 1912 3942; x_wconf 81' lang='lat' dir='ltr'>Limites</span> <span class='ocrx_word' id='word_1_2206' title='bbox 1931 3913 2074 3940; x_wconf 78' lang='lat' dir='ltr'>intcrcifini</span> <span class='ocrx_word' id='word_1_2207' title='bbox 2087 3923 2093 3937; x_wconf 68' lang='grc' dir='ltr'><em>ι</em></span> <span class='ocrx_word' id='word_1_2208' title='bbox 2112 3913 2172 3949; x_wconf 76' lang='lat' dir='ltr'>scit.</span> <span class='ocrx_word' id='word_1_2209' title='bbox 2193 3916 2238 3950; x_wconf 73' lang='lat' dir='ltr'>qui</span> 
     </span>
    </p>
   </div>
   <div class='ocr_carea' id='block_1_56' title="bbox 91 3947 2097 3990">
    <p class='ocr_par' dir='ltr' id='par_1_70' title="bbox 91 3947 2097 3990">
     <span class='ocr_line' id='line_1_234' title="bbox 91 3947 2097 3990; baseline -0.004 -8"><span class='ocrx_word' id='word_1_2210' title='bbox 91 3956 106 3977; x_wconf 68' lang='grc' dir='ltr'>Ι</span> <span class='ocrx_word' id='word_1_2211' title='bbox 127 3957 154 3984; x_wconf 84' lang='lat' dir='ltr'>P·</span> <span class='ocrx_word' id='word_1_2212' title='bbox 165 3955 210 3984; x_wconf 80' lang='lat'>57¹</span> <span class='ocrx_word' id='word_1_2213' title='bbox 229 3950 318 3978; x_wconf 78' lang='lat' dir='ltr'>Graeu.</span> <span class='ocrx_word' id='word_1_2214' title='bbox 332 3956 362 3985; x_wconf 84' lang='grc'>17</span> <span class='ocrx_word' id='word_1_2215' title='bbox 383 3947 547 3976; x_wconf 78' lang='lat' dir='ltr'>Intercessiffe</span> <span class='ocrx_word' id='word_1_2216' title='bbox 558 3957 608 3984; x_wconf 81' lang='lat' dir='ltr'>pro</span> <span class='ocrx_word' id='word_1_2217' title='bbox 621 3948 656 3975; x_wconf 79' lang='lat' dir='ltr'>iis</span> <span class='ocrx_word' id='word_1_2218' title='bbox 669 3956 789 3984; x_wconf 77' lang='lat' dir='ltr'>magnam</span> <span class='ocrx_word' id='word_1_2219' title='bbox 798 3952 947 3987; x_wconf 81' lang='lat' dir='ltr'>pecuniam.</span> <span class='ocrx_word' id='word_1_2220' title='bbox 982 3950 1051 3981; x_wconf 74' lang='lat' dir='ltr'>Add.</span> <span class='ocrx_word' id='word_1_2221' title='bbox 1064 3951 1132 3985; x_wconf 87' lang='lat' dir='ltr'>Nep.</span> <span class='ocrx_word' id='word_1_2222' title='bbox 1141 3960 1187 3990; x_wconf 78' lang='lat'>¹05</span> <span class='ocrx_word' id='word_1_2223' title='bbox 1197 3950 1225 3978; x_wconf 72' lang='lat' dir='ltr'>in</span> <span class='ocrx_word' id='word_1_2224' title='bbox 1236 3953 1308 3987; x_wconf 79' lang='lat' dir='ltr'>agris</span> <span class='ocrx_word' id='word_1_2225' title='bbox 1314 3951 1451 3988; x_wconf 73' lang='lat' dir='ltr'>seruantur</span> <span class='ocrx_word' id='word_1_2226' title='bbox 1464 3949 1586 3977; x_wconf 87' lang='lat' dir='ltr'>Frontin.</span> <span class='ocrx_word' id='word_1_2227' title='bbox 1599 3949 1631 3977; x_wconf 88' lang='lat' dir='ltr'>de</span> <span class='ocrx_word' id='word_1_2228' title='bbox 1645 3949 1739 3978; x_wconf 82' lang='lat' dir='ltr'>Colon.</span> <span class='ocrx_word' id='word_1_2229' title='bbox 1758 3961 1784 3986; x_wconf 88' lang='lat' dir='ltr'>p.</span> <span class='ocrx_word' id='word_1_2230' title='bbox 1798 3959 1838 3978; x_wconf 82' lang='lat'>112</span> <span class='ocrx_word' id='word_1_2231' title='bbox 1851 3956 1874 3977; x_wconf 67' lang='lat' dir='ltr'>st</span> <span class='ocrx_word' id='word_1_2232' title='bbox 1886 3958 1928 3983; x_wconf 84' lang='lat'>114</span> <span class='ocrx_word' id='word_1_2233' title='bbox 1949 3948 2016 3975; x_wconf 76' lang='lat' dir='ltr'>Edit.</span> <span class='ocrx_word' id='word_1_2234' title='bbox 2031 3947 2097 3986; x_wconf 73' lang='lat' dir='ltr'>Gocs.</span> 
     </span>
    </p>
   </div>
   <div class='ocr_carea' id='block_1_57' title="bbox 1425 3985 2236 4021">
    <p class='ocr_par' dir='ltr' id='par_1_71' title="bbox 1425 3985 2236 4021">
     <span class='ocr_line' id='line_1_235' title="bbox 1425 3985 2236 4021; baseline -0.001 -9"><span class='ocrx_word' id='word_1_2235' title='bbox 1425 3992 1444 4021; x_wconf 75' lang='lat'>7</span> <span class='ocrx_word' id='word_1_2236' title='bbox 1462 3985 1477 4012; x_wconf 88' lang='lat'>1</span> <span class='ocrx_word' id='word_1_2237' title='bbox 1511 3990 1530 4014; x_wconf 70' lang='lat' dir='ltr'>a</span> <span class='ocrx_word' id='word_1_2238' title='bbox 2124 3989 2236 4011; x_wconf 72' lang='lat' dir='ltr'><strong>INTER·</strong></span> 
     </span>
    </p>
   </div>
  </div>
 </body>
</html>
