2479 4225
30 667 35 686 ='
74 664 104 692 in
117 663 217 690 curiam
231 664 377 691 induxerat.

26 1152 27 1155 ,
70 1130 191 1151 armenta
204 1124 232 1150 in
251 1133 313 1150 rura
332 1125 420 1151 Varro
434 1124 466 1150 de
477 1125 508 1150 R.
522 1125 552 1150 R.
567 1131 586 1155 1,
599 1131 624 1149 2.

14 3039 25 3070 <1-

12 0 103 56 w
129 1 138 6 ·

12 51 13 56 1
39 46 55 61 ,1
82 54 85 56 .
108 48 109 52 ¹

31 96 35 104 .

34 178 165 239 ''1077
498 187 515 226 1
601 186 645 227 N
730 185 769 225 D

74 284 96 305 c.
111 284 149 303 22.
186 274 260 311 Coris.
278 274 337 301 Lex.
352 274 439 311 Pitisc.
510 274 610 302 Sallust.
624 273 741 309 lngus-th.
760 283 781 300 e.
802 281 837 306 29
865 271 1018 299 Deditionis
1038 280 1114 299 mora

75 310 196 339 induciae
204 310 385 344 Agitabanmr.
422 311 593 340 Conseruare,
607 312 711 342 Facere,
724 308 976 343 Impetrare‚l’etere
990 307 1059 341 Nep.
1082 328 1088 333 .
1108 328 1114 334 .

38 347 43 356 “
74 347 136 374 Liu.
152 353 221 380 1,.42
231 352 271 380 pr.
297 346 352 371 Iam
366 345 488 372 induciae
498 347 630 372 Exierant.
675 345 748 371 Idem
763 355 786 376 4,
798 349 826 378 58
836 350 879 378 pr.
904 342 1026 382 Tempus
1040 343 1115 369 indu.

76 383 177 408 ciarum
194 389 253 406 cum
266 380 373 411 Veienti
392 381 489 416 populo
501 381 615 408 Exierat.
683 380 739 406 Cic.
752 381 804 405 Att.
818 386 853 413 13,
867 385 891 409 13
915 377 1035 404 inducias
1054 387 1116 412 quas

74 416 183 451 scribis,
196 424 250 442 non
270 415 391 450 intelligo
408 417 479 443 ficri
494 418 571 451 poss'e.

76 451 196 480 inducias
208 450 332 486 quidem,
345 451 393 478 nisi
406 452 495 486 aequis
514 451 722 483 conditionibus,
735 451 847 476 Inibant.
919 448 1026 474 Manent
1044 449 1118 475 indu..

74 488 148 518 tiae,
167 486 220 514 vid.
240 493 367 514 MANiiO.
440 488 546 519 Pac'iac,
572 487 625 513 md.
642 486 732 513 Paetus
747 488 773 511 in
790 488 953 522 ΡΑΟῚξῼΟκ.
1021 485 1115 519 Pange.

75 529 105 550 re
117 521 249 553 inducias,
268 523 321 549 vid.
340 529 463 550 PANGO.
512 523 575 549 Dies
587 521 755 547 induciarum
772 525 907 554 praeteriit
922 519 990 553 Nep.
1006 527 1042 554 17,
1059 529 1079 551 3.

27 586 34 591 ,
115 559 286 590 INDVCO,
305 558 349 591 xi,
366 558 454 590 6111111,
473 559 526 584 *ἐι-ο.
564 557 679 590 [Emi-stu,
697 554 800 588 εἷσοίγω]
836 554 1004 581 Introduc-erc.
1035 555 1115 582 Plaut.

75 592 161 621 Truc.
175 601 201 625 2,
212 595 238 624 6,
250 595 284 620 66
304 594 372 627 Qiis
385 594 467 620 homo
480 593 578 627 est‚qui
594 592 694 619 inducit
707 598 829 625 pompam
842 591 956 615 tantam?

75 628 169 655 Claud.
186 638 252 662 c.40
276 628 387 655 Industa
401 628 463 662 teste
478 629 506 655 in
514 630 646 655 Senatum.
681 628 711 653 Et
719 626 849 652 Donum.
859 633 880 650 11
901 625 968 650 Reos
977 626 1118 652 maiestatis

431 664 497 690 Plin.
513 672 535 697 5,
548 676 571 698 ⁴,
585 673 597 689 2
623 663 713 696 Nepos
731 660 888 695 postulauit,
905 666 933 686 vt
951 661 1112 688 Nominatus

309 699 398 726 Aurel.
412 699 484 726 Vici.
499 700 530 726 de
545 699 615 725 Viris
626 697 707 724 Illust.
729 706 749 723 c.
762 705 795 730 34
822 699 924 729 Aquam
939 697 1065 723 Anienem
1085 698 1114 724 in

75 733 297 761 vrbem‘induxit.
370 735 452 762 Plaut.
466 735 524 762 Mil.
538 743 559 765 2,
573 743 598 765 2,
611 738 643 767 78
673 733 747 759 Tace
766 731 828 757 dum
846 732 875 771 {¹¹
894 732 1030 765 regionem
1049 732 1114 758 astu-

73 770 172 797 riarum
193 779 311 796 mearum
333 776 358 797 te
379 771 484 797 induco.
554 768 685 795 cohortes
715 768 743 794 in
775 766 905 801 praelium
934 768 993 794 Liu.
1010 777 1052 801 34,
1073 774 1112 798 28.

74 805 183 840 Equites
196 807 224 831 in
238 815 351 843 pugnam
365 807 438 832 Idem
450 815 492 838 30,
507 811 583 840 18pr.
620 803 694 840 Cous.
709 803 790 830 Plaut.
803 801 898 836 Amph.
914 811 934 833 1,
948 811 967 834 1,
980 808 1016 833 88.
1052 804 1113 829 Liu.

74 848 112 873 33,
126 843 156 873 36
181 841 209 867 Id
223 850 330 876 quoque
344 842 412 868 inter
425 841 564 874 scriptores
577 839 738 874 ambigitur,
751 844 838 865 vtrum
852 838 880 863 in
895 838 972 864 Boios
987 839 1068 872 prius,
1081 848 1114 865 ,m

73 876 199 904 Insubres
219 877 318 903 Consul
335 876 481 903 exercitum
501 875 650 902 induxerit:
678 874 866 907 aduersamque
889 875 1010 908 prospera
1028 883 1114 909 pugna

74 911 270 939 obliterauerit.
345 912 493 940 Exercitum
514 911 542 936 in
560 919 652 945 agrum
683 910 743 936 Liu.
763 914 792 941 8,
813 916 850 940 19.
928 909 1055 943 Legiones
1085 911 1113 936 in

74 947 175 978 aciem,
194 947 248 974 vid.
268 953 367 980 AciEs.
438 947 576 973 Mefl‘orem
594 946 665 972 aruis
689 945 765 979 Virg.
779 945 875 977 Georg.
893 952 912 975 1,
927 950 974 975 3¹6·

74 977 154 1017 Epist.
168 984 194 1015 6,
207 992 240 1015 33,
255 992 268 1009 2
293 983 400 1009 Femina
413 981 546 1017 splendide
560 987 635 1013 nata,
648 986 728 1015 nupta
739 979 873 1015 praetorio
886 979 946 1005 viro
955 1000 962 1012 ,
975 980 1113 1007 exhereda-

73 1023 100 1045 ta
119 1018 152 1044 ab
171 1018 344 1053 octogenario
364 1024 437 1053 patre
453 1018 522 1045 intra
537 1016 658 1044 vndecim
676 1016 748 1048 dies,
766 1023 844 1050 quam
864 1014 910 1040 ille
924 1012 1072 1042 Nou‘crcam
1086 1017 1112 1043 ei

73 1062 165 1080 amore
178 1060 265 1088 captus
278 1054 435 1086 induxerat,
455 1052 623 1088 quadruplici
642 1051 744 1079 iudicio
758 1051 828 1077 bona
845 1055 949 1084 paterna
963 1052 1095 1086 repetebat
1107 1062 1113 1078 :

998 1089 1066 1114 Oues
1087 1093 1113 1114 et

74 699 253 727 induceretur.

72 1088 212 1115 induxerat
232 1090 272 1119 ei,
290 1089 316 1116 h.
330 1096 350 1115 e.
372 1088 478 1116 duxerat
499 1097 598 1115 uxorem
604 1107 613 1120 ,
626 1097 685 1123 quae
701 1090 723 1113 ei
745 1085 802 1119 effic
817 1095 927 1112 nouerca.

70 1167 159 1185 vamur
178 1159 207 1185 de
219 1159 372 1196 spcHacuIis
393 1166 416 1186 et
433 1160 547 1186 ludicris.
599 1156 711 1184 Inducta
729 1156 765 1183 est
780 1162 806 1184 et
818 1156 923 1183 Afranii
942 1163 1028 1192 togata
1041 1159 1111 1185 Suet.

70 1194 139 1221 Ner.
156 1203 177 1220 c.
191 1203 222 1220 11.
264 1194 369 1221 Ιιιάιιᾶὶὶ
384 1203 430 1229 per
443 1193 635 1221 simulationem
649 1192 772 1219 comoedi
785 1192 823 1218 Id.
837 1192 927 1219 Claud.
941 1202 961 1220 c.
975 1203 1012 1226 45.
1041 1194 1110 1221 Adii.

69 1227 140 1256 ibid.
153 1239 174 1255 c.
186 1238 227 1262 34.
268 1231 302 1256 At
316 1237 355 1262 tu,
369 1231 471 1261 Caesar,
484 1238 562 1264 quam
574 1227 712 1262 pulchrum
726 1228 898 1262 speoacuxum
912 1237 959 1262 pro
971 1230 1019 1256 illo
1034 1229 1111 1256 nobis

69 1264 215 1291 execrabili
228 1265 381 1292 reddidisti?
418 1265 541 1291 Vidimus
554 1263 700 1290 delatorum
717 1272 811 1297 agmen
825 1264 961 1290 induc'lum
985 1265 1050 1291 Plin.
1065 1266 1110 1291 Pa-

14 1315 15 1319 «
69 1308 103 1325 ne
123 1320 128 1326 .
142 1309 164 1326 c.
177 1309 215 1332 34.

61 1308 145 1371 Ῐαῗῖα
161 1335 322 1371 referuntur,
339 1343 369 1363 vt
382 1336 438 1362 Cic.
454 1335 486 1361 de
498 1334 575 1361 Offie.
595 1343 618 1367 3.
639 1340 665 1367 38
696 1335 766 1361 Hinc
783 1335 828 1361 ille
842 1336 926 1369 Gyges
947 1335 1082 1362 inducitur
1095 1344 1111 1362 a

67 1370 184 1398 Platone.
360 1368 381 1432 Ἢ
401 1379 417 1397 2
457 1371 550 1397 Varias
569 1368 645 1404 efficit
658 1370 787 1406 formulas
798 1378 845 1406 per
864 1373 1059 1397 translationem.
1079 1373 1111 1398 In

68 1406 197 1432 Amorem
210 1405 337 1432 inducere
348 1415 362 1432 a
376 1407 464 1440 iquem
483 1405 580 1433 Catull.
595 1411 632 1437 28,
645 1411 667 1436 8.
736 1406 793 1433 Cic.
807 1406 840 1432 dc
853 1406 943 1432 Diuin.
958 1415 984 1439 2,
996 1415 1026 1439 41
1046 1416 1067 1432 c.
1083 1414 1112 1441 17

56 1441 125 1468 'Cur
143 1442 229 1476 igitur
247 1449 295 1475 vos
310 1441 436 1468 inducitis
456 1441 483 1467 iu
501 1450 543 1467 eas
557 1441 711 1476 Captiones,
726 1450 791 1476 quas
807 1451 941 1476 nunquam
961 1442 1112 1476 explicetis?

66 1476 117 1504 Sed
132 1478 186 1503 mel.
211 1477 332 1503 induitis.

66 1518 205 1545 oratores,
222 1519 253 1539 vt
270 1511 409 1546 imperitos
423 1513 504 1546 posses
523 1512 551 1538 in
568 1513 692 1539 Ei‘rorem
711 1512 844 1539 inducere.
896 1514 969 1539 Idem
984 1513 1011 1539 in
1026 1514 1111 1539 Pison.

65 1555 99 1581 59
119 1548 175 1574 Cur
186 1557 240 1574 non
253 1547 322 1573 hunc
334 1547 442 1573 audistis
458 1553 512 1573 tam
525 1546 633 1573 doflum
648 1547 784 1574 hominem
793 1568 801 1580 ‚
815 1554 867 1575 tam
881 1549 1024 1580 eruditum,
1039 1549 1112 1583 prius

66 1591 146 1618 quani
159 1583 187 1609 in
200 1583 278 1609 istum
292 1583 419 1609 Errorcm
432 1582 647 1609 induceremini?
717 1583 773 1610 Cic.
786 1584 838 1610 Off.
853 1591 880 1617 55
898 1593 919 1610 c.
932 1594 955 1616 13
980 1585 1111 1610 Scienteni

44 1639 48 1645 2
66 1619 97 1645 in
109 1619 233 1645 Eri-orem
250 1619 364 1644 alterum
377 1618 510 1645 inducere.
581 1617 711 1652 QiinCfil.
732 1619 760 1645 in
772 1628 890 1653 prooem.
905 1625 918 1649 8
954 1619 1037 1646 Iidem
1057 1620 1110 1654 pri-

65 1662 112 1683 mo
124 1653 209 1680 solum
222 1655 276 1680 Iter
289 1653 396 1680 credant
408 1654 456 1679 esse
469 1653 498 1680 in
510 1652 582 1688 quod
597 1654 763 1681 inducentur.

65 1689 131 1716 Non
144 1688 218 1715 vides
231 1689 303 1715 nolle
321 1698 379 1715 eam
397 1689 489 1724 loqui,
510 1699 544 1716 ne
562 1690 668 1715 suarum
681 1690 705 1715 se
718 1689 885 1717 miseriarum
906 1691 934 1716 in
949 1691 1109 1717 Memoriam

65 1724 192 1750 inducas?
264 1726 294 1751 In
311 1725 446 1751 Peccatum
469 1724 545 1751 Auci.
559 1725 595 1751 ad.
605 1725 669 1751 Her.
683 1733 699 1751 2
713 1734 735 1751 c.
751 1734 786 1757 19.
858 1726 924 1752 Ρ1111.
944 1726 1023 1760 Epist.
1048 1735 1080 1758 2‚.
1091 1734 1109 1760 7

64 1760 164 1793 Regem
182 1760 211 1786 vi
232 1765 258 1785 et
277 1760 357 1787 armis
377 1760 483 1787 induxit
500 1761 529 1786 in
543 1761 671 1794 Regnum.
741 1761 797 1788 Cic.
814 1761 867 1787 Off.
886 1770 910 1791 2,
928 1770 954 1793 523
994 1763 1068 1794 Qsae
1083 1768 1108 1787 te

64 1795 181 1826 malum,
194 1795 300 1829 inquit,
312 1796 382 1822 ratio
394 1796 423 1821 111
436 1795 510 1822 islam
526 1796 602 1830 Spem
617 1795 738 1827 induxit,
763 1803 791 1822 vt
804 1805 848 1821 eos
862 1796 913 1821 tibi
931 1795 1021 1821 fideles
1035 1802 1107 1829 puta-

62 1838 122 1861 reS,
141 1839 208 1864 quos
220 1831 332 1864 pecunia
345 1831 516 1864 corrupisses?

46 1863 47 1867 ’
175 1866 263 1890 Varro
274 1866 307 1891 de
321 1866 353 1891 R.
368 1866 399 1891 R.
414 1873 435 1896 3,
447 1874 463 1891 2
491 1864 541 1891 Sed
560 1873 610 1890 oro
631 1871 671 1896 te,
689 1865 792 1897 inquit,
806 1873 849 1890 me
867 1865 962 1890 induce
981 1864 1010 1889 in
1028 1865 1107 1890 Viam

29 1902 34 1910 ¹
62 1899 219 1934 disciplinae
235 1899 376 1934 pastionis,
388 1907 434 1925 etc.
524 1899 707 1925 Ambitionem
724 1899 848 1925 inducere
865 1899 894 1926 in
915 1899 1017 1925 curiam
1050 1899 1108 1926 Cic.

61 1934 177 1970 Philipp.
192 1931 224 1966 11,
234 1943 261 1969 9.
329 1934 403 1962 Idem
412 1935 443 1961 de
451 1934 584 1961 Vniuerso
597 1943 626 1966 23
640 1943 661 1960 e.
677 1939 689 1964 8
710 1934 751 1960 Sic
767 1935 870 1961 animus
889 1943 903 1960 a
917 1934 1006 1961 medio
1021 1935 1109 1969 profe·

62 1970 121 1996 &us
138 1971 331 1997 extremitatem
354 1970 419 1996 caeli
438 1979 453 1995 a
471 1970 590 2003 suprema
608 1970 718 2002 regione
737 1970 853 1996 rotundo
870 1970 972 1995 ambitu
993 1970 1105 1995 circum-

28 2031 29 2034 ,
62 2005 146 2037 iecit,
163 2006 267 2039 seseque
280 2005 334 2038 ipse
353 2006 471 2034 versans,
484 2005 606 2035 diuinae,
630 2005 818 2037 sempiternae,
842 2005 1017 2038 sapientisque
1036 2005 1106 2030 vitae
1114 2014 1146 2038 50

62 2041 141 2067 duxit
153 2040 308 2067 Exordium.
379 2040 446 2065 Plin.
460 2039 537 2074 Epist.
554 2047 576 2071 2,
590 2047 620 2072 14
651 2040 752 2065 Primus
771 2039 841 2066 hunc
854 2038 985 2064 *audiendi
1000 2039 1106 2065 Morem

61 2076 170 2103 induxit
193 2075 319 2102 Lari-inus
342 2074 470 2101 Licinius.
550 2075 641 2100 Mores
662 2082 747 2100 nouos
770 2074 874 2100 induxit
898 2075 1010 2106 Erinnys
1042 2075 1105 2101 Stat.

61 2111 156 2138 Theb.
172 2120 192 2143 2,
207 2120 247 2138 20.
302 2111 376 2145 Cous.
397 2110 454 2136 Cic.
477 2118 526 2145 pro
545 2109 635 2136 Rabir.
656 2109 722 2136 Post.
744 2119 765 2135 c.
781 2118 807 2142 4.
898 2109 937 2136 Id.
957 2110 1029 2136 Fam.
1050 2118 1069 2142 1,
1090 2120 1104 2143 4

25 2164 29 2168 -
61 2148 136 2174 'Haec
151 2152 238 2174 tamen
250 2146 345 2181 opinio
361 2146 397 2172 est
408 2146 470 2180 Pop.
484 2147 562 2172 Rom.
576 2154 591 2171 a
604 2145 656 2171 tuis
669 2151 747 2179 atque
761 2144 984 2171 obtrectatoribus
996 2145 1106 2171 Nomen

62 2183 202 2210 inductum
221 2182 297 2208 fiftae
313 2181 466 2215 religionis:
487 2190 540 2208 non
557 2187 610 2207 tam
629 2187 666 2212 vt,
679 2188 725 2207 erc.

15 2234 18 2238 ·
62 2218 119 2252 Qui
133 2223 220 2244 autem
238 2218 307 2251 parti
322 2217 423 2247 ciuium
441 2217 594 2250 consulunt,
613 2221 712 2250 partem
727 2216 876 2250 negligunt,
896 2223 953 2241 rem
971 2223 1103 2249 pernicio-

17 2283 20 2287 ,
59 2253 178 2280 lillimam
191 2254 218 2279 in
231 2253 366 2279 ciuitatem
380 2252 518 2285 inducunt,
527 2252 687 2279 Seditionem
701 2257 779 2284 atque
795 2250 963 2276 discordiam.
1053 2248 1074 2287 ‘j
1090 2259 1102 2282 3

59 2289 188 2317 Inducere
201 2288 324 2315 interdum
334 2287 466 2324 fignificat
478 2287 607 2319 obducere,
618 2293 698 2322 tegere
714 2285 812 2321 aliquid
824 2292 847 2312 et
860 2286 926 2313 velut
945 2283 1034 2318 vestire
1043 2296 1050 2311 .·
1064 2293 1104 2318 vr,

59 2324 184 2351 Calceum
195 2324 277 2350 alicui
290 2322 415 2349 inducere
434 2322 499 2349 Plin.
513 2331 538 2354 2,
550 2330 573 2353 7.
627 2322 696 2347 Suet.
711 2321 818 2355 August.
833 2331 854 2347 c.
868 2330 899 2353 92
923 2321 949 2348 Si
965 2330 1041 2347 mane
1054 2320 1103 2348 fibi

61 2359 169 2387 Calceus
182 2360 334 2393 perperam,
351 2366 380 2383 ac
394 2357 493 2384 sinister
507 2365 555 2392 pro
569 2356 678 2383 dextero
693 2356 875 2383 induceretur:
895 2362 924 2383 vt
938 2357 1026 2383 dirum
1035 2377 1043 2389 ,
1055 2357 1101 2383 ob·
1112 2361 1147 2384 60

58 2395 188 2421 seruabat.
243 2398 247 2401 “
259 2393 325 2420 Ρ1111.
339 2400 375 2426 35,
390 2402 418 2419 10
439 2393 509 2419 Huic
523 2392 642 2427 pisturae
656 2398 747 2426 quater
761 2392 887 2418 Colorem
907 2391 1029 2424 induxit,
1044 2392 1102 2418 sub-

13 2437 29 2449 ·.
58 2429 125 2457 fidio
146 2429 272 2458 iniuriae.
280 2434 307 2455 et
320 2428 470 2460 vetustatis,
484 2433 513 2454 vt
532 2427 673 2453 decedente
692 2427 843 2461 superiore,
857 2427 1103 2454 inferior‘suceede-

58 2471 111 2493 ret.
178 2466 219 2492 sic
233 2465 362 2496 Parietes,
370 2471 419 2498 pro
433 2461 613 2495 Incrustatione
631 2472 736 2489 ornare:
773 2463 829 2489 Sen.
852 2463 931 2497 Epist.
953 2465 995 2490 116
1020 2464 1102 2490 Mira<

14 2513 19 2522 ¹
59 2510 121 2528 mur
136 2497 250 2527 Parietes
264 2499 338 2525 tenui
358 2507 491 2524 marmore
508 2497 645 2528 induetos,
661 2507 745 2533 quum
762 2498 873 2525 sciamus
890 2499 966 2533 quale
980 2498 1010 2525 sit
1028 2498 1100 2533 quod

632 2534 703 2560 Caes.
717 2534 745 2560 B.
760 2534 791 2560 G.
808 2543 833 2566 2,
847 2542 874 2566 33
899 2534 983 2560 Scutis
999 2543 1030 2575 ex
1044 2543 1101 2560 cor·
1115 2538 1147 2570 65
1164 2545 1292 2571 aquarum
1307 2535 1511 2562 inductionibus
1521 2554 1527 2565 ,
1548 2535 1624 2561 terris
1637 2536 1824 2561 fecunditatem
1839 2536 1937 2563 damus.

58 2536 238 2563 absconditur.
273 2534 347 2570 Conf.
368 2534 474 2560 Vitruu.
494 2541 521 2568 7,
542 2542 563 2566 3.

30 2600 37 2603 .
58 2573 112 2599 tice
125 2571 218 2602 saetis,
232 2575 277 2597 aut
290 2569 437 2596 viminibus
451 2570 574 2601 intextis,
588 2578 654 2604 quae
667 2569 755 2595 subito
771 2573 816 2599 (vt
832 2571 958 2603 temporis
972 2570 1102 2603 eriguitas

59 2606 228 2643 postulabat)
241 2605 356 2631 Pellibus
370 2604 540 2631 induxerunt.
613 2605 773 2631 Teaorium
787 2605 816 2631 in
830 2606 957 2631 Parietem
978 2605 1044 2631 Plin.
1060 2607 1101 2638 36,

60 2651 101 2675 23.
135 2641 209 2676 Conf.
225 2642 280 2667 Cic.
293 2641 409 2673 Vcrr.;1,
429 2648 470 2674 45.
527 2640 594 2667 Alo‘e'
613 2639 720 2666 inducia
736 2640 847 2674 pedibus
864 2640 984 2667 Scribon.
1007 2647 1056 2672 158.
1080 2644 1100 2667 i.

59 2678 136 2704 illita.
171 2676 245 2712 Conf.
255 2676 334 2703 Rhod.
348 2679 375 2702 in
389 2677 448 2702 Lex.
502 2676 580 2702 Aluta
598 2675 736 2701 induGtum
767 2675 887 2701 Scribon.
901 2684 960 2707 229.
1014 2677 1101 2701 Panno

60 2712 137 2747 spisso
158 2711 268 2739 indue‘to
286 2711 509 2738 medicamentum
530 2711 679 2745 imponitur
696 2710 769 2746 Idflm
786 2712 841 2736 160.

58 2756 129 2774 nexo
142 2747 251 2774 Induces
264 2747 348 2774 fronti
362 2747 493 2773 Sanunon.
508 2755 541 2772 21.
561 2746 614 2772 uid.
628 2746 652 2772 h.
666 2747 682 2772 l.
697 2747 781 2772 Burm.
795 2749 825 2772 ir.
842 2746 930 2772 Barth.
945 2746 1011 2772 Adu.
1023 2755 1064 2780 37,
1078 2750 1103 2772 6.

58 2783 184 2810 Formam
198 2783 314 2817 aliquam
328 2782 454 2810 membris
473 2781 554 2808 Ouid.
568 2782 633 2808 Met.
648 2789 673 2816 7,
687 2783 747 2813 642.
816 2781 881 2807 Plin.
895 2789 939 2814 24,
952 2787 965 2811 8
995 2782 1100 2808 Humor

57 2818 88 2846 in
102 2818 233 2845 folliculis
252 2817 354 2844 arboris
372 2817 452 2844 huius
467 2818 584 2848 nascens,
603 2818 659 2843 cuti
678 2817 802 2843 Nitorem
823 2816 940 2849 inducit,
953 2817 1102 2852 faciemque
1130 2824 1134 2827 “

58 2853 203 2889 gratiorem
225 2853 342 2888 praestat.
362 2853 390 2879 de
410 2854 484 2879 vlmo.
560 2852 676 2879 Νοᾶειη
694 2852 843 2886 crepuscula
864 2852 992 2879 inducunt
1017 2853 1100 2880 Ouid.

58 2889 125 2916 Fast.
139 2896 162 2922 5,
180 2892 231 2921 163.
302 2888 394 2915 Nubes
408 2888 484 2915 terris
504 2887 578 2915 Idem
591 2889 654 2914 Met.
667 2896 693 2919 2,
707 2895 763 2921 307.

14 2922 17 2945 ἶ
57 2925 133 2952 Poe‘t.
143 2931 184 2959 pr.
197 2925 226 2950 de
233 2923 342 2959 pistore.
398 2925 484 2958 Rugas
496 2923 615 2949 senefflis
628 2923 730 2950 inducit
742 2922 850 2950 Tibull.
864 2932 890 2955 2,
905 2933 927 2956 2,
940 2933 982 2951 20.
1044 2925 1101 2951 Te-

58 2959 155 2987 nebras
185 2959 311 2986 inducere
338 2960 417 2986 terris
444 2959 525 2986 Ouid.
538 2960 603 2985 Met.
623 2967 649 2992 2,
667 2966 720 2992 395.
917 2969 935 2993 4
971 2959 1100 2986 Inducere

52 2996 128 3033 saepe
138 2993 172 3028 qs}
180 3002 228 3031 per
242 2995 362 3030 fraudem
370 2995 517 3031 perfimdere
524 3014 533 3027 ,
546 2995 652 3026 illicere,
664 2994 797 3024 adducere,
809 2996 936 3030 impellere.
973 2996 1029 3023 Cic.
1043 2996 1102 3022 Phi-

60 3032 161 3092 lippss‘,
174 3039 207 3066 79
224 3031 317 3067 ¹Nihil
334 3040 432 3065 queror
449 3030 482 3057 de
495 3029 635 3056 Dolabella
645 3050 653 3062 ,
667 3030 715 3064 qui
728 3036 784 3057 tum
797 3030 833 3056 est
854 3030 995 3065 impulsus,
1007 3031 1100 3062 elusus,

58 3066 126 3094 indu
154 3075 192 3092 us.

61 3110 120 3128 cere
137 3102 249 3135 possum:
273 3108 303 3128 vt
322 3102 421 3136 peieret
440 3110 549 3128 exorare
571 3101 650 3127 facile
667 3108 769 3136 potero.
840 3101 978 3128 Induxerit
991 3111 1051 3129 eum
1066 3104 1096 3129 L.

61 3136 196 3163 saturnini
208 3137 386 3171 familiaritas,
392 3143 421 3164 vt
433 3137 578 3164 amicitiam
586 3137 684 3171 patriae
696 3143 882 3172 praeponeret,
895 3138 1039 3171 idcircone,
1052 3145 1097 3164 etc.

60 3173 118 3199 Cic.
130 3180 179 3206 pro
193 3171 282 3199 Rabir.
296 3181 333 3205 33.
405 3172 551 3200 Inducebar
565 3172 731 3199 orationibus
745 3173 798 3199 tuis
811 3173 883 3199 Idem
898 3173 929 3199 de
937 3174 1030 3209 Legib.
1045 3182 1070 3206 2,
1080 3183 1101 3200 2.

59 3207 277 3269 AdplelXentulus
294 3214 432 3243 corruptus
450 3215 475 3235 et
491 3216 605 3243 nequam
624 3207 657 3234 ab
676 3207 829 3235 hominibus
850 3209 973 3236 inductus
995 3209 1034 3236 Id.
1049 3219 1099 3244 pro

61 3245 103 3270 Ro
117 3252 138 3269 c.
173 3250 238 3268 mer.
251 3250 289 3274 39.

34 3290 35 3294 *
59 3277 189 3315 promissis
206 3277 311 3303 induxit
329 3279 451 3314 aliquem.
506 3281 538 3306 Ει
549 3287 590 3314 117
604 3288 625 3305 c.
639 3288 676 3312 40
703 3280 809 3306 Nouem
824 3280 945 3307 homines
959 3280 1099 3306 honestisli-

61 3323 121 3342 mos
156 3328 202 3333 ———
236 3311 358 3346 induxit,
369 3315 485 3351 decepit,
502 3315 620 3341 destituit
633 3321 679 3341 etc.
713 3315 771 3342 Vid.
791 3316 819 3342 in
835 3317 958 3342 Eri-orem
973 3316 1099 3342 inducere

61 3359 89 3376 n.
105 3359 126 3376 2.
179 3347 275 3374 Verbis
295 3347 401 3376 Phaedr.
414 3360 439 3384 2,
452 3354 479 3378 6.
550 3350 659 3377 Tibull.
679 3359 698 3382 1,
712 3352 729 3376 6
743 3354 780 3384 (7)
795 3360 805 3377 1
842 3352 961 3386 Semper,
974 3357 1003 3377 vt
1022 3351 1097 3377 indu·

18 3407 20 3413 1
61 3395 121 3418 car,
134 3383 243 3412 blandos
257 3382 414 3411 offers‘mihi
426 3387 522 3413 vultus.
548 3386 606 3412 Vid.
621 3385 745 3413 Brouckh.
780 3386 868 3413 Labeo
882 3388 909 3413 in
925 3387 939 3412 l.
953 3386 970 3412 si
987 3387 1018 3413 de
1033 3387 1095 3414 dote

60 3421 94 3448 D.
109 3421 140 3447 de
153 3421 211 3446 iure
225 3419 344 3449 dotium,
363 3420 435 3452 Qud
447 3423 520 3448 enini
532 3421 550 3448 fi
564 3423 637 3448 socer
657 3421 742 3455 specie
756 3422 859 3450 suturae
874 3423 941 3449 dotis
961 3423 1098 3449 induxerit
1106 3433 1142 3459 90

19 3459 27 3475 '-
59 3456 203 3491 generum?
220 3459 246 3480 et
260 3463 320 3479 cum
336 3454 428 3488 sciret,
441 3457 465 3482 se
483 3457 611 3492 praestare
627 3456 715 3483 dotem
735 3466 789 3483 non
804 3459 887 3492 posse,
906 3457 932 3484 id
950 3458 1049 3492 egerit,
1070 3464 1098 3484 vt

39 3493 43 3496 '
59 3499 158 3525 genero
170 3489 346 3516 insidiaretur.
438 3524 444 3529 ⁵
538 3490 559 3530 q
581 3500 593 3526 ς
628 3490 724 3527 Affinis
730 3492 844 3528 formula
857 3494 888 3527 2st
902 3493 1098 3520 InducereAni-

22 3530 43 3540 ‚-
60 3536 135 3553 mum
148 3531 191 3558 vt,
206 3526 247 3552 vel
258 3524 383 3551 Inducere
402 3532 519 3552 animum
536 3527 642 3561 ne‚fiue
660 3534 689 3555 vt
703 3537 751 3560 ne,
765 3530 805 3555 vel
822 3538 875 3564 quo
895 3529 997 3560 minus,
1016 3535 1039 3554 ct
1052 3531 1098 3555 ali-

59 3561 157 3598 quando
179 3571 232 3587 cum
246 3559 393 3600 Infinitiusp
408 3562 426 3585 i·
447 3560 499 3587 Sibi
513 3563 665 3597 perfimdere.
701 3563 784 3590 Plaut.
797 3565 856 3592 Mil.
870 3574 898 3598 4,
910 3567 936 3596 6,
949 3572 981 3596 54
1003 3564 1099 3590 Induxi

36 3614 41 3630 χ
61 3597 188 3624 Animum
201 3605 234 3623 ne
252 3595 357 3622 oderim
372 3603 451 3626 item,
464 3601 493 3621 vt
511 3596 572 3623 alias
590 3598 696 3632 quando
717 3600 805 3626 orasti.

60 3635 218 3667 Qianquam
237 3631 323 3658 inuita
341 3636 366 3657 te
379 3629 491 3662 carebo,
510 3640 596 3659 meum
608 3635 732 3661 Animum
745 3644 794 3669 ego
811 3635 931 3662 inducam
947 3641 1049 3668 tamen,
1070 3641 1099 3661 vt

59 3667 144 3700 illud,
164 3667 235 3703 quod
255 3673 327 3693 tuam
347 3666 375 3691 in
395 3673 452 3692 rem
471 3665 537 3692 bene
553 3668 693 3703 conducat,
708 3671 851 3697 consulam.
940 3672 995 3697 Cic.
1009 3680 1058 3705 pro
1072 3671 1096 3696 S.

59 3704 135 3730 Rosc.
147 3711 173 3736 53
186 3713 206 3730 c.
221 3711 249 3734 19
267 3702 340 3729 Vitia
352 3707 430 3735 atque
443 3707 545 3740 peccata
557 3702 622 3736 filii,
636 3705 731 3739 quibus
744 3707 861 3734 incensus
875 3715 965 3742 parens
979 3707 1102 3740 potuerit(

60 3739 186 3766 Animum
200 3738 336 3769 inducere,
350 3743 377 3763 vt
390 3741 509 3762 naturam
525 3737 604 3770 ipsam
617 3739 741 3774 vinceret,
756 3749 801 3768 etc.
872 3742 936 3769 Plin.
950 3751 976 3774 9,
991 3751 1014 3773 13
1033 3742 1098 3768 Non

58 3774 170 3801 sustinui
178 3774 304 3800 Animum
321 3772 446 3799 inducere
456 3791 464 3803 ,
480 3780 535 3805 quo
554 3773 640 3798 minus
656 3775 697 3801 illi
711 3777 865 3804 indicarem.

58 3819 82 3841 5,
97 3818 116 3841 1,
131 3817 155 3842 15
176 3810 223 3836 Per
236 3817 285 3844 ego
299 3815 324 3835 te
338 3808 401 3834 deos
413 3816 473 3838 ore,
487 3813 515 3832 vt
527 3814 560 3832 ne
572 3807 625 3833 illis
632 3808 754 3838 Animum
768 3813 873 3840 inducas
882 3812 996 3839 credere.
1027 3812 1101 3838 Idem

21 3862 24 3866 .
59 3845 125 3870 Hec.
138 3853 158 3876 1,
172 3853 196 3877 2,
211 3853 246 3876 24
274 3844 353 3877 Qtod
370 3851 419 3877 ego
438 3851 572 3875 nunquam
586 3842 686 3869 credidi
698 3846 807 3879 fore,vt
823 3848 870 3875 hac
885 3849 931 3875 ifle
944 3849 1007 3874 vina
1018 3848 1099 3882 posset

58 3879 185 3906 Animum
198 3879 323 3906 inducere
335 3887 447 3905 onrem
466 3877 572 3903 habere.
643 3879 674 3903 Et
686 3880 766 3907 Andr.
782 3894 801 3915 3,
815 3893 838 3916 3,
854 3894 890 3917 40
919 3885 945 3910 Si
958 3884 1020 3910 istuc
1035 3883 1097 3909 Ani-

58 3923 134 3940 mum
146 3914 251 3941 induxti
272 3916 320 3942 effe
337 3914 416 3941 vtile:
437 3913 501 3939 nolo
515 3912 567 3939 tibi
587 3912 669 3939 vllum
688 3918 855 3944 commodum
869 3921 897 3946 in
915 3923 958 3946 me
970 3919 1096 3945 claudier.

57 3949 88 3977 Τ
90 3958 126 3978 cr.
141 3949 170 3976 in
181 3950 248 3984 prol.
260 3951 358 3978 Heaut.
371 3956 403 3984 41
428 3949 490 3976 Mea
507 3948 597 3981 causa,
610 3949 712 3975 causam
725 3949 789 3978 hane
802 3953 896 3982 iustam
908 3956 957 3983 esse
975 3956 1095 3982 animum
1107 3961 1151 3987 105

641 415 707 442 Plin.
720 416 748 441 in
760 416 851 447 Paneg.
871 422 892 438 c.
908 421 928 438 ιι
943 419 1007 439 extr.
1035 414 1069 439 At·
1085 423 1117 440 ne
1140 422 1155 450 5
1179 424 1310 449 res,opes
1329 422 1504 442 contemnere.
1540 417 1608 443 Add.
1628 416 1665 443 Id.
1685 416 1747 443 Diu.
1766 425 1783 443 2
1800 426 1821 442 c.
1839 426 1882 443 20.

1009 590 1115 617 Sueton.
1140 599 1171 622 m
1178 599 1256 627 atque
1269 601 1310 626 cs,
1325 593 1352 619 in
1361 594 1485 619 Animum
1501 593 1594 618 induxi
1608 602 1703 619 meum.

693 1118 857 1149 peculiari-Per
875 1125 947 1148 etiam
965 1122 1016 1148 dici
1035 1123 1112 1159 obscr-
1120 1135 1148 1161 25

406 1476 479 1503 Idem
492 1476 524 1502 de
544 1477 615 1503 Clar.
629 1478 704 1503 Orat.
718 1485 770 1509 292
798 1478 837 1504 lta
855 1477 963 1504 laudasti
982 1477 1109 1512 quosdam
1119 1492 1147 1519 33

581 1831 642 1864 Spes
656 1830 763 1855 indufia
775 1831 883 1863 rapinae
896 1830 977 1856 Ouid.
991 1830 1023 1855 de
1031 1831 1106 1855 Nuce
1113 1836 1147 1863 45
1170 1831 1299 1857 industria
1319 1830 1519 1862 simularentur,
1552 1831 1570 1854 i.
1590 1828 1710 1865 deceptus.

794 2179 868 2207 Idem
886 2179 938 2206 Off.
957 2188 977 2212 1,
991 2185 1019 2211 85
1038 2187 1140 2219 92555

914 2712 995 2736 Visco
1010 2710 1103 2737 Lintea
1112 2720 1147 2747 70

357 3245 412 3271 Cic.
425 3254 474 3279 pro
488 3245 563 3270 Rosc.
579 3244 667 3270 Amer.
681 3246 716 3279 76
728 3253 748 3270 e.
762 3249 789 3274 28
815 3244 917 3275 Pretio,
931 3245 1029 3278 gratia,
1048 3246 1099 3279 spe,
1125 3250 1154 3278 85
1164 3255 1191 3279 3,
1211 3255 1268 3279 203.

859 3602 931 3627 Idem
945 3599 1034 3626 Cistel.
1048 3609 1072 3632 3,
1086 3608 1138 3636 395

935 3778 1003 3803 Ter.
1017 3776 1097 3803 Andr.
1106 3789 1153 3807 100
1161 3777 1251 3812 instar.

1584 185 1602 225 1
1694 185 1739 225 N
1825 188 1864 228 D
2120 199 2215 245 1078

1178 273 1304 301 inducite.
1374 273 1431 300 Cic.
1447 274 1474 300 in
1488 273 1566 301 Catil.
1588 282 1608 307 1,
1622 282 1655 302 22
1681 274 1789 301 Vtinam
1808 276 1861 303 tibi·
1881 278 1955 305 islam
1973 285 2087 307 mentem
2106 282 2145 309 dii
2164 283 2214 309 im-

1178 310 1302 336 mortales
1314 308 1459 341 donarent,
1478 311 1521 336 ctli
1536 310 1626 343 video,
1639 309 1656 346 li
1672 319 1729 336 mea
1745 319 1809 337 voce
1823 312 1861 337 ire
1875 314 1902 339 in
1913 315 2024 342 exilium
2034 317 2158 344 Animum
2173 319 2215 345 ina

1178 345 1293 372 duxeris.
1355 344 1428 371 Idem
1441 345 1523 371 Tusc.
1538 354 1559 378 5,
1574 354 1604 378 30
1631 345 1756 372 inducant
1769 347 1911 380 Animum,
1936 350 1980 376 illa
1995 361 2109 384 quorum
2130 354 2213 388 splen-

1179 380 1243 406 dore
1263 380 1418 415 capiuntur,
1433 380 1518 413 vires,
1532 381 1723 411 valetudinem,
1736 380 1975 416 pulchritudinem,
1992 386 2114 421 diuitias,
2129 389 2213 416 hono-

1254 452 1258 456 .
1414 451 1418 455 ⁴
1437 452 1440 455 Ι
1738 453 1742 456 ⁴
1936 420 2001 446 Hor.
2016 423 2095 449 Serm.
2118 432 2138 457 1,
2158 434 2178 457 3,
2199 435 2213 452 a

1179 452 1311 478 Omnibus
1330 451 1381 478 hoc
1394 457 1490 477 Vitium
1504 451 1539 477 cst
1554 451 1721 484 cantor-ibim,
1736 457 1804 479 inter
1819 452 1917 479 amicos
1930 454 1964 479 Vt
1984 463 2117 490 nunquam
2136 460 2212 487 indu-

1178 492 1236 513 cant
1245 487 1370 513 Animum
1382 493 1485 512 cantare
1498 487 1592 520 rogati.
1658 488 1725 514 Ter.
1735 489 1798 514 Hec.
1813 497 1842 521 4,
1852 490 1902 521 4,6
1925 488 2002 515 Nunc
2017 492 2139 520 Animum
2154 505 2210 523 rur-

1178 522 1233 548 sum
1248 522 1279 548 ad
1292 522 1457 548 meretricem
1470 522 1575 548 induxti
1588 528 1671 548 tuum.
1740 522 1815 549 Olim
1827 532 1909 558 qumn
1922 524 1957 550 ita
1972 526 2096 553 Animum
2109 531 2212 558 induxti

1621 557 1692 584 Idem
1712 558 1786 585 Adel.
1805 568 1835 593 4,
1847 568 1868 590 3,
1882 561 1898 585 6
1917 559 2061 594 Nunquam
2081 568 2107 589 te
2125 566 2212 599 aliter,

1758 594 1838 621 Plaut.
1852 594 1919 621 Rud.
1934 596 2000 630 prol.
2015 604 2041 622 22
2062 598 2146 632 Atque
2161 600 2211 627 hoe

1176 628 1203 654 in
1218 628 1344 654 Animum
1356 627 1454 654 scelesti
1469 627 1595 654 inducunt
1614 629 1686 654 suum
1697 648 1704 660 ‚
1724 630 1815 655 Iouem
1834 630 1935 664 placare
1957 632 1983 657 se
2002 633 2070 665 polse
2087 636 2212 662 omnibus

1176 663 1276 689 hostiis.
1473 661 1494 700 ff
1516 665 1533 689 6
1568 664 1716 698 Metaphora
1728 665 1812 697 aflilo
1819 667 1919 701 sumta,
1932 666 2045 693 inducere
2064 667 2097 701 est
2111 672 2212 696 irritum

1174 699 1291 731 reddere,
1304 699 1405 725 abolere.
1442 698 1498 725 Cic.
1513 699 1566 725 Att.
1584 708 1602 730 1,
1616 707 1649 725 20
1674 699 1817 726 inducendi
1837 701 2058 729 Senatusconsulti
2076 707 2213 732 maturitas

1176 736 1293 760 nondum
1314 734 1358 760 est.
1410 733 1483 760 Idem
1499 736 1552 759 Att.
1571 743 1589 765 1,
1606 742 1634 769 17
1663 734 1767 767 Asiani,
1782 736 1828 770 qui
1849 737 1882 762 de
1900 737 2060 764 Censoribus
2080 740 2212 768 conduxe-

1177 563 1252 583 tuum
1268 558 1335 584 Ter.
1351 556 1431 583 Andr.
1445 564 1466 590 5,
1480 565 1503 589 3,
1516 566 1550 583 12.
1571 584 1574 588 ,

1141 776 1251 809 15ijunt,
1271 767 1355 803 questi
1376 770 1433 795 sunt
1457 770 1483 795 in
1497 770 1605 802 Senatu,
1618 770 1642 796 se
1661 770 1804 804 cupiditate
1824 772 1971 806 prolapsos,
1991 774 2103 801 nimium
2117 785 2213 811 niagno

1175 804 1336 832 conduxisse:
1358 810 1386 831 vt
1404 804 1573 831 induceretur
1591 805 1689 831 locatio
1703 806 1907 840 postulauerunt.
1977 809 2033 835 Cic.
2055 811 2108 837 Att.
2129 820 2162 844 13,
2182 821 2213 846 14

1175 848 1246 871 eutr,
1261 841 1348 875 Igitur
1361 841 1567 866 consideremus:
1587 840 1631 866 etti
1646 842 1755 867 nomina
1767 841 1819 867 iam
1832 842 1901 869 facia
1915 843 1987 876 sunt,
2001 845 2042 871 vel
2057 847 2155 880 induci,
2168 848 2212 874 vel

1175 877 1272 903 mutari
1286 877 1396 910 potsunt.
1467 877 1537 902 Suet.
1552 876 1618 902 Ner.
1631 885 1652 902 c.
1668 884 1695 909 52
1719 878 1803 903 Multa
1817 883 1841 903 et
1854 877 1939 904 deleta
1951 885 1976 905 et
1991 880 2097 908 indu&a
2111 889 2136 908 et
2153 883 2213 909 sub-

1174 912 1268 946 scripta
1281 912 1392 938 inerant.
1427 909 1468 944 Est
1486 915 1566 947 igitur
1580 911 1706 938 inducere
1719 916 1840 948 proprie,
1856 912 1938 939 DuHo
1955 921 2000 949 per
2012 925 2081 942 ceras
2092 916 2154 950 stilo
2174 922 2213 944 in-

1046 945 1111 972 Plin.
1120 962 1156 980 20
1172 948 1242 982 verso
1254 947 1280 982 s.
1294 948 1366 980 low,
1384 953 1463 987 tegere
1483 954 1505 973 et
1522 949 1682 980 interimere,
1706 955 1729 973 ct
1747 952 1885 975 memoriam
1899 949 2052 985 scriptorum
2074 953 2212 981 obliterare.
2248 979 2249 985 ,

1172 983 1240 1010 Add.
1255 982 1311 1009 Cic.
1326 983 1379 1008 Att.
1394 992 1412 1014 4
1427 983 1472 1016 hp.
1488 982 1535 1008 vlt.

1173 1018 1268 1044 ducere
1280 1016 1313 1050 est
1327 1018 1363 1044 ibi
1373 1018 1495 1053 scribere,
1511 1024 1534 1043 et
1554 1016 1680 1051 expensum
1694 1016 1776 1052 ferre.
1813 1019 1868 1044 Cic.
1883 1020 1958 1045 Verr.
1975 1030 1992 1052 1,
2009 1025 2054 1048 106
2067 1032 2087 1048 c.
2102 1033 2131 1056 41
2151 1025 2212 1051 Tu.

1172 1058 1258 1086 tores,
1271 1053 1408 1088 pecuniam
1426 1052 1542 1087 praetori
1561 1051 1579 1078 ss
1593 1052 1709 1086 pupillae
1726 1054 1835 1078 nomine
1853 1054 1988 1086 dedissent,
2001 1057 2126 1090 grandem
2141 1069 2212 1094 prae-

1173 1089 1279 1121 sertim,
1293 1088 1515 1123 quemadmodum
1535 1088 1563 1113 in
1582 1087 1712 1115 rationem
1733 1087 1905 1120 inducerent,
1921 1092 2144 1124 quemadmodum
2159 1095 2212 1122 fine

1171 1124 1292 1158 periculo
1306 1125 1352 1150 suo
1367 1123 1428 1150 dare
1448 1125 1558 1158 possent,
1572 1131 1625 1148 non
1639 1122 1773 1149 videbant.
1824 1124 1866 1151 Sic
1879 1125 2012 1157 Quantum
2031 1137 2150 1163 quaeque
2164 1140 2210 1157 vo.

1171 1160 1237 1191 luit,
1250 1160 1342 1194 legatis
1360 1160 1411 1186 tuis
1430 1159 1519 1186 datum
1538 1158 1642 1184 induxit
1657 1159 1713 1185 Cic.
1728 1159 1797 1185 Fam.
1810 1167 1834 1191 3,
1848 1158 1878 1185 io'
1893 1159 1952 1186 med.
1977 1162 2018 1186 vbi
2030 1164 2096 1198 conf,
2110 1166 2211 1193 Manus,

1172 1197 1204 1222 Et
1217 1204 1239 1228 3,
1254 1200 1266 1225 8
1288 1196 1331 1222 Ne
1343 1195 1371 1221 in
1384 1195 1565 1221 venditionem
1578 1193 1757 1227 tributorum,
1771 1200 1796 1221 et
1810 1194 1882 1221 illam
1895 1195 2082 1224 acerbiffimam
2097 1200 2212 1227 exaftio—

1170 1240 1232 1257 nem
1247 1231 1362 1265 capitum
1376 1237 1455 1265 atque
1467 1230 1596 1256 ostiorum
1609 1230 1690 1263 (haec
1696 1230 1759 1265 fitne
1772 1231 1892 1265 accepta)
1906 1231 2094 1260 inducerentur
2112 1236 2161 1269 (ln
2173 1245 2213 1262 ex-

1165 1265 1271 1302 penfis)
1291 1267 1389 1292 sumtus
1403 1265 1514 1292 minime
1532 1265 1673 1291 necessarii.
1730 1265 1785 1292 Cic.
1800 1275 1848 1300 pro
1861 1266 1891 1292 L.
1907 1267 1968 1300 Agr.
1982 1276 2007 1301 2,
2019 1276 2056 1302 ¹70
2069 1279 2090 1296 c.
2103 1273 2135 1296 26
2159 1272 2212 1298 Hic
2252 1266 2256 1271 ’

1730 980 1750 1019 fl
1772 991 1788 1017 7
1826 984 1918 1011 Contra
1931 994 1957 1011 ea
1976 986 2002 1011 in
2017 987 2155 1014 Rationem
2171 990 2211 1016 in·

270 1302 326 1327 Huc
342 1301 436 1336 referri
444 1298 538 1335 potest,
551 1309 604 1325 cuni
619 1299 709 1325 induci
723 1301 856 1331 dicuntur,
870 1308 969 1334 quorum
984 1299 1054 1326 duffii
1071 1302 1112 1326 vel
1124 1315 1156 1339 30
1171 1311 1232 1336 ager
1246 1310 1348 1334 01111115,
1369 1310 1478 1336 quoquo
1498 1301 1584 1335 pretio
1601 1302 1719 1327 coemtus
1738 1301 1802 1331 erit,
1820 1307 1908 1327 tamen
1927 1303 2027 1336 ingenti
2042 1306 2150 1338 pecunia
2164 1316 2216 1335 vo.

1171 1338 1213 1364 bis
1231 1337 1372 1364 inducetur
1425 1336 1494 1364 lbid.
1509 1341 1540 1369 98
1562 1345 1583 1362 c.
1598 1338 1629 1367 36
1666 1337 1702 1361 Vt
1720 1336 1801 1362 iidem
1819 1337 1915 1371 partim
1934 1338 2081 1366 inuidiosos
2101 1350 2176 1376 agros
2196 1351 2212 1369 a

1171 1372 1284 1400 Sullanis
1298 1372 1493 1407 possefforibus,
1510 1371 1605 1406 partim
1621 1370 1736 1398 desertos
1750 1380 1778 1397 ac
1790 1372 1939 1406 pestilentes
1949 1394 1957 1406 ,
1974 1383 1988 1400 a
2002 1375 2092 1402 vestris
2103 1378 2212 1404 necessa-

1172 1409 1237 1440 riis,
1263 1417 1278 1434 a
1295 1407 1459 1442 vosmetipsis
1479 1413 1578 1439 emtos,
1601 1407 1693 1442 quanti
1712 1407 1830 1439 velletis,
1854 1409 1915 1443 Pop.
1942 1410 2019 1436 Rom.
2043 1411 2210 1440 induceretis.

1172 1446 1242 1470 Hinc
1253 1445 1365 1480 intelligo
1382 1444 1440 1470 Cic.
1453 1444 1515 1470 Diu.
1528 1451 1555 1475 2,
1568 1451 1614 1475 109
1627 1451 1648 1468 c.
1663 1451 1689 1474 53
1703 1449 1767 1469 extr.
1791 1444 1850 1477 Qua
1865 1453 1929 1478 ergo
1943 1446 2047 1472 ratione
2060 1446 2123 1474 haec
2136 1448 2212 1475 indu-

1172 1481 1225 1512 cis,
1244 1479 1273 1505 id
1291 1478 1340 1512 cst,
1355 1480 1423 1505 velut
1441 1482 1468 1505 in
1485 1478 1624 1505 rationibus
1638 1481 1729 1513 ponis,
1741 1485 1765 1504 et
1783 1488 1843 1506 vera
1863 1478 1906 1511 effi³
1921 1480 2048 1514 concedis,
2061 1483 2151 1510 eadem
2166 1484 2212 1511 illa

1171 1517 1220 1542 effe
1233 1515 1350 1550 possunt,
1364 1523 1431 1549 quae
1445 1514 1528 1546 tollis,
1543 1516 1561 1539 i.
1579 1522 1663 1549 negas.
1858 1512 1879 1553 ¹]
1900 1520 1913 1543 8
1951 1516 2050 1552 Obstru.
2070 1520 2128 1544 Non
2143 1519 2212 1554 satis

1171 1551 1309 1586 expeditum
1324 1548 1441 1586 ethuid
1451 1549 1497 1583 libi
1518 1550 1579 1575 velit
1594 1549 1657 1575 illud
1675 1549 1790 1576 Martial.
1805 1558 1845 1583 14,
1860 1554 1904 1580 168
1926 1554 1966 1577 cui
1977 1555 2062 1578 lemma
2074 1553 2211 1582 Trochus.

1171 1586 1322 1613 Inducenda
1334 1591 1393 1612 rota
1406 1586 1457 1612 est:
1477 1585 1521 1611 das
1539 1583 1617 1611 nobis
1636 1584 1701 1610 vtile
1720 1594 1823 1611 munus.
1895 1586 2022 1613 Inducere
2036 1588 2153 1615 fructum
2173 1590 2213 1616 di-

1171 1629 1260 1648 cuntur
1272 1621 1398 1653 arboreS,
1418 1623 1535 1648 Emittere
1554 1627 1575 1646 ct
1589 1620 1731 1655 producere.
1778 1621 1908 1648 Columel.
1921 1630 1944 1653 ς,
1961 1632 1985 1654 9,
2003 1630 2027 1654 15
2053 1624 2213 1658 Plerumque

833 1655 914 1682 Plaut.
924 1656 989 1681 Pers.
1004 1665 1028 1687 4,
1037 1664 1065 1694 4,
1079 1664 1108 1688 91
1119 1671 1155 1695 40
1172 1658 1251 1684 etiam
1264 1657 1329 1684 locis
1343 1656 1413 1683 ficcis
1428 1663 1454 1682 et
1465 1655 1583 1682 humidis
1595 1655 1704 1682 arbores
1717 1657 1807 1682 musco
1819 1656 1988 1689 infestantur:
2008 1666 2086 1691 quem
2100 1659 2148 1684 nisi
2161 1661 2214 1686 fer-

1170 1699 1290 1720 ramento
1310 1692 1468 1722 resecueris,
1489 1700 1536 1718 nec
1550 1690 1682 1722 studium,
1702 1699 1751 1716 nec
1771 1691 1866 1716 laetam
1877 1691 2001 1718 frondem
2016 1692 2074 1719 olea
2093 1694 2214 1722 inducet:

1167 1728 1216 1756 Sed
1232 1728 1284 1754 vid.
1303 1729 1349 1763 leg.
1368 1727 1470 1753 Induet.

1206 1769 1275 1789 IND
1285 1768 1362 1788 ch
1373 1769 1414 1787 vs
1424 1780 1430 1791 ‚
1446 1770 1474 1791 a,
1495 1769 1549 1786 um.
1585 1760 1653 1785 Part.
1689 1759 1746 1785 Cic.
1761 1760 1815 1785 Ait.
1829 1768 1852 1792 3,
1869 1766 1894 1793 15
1918 1761 1972 1795 Ego
1986 1761 2116 1796 proditus,
2136 1763 2214 1791 indu-

1653 1793 1759 1821 Sueton.
1774 1795 1866 1822 Claud·
1875 1805 1896 1822 c.
1903 1804 1936 1829 29
1958 1797 2092 1831 111111161115,
2101 1800 2170 1832 quasi
2179 1800 2213 1826 de

1803 1830 1898 1857 Tedae
1926 1832 2048 1859 induciae
2073 1834 2213 1868 sulphure,

1694 1866 1864 1898 Argumentis
1886 1867 2023 1900 induistus,
2043 1871 2062 1894 i.
2080 1870 2213 1906 Pwfimsur

2012 1903 2211 1932 Consuetudine

1169 1797 1242 1828 etus,
1259 1796 1394 1822 conieehts
1409 1796 1437 1821 in
1450 1794 1582 1821 fraudem.

1169 1869 1187 1891 i.
1210 1866 1293 1892 illitae
1326 1865 1406 1892 Ouid.
1425 1865 1503 1900 Epist.
1523 1875 1546 1897 7,
1564 1873 1603 1896 23.

1170 1901 1237 1928 Plin.
1253 1910 1278 1935 7,
1292 1909 1334 1935 43.
1407 1900 1567 1927 ConietShira
1581 1899 1704 1925 indut‘lus
1734 1901 1806 1925 Idem
1822 1906 1866 1932 28,
1888 1909 1908 1927 1.

1169 1936 1293 1963 induetus
1305 1945 1333 1962 ac
1348 1936 1529 1962 familiaritate
1551 1934 1606 1960 Cic.
1622 1943 1670 1968 pro
1683 1936 1777 1967 Qiint.
1792 1944 1814 1961 ιε
1828 1944 1880 1968 c.3.

1168 1971 1199 1997 ad
1215 1971 1411 1997 criminandum
1426 1970 1543 1996 indueta.
1564 1969 1601 1995 Id.
1616 1978 1664 2002 pro
1678 1970 1748 1996 Cael.
1770 1979 1792 1997 c.
1808 1978 1841 1997 ιι.

1169 2006 1261 2032 onmia
1274 2014 1337 2032 vera
1349 2006 1485 2040 diligimus
1517 2004 1555 2031 Id.
1572 2004 1603 2030 de
1617 2005 1675 2031 Fin.
1689 2014 1718 2037 2,
1755 2024 1762 2031 .

1169 2041 1233 2074 quid
1247 2041 1333 2068 facere
1369 2042 1425 2068 Cic.
1440 2041 1471 2067 de
1486 2042 1589 2067 quent.
1604 2048 1634 2070 2,
1671 2059 1677 2066 .
1714 2060 1721 2067 .

1167 2077 1240 2103 Idem
1255 2085 1303 2111 pro
1316 2077 1401 2104 Plane.
1417 2085 1456 2103 101
1471 2085 1492 2102 c.
1501 2085 1545 2109 4²·
1617 2077 1666 2101 Pro
1678 2075 1817 2110 Asciticio,
1838 2077 1878 2102 vel
1893 2078 1964 2113 longe
1977 2080 2091 2114 accesfito
2101 2092 2108 2106 .·
2143 2083 2210 2108 Plin.
2248 2107 2251 2110 ,

1167 2112 1287 2146 Epist.43
1302 2120 1366 2138 extr.
1393 2113 1489 2146 Neque
1505 2111 1576 2136 enim
1592 2110 1745 2136 coniectura
1759 2116 1831 2144 eget,
1855 2112 1920 2146 quid
1934 2115 2052 2141 sermone
2065 2117 2153 2150 patrio
2166 2126 2211 2144 cx·

1168 2148 1284 2180 primere
1292 2147 1365 2181 possis
1374 2167 1382 2179 ,
1401 2156 1483 2180 quum
1497 2146 1547 2172 hoc
1560 2145 1676 2171 insiticio
1690 2151 1715 2172 et
1729 2145 1840 2173 1111111610
1851 2153 1903 2174 tam
1918 2149 2046 2182 praeclara
2059 2160 2140 2186 opera
2152 2162 2211 2187 per-

1168 2182 1272 2208 feceris.
1344 2182 1382 2208 Id.
1398 2181 1463 2208 ibid.
1477 2190 1489 2213 3
1499 2200 1506 2213 ,
1521 2187 1558 2211 18,
1574 2189 1602 2206 10
1627 2180 1718 2215 Pollint
1731 2180 1820 2208 videri
1832 2183 1943 2210 arceffita
1956 2191 1981 2211 et
1994 2186 2108 2213 indueta.
2179 2189 2211 2215 Et

1168 2224 1197 2250 5,
1210 2219 1241 2249 6,
1254 2225 1292 2250 44
1327 2217 1353 2243 Si
1368 2217 1437 2243 nihil
1452 2216 1590 2243 inductum
1603 2222 1629 2242 et
1642 2216 1712 2250 quasi
1727 2216 1836 2243 (leuium
1849 2218 2000 2252 loquimur,
2020 2229 2074 2247 non
2088 2222 2212 2256 epistola,

1166 2262 1234 2287 quae
1253 2253 1393 2285 describit,
1419 2252 1462 2279 sed
1481 2251 1561 2284 villa,
1588 2260 1656 2286 quae
1673 2252 1846 2285 describitur,
1865 2262 1958 2287 magna
1978 2255 2023 2282 est.
2099 2257 2211 2286 inducito

1164 2289 1255 2323 priore
1268 2288 1373 2314 decreto
1393 2288 1543 2315 Suet.Caes.
1556 2297 1578 2313 c.
1588 2289 1626 2313 16.
1680 2305 1683 2307 -
1696 2288 1813 2313 Delirus:
1849 2288 1955 2322 leian.
1969 2290 1997 2316 in
2009 2291 2026 2317 l.
2043 2300 2051 2317 1
2073 2293 2104 2319 D.
2114 2292 2146 2319 de
2159 2294 2210 2327 his,

1163 2333 1231 2358 quac
1245 2324 1272 2349 in
1286 2323 1384 2351 testam.
1398 2325 1494 2350 delent.
1522 2324 1598 2355 Quae
1612 2323 1640 2348 in
1654 2322 1808 2348 testamento
1819 2322 1871 2357 legi
1892 2325 2008 2359 possunt,
2034 2336 2063 2353 ea
2075 2328 2210 2356 inconsul.

1166 2366 1194 2386 to
1223 2358 1309 2385 deleta
1336 2366 1361 2385 et
1385 2359 1508 2390 indutio,
1538 2358 1715 2383 nihilominus
1733 2358 1823 2384 valent
1837 2369 1843 2384 :
1879 2361 2013 2393 consulto,
2038 2371 2091 2389 non
2113 2365 2210 2392 valent.

1165 2395 1194 2422 Id
1207 2404 1283 2426 vero,
1298 2395 1370 2429 quod
1378 2404 1431 2420 non
1441 2393 1757 2427 iuss'udoniiniscriptum,
1776 2393 1924 2426 11111118111111,
1940 2396 2090 2424 deletuinue
2097 2400 2141 2431 est,
2161 2410 2210 2435 pro

1165 2429 1253 2491 nihilo
1267 2430 1311 2456 est.
1374 2430 1432 2456 Vid.
1446 2433 1580 2456 INDVCO
1597 2437 1623 2454 n.
1635 2430 1659 2454 6.
1751 2429 1842 2456 Solum
1856 2430 2010 2465 indutffuim,
2038 2437 2057 2461 i.
2080 2444 2210 2471 aequatum

1162 2466 1180 2492 P
1193 2466 1229 2492 in.
1248 2474 1264 2491 2
1275 2485 1284 2497 ,
1304 2470 1345 2495 80.

1200 2507 1211 2526 1
1222 2507 1243 2525 N
1253 2507 1356 2528 DVCT
1366 2506 1375 2525 1
1385 2506 1420 2532 o,
1438 2499 1506 2526 onis.
1526 2499 1547 2525 f.
1583 2498 1733 2534 [ἓπαγιιιγὴ]
1770 2499 1824 2526 Cic.
1835 2500 1867 2527 de
1879 2501 1915 2528 N.
1928 2502 1959 2529 D.
1973 2511 1994 2534 2,
2009 2511 2048 2536 152
2067 2513 2089 2533 c.
2098 2507 2133 2531 60
2150 2506 2209 2533 Nos

2028 2540 2155 2567 Veiorum
2170 2542 2210 2568 in-

1164 2571 1303 2598 dudtiones
1333 2571 1439 2597 Vitruu.
1454 2570 1535 2604 praef.
1551 2579 1586 2596 10.
1674 2572 1723 2596 Pro
1737 2570 1938 2599 intromissione.-
1994 2574 2050 2600 Cic.
2064 2576 2095 2603 de
2109 2578 2183 2604 Orat.
2197 2587 2208 2610 3

1165 2615 1219 2639 e.53
1254 2607 1425 2633 Personarum
1441 2606 1501 2632 fieta
1516 2604 1648 2631 inductio.
1716 2605 1840 2632 Inductio
1856 2608 1954 2635 erroris
1983 2610 2051 2637 lbid.
2124 2614 2210 2649 Argu-

1164 2645 1242 2668 menti
1254 2652 1330 2678 genus
1347 2641 1414 2677 apud
1430 2642 1556 2673 rhetores,
1579 2650 1650 2676 quum
1663 2647 1711 2675 per
1731 2643 1950 2678 interrogationem
1959 2644 2081 2678 slmilium
2099 2651 2209 2684 cogimus

1163 2679 1267 2713 aliquem
1281 2679 1377 2713 aliquid
1388 2678 1489 2712 soteri,
1516 2679 1594 2703 veluti
1612 2686 1684 2702 manu
1697 2680 1725 2702 in
1738 2677 1766 2702 iil
1772 2697 1780 2709 ,
1800 2678 1865 2713 quod
1877 2681 1986 2706 volumus
1995 2701 2001 2711 ,
2021 2692 2071 2707 omn
2085 2682 2208 2711 ducentes.

1158 2713 1297 2750 ‘Quini-til.
1318 2721 1346 2745 5,
1366 2722 1405 2745 11,
1425 2722 1437 2738 2
1470 2712 1518 2739 Illa
1544 2711 1701 2743 (111111ιέ110)
1728 2721 1779 2746 qua
1793 2714 1938 2747 plurimum
1953 2716 2012 2742 vsus
2027 2717 2063 2743 est
2077 2718 2208 2752 Socrates,

1165 2749 1230 2775 hanc
1246 2749 1338 2775 habuit
1359 2750 1439 2775 viam.
1495 2749 1563 2775 Cum
1579 2747 1652 2782 plura
1667 2747 1863 2783 interrogasset,
1883 2759 1950 2784 quae
1962 2752 2041 2779 fateri
2057 2753 2208 2781 aduersario

1164 2786 1262 2810 necefle
1280 2786 1354 2816 esset,
1380 2783 1517 2810 nouissime
1536 2783 1578 2814 id,
1598 2783 1630 2809 de
1641 2791 1695 2817 quo
1710 2785 1892 2818 quaerebatur,
1905 2786 2052 2819 inferebat,
2068 2790 2111 2816 cui
2125 2790 2209 2817 simile

1165 2819 1325 2846 concedisset.
1367 2819 1398 2846 Id
1413 2819 1448 2845 est
1468 2819 1599 2845 indu-§tim
1651 2834 1697 2838 ——
1717 2819 1754 2845 Sit
1767 2820 1812 2846 illa
1827 2821 2001 2856 interrogatio
2015 2823 2092 2850 talis:
2127 2826 2208 2859 Qiod

1166 2855 1202 2881 est
1222 2865 1330 2890 pomum
1355 2854 1575 2890 generofiffimum
1588 2856 1598 2881 ἓ
1634 2855 1816 2895 nonnequod
1841 2857 1972 2891 optimum
1989 2859 1998 2885 3
2042 2861 2208 2888 concedetur.

1969 1938 2064 1965 Oratio
2080 1939 2213 1968 subtiliter

1924 1972 1974 1998 His
1992 1973 2078 2000 initiis
2092 1976 2212 2009 1111111611,

1800 2025 1807 2031 .
1878 2007 1991 2034 Pecunia
2009 2008 2147 2037 inductum
2165 2012 2212 2038 ali-

1790 2041 1839 2075 Spe
1855 2041 1918 2067 falsa
1931 2042 2053 2070 indue'tus
2067 2046 2212 2079 pollicebar

833 2888 935 2915 Plumas
961 2890 1030 2915 Hor.
1046 2890 1100 2915 Art.
1117 2895 1148 2923 75
1167 2891 1223 2924 Qui
1238 2901 1319 2926 equus
1333 2890 1554 2925 generosissimus?
1590 2898 1678 2916 nonne
1693 2899 1739 2930 qui
1752 2893 1885 2931 optimus?
1919 2894 1950 2920 Et
1963 2894 2036 2928 plura
2056 2896 2083 2921 in
2096 2897 2208 2923 eundem

1164 2926 1284 2953 modum.
1338 2927 1415 2952 Tum
1433 2926 1461 2952 id
1475 2926 1659 2959 subiungitur,
1679 2934 1754 2952 cuius
1773 2936 1813 2953 rei
1831 2927 1916 2961 gratia
1935 2936 2056 2964 rogatum
2074 2931 2126 2963 est,
2152 2933 2208 2965 Qii

1166 2962 1265 2994 homo,
1281 2970 1368 2988 nonne
1382 2962 1402 2987 is
1417 2961 1620 2996 generofiffimus
1633 2961 1680 2995 qui
1693 2963 1825 2995 optimus?
1860 2964 1948 2991 Fateri
1961 2965 2022 2998 hoc,
2040 2966 2093 2992 illis
2106 2968 2209 2994 conces-

1165 2997 1213 3030 fis,
1233 2997 1414 3032 proculdubio
1428 2997 1573 3031 oportebit.
1625 2996 1693 3023 Add.
1708 2998 1875 3032 Q1inffiln5,
1889 3009 1928 3032 10,
1943 3008 1982 3035 73.
2054 3002 2110 3028 Cic.
2123 3003 2155 3029 de
2167 3004 2208 3029 In.

1164 3039 1234 3060 vent.
1250 3043 1270 3066 1,
1283 3041 1307 3066 51
1322 3042 1374 3064 031
1401 3033 1496 3059 Omnis
1509 3033 1703 3067 argumentatio
1715 3041 1759 3059 aut
1773 3043 1818 3068 per
1830 3034 2012 3062 induffionem
2024 3037 2156 3064 trafilanda
2163 3039 2208 3070 est,

244 3067 317 3093 Idem
329 3075 378 3101 pro
392 3067 467 3093 Rosc.
480 3066 556 3092 Com.
573 3067 610 3098 46
637 3067 723 3099 Quem
743 3075 793 3101 ego
807 3072 835 3092 vt
853 3068 1010 3098 mentiatur,
1023 3067 1098 3093 indu-
1113 3074 1147 3100 80
1163 3076 1208 3095 aut
1222 3078 1267 3103 per
1279 3069 1519 3095 ratiocinationem.
1560 3069 1666 3101 Oratio,
1674 3077 1740 3103 quae
1747 3069 1825 3095 rebus
1834 3079 1886 3096 non
1895 3070 1983 3097 dubiis
1991 3078 2074 3105 captat
2091 3073 2207 3099 assensio-

1163 3114 1223 3130 nem
1239 3105 1309 3137 eius,
1322 3104 1429 3139 quicum
1442 3104 1560 3130 instituta
1575 3104 1620 3130 est.
1655 3114 1685 3130 ac
1697 3105 1783 3130 delude
1795 3104 1927 3139 dulcffmo
1940 3110 2061 3142 exemplo,
2084 3116 2130 3143 quo
2138 3109 2207 3144 qs'om

1162 3141 1225 3166 dicit
1244 3141 1385 3170 Socraticus
1405 3140 1537 3175 Aeschines
1550 3138 1678 3175 Aspasiam
1695 3140 1764 3174 apud
1783 3141 1966 3174 Xenophontem
1981 3149 2004 3167 et
2024 3145 2075 3168 eius
2093 3153 2206 3174 Uxorem,

1163 3176 1282 3202 declarat.
1352 3176 1408 3202 Cic.
1424 3175 1451 3201 in
1463 3175 1607 3209 Topic.42
1638 3176 1709 3201 Haec
1723 3184 1753 3201 ex
1768 3175 1889 3209 pluribus
1904 3177 2058 3210 perueniens
2071 3187 2124 3212 quo
2138 3179 2206 3212 vult,

1162 3211 1310 3246 appellatur
1321 3210 1459 3244 induetio,
1478 3220 1544 3246 quae
1559 3211 1658 3237 Graece
1671 3211 1783 3243 ἐπαγωγή
1796 3211 1957 3238 nominatur.
1999 3213 2071 3240 Idem
2086 3214 2117 3240 de
2129 3215 2205 3241 Orat.

1339 3247 1504 3273 Concludere
1516 3246 1657 3274 acutissime
1673 3246 1847 3280 syllogismos,
1872 3247 1996 3274 ordinare
2008 3249 2153 3283 sequaciter
2167 3250 2206 3276 in-

1164 3281 1303 3309 duffiones
1329 3282 1429 3309 Arnob.
1444 3292 1457 3308 2
1478 3292 1502 3316 p.
1517 3291 1562 3314 49.
1633 3280 1757 3307 Inductio
1771 3282 1870 3315 animi,
1890 3283 2022 3318 Perfiazifio.
2060 3285 2205 3312 Cic.Tusc.

1162 3327 1191 3350 2,
1230 3338 1236 3345 .
1274 3339 1280 3345 .
1351 3318 1425 3345 Idem
1441 3320 1475 3351 Q
1488 3318 1556 3344 Frat.
1570 3326 1589 3349 1,
1604 3325 1614 3342 1
1644 3317 1708 3342 Non
1729 3316 1765 3342 est
1785 3318 1858 3343 enim
1880 3318 1991 3352 positum
2011 3319 2039 3345 in
2055 3319 2146 3347 labore
2158 3321 2206 3347 ali-

1163 3363 1232 3389 quo,
1252 3354 1294 3380 sed
1309 3354 1336 3380 in
1351 3354 1461 3389 quadam
1475 3352 1631 3379 inductione
1643 3351 1725 3378 animi
1738 3358 1764 3378 et
1776 3353 1922 3380 voluntate.
2015 3354 2139 3383 induerit>
2149 3356 2205 3383 ani-

1162 3390 1215 3419 mi,
1228 3397 1277 3424 pro
1291 3391 1462 3417 Beneuolentia
1491 3387 1529 3414 Id.
1545 3388 1616 3414 Fam.
1633 3396 1657 3420 ¹,
1671 3396 1703 3420 9,
1719 3391 1776 3419 (8).
1847 3390 1897 3416 Pro
1913 3388 2090 3422 incrustatione
2112 3391 2145 3424 cst
2164 3399 2206 3428 ap.

1161 3425 1256 3452 Pallad.
1270 3434 1295 3456 1,
1310 3433 1343 3458 15.
1382 3425 1438 3451 Vzd.
1456 3429 1578 3450 INDVCO
1591 3431 1646 3455 n.3.
1717 3425 1766 3450 Pro
1780 3425 1886 3450 Lisura:
1924 3425 2027 3459 leian.
2041 3426 2070 3452 in
2082 3426 2099 3452 1.
2116 3436 2125 3453 1
2139 3425 2162 3463 §.
2177 3433 2206 3455 et

1161 3461 1224 3488 ideo
1244 3461 1275 3487 D.
1289 3460 1321 3487 de
1336 3460 1387 3495 his,
1399 3468 1465 3494 quae
1478 3459 1505 3485 in
1518 3459 1574 3485 test.
1587 3458 1638 3484 del.
1664 3458 1779 3491 Lituras‚
1799 3458 1977 3493 inductiones,
1995 3461 2206 3496 superinduelio-

1161 3506 1207 3525 nes
1221 3497 1275 3530 ipse
1290 3497 1351 3522 feci.
1393 3495 1450 3521 Vid.
1464 3499 1588 3521 moveo
1603 3496 1661 3520 n.6.
2154 3524 2166 3534 τ

1200 3539 1208 3558 1
1220 3539 1243 3558 N
1254 3539 1303 3558 Dv
1313 3538 1330 3558 C
1341 3537 1363 3556 T
1372 3539 1392 3557 v
1401 3538 1429 3561 s,
1450 3528 1487 3556 sis.
1512 3538 1548 3556 m.
1584 3528 1730 3563 [ἒνοιγωγὴ]
1778 3528 1853 3556 Idem.
1902 3530 2005 3556 Audlor
2017 3531 2048 3558 ad
2062 3533 2179 3560 Herenn.
2188 3542 2205 3561 2

1161 3577 1183 3594 c.
1191 3575 1220 3602 17
1253 3568 1279 3593 Si
1292 3567 1407 3593 maxime
1420 3567 1456 3592 ita
1471 3565 1517 3598 fit,
1538 3575 1602 3591 num
1618 3574 1647 3591 ea
1660 3574 1689 3590 re
1701 3565 1808 3590 concedi
1823 3573 1870 3591 reo
1885 3567 2041 3598 conueniat,
2059 3569 2130 3602 quod
2143 3570 2205 3596 alie-

1160 3612 1196 3629 no
1208 3602 1319 3629 11111116111
1333 3602 1435 3629 fecerit.
1509 3601 1566 3627 Cic.
1582 3610 1629 3635 pro
1642 3602 1736 3627 Varen.
1750 3606 1779 3626 vt
1791 3603 1856 3626 citat
1869 3601 1999 3634 Quinem.
2016 3610 2046 3635 5,
2062 3612 2090 3630 10
2119 3605 2204 3638 Optio

1160 3637 1238 3664 vobis
1253 3638 1329 3665 datur
1344 3643 1433 3664 vtrum
1447 3637 1536 3663 velitis
1550 3637 1607 3663 casu
1620 3635 1669 3663 illo
1681 3635 1778 3662 itinere
1790 3636 1923 3663 Varenum
1938 3638 2013 3664 vsum
2027 3639 2090 3673 effe,
2110 3648 2142 3666 an
2156 3640 2204 3678 ¹3¹¹-

1159 3673 1201 3699 ius
1216 3675 1337 3708 persuasu
1351 3679 1376 3700 et
1393 3672 1513 3699 inductu.

1198 3715 1238 3735 IN
1252 3715 1270 3735 1)
1282 3716 1326 3736 vc
1336 3715 1418 3735 Til-31
1428 3716 1443 3735 L
1454 3716 1460 3733 1
1472 3715 1499 3739 s,
1518 3717 1541 3734 e.
1578 3705 1638 3732 Adi.
1691 3705 1762 3732 Cael.
1776 3705 1866 3733 Aurel.
1882 3708 1957 3734 Acut.
1971 3717 1993 3740 2,
2006 3715 2046 3741 37,
2061 3717 2107 3740 203
2133 3710 2202 3740 Qia-

1161 3743 1220 3770 litas'
1233 3744 1400 3770 induetibzlis
1418 3740 1603 3778 (emplaflica)
1625 3747 1705 3767 utres
1719 3743 1821 3774 induci,
1846 3745 1864 3769 i.
1883 3745 1952 3770 illini
1970 3745 2059 3780 pollit,
2080 3742 2203 3777 emplastri

1309 3782 1350 3806 lta
1362 3780 1529 3815 sumie'etiam
1542 3787 1567 3804 n.
1578 3786 1622 3802 202
1635 3776 1815 3805 Indufflbiiia.

1199 3820 1444 3846 INDvc'ricivs,
1463 3823 1491 3844 a,
1508 3822 1564 3839 um.
1589 3811 1648 3838 Adi.
1685 3812 1866 3844 Cyrill.Glofl''.
1875 3812 2042 3841 Induffitius,
2056 3812 2198 3838 ἐπείσακτος,

1200 3856 1211 3875 1
1222 3855 1242 3874 N
1256 3854 1386 3877 DVCTO
1396 3856 1414 3875 R
1424 3869 1433 3882 ,
1451 3849 1515 3875 oris.
1535 3857 1570 3874 m.
1607 3847 1687 3873 Gloff.
1702 3849 1761 3875 Ver.
1778 3848 1920 3881 11111υᾶ01,
1940 3846 2055 3875 dauni-ris.

1200 3890 1210 3909 1
1220 3891 1242 3909 N
1253 3891 1272 3910 D
1282 3891 1301 3907 v
1312 3891 1328 3911 C
1337 3892 1358 3911 T
1368 3892 1386 3910 R
1397 3892 1405 3910 1
1416 3891 1434 3910 x
1444 3904 1451 3916 ,
1472 3883 1527 3909 icis.
1557 3883 1576 3908 f.
1613 3883 1690 3917 Apul.
1706 3883 1776 3910 Flor.
1790 3891 1855 3911 extr.
1881 3885 1973 3910 Coruus
1985 3881 2111 3914 Praedae,
2124 3890 2203 3916 quam

1163 3928 1211 3946 ore
1224 3919 1338 3953 gestabat
1352 3919 1534 3949 immonem,
1553 3920 1663 3955 vulpem,
1682 3920 1856 3953 compotiuit,
1882 3922 1900 3944 ι’.
1920 3916 2134 3953 compotem-fecit.

1197 3963 1208 3983 1
1219 3961 1241 3981 Ν
1253 3960 1273 3981 D
1283 3962 1302 3982 v
1314 3960 1332 3981 c
1343 3962 1364 3982 'r
1375 3962 1383 3980 i
1393 3962 1412 3979 v
1486 3953 1556 3982 Adu.
1611 3954 1683 3982 Cael.
1692 3954 1788 3982 Aurel.
1802 3954 1887 3986 Tard.
1904 3961 1925 3987 i,
1938 3959 1959 3985 ς.

1353 3992 1371 4017 6
1389 3990 1413 4017 V
1448 3997 1466 4017 2
2030 3991 2203 4013 movero-
