2479 4225
538 120 576 159 D
655 119 694 157 A
787 115 822 154 C

232 222 251 242 1)
259 222 279 241 A
290 220 306 240 c
318 221 327 239 1
336 220 367 243 A,
380 219 417 237 ae.
432 210 451 235 f.
487 207 605 241 [Δακῖοι]
639 207 715 240 Regio
727 201 909 239 quamflquidam
920 197 1044 224 Thraciae
1052 202 1161 231 partem,
1172 195 1225 228 qui-

196 251 252 277 dam
263 249 435 276 conterminam
448 243 542 269 dicunt.
568 244 624 268 Alii
633 241 789 276 prouinciam
802 240 868 261 citra
880 240 903 259 et
915 234 984 274 vltra
999 231 1088 265 Istrum
1101 229 1143 263 eff}
1156 235 1226 254 autu-

196 291 272 311 mant.
314 281 370 308 Vid.
386 279 490 313 Vopisc.
503 277 636 304 Aurelian.
651 283 690 307 39.
715 273 771 299 Sex.
785 271 846 297 Rus.
862 274 883 298 8.
909 274 934 293 et
946 266 1069 295 Sirmond.
1089 265 1122 292 ad
1135 266 1225 299 Paneg.

197 315 436 383 sidgggvigpttuerlu
445 321 538 375 bizim
551 345 641 375 incola,
654 348 684 369 vt
691 343 772 375 Asper
779 341 860 366 Dacus
869 337 936 363 Hor.
945 337 1032 363 Carm.
1042 344 1063 367 1,
1071 342 1107 367 33,
1114 342 1138 366 9.
1152 333 1227 366 Virg.
1252 333 1266 359 5

199 390 294 421 Gcorg.
307 394 319 418 3
339 392 392 419 497
412 385 463 410 Aut
476 381 613 408 coniurato
626 377 778 404 descendens
786 375 867 399 Dacus
880 371 912 398 ab
921 371 995 397 Istro.
1015 371 1084 397 Add.
1092 371 1154 396 Stat.
1162 368 1226 393 Silu.

198 433 207 450 1
231 432 239 449 1
266 429 290 456 7.
322 405 398 446 'Ouod
416 417 506 445 eosdem
524 418 596 441 etiam
610 419 711 440 DACAs
725 413 810 445 prima
822 407 985 433 declinatione
1004 405 1056 432 dici
1072 404 1171 442 quidam
1187 411 1228 428 υο-

198 442 265 488 tini,
281 446 393 491 cori-tiata
407 456 493 489 priore
506 449 616 484 syllabas·
634 447 697 473 iHud
712 443 837 479 refellitur
853 452 869 468 a
880 441 1068 481 Drakenborgio
1085 438 1120 465 ad
1131 438 1177 480 Sil.
1194 446 1228 470 13,

199 495 253 526 764
270 501 298 517 ac
315 493 342 516 in
358 491 450 516 talibus
468 495 515 512 non
529 485 625 515 Dacas,
639 482 687 517 sed
700 479 783 507 Dahas
801 476 929 514 legendum
944 474 1079 502 contendit.
1115 474 1157 501 Sic
1169 474 1228 499 Sen.

199 526 315 559 Thyeste
330 527 379 551 602
394 523 481 550 Dahae
499 521 539 546 vel
552 520 621 545 Daae
629 518 702 553 sunt,
715 523 762 539 non
775 513 859 540 Dacae
877 518 922 553 etc.
973 548 978 552 ῃ
1053 547 1057 551 -
1078 547 1081 551 .

234 563 308 589 DA‘C
318 559 355 587 i'c
364 567 385 586 v
394 566 422 590 s,
440 567 469 587 a,
489 564 543 581 um.
580 553 639 580 Adi.
675 549 813 584 [Δάκικρς]
849 549 899 582 Qu
913 548 1017 572 Dacmm
1028 550 1109 570 v1c1t:
1122 542 1198 583 ¹ficut
1214 552 1230 569 a

199 598 345 628 Germania,
359 595 524 621 Germanicus.
566 590 657 615 quen.
681 587 707 616 6,
723 593 777 618 204
801 591 862 609 cum
880 582 953 608 lance
971 580 1048 607 beata
1066 580 1192 611 Dacicus,
1205 584 1232 605 et

200 633 301 666 Scripto
321 630 404 658 radiat
419 625 587 664 Germanicus
605 629 677 649 auro.

236 672 374 696 DACVS,
393 673 423 696 a,
442 671 496 689 um.
522 660 586 697 Adx.
618 654 690 696 Qffll

202 703 316 733 Duum,
335 700 486 727 Traianum
504 694 659 723 familiarius
678 690 853 725 prosequutus
868 687 913 714 est.

201 738 431 803 5111311Α4ἐ12ἶ763ἷέ,
452 766 598 803 nnn-etiam
617 760 676 788 Adi.
714 758 837 793 [Δέκιος]
879 758 923 789 Vt,

202 808 318 869 Faberi?
321 805 436 867 ’1131135111αέ
444 801 611 868 εἳᾶςὲιὶιιὲἱονε
630 831 704 859 Festo
712 850 720 862 ,

200 878 326 905 nimirum
338 873 410 909 quod
424 871 518 898 Graeci
533 868 660 903 appellant
674 864 772 899 δάκρυα.
1045 901 1049 905 “
1111 900 1115 904 .
1139 901 1143 904 ¹
1188 901 1192 904 ²

237 907 411 938 DACTY⁰L1
437 906 516 933 Idaei.
552 903 693 938 [Δάκτυλοι
717 898 806 934 Uocem]
842 900 951 935 Magnae
972 905 1062 925 matris
1080 896 1190 930 mzmstm
1211 903 1236 922 et

199 945 318 980 affisl'ores
331 942 395 971 dieti
408 943 499 979 fuere:
520 951 545 966 ea
557 942 651 967 ratione
670 939 819 971 nuncupati,
835 933 951 976 qu‘J‘lfi‘b
965 934 1011 960 Ida
1023 933 1181 965 habitarent,
1193 935 1236 968 qui

198 976 268 1009 mons
285 982 369 1008 Matri
390 979 487 1004 deorum
510 976 607 1002 dicatus
624 972 775 999 credebatur.
800 976 829 996 vt
847 977 885 996 ait
904 969 1000 997 Strabo.
1046 970 1125 996 Porro
1144 968 1236 995 Idaeos

199 1017 315 1049 daflylos
328 1015 452 1051 Sophocles
470 1012 548 1038 decem
566 1007 730 1042 existimauit,
749 1009 853 1042 quinque
870 1015 950 1032 mares
967 1008 1076 1040 primum
1093 1010 1180 1036 natos,
1195 1005 1238 1040 qui

192 145 212 181 3

703 651 737 687 esi
749 663 761 679 e
780 654 870 679 Dacia.
904 650 1071 686 Spartianus,
1084 648 1118 676 ad
1130 648 1232 675 bellum

938 758 1018 784 Arma
1038 756 1120 782 Dacia
1138 754 1233 781 Claud.

746 829 841 856 Liuius
858 827 1019 855 Andronicus
1045 827 1120 861 saepe
1139 826 1236 861 posuit,

193 1053 267 1089 ferri
279 1051 408 1088 fabricam
425 1051 606 1083 excogitatum,
624 1045 720 1078 aliaque
728 1042 867 1077 permulta:
893 1044 998 1076 quinque
1011 1041 1097 1067 horum
1104 1039 1180 1075 suere
1194 1039 1236 1075 so-
1247 1045 1278 1072 ις

199 1097 282 1115 rores:
301 1087 330 1113 ab
348 1086 392 1113 hoc
404 1092 499 1109 numero
517 1079 630 1112 dactyli,
644 1078 672 1104 id
689 1075 721 1111 21st
736 1077 815 1111 digiti
829 1079 972 1111 nuncupati.
1009 1077 1105 1102 Horum
1119 1085 1176 1101 vero
1193 1084 1236 1101 no-

200 1127 267 1150 mina
292 1128 350 1153 unt,
365 1118 504 1148 Hercules,
523 1117 616 1147 Paeon,
630 1113 781 1149 Epimedes,
795 1112 891 1144 Iasius,
905 1111 971 1138 Idas.
1008 1112 1087 1138 lulius
1102 1111 1187 1137 Pollux
1207 1110 1236 1136 de

200 1168 271 1185 manu
293 1159 389 1192 loquens
406 1153 448 1181 lib.
462 1163 476 1179 2
501 1151 663 1185 Corybantes,
678 1152 776 1185 inquit,
790 1147 914 1180 Da&ylos
933 1150 1007 1173 etiam
1025 1149 1166 1181 nuncupari
1184 1153 1237 1172 tra-

200 1194 261 1220 dunt
268 1194 393 1228 plerique,
410 1195 512 1224 propter
530 1195 670 1217 numerum,
687 1184 751 1220 quod
763 1183 862 1218 scilicet
875 1186 979 1219 quinque
987 1181 1057 1216 fint:
1092 1184 1139 1208 alii
1157 1188 1237 1207 autem

199 1228 263 1265 quod
273 1227 351 1254 Rheae
369 1221 571 1256 administrarent
591 1223 679 1247 omnia.
706 1218 834 1246 Haflenus
853 1220 901 1245 ille.
938 1220 999 1245 Sunt
1015 1221 1057 1253 qui
1076 1217 1162 1243 Idaeos
1178 1226 1236 1252 qua·
1250 1223 1282 1247 30

198 1272 254 1290 tuor
266 1268 361 1289 tantum
381 1265 520 1290 numerent,
537 1256 713 1288 Salaminum,
727 1255 925 1286 Damnaneum,
939 1253 1083 1282 Herculem
1102 1259 1127 1279 et
1141 1253 1235 1279 Acmo-

198 1308 266 1325 nem.
300 1294 456 1327 Pherecydes
475 1303 532 1319 vero
552 1292 611 1318 duos
634 1298 658 1317 et
677 1293 859 1327 quinquaginta
872 1288 951 1326 fuiffi’
975 1287 1108 1322 existimat.
1145 1288 1233 1315 Strabo

196 1341 290 1360 centum
303 1332 392 1358 Idaeos
406 1328 522 1361 dactylos
536 1331 562 1354 in
577 1329 650 1354 Creta
662 1325 778 1360 habitaffi
791 1326 893 1362 scribit.
929 1326 1023 1351 Horum
1035 1327 1109 1351 etiam
1123 1326 1235 1355 meminit

198 1368 331 1395 Diodorus
350 1365 466 1397 SIculus,
485 1373 552 1400 quem
571 1363 637 1395 vide,
657 1370 680 1388 et
701 1362 833 1388 Marsham
853 1362 913 1387 Can.
933 1361 1062 1395 Chron.p.
1079 1363 1131 1394 256.
1174 1358 1234 1385 Vid.

196 1403 326 1431 Muncker.
340 1401 373 1428 ad
386 1401 485 1434 Hygin.
506 1399 525 1425 f.
540 1407 590 1432 139.
633 1399 691 1424 Viri
710 1395 779 1423 doHi
797 1396 831 1423 ad
841 1396 923 1422 Ouid.
937 1396 1001 1422 Met.
1015 1405 1043 1429 4,
1058 1400 1097 1426 :81
1111 1396 1148 1429 sq.
1186 1397 1234 1420 Ar·
1246 1402 1274 1427 35

196 1438 259 1465 nob.
272 1447 284 1470 3
303 1447 327 1472 p.
351 1445 398 1471 124
417 1437 454 1470 sq.
476 1432 579 1469 Digitos
598 1432 808 1464 Samothracios,
832 1432 957 1464 Daetylos
977 1431 1067 1458 Idaeos
1081 1451 1089 1463 ,
1114 1432 1235 1462 Curetas,

198 1473 288 1501 eosdem
306 1472 388 1499 videri
406 1469 547 1506 quibusdam
568 1469 644 1495 docet.
682 1469 773 1502 Nempe
928 1464 949 1503 ε]
969 1475 986 1493 2
1021 1464 1146 1492 δάκτυλος
1159 1476 1174 1492 α
1188 1467 1236 1492 La-

196 1512 260 1535 tinis
279 1508 371 1534 dicitur
391 1507 494 1542 digitus.
531 1506 598 1530 Hinc
615 1502 753 1535 Dactylus,
761 1509 807 1537 pes
821 1504 909 1533 metri,
921 1500 1036 1534 conflans
1047 1505 1134 1535 prima
1151 1503 1236 1537 longa,

197 1551 222 1571 et
239 1544 332 1570 duabus
342 1542 468 1569 breuibus:
490 1546 518 1566 υτ
538 1539 652 1566 scribito.
706 1539 791 1564 Cicer.
806 1537 837 1563 de
851 1538 925 1563 Orat.
938 1546 959 1569 3,
975 1541 1017 1566 182
1037 1545 1058 1562 c.
1073 1543 1110 1570 47
1146 1537 1237 1568 Quare

1245 517 1275 536 10

967 686 1069 712 Praelia
1080 685 1151 712 Daca
1170 685 1233 711 Stat.
1250 692 1276 719 ις

1683 88 1847 147 1)Ἀ
1937 107 1985 147 Μ

1288 193 1453 227 intelligere,
1471 201 1529 218 cum
1545 191 1644 217 Graece
1657 188 1796 220 δαιδάλλειν
1813 193 1938 227 significet
1951 196 2062 222 variare.

1290 228 1348 254 dala
1368 229 1424 254 Sen.
1445 227 1554 262 Hippol.
1570 234 1623 260 1171
1642 225 1773 262 fignificat
1792 228 1978 262 Labyrinthum.

1290 271 1345 294 235.
1416 263 1509 297 Signa,
1524 262 1553 288 id
1570 260 1603 294 est
1622 261 1759 298 artificiosa
1784 262 1857 289 Idem
1868 274 1891 297 ς,
1904 274 1975 299 1450.

1290 297 1360 332 niosa
1371 297 1446 332 Virg.
1461 299 1557 331 Georg.
1570 305 1598 329 4,
1613 304 1669 330 179.

1327 338 1346 358 D
1355 337 1377 357 A
1385 338 1401 358 Ε
1413 339 1430 358 D
1439 340 1462 360 A
1471 340 1488 358 L
1498 335 1515 360 Ε
1524 339 1545 358 ν
1555 340 1578 363 s,
1591 340 1615 364 a,
1629 340 1684 357 um.
1697 331 1758 358 Adi.
1774 332 1851 360 Idem.
1871 333 2025 369 [Antidama
2039 334 2189 371 Δαιδάλου]
2209 338 2329 370 Propere.

1290 367 1356 399 2,,11,
1370 371 1383 396 8
1401 369 1537 401 penultima
1548 367 1634 399 breui,
1656 367 1814 394 Daedaleum
1828 369 1885 395 lino
1900 378 1958 397 cum
1971 372 2036 398 duce
2049 372 2121 398 vexit
2134 373 2194 404 iter,
2208 375 2226 397 i.
2235 378 2281 406 per
2295 372 2332 397 Ia-

1289 401 1442 436 byrinthum.
1479 403 1526 430 Sed
1543 404 1612 429 Hor.
1632 402 1722 441 Carm.
1735 412 1764 435 4,
1778 412 1803 435 2,
1817 412 1834 431 2
1852 407 1990 440 penultima
1998 405 2139 443 produffla,
2175 406 2223 433 Ille
2235 406 2330 433 ceratis

1289 436 1476 498 opegacdalea
1482 437 1589 465 Nititur
1602 445 1704 472 pennis.
1741 440 1833 474 Nempe
1845 440 1925 467 eadem
1940 445 2050 470 varietas
2061 449 2165 479 apparet
2177 445 2204 468 in
2212 441 2331 478 firiptio—

1291 482 1321 499 ne
1364 481 1443 498 raeca.
1896 490 1899 495 ·
2021 496 2026 501 ,

1328 515 1347 535 1)
1356 515 1378 534 A
1387 515 1403 534 E
1413 515 1436 534 M
1446 513 1464 533 Ο
1474 512 1507 538 N,
1528 508 1596 534 bnis.
1615 517 1651 534 m.
1670 508 1808 543 [Δοιίμων]
1828 511 1916 536 Latine
1929 510 2024 537 dicitur
2031 513 2122 547 sciens.
2149 511 2207 539 Vitl.
2221 512 2291 538 Plato
2304 514 2332 537 in

1292 543 1394 577 Cratylo
1411 553 1436 578 p.
1451 548 1505 575 398.
1540 543 1657 570 Laetam.
1671 552 1696 576 2,
1710 552 1748 578 14.
1784 544 1894 571 Chalcid.
1909 549 1936 571 in
1953 547 2077 574 Timaeum
2090 550 2219 580 Platonis,
2232 553 2255 573 et
2268 546 2332 573 Lud.

1298 580 1356 605 Viu.
1375 582 1402 604 in
1416 577 1522 613 August.
1536 577 1568 604 de
1581 579 1641 605 Ciu.
1657 579 1689 605 D.
1702 587 1729 611 9,
1741 587 1785 605 20.
1819 580 1875 606 Cic.
1889 581 2007 608 Timaeo
2020 590 2053 615 34
2073 592 2094 608 c.
2108 592 2130 610 u
2169 584 2243 617 Qios
2252 583 2332 609 Grae-

1294 614 1320 640 ci
1340 612 1453 647 δαιζαονας
1472 613 1618 648 appellant,
1631 614 1731 647 nostri,
1744 614 1858 648 opinor,
1872 617 1964 643 Lares:
1994 617 2012 643 fi
2024 616 2105 643 modo
2117 619 2168 645 hoc
2186 617 2257 645 reae
2272 625 2332 644 con-

1293 650 1398 676 versum
1411 649 1497 676 videri
1510 649 1593 683 potest
1607 656 1651 676 etc.
1666 649 1729 685 funt
1742 653 1804 676 enim
1812 652 1898 685 plura.
1934 653 2012 687 Apul.
2026 652 2057 679 de
2071 652 2207 681 DcoSocr.
2220 663 2244 688 p.
2260 661 2306 686 49,
2320 660 2334 685 ς

1295 686 1402 725 Qippe
1419 691 1448 711 vt
1467 685 1519 711 fine
1537 685 1556 719 (
1559 684 1723 724 d¹fi²{1'‘¹'0⁷²0)
1736 685 1971 720 comprehendam,
1993 689 2138 715 Daemones
2159 690 2216 716 sunt
2235 697 2332 723 genere

1294 721 1436 753 animalia,
1453 721 1565 758 ‘ingenio
1576 720 1756 753 rationabilia,
1776 721 1866 748 animo
1880 722 1973 756 paffiua
1983 727 1994 755 (
2002 724 2130 753 παθητικά
2149 723 2281 757 affebtuum
2293 732 2334 750 ca-

1292 759 1382 791 pacia)
1402 765 1514 790 corpore
1535 756 1623 788 aeria,
1645 761 1764 790 tempore
1784 763 1898 784 aeterna.
1953 758 2000 785 Sed
2013 763 2086 785 etiam
2107 760 2202 786 morbos
2218 759 2334 795 quosdam

1295 794 1403 818 iumenta
1420 790 1568 827 inftstantcs
1579 790 1619 826 fic
1635 792 1798 826 appellabant.
1834 794 1924 827 Veget.
1939 794 2053 821 Mulom.
2068 804 2087 827 1,
2101 805 2143 827 20,
2158 803 2169 827 3
2191 801 2214 820 et
2232 804 2260 827 4,
2274 803 2310 825 12,
2324 803 2334 820 1

1295 825 1447 853 Suffimenta
1460 827 1607 858 Daemones
1625 827 1744 861 fugantia
1756 828 1917 854 commendat.
1954 830 2077 856 Caeterum
2091 831 2236 857 Daemones
2250 830 2334 855 dicun-

2302 118 2330 156 4

2134 197 2250 224 Claustra
2263 196 2329 221 Dae-

2050 232 2154 260 Natura
2180 233 2285 259 Lucret.
2306 239 2329 262 ς,

2046 267 2149 303 Tecta,
2164 268 2192 293 id
2205 265 2237 300 eft
2257 268 2330 302 Inge-

798 863 855 890 Vid.
870 872 929 899 quae
941 863 1009 890 morlo
1021 861 1091 889 cliHa
1103 865 1131 887 in
1140 863 1162 888 D
1175 871 1200 887 n.
1210 870 1234 888 2.
1243 868 1277 886 20
1295 868 1339 888 tur
1352 872 1367 888 a
1381 860 1530 895 Christianis
1543 863 1655 898 spiritus
1667 866 1694 888 in
1708 864 1772 889 caelo
1785 873 1800 889 α
1814 865 1865 890 Deo
1878 868 1972 896 creati,
1986 869 2029 900 qui
2045 865 2073 891 de
2087 867 2150 892 caelo
2163 863 2252 892 deicc‘li
2259 884 2267 896 ,
2276 871 2336 899 par-

1294 900 1340 924 tim
1355 901 1382 922 in
1396 905 1478 924 terrae
1490 898 1589 934 infimo,
1604 901 1702 933 partim
1714 901 1742 924 in
1759 898 1804 925 hoc
1820 904 1876 926 aere
1889 899 2002 926 damnati
2013 900 2083 936 sunt.
2119 903 2157 928 Dr
2167 904 2241 928 varia
2255 899 2337 936 figni-

1289 931 1410 968 ficatione
1428 934 1500 959 huius
1522 937 1607 966 vocis,
1633 933 1685 959 vid.
1700 935 1868 969 Dausqueium
1888 939 1916 961 in
1932 935 2007 968 Basti.
2030 936 2170 972 SeleucienJ]
2192 946 2216 971 p.
2237 937 2270 961 62
2292 941 2337 961 etc.

1298 970 1390 1003 Nempe
1404 970 1553 1004 generaliter
1572 970 1692 996 Daemon
1710 977 1814 996 vocatur
1833 974 1917 1006 quiuis
1928 973 1995 997 Deus
2011 973 2051 997 vel
2064 973 2131 998 Dea:
2145 972 2192 1008 sed
2211 970 2337 998 interdum

1296 1006 1356 1030 Diis
1376 1002 1645 1040 contradistinguitur,·
1667 1004 1696 1031 de
1732 1015 1816 1032 uorum
1836 1004 1995 1039 dislint‘lione
2015 1009 2130 1033 Plotinus
2148 1007 2254 1033 Ennead.
2272 1013 2296 1037 8,
2313 1014 2338 1037 3.

1296 1041 1334 1066 De
1348 1040 1512 1066 Daemonibus
1527 1041 1638 1075 plurima
1655 1014 1731 1075 aput?
1739 1042 1807 1068 Voet.
1823 1048 1894 1077 part.
1908 1052 1929 1068 1.
1949 1041 2012 1077 disp.
2033 1042 2117 1068 Theoi.
2134 1047 2189 1076 906.
2209 1048 2256 1068 etc.
2298 1043 2337 1068 De

1296 1074 1469 1110 consuetudine
1492 1075 1644 1102 colendorum
1663 1077 1815 1102 Daemonum
1835 1078 1922 1104 Barth.
1943 1078 1977 1104 ad
1995 1078 2093 1104 Briton.
2112 1081 2225 1104 Arcmor.
2241 1087 2266 1112 p.
2282 1079 2337 1102 661.

1296 1107 1328 1173 ἶ,
1339 1119 1351 1136 2
1389 1110 1508 1150 Daemon
1521 1109 1652 1146 astrologis
1663 1111 1759 1138 dicitur
1771 1112 1913 1139 mzdecimus
1926 1114 1955 1140 ab
1968 1113 2098 1150 horoscopo
2106 1114 2171 1139 locus
2179 1133 2188 1145 ,
2201 1115 2265 1140 alias
2272 1112 2339 1146 Aga-

1298 1152 1308 1173 t
1329 1145 1460 1172 odaemon
1475 1146 1583 1173 Firmic.
1597 1154 1618 1177 2,
1631 1155 1668 1179 19.

1334 1187 1352 1207 D
1362 1188 1408 1207 ΑΕ
1417 1188 1441 1206 M
1450 1188 1469 1207 o
1479 1188 1498 1206 N
1511 1179 1600 1208 iAcv
1610 1187 1633 1213 s,
1654 1190 1678 1213 a,
1698 1191 1752 1208 um.
1772 1182 1832 1209 Adi.
1852 1186 1895 1218 qui
1908 1193 1923 1210 a
1936 1183 2048 1210 daemone
2057 1182 2204 1219 poffidetur.
2241 1182 2338 1209 Firmi-

1295 1226 1340 1243 cus
1355 1225 1378 1249 3,
1393 1219 1410 1243 6
1429 1217 1533 1243 Insanos
1543 1237 1550 1249 ,
1565 1217 1718 1249 Lunaticos,
1732 1217 1915 1245 daemoniacos
1927 1219 2033 1246 facient.
2066 1219 2124 1246 Vid.
2141 1218 2258 1245 Latitant.
2272 1227 2299 1251 4,
2313 1224 2338 1251 15

1297 1259 1322 1279 et
1334 1261 1374 1284 30.
1409 1252 1527 1278 Tertull.
1542 1252 1574 1278 de
1582 1253 1631 1278 An.
1647 1261 1669 1278 c.
1677 1255 1722 1285 46.
2225 1255 2227 1258 ”

1333 1295 1352 1314 D
1361 1295 1382 1314 A
1392 1294 1409 1314 Ε
1419 1294 1443 1313 Μ
1454 1295 1472 1314 0
1483 1295 1504 1314 N
1516 1295 1523 1313 1
1533 1295 1549 1314 C
1558 1295 1577 1314 O
1589 1294 1604 1313 L
1616 1295 1654 1320 A,
1667 1296 1706 1314 ae.
1726 1296 1762 1314 m.
1799 1289 1884 1315 Cultor
1897 1289 2046 1316 daemonum.
2067 1288 2204 1324 Augustin.
2219 1288 2250 1315 de
2263 1289 2293 1316 C.
2305 1288 2340 1314 D.

1297 1328 1330 1354 18,
1345 1332 1368 1362 2.
1378 1323 1568 1384 Dpemonicola
1581 1323 1684 1350 ciuitas.
1720 1323 1795 1350 Idem
1802 1324 1882 1351 Conf.
1897 1329 1922 1357 8,
1933 1333 1949 1350 2
1977 1324 2117 1352 Offendere
2132 1323 2258 1359 superbos
2273 1325 2340 1350 Dae-

1296 1367 1403 1385 monito
1416 1367 1451 1385 as.

1332 1401 1350 1421 1)
1358 1401 1380 1420 A
1388 1401 1404 1420 E
1412 1401 1437 1420 M
1446 1401 1465 1420 o
1474 1401 1495 1420 N
1504 1391 1516 1420 i
1525 1400 1542 1420 c
1551 1400 1588 1420 vs
1597 1414 1604 1425 ,
1624 1403 1648 1426 a,
1668 1403 1722 1422 um.
1757 1393 1818 1420 Adi.
1857 1392 2012 1428 [δοιιμονικὸς
2025 1397 2036 1428 ]
2079 1396 2114 1421 Vt
2122 1414 2131 1427 ‚
2160 1394 2339 1421 Daemonicae

1296 1429 1400 1455 fraudes
1412 1429 1478 1465 apud
1489 1429 1655 1456 LaAEIantium
1669 1439 1697 1462 4,
1709 1439 1749 1462 30,
1763 1438 1788 1462 9.
1806 1433 1834 1456 in
1847 1428 1997 1465 quibusdam¹
2004 1431 2086 1456 libris.
2115 1430 2173 1457 Vitl.
2194 1432 2294 1457 Bunem.
2315 1436 2339 1456 et

1297 1464 1416 1492 Tertull.
1431 1465 1462 1491 de
1472 1465 1567 1491 Anima
1579 1474 1600 1491 c.
1614 1468 1654 1497 36.
1669 1468 1712 1498 46.
1727 1473 1751 1491 et
1762 1473 1802 1497 50.

1331 1507 1540 1532 DAEMONION,
1554 1500 1572 1526 i.
1590 1509 1616 1526 n.
1638 1501 1696 1527 Hoc
1711 1501 1746 1527 est
1758 1500 1916 1535 illud,quod
1930 1500 1962 1527 de
1969 1501 2074 1527 Socrate
2088 1500 2339 1535 accepimus‚quod-

1297 1544 1348 1569 que
1362 1535 1394 1561 ab
1418 1536 1475 1568 ipso
1494 1536 1522 1560 in
1542 1535 1620 1561 libris
1634 1536 1828 1562 Socraticorum
1843 1537 1916 1570 saepe
1930 1536 2046 1568 dicitur,
2065 1537 2113 1562 ess'e
2127 1537 2249 1562 diuinum
2263 1535 2341 1571 quid-

197 1580 314 1615 primum
334 1577 367 1605 ad
381 1578 502 1604 Heroum
520 1584 568 1601 nos
587 1574 682 1607 dactyli
701 1579 727 1600 et
745 1572 876 1607 anapaesti
895 1578 921 1598 et
940 1571 1048 1606 spondei
1063 1571 1154 1606 pedem
1169 1571 1281 1605 inni-40
1299 1570 1375 1600 dam,
1392 1570 1464 1604 quod
1478 1570 1646 1596 Daemonion
1666 1571 1791 1604 appellat,
1812 1571 1855 1597 cui
1869 1573 1970 1606 semper
1984 1572 2038 1606 ipse
2056 1572 2190 1606 paruerit,
2204 1580 2339 1606 nunquam

306 1614 384 1641 Ter.
398 1613 507 1639 Maurus
543 1630 549 1637 .
590 1631 596 1636 .
633 1630 639 1635 .
679 1609 737 1635 Post
760 1609 827 1635 hunc
846 1607 976 1640 Dafiylcn
996 1613 1074 1641 atque
1091 1612 1143 1633 tres
1162 1607 1237 1632 Tro-

198 1652 300 1677 chaeos.
495 1643 515 1683 ff
541 1655 553 1678 3
590 1645 714 1677 Da&yliis
734 1644 814 1680 piscis
844 1653 928 1680 genus.
984 1643 1049 1669 Plin.
1068 1651 1100 1676 9,
1118 1645 1147 1669 61
1165 1643 1182 1668 s.
1204 1647 1236 1676 87

197 1686 365 1713 Concharum
379 1692 393 1709 e
407 1691 501 1717 genere
515 1682 573 1707 sunt
587 1680 698 1713 daftyli,
719 1680 751 1706 ab
773 1679 948 1706 humanorum
966 1678 1096 1713 vnguium
1116 1678 1236 1704 similitu-

198 1722 260 1748 dine
273 1719 405 1754 appellati.
442 1718 490 1744 His
505 1718 614 1747 natura,
634 1716 662 1742 in
682 1715 811 1747 tenebris,
825 1721 928 1741 remoto
950 1715 1068 1746 lumine,
1081 1713 1136 1740 alio
1151 1713 1237 1747 fulgo-

196 1765 226 1784 re
258 1756 373 1784 clarere;
408 1759 434 1779 et

166 1784 168 1792 ¹
197 1790 219 1830 ff
236 1800 255 1824 4
288 1789 411 1821 Daetylus
426 1789 533 1814 Gemma.
569 1787 635 1813 Plin.
656 1794 698 1821 37,
718 1795 747 1813 10
759 1787 777 1813 s.
791 1789 808 1814 6
834 1786 907 1813 Idaei
919 1786 1016 1818 daeiyli
1032 1785 1061 1811 in
1073 1786 1167 1817 Creta,
1184 1784 1237 1810 fer-

198 1835 245 1855 reo
267 1826 356 1852 colore
376 1823 500 1858 pollicem
525 1822 670 1849 humanum
688 1823 848 1856 exprimunt.
1015 1818 1035 1858 ff
1063 1828 1075 1853 5
1112 1819 1238 1852 Dac‘iylus

198 1861 291 1891 Herba.
343 1858 410 1886 Plin.
431 1867 473 1892 24,
486 1867 513 1890 19
535 1859 553 1884 s.
575 1866 615 1890 119
654 1857 717 1883 Sunt
736 1857 783 1891 qui
804 1863 830 1883 et
849 1857 997 1883 aculeatum
1016 1864 1123 1890 gramen
1142 1860 1238 1882 vocant

197 1899 280 1925 trium
293 1903 424 1931 generum.
460 1894 550 1926 Quum
563 1893 590 1918 in
603 1893 736 1919 cacumine
750 1892 835 1918 aculei
854 1893 913 1918 sunt
925 1892 1071 1925 plurimum
1086 1891 1180 1925 quini,
1196 1890 1239 1916 da-

198 1622 245 1642 tat.

468 1759 567 1787 quanto
598 1752 679 1786 magis
714 1751 854 1778 humorem
886 1750 1007 1776 habeant.
1042 1749 1111 1777 Add.
1131 1757 1179 1784 37,
1198 1757 1235 1774 10.
1251 1757 1285 1783 45

1298 1605 1461 1639 impellenti,
1477 1606 1550 1639 saepe
1567 1606 1713 1631 reuocanti.
1751 1607 1820 1631 Haec
1837 1607 1894 1632 Cic.
1907 1607 1940 1633 de
1953 1607 2081 1639 Diuin.-1,
2096 1615 2135 1632 122
2156 1616 2178 1633 c.
2193 1615 2234 1639 54.
2264 1606 2340 1640 C⁰'¹f·

1298 1641 1375 1675 Apul.
1397 1640 1472 1674 Apol.
1488 1649 1511 1673 p.
1528 1645 1580 1672 189.
1616 1640 1737 1667 Tertull.
1758 1640 1834 1674 Apol.
1853 1649 1875 1667 c.
1890 1650 1927 1667 21.
1948 1649 1971 1667 et
1990 1642 2021 1667 de
2035 1642 2131 1667 Anima
2148 1651 2170 1668 c.
2190 1649 2236 1675 47.

1297 1676 1384 1703 monis
1397 1675 1516 1708 auxilio,
1536 1675 1583 1710 qui
1601 1675 1721 1710 princeps
1735 1676 1937 1703 daemoniorum
1952 1677 2058 1703 quenc.
2071 1685 2095 1709 2,
2108 1679 2166 1708 613.

1551 1748 1741 1781 DAH
1900 1749 2079 1781 DAL

1338 1824 1493 1850 DAHAE,
1513 1817 1566 1843 vid.
1594 1818 1710 1845 DAA'E.

1337 1860 1355 1879 D
1365 1861 1415 1881 ΑΗ
1426 1861 1435 1878 1
1444 1860 1460 1879 P
1469 1860 1485 1879 P
1493 1859 1513 1878 v
1523 1859 1547 1885 S,
1560 1853 1626 1879 i..m.
1641 1854 1784 1880 statuarius
1799 1854 1898 1886 nobilis,
1909 1857 1978 1880 cuius
1985 1860 2058 1889 opera
2064 1858 2189 1879 enumerat
2195 1852 2260 1878 Plin.
2269 1855 2341 1883 34,8.
2371 1852 2374 1853 ⁷

1338 1894 1356 1913 D
1366 1895 1387 1914 A
1397 1894 1412 1913 L
1422 1894 1431 1912 1
1441 1895 1461 1913 v
1472 1893 1490 1912 v
1502 1894 1527 1914 M
1538 1907 1546 1920 ‚
1574 1888 1714 1923 Supinum*
1722 1888 1759 1914 ait
1779 1889 1827 1914 etse
1847 1889 1984 1919 Aurelius,
2000 1888 2089 1915 Aelius
2108 1888 2223 1914 stultum.
2261 1887 2342 1913 Osco-

2274 1641 2342 1667 Dae-

1809 1758 1844 1781 ὅΐ

200 1933 289 1966 &ylon
309 1935 413 1957 vocant.
447 1930 504 1954 Hos
523 1927 679 1954 conuolutos
698 1927 805 1953 naribus
826 1928 958 1959 inserunt,
975 1927 1168 1960 extrahuntque
1184 1927 1238 1951 san·
1249 1935 1282 1961 50
1300 1932 1360 1950 rum
1373 1931 1482 1958 quoque
1496 1923 1587 1957 lingua
1600 1923 1726 1958 fignificat
1739 1924 1867 1950 insanum.
1902 1925 1993 1951 Santra
2007 1932 2073 1950 vero
2089 1923 2142 1949 dici
2157 1929 2230 1958 putat
2244 1922 2342 1962 ipsum,

199 1968 287 2004 guinis
305 1965 393 1993 ciendi
410 1964 502 1999 gratia.
539 1963 630 1989 Altero
652 1962 722 1997 quod
742 1962 777 1987 est
797 1962 881 1988 Aizoo
901 1962 999 1995 simile,
1017 1962 1049 1988 ad
1064 1961 1237 1996 paronychia,

198 2011 225 2031 et
237 2004 355 2039 pterygia
368 2000 511 2034 vnguium,
530 2004 556 2025 et
570 2008 652 2033 quum
672 2006 732 2024 caro
752 1996 883 2031 vnguibus
904 1998 1033 2029 increuit,
1046 2003 1156 2024 vtuntur
1177 2006 1237 2023 cum

199 2039 323 2073 axungia:
345 2036 406 2063 ideo
420 2034 542 2066 daetylon
555 2033 728 2068 appellantes,
741 2033 803 2067 quia
822 2032 913 2066 digitis
927 2032 1070 2058 medeatur.
1106 2032 1238 2059 Tertium

200 2083 280 2111 genus
294 2071 407 2104 dathli,
424 2070 466 2097 sed
481 2070 582 2102 tenuis,
598 2069 711 2095 nascitur
726 2068 753 2094 in
765 2067 903 2103 parietinis
923 2073 967 2094 aut
983 2067 1086 2101 tegulis.
1215 2069 1238 2092 -6

199 2108 306 2142 Da&yli
319 2115 368 2144 pro
381 2104 513 2142 frufl'ibus
525 2107 623 2140 palmae
637 2105 747 2137 arboris,
762 2113 820 2140 quos
835 2105 923 2130 Gracci
935 2104 1039 2137 φοίνικας
1054 2108 1151 2128 vocant.

201 2147 334 2179 &ylorum
353 2144 404 2169 offa
416 2141 510 2168 Pallad.
523 2140 583 2167 061.
600 2149 637 2175 12,
648 2149 668 2166 1.
709 2140 816 2174 Apicius
831 2148 851 2171 1,
866 2147 874 2164 1
905 2139 936 2164 Et
951 2139 1023 2164 croci
1037 2137 1176 2164 drachmae
1189 2138 1235 2163 sin-

199 2182 276 2217 gulae
295 2178 460 2211 dactylorum
480 2176 573 2202 offibus
586 2175 695 2202 torridis
707 2176 840 2209 quinque,
856 2174 897 2201 his
913 2173 1027 2207 denique
1040 2173 1149 2204 dat'tylis
1168 2182 1237 2199 nunc

200 2216 312 2244 mollitis
325 2214 369 2240 est.
412 2212 469 2239 Vid.
490 2211 580 2247 Spanh.
594 2211 621 2237 de
638 2211 687 2247 lfy'u
700 2220 764 2237 num.
777 2210 830 2243 diff.
844 2214 863 2236 6
878 2219 902 2244 p.
916 2214 972 2242 348.
1100 2207 1120 2245 “j
1142 2216 1159 2243 7
1191 2210 1238 2235 Vi⁷

199 2260 237 2281 tes
249 2250 346 2283 dactyli
359 2249 463 2276 Colum.
475 2255 498 2279 3,
513 2256 535 2279 2,
551 2256 569 2273 1.

236 2293 308 2315 DAC
317 2292 338 2312 T
348 2292 365 2310 Y
375 2292 391 2310 L
402 2282 411 2309 ἷ
423 2289 440 2310 c
451 2290 502 2315 vs,
516 2292 540 2314 a,
553 2291 608 2308 um.
627 2281 687 2308 Adi.
707 2278 893 2315 [δακτυλικὸς]
928 2279 984 2306 Cic.
997 2279 1025 2304 in
1033 2280 1107 2318 Oratt
1121 2287 1160 2310 191
1175 2289 1196 2306 c.
1206 2286 1237 2314 57
1252 2285 1287 2310 60
1298 2277 1330 2303 ad
1342 2286 1424 2312 vsque
1438 2278 1583 2304 Dalmatiae
1601 2277 1674 2305 fines.

201 2322 283 2356 Qiod
297 2321 342 2347 ille
362 2319 505 2352 dactylicus
525 2326 650 2344 numerus
669 2317 882 2343 hexametrorum
898 2314 1141 2348 magniloquentiae
1156 2314 1185 2340 fit
1198 2324 1237 2341 ac-

200 2355 402 2386 commodatior.
474 2354 545 2380 Serta
556 2359 625 2379 texta
640 2352 703 2387 pede
717 2352 846 2384 da&ylico
860 2350 936 2377 Prud.
946 2350 1034 2376 Perist.
1051 2358 1073 2381 3,
1087 2358 1147 2381 209.

237 2400 255 2420 D
266 2400 287 2419 A
298 2397 314 2417 c
325 2398 345 2417 T
354 2397 371 2415 Y
381 2397 397 2415 L
406 2396 417 2415 1
426 2395 445 2414 ο
454 2396 476 2414 Τ
485 2396 505 2414 u
518 2391 533 2414 E
542 2396 558 2416 c
566 2396 598 2420 A,
623 2397 660 2414 ae.
686 2388 706 2413 f.
733 2385 930 2420 [δακτυλιοθέκη]
950 2386 1106 2412 Annulorum
1121 2384 1236 2419 capsula,⁴

201 2427 327 2456 δακτύλιος
347 2427 409 2451 enim
422 2425 526 2450 annulus
540 2422 589 2455 est,
605 2423 669 2452 θήκη
690 2423 802 2457 capsula,
815 2422 868 2456 flue
881 2422 979 2452 arcula,
992 2421 1033 2446 vbi
1047 2419 1109 2460 quial
1126 2420 1236 2445 recondi-

200 2471 252 2491 tur.
288 2460 368 2495 Qiod
381 2459 408 2485 in
421 2458 583 2484 bibliotheca
596 2457 783 2489 traoammus,
804 2458 874 2483 idem
887 2456 1046 2496 Pomponius
1065 2464 1092 2481 1n
1109 2455 1235 2487 daetylio-
1248 2459 1279 2491 65

201 2499 277 2525 theca
290 2497 373 2529 legata
386 2493 478 2520 trinitat
487 2512 495 2524 ,
512 2498 537 2518 et
554 2494 589 2518 ait
605 2493 714 2518 annulos
727 2501 834 2526 quoque
847 2493 978 2518 contineri
987 2512 995 2524 ,
1013 2500 1067 2517 non
1082 2491 1167 2516 solum
1180 2491 1236 2517 the-

202 2542 274 2565 cam,
288 2539 354 2566 quae
373 2528 531 2555 annulorum
550 2528 624 2553 causa
643 2533 730 2560 parata
749 2527 779 2553 fit
792 2528 809 2553 l.
825 2536 854 2559 52
866 2526 893 2552 ff.
914 2525 936 2562 §.
950 2532 972 2556 8.
986 2526 1019 2552 de
1034 2527 1123 2560 Legat.
1137 2535 1158 2558 3.
1194 2527 1236 2553 Sic

201 2568 306 2603 leian.
320 2566 349 2592 in
366 2565 383 2590 1.
398 2563 530 2589 librorum
543 2560 565 2598 §.
579 2562 623 2587 fin.
642 2562 673 2587 de
694 2562 768 2595 legat.
784 2571 796 2593 3
816 2562 1043 2593 Dactyliothecam
1063 2570 1164 2594 meam,
1178 2568 1203 2587 et
1218 2561 1236 2587 fi

201 2612 268 2639 quos
279 2606 411 2637 praeterea
431 2598 540 2624 annulos
559 2596 653 2629 habeo,
668 2603 712 2622 etc.
747 2596 826 2622 Paull.
841 2597 858 2621 l.
873 2604 981 2629 argento
994 2597 1026 2622 de
1039 2597 1089 2630 leg.
1103 2606 1115 2630 3
1136 2596 1167 2623 D.
1185 2598 1237 2624 An.

202 2639 272 2667 nulis
287 2636 378 2671 legatis
392 2633 598 2665 daetyliothecae
611 2640 664 2658 non
676 2631 779 2657 cedunt.
815 2632 856 2657 Ita
871 2631 985 2656 Martial.
1000 2640 1031 2663 11,
1045 2633 1079 2656 6ο

317 2673 396 2699 Senos
416 2669 546 2696 Charinus
564 2667 687 2694 omuibus
709 2666 799 2700 digitis
818 2666 887 2699 gerit

356 2707 413 2733 Nec
433 2704 510 2731 noue
530 2704 605 2738 ponit
623 2702 749 2734 annulos,

317 2743 388 2772 Nec,
406 2749 488 2774 quum
510 2740 621 2765 lauatur.
657 2738 740 2764 Causa
757 2744 823 2771 quae
845 2735 874 2762 fit
900 2735 1047 2771 quaeritis?

358 2774 582 2807 Dactyliothecam
608 2782 662 2799 non
683 2772 769 2799 habet.

202 2811 401 2846 Da&yliotheca
412 2815 510 2846 integra
527 2810 627 2844 Templo
658 2808 745 2835 aerata
770 2807 836 2834 Plin.
851 2813 891 2840 37,
910 2814 919 2831 1
933 2806 950 2831 s.
964 2813 977 2838 5
1006 2805 1128 2844 Gemmas
1141 2803 1238 2838 plures,
1250 2813 1282 2841 75

202 2849 274 2885 quod
289 2847 428 2883 peregrino
441 2846 549 2872 nomine
562 2845 634 2879 appel
647 2850 689 2870 ant
703 2841 1039 2875 dactyliothecamfflrimus
1052 2848 1172 2866 omnium
1185 2839 1237 2864 Ro-

202 2894 260 2912 mae
282 2884 375 2911 habuit
394 2882 531 2916 priuignus
552 2880 638 2906 Sullae
651 2880 775 2910 Scaurus,
787 2878 886 2911 diuque
903 2876 974 2902 nulla
994 2876 1045 2902 alia
1063 2875 1131 2907 fuit,
1154 2874 1237 2900 donec

203 2920 340 2954 Pompeius
353 2919 463 2952 Magnus
478 2925 550 2948 eam,
563 2924 629 2950 quae
644 2914 807 2942 Mithridatis
824 2913 893 2947 regis
911 2912 1014 2944 fuerat,
1034 2912 1104 2938 inter
1124 2910 1192 2937 dona
1210 2911 1238 2936 in

204 2955 340 2990 Capitolio
361 2953 469 2979 dicaret.

237 2999 256 3018 D
265 2998 287 3018 A
296 2997 312 3017 C
321 2997 341 3017 T
354 2995 372 3015 Υ
383 2996 398 3015 L
409 2995 448 3020 18,
463 2987 521 3014 idis.
535 2996 569 3013 m.
591 2986 727 3021 Sculptoris
737 2983 842 3020 insignis
854 2992 948 3015 nomen,
962 2982 1035 3008 cuius
1048 2981 1151 3008 laudata
1159 2989 1239 3015 opera
1253 2990 1288 3015 80
1300 2981 1381 3007 Visne
1395 2986 1480 3016 tegam
1493 2982 1586 3015 spurco
1600 2981 1697 3007 Damae
1716 2981 1799 3007 latus?
1818 2988 1862 3007 etc.

203 3026 231 3053 in
245 3026 330 3053 hortis
344 3023 496 3050 Seruilianis
510 3022 602 3049 haberi
621 3021 702 3058 refert
720 3020 785 3046 Plin.
802 3021 840 3051 36,
856 3026 868 3051 ς
883 3019 900 3044 s.
916 3028 941 3051 4,
957 3027 984 3044 10
1009 3019 1040 3044 In
1054 3017 1138 3044 hortis
1153 3017 1239 3042 Serui-

202 3062 279 3088 lianis
304 3059 409 3094 reperio
435 3058 552 3085 laudatos
578 3073 622 3077 -—
645 3055 790 3089 Da&ylidis
814 3055 927 3086 Pythias.
964 3053 1046 3080 Hard.
1062 3055 1123 3089 legit
1144 3052 1238 3084 Dercy—

203 3096 448 3162 ΙιᾱξΑΡέῗῗὶῐς,
469 3128 529 3154 idiS.
559 3128 579 3154 f.
617 3126 767 3159 Da&ylides
788 3125 870 3156 vites,
884 3123 969 3150 diotae
984 3132 999 3149 a
1012 3123 1158 3158 gracilitate
1172 3122 1238 3155 digi-

205 3167 266 3193 tali:
283 3167 325 3193 vel
337 3164 445 3192 fortaffis
458 3164 529 3198 quod
548 3172 627 3198 grana
646 3162 757 3189 habeant
772 3161 882 3193 daelylis
901 3159 995 3186 fimilia
1005 3179 1012 3191 ,
1027 3159 1076 3184 hoc
1090 3158 1124 3184 est
1138 3157 1239 3184 fructui
1255 3168 1283 3197 85

206 3202 304 3236 palmae
318 3201 427 3228 arboris.
460 3200 525 3226 Plin.
540 3208 578 3232 14,
592 3207 603 3230 3
619 3199 636 3224 s.
651 3208 679 3232 4,
691 3203 705 3228 8
732 3198 796 3224 Non
814 3196 886 3223 idem
899 3194 1043 3227 daetylidos
1056 3194 1165 3229 digitata
1184 3202 1238 3228 gra-

208 3237 313 3263 cilitate.
352 3237 404 3261 Has
417 3238 488 3262 etiam
502 3234 624 3266 Daoytos
637 3240 708 3260 vocat
723 3232 828 3260 Colum.
842 3241 864 3264 3,
881 3240 905 3264 2,
920 3240 939 3257 1.

242 3278 381 3302 nAcvs‚
404 3271 455 3297 vid.
475 3270 523 3307 sub
547 3276 681 3297 DACIA.

452 3342 634 3374 DAD

246 3417 453 3438 nAnioTVM
475 3410 543 3436 Tus.

826 3339 1019 3372 DAE

584 3410 641 3438 Vid.
655 3417 794 3437 DA'r1ui
806 3417 825 3436 A
835 3416 855 3435 τ
865 3416 883 3435 v
895 3416 929 3435 Μ.

244 3454 262 3473 D
271 3454 291 3472 A
300 3454 315 3472 Ε
324 3453 342 3472 D
352 3444 393 3471 AL
403 3452 423 3470 V
433 3451 456 3476 S,
472 3445 490 3470 i.
503 3454 536 3470 m.
559 3445 703 3480 [Δαίδαλος]
722 3444 877 3477 Atheniensis
885 3465 892 3476 ‚
906 3446 988 3470 clarus
1000 3439 1169 3469 architeftura
1177 3460 1184 3472 ,
1197 3449 1238 3466 cu-

207 3486 248 3508 ius
261 3480 386 3514 historiam
400 3480 454 3505 uizle
462 3480 526 3515 apud
537 3481 637 3507 Diodor.
650 3492 673 3515 5.
692 3488 715 3507 et
723 3480 802 3508 Ouid.
814 3482 877 3507 Met.
890 3485 914 3511 8,
936 3486 976 3511 152
992 3486 1036 3503 etc.
1059 3477 1163 3510 nvn-g.
1172 3477 1237 3501 Aen.

713 3350 747 3373 ct

1255 3346 1292 3372 90
1301 3335 1375 3370 Virg.
1389 3336 1484 3369 Georg.
1505 3343 1526 3366 1,
1540 3340 1593 3366 308.

1300 1968 1380 1993 quem
1395 1959 1490 1985 Graeci
1509 1957 1622 1991 δείλαιον,
1643 1959 1670 1985 id
1692 1959 1743 1992 est,
1759 1965 1868 1994 propter
1885 1961 1960 1987 cuius
1979 1959 2127 1986 fatuitatem
2145 1959 2204 1992 quis
2220 1959 2342 1984 misereri

1298 1994 1409 2026 debeat,
1430 1995 1448 2020 F
1451 1994 1525 2020 estus.
1563 1995 1642 2021 Gloss.
1654 1995 1777 2022 Daunum
1790 1995 1888 2028 ἄφρονα.
1915 1996 1979 2023 Scal.
1992 1994 2103 2021 emendat
2117 1993 2256 2020 Daliuum:
2274 2000 2302 2019 vt
2316 1999 2341 2019 ct

1300 2030 1389 2056 Dauus
1402 2031 1449 2064 leg.
1464 2030 1574 2056 Daliuus
1592 2029 1688 2065 ἄφρων,
1701 2029 1798 2065 ἄπειρος.

1336 2072 1354 2092 D
1363 2072 1383 2091 A
1392 2071 1407 2091 L
1416 2072 1440 2091 M
1449 2072 1470 2091 A
1479 2072 1500 2091 Τ
1509 2073 1517 2091 1
1526 2073 1559 2098 A,
1570 2074 1608 2092 ae.
1624 2067 1643 2091 f.
1662 2065 1829 2100 [Δαλματία]
1849 2066 1924 2101 Regio
1941 2065 2046 2099 Illyrica
2058 2063 2093 2090 ad
2102 2073 2168 2090 mare
2180 2063 2341 2090 Adriaticum

1213 2111 1237 2128 a·
1253 2109 1281 2136 53
1293 2099 1412 2136 speflans
1420 2121 1428 2133 ,
1447 2104 1598 2129 contermina
1610 2100 1743 2127 Liburniae
1755 2103 1839 2136 uersus
1852 2100 1985 2136 Occasum,
2002 2109 2074 2135 quam
2088 2099 2245 2125 Delmatiam
2255 2101 2342 2131 potius

1300 2135 1427 2162 dicendam
1441 2134 1482 2169 effi‘
1496 2135 1588 2163 Velius
1607 2136 1712 2170 Longus
1733 2134 1843 2170 affirmat
1857 2136 1888 2161 de
1900 2134 2081 2170 Orthograph.
2095 2144 2119 2169 p.
2136 2144 2181 2161 102
2201 2134 2266 2169 quod
2276 2139 2341 2158 vete-

1298 2181 1339 2198 res
1352 2175 1425 2197 etiam
1441 2171 1617 2208 inscriptiones
1635 2178 1658 2197 et
1667 2175 1738 2198 'numi
1751 2171 1907 2207 confirmant.
1965 2171 2070 2198 Numus
2084 2170 2222 2201 Hadriani,
2237 2168 2340 2195 MET.

1299 2208 1423 2233 DELM.
1444 2210 1462 2233 i.
1477 2207 1604 2234 Metallum
1618 2209 1790 2233 Delmaticum.
1863 2206 1993 2233 Dalmatia
2007 2207 2152 2240 plurimum
2166 2205 2223 2232 auri
2238 2203 2340 2238 profert

1298 2243 1365 2268 Plin.
1380 2251 1416 2275 33,
1429 2252 1456 2275 4.
1498 2242 1556 2268 Vid.
1573 2243 1628 2268 Cic.
1643 2243 1714 2269 Fam.
1728 2250 1749 2275 ς,
1764 2251 1800 2268 10.
1855 2242 1948 2268 Claud.
1963 2243 1991 2268 in
2005 2241 2072 2268 Ruff.
2087 2250 2112 2273 2,
2125 2246 2151 2273 38
2183 2238 2340 2266 Frondentie

1746 2278 1827 2304 Ouid.
1842 2286 1873 2304 ex
1887 2279 1970 2304 Ponto
1982 2286 2007 2310 2,
2022 2286 2047 2310 2,
2062 2282 2093 2312 78
2114 2275 2224 2303 Subdita
2237 2280 2340 2301 monta-

1297 2322 1346 2339 nae
1361 2313 1467 2339 brachia
1481 2314 1637 2340 Dalmatiae.

1333 2356 1352 2375 D
1361 2356 1383 2375 A
1395 2355 1411 2374 L
1424 2356 1446 2374 M
1457 2346 1550 2382 ᾸΤΑ,
1560 2358 1598 2376 ae.
1618 2359 1653 2375 m.
1675 2350 1726 2384 Qss'
1739 2358 1767 2375 ex
1778 2349 1907 2375 Dalmatia
1920 2347 1962 2382 est.
1996 2348 2130 2375 Cic.Fam.
2139 2356 2162 2380 ς,
2172 2356 2193 2373 11
2213 2345 2341 2373 Dalmatis

1297 2383 1337 2420 dii
1364 2383 1531 2411 malefaciant
1544 2405 1552 2417 ,
1581 2385 1628 2420 qui
1649 2384 1701 2411 tibi
1722 2384 1827 2410 molesti
1849 2385 1914 2410 sunt.
1985 2383 2121 2410 Dalmatae
2146 2388 2249 2409 montes
2278 2382 2340 2407 Stat.

1297 2419 1363 2445 Silu.
1384 2428 1412 2452 4,
1430 2425 1458 2452 7,
1479 2427 1518 2452 14-

1333 2454 1628 2488 DALMATEst
1645 2461 1704 2486 1s,
1723 2463 1747 2479 e.

1298 2489 1482 2515 Dalmatenses,

1333 2532 1351 2551 D
1361 2531 1383 2551 A
1391 2531 1407 2551 L
1418 2531 1442 2549 M
1451 2531 1472 2550 A
1481 2531 1502 2551 T
1513 2520 1550 2550 i'C
1559 2530 1580 2548 V
1590 2531 1603 2550 s
1612 2543 1618 2553 ,
1633 2532 1656 2555 a,
1670 2532 1724 2549 um.
1738 2523 1797 2549 Adi.
1841 2521 1954 2550 melori:
1962 2524 2101 2549 Dalmatiae
2114 2527 2197 2548 nomen
2214 2521 2269 2547 Cic.
2283 2519 2340 2554 post

1299 2559 1353 2585 red.
1367 2559 1399 2586 ad
1411 2560 1491 2592 Qlir.
1505 2561 1529 2585 6.
1567 2559 1668 2585 Bellum
1688 2559 1793 2585 Sueten.
1809 2559 1876 2592 Aug.
1890 2568 1911 2585 c.
1924 2567 1967 2585 20.
2004 2557 2111 2584 Fluctus
2126 2558 2221 2583 Lucan.
2237 2565 2261 2589 2,
2277 2563 2340 2588 402.

1297 2595 1390 2628 Frigus
1410 2596 1464 2621 Cic.
1477 2594 1508 2620 ad
1522 2595 1594 2620 Fam.
1610 2602 1632 2627 ς,
1647 2603 1683 2619 10.
1737 2594 1892 2626 Metallum,
1907 2600 1956 2628 pro
1967 2595 2039 2619 Auro
2065 2594 2127 2618 Stat.
2142 2591 2206 2618 Silu.
2224 2600 2245 2623 1,
2258 2599 2342 2623 2,1;3.

1793 2453 1854 2480 Adi.
1892 2454 1996 2488 Vopisc.
2017 2453 2109 2479 Claud.
2123 2461 2151 2486 17
2181 2452 2340 2485 Singiliones

1248 2643 1284 2670 70
1303 2631 1465 2662 Dalmatica,
1482 2629 1584 2661 Vestis,
1605 2638 1672 2663 quae
1691 2628 1719 2654 in
1732 2629 1862 2655 Dalmatia
1875 2629 1992 2663 primum
2007 2627 2141 2657 conse-fita,
2161 2633 2185 2653 et
2199 2627 2274 2653 illinc
2288 2627 2341 2652 Ro-

1299 2674 1369 2691 mam
1383 2665 1459 2691 allata
1473 2665 1509 2690 est
1528 2664 1610 2691 Ifidor
1626 2673 1664 2697 19,
1677 2672 1718 2690 22.

1337 2705 1356 2724 1)
1367 2707 1388 2725 A
1398 2707 1414 2724 L
1423 2705 1447 2724 M
1457 2706 1479 2724 A
1487 2705 1508 2723 T
1519 2706 1527 2723 1
1538 2705 1554 2724 c
1565 2701 1587 2724 Ᾱ
1595 2706 1644 2724 Τν
1654 2706 1678 2729 s,
1693 2707 1717 2727 a,
1728 2707 1782 2723 um.
1804 2697 1865 2723 Adi.
1884 2697 2028 2723 Dalmatica
2042 2695 2105 2729 vtfle
2118 2697 2226 2723 indutus.
2262 2696 2338 2721 Lam-

1298 2733 1403 2766 prid.in
1417 2732 1565 2759 Commodo
1578 2737 1591 2761 8
1609 2732 1795 2758 Dalmaticatus
1812 2732 1840 2758 in
1855 2731 1991 2766 publicum
2005 2732 2131 2766 proceffit.
2173 2731 2230 2758 Vici.
2245 2731 2280 2756 ibi
2294 2731 2339 2757 Ca·

1795 2806 1823 2836 A
1919 2805 1958 2837 M

1293 2768 1364 2803 saub.
1378 2774 1402 2794 et
1415 2767 1488 2802 Conf.
1502 2767 1606 2801 Lampr.
1621 2766 1727 2801 Heliog.
1740 2769 1783 2793 26.

1668 2806 1698 2836 D

1335 2881 1416 2901 DAM
1427 2882 1465 2907 A,
1491 2873 1560 2909 apu‘d
1572 2874 1647 2909 Syros·
1677 2883 1788 2900 cruorum
1805 2875 1928 2910 peculiare
1947 2883 2045 2903 nomen,
2057 2872 2125 2906 ficut
2143 2873 2340 2900 Lacedaemoniis

1297 2910 1442 2937 ‘dicebantur
1464 2911 1579 2940 Helotae‚
1599 2916 1645 2944 apu
1682 2910 1792 2946 Phryges
1813 2911 1919 2942 Manes,
1939 2916 1962 2935 et
1980 2909 2048 2944 apua
2063 2910 2126 2935 alios
2143 2911 2225 2936 aliter.
2280 2909 2338 2935 Ιῗίά.

1300 2948 1372 2971 Alex.
1384 2946 1414 2971 ab
1421 2946 1494 2971 Alex.
1507 2955 1530 2977 3,
1544 2955 1580 2972 20.
1606 2946 1735 2971 Turnebus
1749 2945 1853 2981 Aduers.
1868 2949 1892 2977 6,
1906 2956 1921 2979 4
1941 2948 1967 2970 in
1975 2944 2037 2970 illud
2048 2945 2165 2977 Horatii,
2178 2945 2226 2971 Sat.
2236 2953 2261 2976 2,
2275 2954 2298 2977 ς,
2313 2949 2339 2974 18

1915 2981 2011 3012 Dama,
2033 2983 2128 3015 inquit,
2148 2989 2231 3006 nomen
2245 2980 2338 3016 firuile

1300 3015 1349 3049 ςΙῘ,
1373 3016 1548 3042 diminutionis
1560 3017 1649 3052 forma
1663 3026 1678 3042 a
1691 3016 1828 3042 Demetrio
1846 3015 1992 3048 deduHum,
2022 3022 2045 3041 et
2060 3019 2085 3041 in
2101 3016 2207 3042 Horatio
2226 3016 2340 3042 libertini

1301 3053 1422 3082 hominis,
1440 3051 1482 3085 etfi
1493 3059 1540 3087 pro
1554 3051 1677 3086 viliffimis
1690 3059 1713 3077 et
1720 3051 1898 3087 sordidtffimis
1910 3052 2006 3088 simper
2020 3051 2168 3078 habebantur
2181 3051 2244 3086 quod
2255 3061 2282 3076 rx
2296 3051 2338 3077 his
2381 3077 2385 3080 ,

1300 3088 1410 3114 Senecae
1424 3087 1506 3113 uerbis
1514 3087 1623 3121 probam
1644 3087 1715 3113 Idem
1731 3096 1770 3113 res
1784 3087 1884 3114 dicebat
1893 3088 2013 3113 omnium
2028 3086 2210 3113 sordidiffimas
2225 3092 2336 3118 acetum,

1301 3130 1326 3149 et
1339 3123 1467 3157 puleium,
1481 3130 1506 3148 et
1519 3123 1637 3153 Damam,
1651 3128 1675 3148 ct
1688 3122 1846 3154 Philerotem
1862 3122 1971 3149 laternas
1985 3129 2010 3149 et
2023 3122 2151 3157 spongias.
2189 3123 2256 3148 Haec
2268 3121 2316 3147 ille.

1337 3166 1355 3185 D
1365 3165 1420 3185 AM
1433 3165 1469 3190 A,
1492 3167 1537 3184 -ae.
1574 3157 1586 3190 [
1599 3156 1679 3192 δορκαὶς
1692 3158 1705 3191 ]
1742 3160 1821 3184 Genus·
1842 3166 1930 3194 caprae
1942 3157 2090 3194 syluestrif,
2115 3165 2165 3183 tam
2183 3166 2217 3182 m.
2231 3166 2302 3192 quam
2317 3157 2336 3183 f.

1300 3193 1435 3228 Virg.Ecl.
1449 3199 1472 3226 8,
1487 3199 1516 3223 28
1553 3194 1620 3219 Cum
1633 3194 1740 3219 canibus
1753 3194 1842 3220 timidi
1855 3195 1962 3220 venient
1974 3193 2005 3220 ad
2021 3193 2113 3228 pocula
2132 3193 2230 3218 damae.
2265 3191 2335 3218 Add.

1300 3230 1396 3263 Georg.
1409 3237 1433 3262 3,
1447 3237 1500 3262 339.
1522 3228 1594 3263 Conf.
1617 3228 1747 3262 Quinctil.
1760 3238 1786 3262 9,
1800 3238 1822 3261 3,
1835 3231 1859 3256 6.
1874 3236 1899 3256 et
1938 3230 2005 3256 Hor.
2019 3231 2106 3256 Carm.
2126 3237 2145 3256 1,
2160 3236 2184 3258 2.,
2199 3235 2225 3253 iz
2251 3228 2280 3253 Et
2296 3228 2336 3253 su-

1299 3264 1417 3299 perieCm
1436 3263 1546 3298 pauidae
1563 3270 1686 3290 natarunt
1722 3266 1845 3299 Aequore
1865 3265 1965 3291 damae.
2035 3264 2144 3290 Veloces
2157 3262 2247 3288 damae
2276 3264 2333 3289 Sen.

1300 3300 1411 3334 Hippol.
1427 3302 1465 3326 61.
1537 3299 1644 3333 agitare
1667 3299 1754 3326 damas
1786 3300 1866 3326 Ouid.
1881 3301 1945 3327 Met.
1960 3309 1997 3332 ιο,
2012 3307 2064 3331 539.
2135 3298 2227 3332 Figere
2247 3298 2333 3324 damas

1665 3336 1749 3362 Dente
1769 3336 1877 3362 timetur
1892 3345 1954 3370 aper
1967 3355 1975 3367 ,
2001 3333 2144 3360 defendunt
2164 3342 2262 3360 cornua
2280 3342 2334 3359 cer-

1301 3379 1382 3403 vum,
1399 3370 1520 3397 Imbelles
1535 3370 1625 3396 damac
1639 3371 1703 3406 quid
1721 3371 1768 3397 niti
1784 3371 1878 3405 praeda
1890 3372 1976 3397 sumus
1999 3369 2113 3396 Martial.
2128 3377 2160 3400 13,
2174 3377 2219 3402 94.

1340 3413 1359 3432 D
1371 3413 1454 3433 AMv
1465 3413 1529 3440 LA,
1554 3414 1591 3432 ae.
1613 3406 1631 3432 f.
1669 3407 1744 3441 Apul.
1761 3407 1824 3433 Met.
1839 3411 1861 3436 8.

1336 3449 1355 3468 D
1366 3440 1387 3467 A‘
1396 3448 1421 3467 M
1430 3439 1454 3468 A‘
1463 3448 1478 3466 L
1488 3447 1536 3472 10,
1550 3441 1617 3467 onis.
1655 3442 1789 3476 Lamprid.
1800 3443 1828 3468 in
1835 3440 1958 3468 Alexand.
1973 3448 2003 3466 22
2022 3439 2089 3465 Iuffit
2102 3448 2135 3465 ne
2149 3438 2206 3474 quis
2220 3438 2332 3464 sumina-

1298 3482 1351 3503 tam
1364 3476 1510 3508 occideret,
1530 3485 1563 3502 ue
1584 3477 1642 3510 quis
1664 3477 1815 3510 Inflantem,
1849 3486 1881 3503 ne
1897 3476 1955 3511 quis
1975 3475 2157 3501 damalionem.
2207 3473 2251 3500 Aa
2265 3483 2332 3509 quem

210 3520 234 3548 6,
250 3526 288 3550 ¹4·
324 3516 379 3541 Sen.
395 3515 487 3548 Oedip.
504 3520 559 3547 892.
597 3517 721 3547 llrcuiter,
736 3516 888 3550 Labyrintho
909 3525 923 3540 a
934 3515 961 3550 se
974 3512 1107 3550 atili—ficata
1121 3511 1237 3545 inclusus,
1252 3523 1286 3548 95
1298 3514 1374 3539 locum
1390 3511 1536 3545 Salmasiusa
1569 3512 1688 3539 Damalio
1704 3523 1752 3539 vox
1761 3515 1862 3545 Graeca,
1876 3521 1946 3548 quam
1958 3510 2124 3546 Latinifieam
2131 3509 2176 3545 suo
2189 3518 2253 3535 more
2260 3510 2330 3545 jece-

209 3562 262 3579 cum
277 3551 334 3587 filio
350 3552 419 3577 [raro
432 3557 473 3584 ape
487 3551 580 3575 alarum
595 3560 648 3575 cera
662 3551 799 3578 iunb‘tarum
813 3552 933 3578 euolauit:
957 3552 1047 3574 crimen
1062 3551 1136 3582 ipsuis
1149 3548 1236 3574 Mino-

209 3593 312 3618 taurus,
326 3586 367 3611 nbi
386 3584 437 3611 uid.
456 3584 482 3610 <ic
503 3590 602 3611 1CARO
615 3585 665 3619 ipso
679 3595 765 3620 quoque
779 3587 803 3622 s.
819 3589 835 3613 l.
872 3586 927 3612 Cic.
942 3586 1012 3610 Brut.
1027 3591 1054 3617 71
1074 3592 1094 3608 c.
1111 3588 1135 3612 18
1163 3583 1235 3608 Nam

209 3628 234 3649 et
247 3621 355 3653 Odyssea
371 3620 461 3646 Latina
474 3619 518 3651 est,
530 3619 561 3645 sic
575 3626 696 3653 tanquam
710 3629 772 3654 opus
786 3621 894 3657 aliquod
909 3619 1029 3649 Daedali,
1049 3621 1066 3644 i.
1083 3625 1131 3652 pro
1144 3621 1235 3643 aetatis

209 3664 233 3683 et
252 3659 413 3691 antiquitat&
431 3657 526 3680 ratione
547 3655 679 3684 laudabile,
698 3663 814 3682 caeterum
827 3660 896 3693 longe
910 3667 924 3682 a
934 3651 1089 3691 perfeHione
1108 3659 1232 3679 remotum.

209 3692 323 3718 Volucer
343 3689 469 3716 Daedalus
495 3689 581 3714 Valer.
600 3690 696 3722 Argon.
718 3699 737 3721 1,
756 3698 818 3724 704.

209 3728 288 3759 alter,
303 3725 330 3751 de
343 3734 387 3760 quo
400 3724 517 3755 1>1in.34‚
532 3729 544 3752 8
558 3724 575 3749 Γ.
591 3733 627 3755 19,
643 3731 666 3755 ις
692 3725 820 3751 Daedalus
838 3732 863 3752 et
881 3727 934 3761 ipse
949 3726 1017 3752 inter
1030 3723 1133 3750 fictores
1147 3723 1232 3749 lauda-

209 3767 267 3794 tus,
280 3769 373 3795 pucros
388 3759 452 3785 duos
465 3758 644 3792 distringentes
660 3760 683 3784 se
696 3760 766 3786 fecit.

244 3803 292 3823 uA
302 3803 344 3822 131)
355 3794 375 3821 A
386 3801 401 3820 1.
411 3802 429 3821 v
440 3802 463 3825 s,
480 3802 504 3825 a,
520 3803 573 3819 11111.
610 3793 668 3819 Adi.
704 3793 856 3827 [Δαίδαλος]
892 3795 990 3821 Festus:
1004 3792 1142 3820 Daedalam
1157 3802 1170 3819 a
1188 3802 1230 3819 va-

209 3831 301 3857 rictate
322 3839 425 3861 rerum,
441 3829 666 3862 artificiorumque
686 3828 781 3855 dietam
800 3830 847 3855 effe
867 3830 934 3862 apud
953 3829 1103 3856 Lucretium
1118 3833 1156 3860 (1,
1170 3832 1232 3859 228)

1296 3554 1365 3575 runt.
1403 3549 1495 3588 Nevmpe
1508 3544 1615 3579 δάμαλις
1626 3551 1725 3574 iuuenca
1739 3546 1780 3581 est.

1332 3584 1380 3609 D'A
1391 3590 1414 3608 M
1425 3590 1446 3609 A
1456 3590 1470 3608 L
1481 3589 1520 3609 ls.
1544 3583 1641 3609 Femina
1655 3583 1727 3610 bibax
1745 3584 1812 3610 Hor.
1826 3581 1877 3609 Od.
1891 3589 1911 3613 1,
1924 3583 1962 3613 36,
1978 3589 2001 3612 13
2022 3581 2063 3608 Sic
2076 3582 2148 3606 etiam
2160 3577 2238 3611 nostri
2250 3582 2277 3605 in
2300 3588 2331 3605 ar

1295 3627 1384 3645 vaccae
1398 3618 1477 3644 bibere
1490 3620 1569 3643 aiunt.

1331 3651 1381 3683 Dii}
1390 3660 1413 3679 M
1423 3661 1444 3680 A
1454 3659 1465 3678 S
1475 3660 1491 3680 C
1504 3659 1524 3678 V
1535 3660 1564 3685 s,
1586 3653 1604 3678 i.
1625 3653 1645 3679 f.
1681 3652 1853 3686 [Δυέμασκος]
1889 3651 1975 3686 Syriae
1992 3650 2060 3677 vrbs.
2093 3648 2158 3674 Plin.
2172 3657 2194 3681 ς,
2212 3654 2237 3678 18
2254 3658 2269 3675 a
2281 3658 2329 3683 qua

1013 3686 1033 3726 Ἴ
1053 3697 1068 3714 z
1106 3687 1232 3714 Daedalus
1241 3696 1316 3750 toop
1327 3684 1381 3715 A'M
1391 3696 1413 3716 A
1422 3697 1434 3716 s
1446 3694 1462 3715 C
1474 3695 1489 3715 Ε
1501 3695 1521 3714 Ν
1530 3695 1547 3715 Ε
1569 3691 1637 3724 regio
1650 3687 1719 3715 ditia
1731 3688 1796 3724 apud
1806 3687 1910 3714 Melam.
1921 3696 1940 3719 1,
1961 3695 1992 3718 11,
2007 3689 2040 3718 3!
2065 3684 2177 3710 Vcntosa
2192 3685 2329 3711 Damascus

1309 3733 1393 3751 mean.
1415 3733 1437 3756 3,
1458 3732 1507 3756 2¹3·
2028 3733 2030 3736 >

1332 3763 1555 3789 DAMASCENVS,
1565 3766 1648 3790 amm.
1663 3758 1721 3784 Adi.
1743 3757 1929 3792 [Δωμαακηνδς]
1947 3756 2012 3782 Plin.
2022 3754 2112 3786 13,13s.
2130 3762 2156 3780 12
2173 3754 2202 3779 In
2216 3754 2329 3794 peregri-

1295 3795 1334 3820 nis
1346 3794 1486 3822 arboribus
1507 3793 1576 3819 diem
1597 3794 1654 3819 sunt
1673 3794 1843 3825 Damascena,
1867 3802 1880 3819 a
1900 3792 1988 3824 Syriae
2002 3789 2127 3815 Damasco
2146 3796 2329 3823 cognominata

1288 3830 1325 3865 sc.
1336 3837 1428 3864 pruna.
1466 3829 1558 3856 Pallad.
1574 3829 1646 3855 Nou.
1660 3836 1686 3863 7,
1702 3831 1729 3855 16
1750 3830 1848 3855 Prunae
1862 3829 1992 3854 Sic-cantur
2007 3825 2034 3849 in
2048 3824 2105 3850 Sole
2119 3833 2164 3858 per
2177 3832 2256 3851 crates
2269 3825 2328 3851 loco

210 3870 320 3899 terram,
336 3865 401 3900 apud
420 3865 533 3891 Ennium
551 3864 714 3894 Mineruam,
726 3864 793 3898 apud
815 3865 957 3899 Virgilium
976 3866 1083 3896 Circen,
1103 3864 1179 3890 facile
1198 3864 1400 3899 ess105ficciore
1413 3865 1543 3900 dispofita.
1580 3865 1651 3891 Haec
1662 3865 1720 3891 sunt
1735 3873 1801 3899 quac
1815 3864 1970 3891 Damascena
1983 3859 2115 3886 dicuntur.

2223 3901 2327 3921 DAMA-
