2479 4225
504 238 775 279 INT

97 248 179 288 117⁷

100 324 175 352 dieto
189 326 244 352 suo.
298 325 345 353 sed
358 333 388 353 vt
402 328 532 354 Damnare
549 336 624 354 reum
643 326 738 354 dicitur
751 329 839 358 etiam,
854 327 898 361 qui
913 324 980 362 ilium
992 325 1107 354 damnari
1125 337 1140 354 a

99 361 222 388 iudicibus
234 358 310 396 efficit
325 373 333 387 .·
352 362 391 397 fic
405 364 565 390 Interdicere
586 372 757 398 nonnunquam
778 361 810 396 qs?
832 360 993 387 interdictum
1014 364 1140 389 Prartoris

99 400 240 432 impetrare.
314 399 446 431 Qunetil.
459 408 482 431 3,
496 401 522 431 6,
536 406 571 433 70
597 399 661 425 Non
675 398 788 424 debuisti
805 395 971 429 interdicere,
986 397 1028 423 sed
1043 407 1140 431 petere,

100 435 120 459 ι’.
133 440 181 458 non
199 435 240 458 uti
257 432 299 459 illo
318 435 395 460 nobili
408 433 561 466 interdiciti,
587 435 634 460 Vti
648 442 715 460 nunc
731 432 875 468 possidetis,
894 441 943 457 non
962 435 988 457 in
1003 433 1140 467 pojlifforio

96 475 186 503 agere,
203 474 233 493 vt
246 478 310 494 nunc
323 471 469 504 loquuntur,
482 469 530 504 fid
540 472 568 495 in
576 472 707 505 petitorio.
763 469 857 495 Firmat
872 467 921 501 ipse
935 468 1064 500 Qtinctil.
1076 479 1102 504 7,
1117 478 1140 502 ς,

99 510 114 535 3
136 502 166 528 In
180 503 374 537 sponsionibus,
393 513 459 540 quae
472 514 503 531 ex
519 505 668 531 interdictis
683 504 764 536 fiunt,
782 503 860 529 etiam
875 501 892 528 si
906 511 958 528 non
971 506 1140 538 proprietatis

100 537 153 570 est,
170 539 212 565 sed
227 545 326 566 tantum
339 540 507 575 poffcssionis:
531 546 617 566 tamen
630 549 683 567 non
695 540 778 566 solum
791 537 922 572 poisediffc
934 547 990 571 nos,
1005 540 1046 566 sed
1059 542 1140 567 etiam

100 573 220 600 nostrum
233 575 381 609 possedisse,
401 576 495 602 docere
507 575 651 610 oportebit.
707 576 748 602 sic
761 576 831 600 varie
843 572 1000 606 construitur.
1082 577 1141 610 le-

99 607 120 635 l.
135 617 151 635 2
171 610 203 635 D.
221 619 254 637 ne
267 612 333 644 quid
354 612 382 638 in
396 611 455 638 loco
469 612 511 639 vel
525 611 622 637 itinere
636 610 743 646 publico
762 609 822 642 fiat,
844 608 914 635 Nam
930 609 945 634 ti
959 610 1012 644 ipse
1026 620 1141 645 quocum

99 643 257 679 interdixit,
278 647 387 679 fecerit,
407 647 448 673 vcl
462 648 528 674 iuffu
543 647 598 673 eius
611 648 692 678 alim,
711 652 755 672 aut
770 651 856 678 ratuni
869 643 988 671 habitum
1002 646 1046 678 lit,
1067 648 1139 681 quod

100 679 179 712 fecit,
195 681 249 715 ipse
263 682 314 708 suis
327 683 455 709 sumtibus
469 683 546 709 debet
558 682 706 709 restituere.
779 679 849 707 Idem
868 680 886 706 l.
901 688 909 705 1
937 681 967 706 D.
984 682 1016 707 de
1032 683 1058 708 vi
1074 690 1098 709 ct
1113 683 1140 709 vi

100 722 216 749 armata,
237 718 432 750 Qutm‘autem
451 718 527 745 falsus
546 718 581 744 est
599 721 770 752 procurator,
789 724 848 741 cum
861 715 917 749 ipso
932 722 1030 743 tantum
1049 727 1142 751 procu-

101 757 191 778 ratore
211 752 335 779 interdici
349 753 445 781 debere
461 753 569 780 Sabinus
582 754 628 779 ait.
683 753 723 780 Sic
740 750 841 777 Paullus
856 750 894 782 l.3
915 751 944 777 D.
959 753 997 778 vti
1011 753 1140 787 pollidctis

100 784 124 823 §.
139 786 227 813 Labeo
240 797 358 823 quoque.
452 790 577 823 leianus
595 788 612 814 l.
630 797 640 814 1
660 789 690 814 D.
705 787 736 813 de
751 787 847 813 itinere
859 786 972 821 acluque
987 789 1100 822 priuato,
1115 789 1141 815 Si

100 821 152 848 tibi
167 822 278 849 fundum
293 825 413 858 precario
425 825 588 856 concessero,
608 823 652 850 cui
664 824 708 850 via
722 822 864 849 debebatur
879 832 884 847 :
910 823 1003 849 deinde
1020 831 1048 850 tu
1068 833 1082 850 a
1097 824 1142 850 do-

100 857 176 883 mino
188 858 264 885 fundi
282 861 400 893 precario
412 860 562 894 rogaueris.
582 866 609 886 vt
623 867 651 886 ea
665 859 708 886 via
728 858 760 884 ad
772 867 832 884 cum
847 857 956 883 fundum
970 860 1052 886 vtaris
1067 870 1072 885 :
1109 870 1142 886 an

99 900 193 920 noceat
206 894 258 920 tibi
273 895 404 930 exceptio,
425 895 442 921 si
456 895 578 922 aduersus
591 903 652 922 eum
667 894 732 921 velis
746 893 911 925 interdicere,
930 903 943 919 a
957 903 1010 928 quo
1022 896 1142 929 precario

99 928 174 955 viam
194 930 298 964 rogasti.
371 930 444 957 Idem
462 931 479 957 l.
495 930 512 957 si
526 931 593 957 alius
619 931 651 958 D.
667 928 739 965 quod
752 929 780 955 vi
793 935 836 955 aut
853 928 930 960 clam,
956 930 1035 963 Qiod
1054 931 1072 956 ti
1086 937 1140 957 tau-

99 969 158 990 tum
171 973 256 991 noxae
270 965 387 999 dedisset,
400 965 523 993 aduersus
534 966 672 993 dominum
686 975 702 991 o
722 964 773 991 eris
786 964 888 990 vtiliter
900 965 1029 992 interdici.
1094 968 1142 992 Ve-

99 999 156 1026 nul.
178 1001 209 1026 D.
223 1000 255 1027 de
269 1001 360 1028 liberis
377 1001 534 1028 exhibendis
551 1001 569 1029 l.
584 1001 630 1028 vlt.
650 1001 677 1027 Si
692 975 761 1026 filiius
778 1000 822 1026 sua
835 1001 924 1033 sponte
937 1001 1004 1034 apud
1025 1001 1140 1036 aliquem

101 1034 154 1067 est,
176 1035 272 1062 inutile
291 1036 341 1063 hoc
356 1037 528 1064 interdictum
546 1038 598 1063 erit
613 1047 619 1063 z
648 1037 710 1071 quia
731 1035 801 1062 titius
820 1036 901 1069 magis
919 1036 987 1070 apud
1001 1038 1042 1069 sc,
1062 1047 1140 1072 quam

101 1070 170 1105 apud
187 1079 247 1097 eum
261 1071 314 1104 est,
333 1073 361 1098 in
374 1081 453 1107 quem
467 1073 649 1099 interdicetur.
719 1070 843 1097 Addimus
863 1070 1065 1103 combustiones
1078 1075 1142 1099 alias

117 1114 191 1140 uoque
210 1107 280 1133 verbi
298 1109 442 1135 Interdico.
526 1107 682 1139 Prouincia,
705 1107 834 1139 Honore,
861 1108 962 1133 Ordine
982 1108 1141 1135 interdicere

124 1141 204 1175 lpian.
224 1142 242 1168 l.
256 1152 268 1174 7
295 1141 327 1169 de
345 1143 496 1170 interdictus
516 1149 541 1170 et
560 1143 640 1176 releg.
655 1144 795 1177 aliquoties.
903 1143 967 1169 Ptin.
983 1151 1019 1178 17,
1034 1152 1046 1176 ς
1073 1145 1140 1171 Cato

98 1175 220 1203 breuiter
234 1183 312 1212 atque
327 1187 358 1204 ex
373 1180 421 1205 suo
433 1187 509 1205 more
521 1179 586 1205 vitia
600 1178 775 1204 determinat:
799 1177 915 1204 Terram
929 1179 1054 1205 cariosam
1068 1189 1142 1212 caue,

98 1211 177 1238 Neue
190 1212 305 1246 plostro,
318 1223 385 1240 neue
399 1223 493 1249 pecore
506 1213 633 1248 impellas.
682 1212 756 1247 Qud
770 1219 891 1247 putamus
906 1213 952 1240 hac
965 1215 1142 1248 appellatione

97 1245 134 1272 ab
146 1256 182 1279 eo,
192 1253 313 1283 tempore
326 1249 497 1276 reformidati
508 1268 518 1282 ,
541 1255 569 1276 vt
583 1257 664 1283 paene
678 1248 796 1283 vestigiis
814 1257 920 1283 quoque
934 1250 1073 1276 interdicat
1088 1252 1096 1277 3
1121 1254 1140 1278 i.

96 1282 223 1316 inhibeat,
243 1293 272 1310 ne
285 1288 350 1320 quis—
359 1292 403 1321 ptr
415 1294 464 1312 eam
481 1284 635 1320 iterfaciat.
743 1284 869 1318 leianus
891 1285 917 1310 in
932 1285 949 1311 l.
967 1295 970 1310 ι
999 1284 1022 1322 ᾗ.
1037 1286 1082 1312 vlt.
1108 1287 1141 1313 D.

97 1316 130 1343 de
143 1317 211 1345 offic.
223 1319 349 1347 Praese&
361 1319 421 1347 vrb.
444 1320 476 1346 Et
489 1319 556 1346 vrbe
574 1319 734 1346 interdicere
753 1319 898 1354 praefectus
919 1320 993 1352 vrbi,
1014 1329 1038 1347 et
1057 1323 1140 1356 quali-

94 1351 140 1379 bet
160 1354 210 1380 alia
226 1355 364 1382 solitarum
381 1356 522 1389 regionum
542 1355 644 1390 potest:
673 1361 698 1381 et
717 1355 911 1390 negotiatione,
930 1362 955 1382 et
974 1357 1140 1390 profeffione‚

95 1394 122 1415 et
136 1388 222 1416 aduoc
239 1390 373 1423 tionibus,
392 1397 417 1417 et
429 1390 509 1424 foro,
530 1398 555 1417 et
571 1391 601 1417 ad
616 1396 734 1425 tempus,
754 1396 779 1417 et
797 1391 825 1417 in
839 1398 1002 1426 perpetuum.
1059 1394 1142 1420 Inter-

90 1423 181 1451 dicere
192 1399 291 1459 poia-it
303 1432 329 1452 et
340 1426 501 1460 spectaculis.
538 1427 648 1462 Infhlenr
662 1425 704 1458 est,
721 1426 786 1462 quod
796 1428 887 1463 legitur
902 1427 918 1453 l.
934 1435 946 1460 ς
967 1428 999 1453 D.
1014 1426 1046 1454 de
1060 1429 1142 1455 inter-

94 1458 174 1486 dietis
189 1466 215 1487 et
227 1461 309 1495 releg.
334 1463 368 1488 Vt
382 1463 503 1488 omnium
517 1462 637 1488 locorum
656 1461 846 1494 interdicatur,
861 1469 967 1497 practer
981 1470 1081 1489 certum
1103 1465 1142 1490 lo-

85 1503 163 1521 cum.
217 1495 266 1523 Sed
280 1500 366 1523 variat
384 1496 466 1524 lertio.
502 1524 504 1527 ,
561 1496 736 1524 Contradictere
754 1500 952 1532 interpretantur
972 1498 1053 1525 Plaut.
1066 1500 1141 1532 Capt.

91 1538 116 1562 3,
131 1538 153 1564 5,
165 1532 197 1562 36
218 1532 288 1557 Dum
302 1541 390 1566 pereas
399 1552 406 1563 ,
424 1532 495 1558 nihil
508 1532 654 1564 interdico,
667 1533 757 1559 dicant
767 1533 876 1565 viuere,
900 1534 925 1560 h.
940 1543 959 1560 e.
972 1535 1039 1561 nihil
1050 1545 1141 1562 moror.

91 1567 141 1594 Sed
152 1568 185 1593 al.
205 1570 279 1592 etiam
294 1569 370 1594 Gron.
384 1568 520 1595 Interduo.

131 1609 141 1628 1
150 1608 172 1627 N
183 1607 203 1627 T
214 1608 257 1628 ER
266 1609 284 1628 D
293 1610 301 1629 1
310 1610 423 1635 c'rvs,
439 1612 462 1636 a,
481 1612 536 1629 um.
572 1602 668 1630 Partic.
704 1602 778 1638 Quod
786 1603 940 1638 prohibitum
953 1602 995 1637 est.
1032 1605 1141 1632 Sueton.

94 1637 181 1671 Calig.
201 1646 223 1663 c.
237 1646 276 1670 25,
287 1647 306 1672 4
325 1639 458 1673 Breuique
474 1640 574 1665 missam
588 1638 669 1671 facit,
686 1638 830 1664 interdicto
845 1639 999 1674 cuiusquam
1012 1640 1040 1667 in
1054 1650 1144 1675 perpe-

96 1678 172 1698 tuum
186 1673 268 1698 coitu.
340 1673 406 1700 Aula
419 1674 492 1701 Idem
506 1675 608 1709 Vespas.
626 1682 666 1707 14,
680 1682 704 1700 2.
775 1673 848 1700 Vrbe
866 1674 940 1701 Idem
952 1676 1141 1711 August.27,6.

93 1707 154 1742 Spes
172 1707 330 1735 interdictae
350 1710 432 1736 Ouid.
449 1711 511 1736 Met.
526 1719 563 1742 10,
578 1712 630 1741 336.

68 1760 70 1765 =
93 1741 135 1776 Est
148 1743 175 1769 in
191 1743 303 1777 Digestis
317 1750 360 1778 48,
374 1754 408 1771 20
432 1745 545 1771 Titulus
563 1745 595 1771 de
609 1744 776 1776 Interdie‘tis,
797 1745 928 1779 Relegatis
943 1753 968 1772 et
981 1747 1141 1781 Deportatis.

91 1778 196 1840 gvzdpfis
208 1781 230 1805 le
249 1781 303 1806 ibus
315 1787 397 1807 tamen
410 1782 482 1807 tituli
494 1790 543 1807 non
553 1783 679 1816 reperitur
690 1780 735 1806 hoc
746 1781 922 1816 Participium,
933 1781 992 1816 sed,
1005 1783 1048 1807 eui
1062 1783 1144 1808 inter-

109 1814 120 1840 i
148 1823 191 1840 um
206 1816 232 1840 es
245 1834 251 1840 .

128 1854 137 1874 1
147 1855 170 1874 N
179 1855 200 1874 Τ
209 1857 225 1876 Ε
235 1856 254 1875 R
263 1855 282 1874 D
291 1856 300 1874 1
312 1854 329 1875 C
341 1855 363 1874 T
371 1856 393 1876 V
400 1856 426 1875 M
434 1868 442 1880 ‚
460 1849 478 1874 i.
503 1858 530 1875 n.
568 1848 773 1882 [παράγγελμα,
783 1849 957 1880 παραγγελία]
1000 1849 1057 1874 Vim
1071 1848 1143 1874 verbi

83 1882 129 1918 sui
143 1884 229 1914 habet,
246 1890 277 1909 vt
289 1884 483 1918 prohibitionem
494 1882 630 1917 fignificet.
672 1882 729 1908 Cic.
750 1891 798 1916 pro
815 1883 905 1908 Domo
919 1884 952 1915 69
974 1891 995 1908 c.
1010 1885 1045 1908 26
1068 1885 1142 1919 legem

89 1918 187 1951 Clodii,
207 1928 255 1954 qua
272 1917 318 1953 ipsi
334 1927 398 1954 aqua
417 1925 440 1944 et
459 1920 521 1954 igni.
534 1916 707 1944 interdictum
719 1917 827 1953 suerat,
848 1918 982 1944 flammam
1001 1920 1140 1952 temporis,

89 1953 264 1981 interdi6him
277 1953 397 1986 sceleris,
415 1962 510 1980 vocem
526 1952 625 1978 furoris
639 1958 720 1978 vocat.
792 1953 859 1979 Plin.
875 1962 908 1983 11,
924 1962 948 1984 37
975 1954 994 1978 s.
1009 1959 1036 1985 58
1065 1955 1139 1979 Infra

89 1989 182 2015 oculos
196 1989 279 2016 malae
293 1988 399 2015 homini
413 1994 514 2014 tantum
524 2007 532 2019 ,
551 1995 614 2021 quas
628 1987 707 2021 prisci
720 1995 798 2020 genas
812 1989 958 2019 vocabant,
977 1988 1026 2013 XII
1041 1987 1142 2014 nbula-

90 2033 151 2051 rum
166 2023 309 2050 interdicto
324 2023 384 2050 radi
401 2032 415 2050 a
428 2023 536 2049 feminis
550 2031 592 2048 eas
604 2028 729 2048 vetantes.
801 2022 874 2048 Idem
887 2031 924 2054 33,
934 2031 952 2055 4
971 2023 989 2048 s.
1003 2031 1027 2048 21
1048 2024 1141 2050 Itanae

90 2061 164 2094 parci
175 2066 263 2086 vetere
278 2059 424 2085 interdicto
438 2065 542 2093 patrum
554 2057 679 2084 diximus.
731 2057 841 2092 Respicit
852 2058 886 2084 ad
898 2066 921 2089 3,
936 2066 967 2083 20
984 2058 1002 2083 s.
1018 2066 1053 2091 24
1074 2066 1138 2085 extr.

89 2093 261 2122 Ivsttallorum
277 2095 397 2121 omnium
411 2094 549 2121 fertilitate
562 2093 644 2119 nullis
657 2091 727 2119 cedit
739 2093 826 2119 terris.
862 2093 912 2119 Sed
925 2093 1096 2120 interdicium
1111 2094 1140 2120 id

89 2136 180 2158 vetere
199 2130 319 2157 consulto
339 2136 441 2164 patrum
451 2150 459 2162 ,
478 2129 570 2156 Italiae
583 2128 655 2163 parci
668 2127 830 2154 iubentium.
908 2129 1001 2155 Horat.
1015 2129 1065 2155 Sat.
1083 2137 1104 2160 2,
1118 2138 1142 2162 3,

90 2175 134 2199 217
156 2166 303 2193 [merdich
316 2165 378 2192 huic
393 2174 472 2192 omne
483 2164 582 2191 adimat
596 2164 635 2190 ius
650 2165 770 2194 Praetor,
791 2168 818 2189 et
835 2163 866 2189 ad
879 2163 954 2189 sanos
967 2163 1043 2189 abeat
1058 2164 1140 2190 tutela

89 2203 265 2237 propinquos.
369 2202 425 2228 Cic.
440 2201 519 2227 Attic.
533 2208 560 2234 7,
580 2202 611 2226 26
639 2199 756 2225 Caesaris
777 2198 919 2224 interdieta
926 2215 935 2228 ,
954 2199 981 2224 Si
1001 2197 1140 2232 resecando

88 2239 179 2265 lumine
192 2239 234 2264 hic
247 2237 390 2271 offindero,
408 2238 584 2270 respuuntur,
603 2237 621 2260 i.
635 2237 715 2260 minae
726 2233 895 2267 prohibentes.
968 2232 1050 2258 Plaut.
1069 2232 1139 2259 Asin.

90 2283 111 2306 3,
127 2282 147 2307 1,
167 2282 177 2300 1
204 2273 319 2308 Nequeo
337 2281 370 2298 ne
389 2281 438 2305 ego
452 2278 478 2297 te
493 2269 641 2296 interdictis
654 2269 740 2294 facere
753 2268 914 2294 mansuetam
932 2268 999 2294 meis
1013 2268 1021 2293 ἕ
1062 2269 1138 2303 Conf.

87 2318 114 2336 v,
135 2317 163 2335 12
192 2309 260 2340 Illo,
280 2316 360 2342 quem
381 2315 456 2338 amo,
476 2304 632 2339 prohibeor.
738 2302 830 2329 Iustin.
854 2311 893 2334 ιι,
914 2312 933 2335 4
965 2302 1137 2329 Athenienses

87 2351 177 2380 portas
207 2343 319 2376 refugiis
344 2342 525 2376 profugorum
555 2345 647 2366 contra
669 2338 843 2365 interdictum
871 2339 941 2371 regis
967 2345 1135 2372 aperuerunt.

86 2378 108 2416 q
128 2388 145 2406 2,
172 2378 331 2409 Interdicta,
347 2377 412 2413 fient
428 2377 527 2403 Formae
544 2382 567 2401 et
585 2376 753 2407 conceptiones
764 2373 902 2405 verborum,
923 2373 1010 2408 quibus
1023 2375 1139 2407 Praetor,

38 2426 41 2431 s
85 2421 132 2442 aut
149 2413 246 2440 iubebat
263 2413 362 2447 aliquid
371 2411 450 2448 fieri,
471 2417 516 2436 aut
534 2409 695 2444 prohibebat,
721 2408 786 2443 quod
807 2415 866 2434 tnnc
884 2412 990 2434 maxime
1006 2409 1138 2444 faciebat,

83 2459 158 2486 quum
174 2449 203 2476 de
218 2447 358 2484 poffi‘ffione
376 2450 443 2473 inter
462 2447 557 2481 aliquos
575 2443 775 2471 contendebatur.
832 2445 934 2470 Natura
948 2444 1046 2470 illorum
1065 2448 1092 2470 in
1110 2454 1135 2471 eo

85 2488 191 2512 maxime
202 2483 280 2516 inest,
300 2483 365 2519 quod
378 2491 427 2507 non
440 2487 517 2507 totam
531 2479 627 2515 causam
647 2479 776 2511 decidunt,
788 2478 836 2514 fid
848 2479 957 2505 iuterim
974 2479 1077 2506 iudicem
1096 2483 1136 2505 in-

78 2520 202 2555 struunt,
223 2522 279 2555 quis
294 2517 383 2549 αὲῗον,
405 2519 460 2552 quis
479 2525 551 2548 reus,
573 2518 629 2550 quis
640 2513 771 2550 pqffistor,
784 2514 822 2547 fit
835 2525 843 2538 :
872 2524 920 2540 non
937 2518 1089 2549 pronuntiat
1108 2515 1136 2541 de

81 2559 256 2592 proprie'tate,
271 2553 318 2590 sed
336 2553 364 2579 de
383 2555 437 2579 iure
447 2551 602 2587 poffidendi,
620 2556 666 2576 etc.
720 2548 761 2583 Est
779 2549 871 2576 titulus
886 2550 1055 2584 Digestorum
1068 2560 1109 2584 43,
1126 2559 1136 2577 1

86 2592 119 2618 de
133 2590 300 2621 interdictis,
318 2589 362 2615 vbi
366 2586 457 2621 statim
471 2588 489 2613 1.
504 2595 513 2613 ι
536 2584 583 2623 §.1
604 2585 811 2612 Inter-dictorum
827 2592 879 2612 tres
894 2586 991 2620 speeies
1002 2595 1136 2612 memoran-

87 2634 145 2658 tur,
163 2625 344 2657 exhibitoria,
362 2622 559 2658 prohibitoria,
575 2620 749 2649 restitutoria.
797 2622 853 2647 Nos
862 2623 946 2656 primo
964 2621 1082 2655 quaedam
1096 2622 1136 2647 Ci-

85 2665 184 2690 ceronis
204 2669 228 2687 et
240 2663 345 2688 allorum
360 2658 516 2693 Clafficorum
534 2659 587 2683 loca
600 2656 760 2692 proferemus
774 2666 782 2681 .·
810 2658 906 2691 reliqua
925 2665 954 2682 cx
969 2657 1038 2682 ICtis
1051 2659 1135 2691 qualia

85 2701 114 2724 in
131 2697 322 2732 Stephanianum
340 2695 479 2731 thesaurum
496 2694 577 2719 relata
592 2693 671 2728 fitnt,
683 2698 801 2726 ponemus
820 2694 966 2724 immutata,
988 2700 1059 2726 quum
1075 2698 1134 2717 tem—

84 2739 144 2768 pore
162 2731 250 2766 exclusi
267 2734 407 2759 examinare-
426 2732 508 2755 omnia
527 2737 575 2754 non
589 2726 714 2763 poffimus.
774 2728 860 2762 Igitur
880 2727 934 2752 Cic.
957 2735 1005 2760 pro
1025 2727 1132 2754 Caecin.

88 2771 121 2799 86
141 2777 163 2795 c.
176 2777 208 2801 30
233 2768 300 2795 Cum
314 2765 347 2792 de
362 2765 390 2792 vi
405 2763 590 2795 interdicitur,
611 2763 665 2789 duo
678 2770 774 2796 genera
788 2762 923 2788 causarum
936 2763 984 2788 esse
1003 2762 1133 2797 intellige-

86 2805 167 2837 bant,
184 2804 215 2830 ad
230 2811 296 2838 quae
309 2800 482 2828 interdictum
498 2799 657 2834 pertineret,
677 2807 776 2830 vnum,
796 2797 813 2823 si
828 2798 887 2832 quis
906 2807 937 2824 ex
951 2797 1021 2830 loco,
1035 2799 1063 2824 in
1079 2802 1133 2833 quo

87 2841 147 2867 esset
162 2850 169 2871 ς
200 2839 330 2870 alterum,
348 2836 366 2863 si
382 2836 416 2863 ab
428 2845 461 2862 eo
475 2835 552 2867 loco,
572 2843 625 2870 quo
639 2833 753 2864 veniret,
772 2834 801 2860 vi
814 2832 938 2861 deiechio
945 2834 1013 2860 esset.
1050 2835 1134 2860 Inter-

87 2875 191 2902 dictum
204 2875 246 2902 hic
259 2877 332 2900 etiam
349 2881 398 2899 non
410 2871 518 2904 decidit,
554 2873 594 2896 uis
601 2868 638 2904 stt
652 2869 779 2901 dominus,
792 2869 841 2904 sed
852 2870 907 2895 uult
914 2867 1077 2904 pofflffionem
1093 2870 1134 2896 illi

86 2909 198 2944 restitui.
217 2909 381 2945 velseruari,
397 2910 441 2943 qui
446 2906 483 2941 fit
495 2879 609 2941 poffi’ſjor
622 2905 696 2931 bonae
700 2904 774 2939 fidei.
845 2905 900 2931 Cic.
912 2906 984 2931 Fam.
996 2912 1023 2939 7,
1037 2913 1064 2937 32
1082 2907 1132 2932 Vr-

85 2947 212 2974 banitatis
225 2945 411 2980 poss'essionem,
427 2941 530 2973 amabo,
545 2941 684 2977 quibusuis
697 2939 846 2967 interdictis
860 2940 1039 2967 defendamus.
1092 2941 1131 2968 Id.

88 2982 121 3010 d'e
132 2983 207 3009 Orat.
226 2989 251 3011 1,
263 2989 293 3015 4¹
320 2989 341 3006 c.
359 2989 388 3005 10
418 2978 564 3012 Multisque
582 2976 737 3011 praeessem,
756 2976 803 3011 qui
822 2982 866 3002 aut
879 2976 1023 3003 interdicto
1045 2982 1133 3003 tecum

87 3017 293 3048 contenderent,
319 3022 364 3042 aut
382 3020 407 3041 te
426 3023 457 3040 ex
479 3014 539 3039 iure
557 3021 664 3039 manum
684 3013 832 3039 consertum
848 3018 989 3045 vocarent,
1013 3012 1084 3047 quod
1104 3013 1133 3039 in

88 3053 186 3080 alienas
209 3051 371 3087 poss'effiones
397 3057 451 3076 tam
472 3055 572 3075 temere
593 3047 717 3075 irruiffes.
785 3047 852 3074 Add.
873 3048 976 3074 Petron.
997 3056 1021 3080 13
1047 3055 1070 3074 tt
1095 3054 1131 3080 83.

129 3098 140 3121 3
165 3091 216 3115 lam
232 3087 332 3114 coliem
351 3097 379 3113 ex
394 3086 463 3112 ICtis
478 3084 592 3120 Epitheta
610 3090 634 3110 et
651 3083 731 3117 Verba
744 3090 892 3118 repetemus,
910 3084 1035 3120 obseruata
1048 3092 1131 3116 antea,

86 3087 185 3160 diuersa
197 3122 339 3151 interdicta
352 3123 431 3148 relata
450 3121 552 3147 librum
564 3128 600 3153 42.
618 3119 785 3153 Digestorum
793 3138 801 3151 ,
820 3119 854 3144 ad
867 3128 934 3154 quem
952 3126 1028 3145 totum
1041 3120 1131 3155 inscri-

81 3163 140 3198 ptio
158 3159 190 3184 de
207 3158 356 3186 interdictis
366 3160 486 3192 pertinet.
537 3157 623 3191 ltaque
636 3154 748 3181 Titulus
765 3155 864 3189 primus
877 3157 1003 3191 generalia
1018 3155 1131 3181 Interdi-

87 3196 194 3224 &orum
210 3194 297 3221 habet.
352 3192 448 3219 Deinde
466 3191 613 3228 referuntur
632 3196 650 3216 t.
671 3200 683 3216 2
710 3190 882 3217 Interditilum
900 3192 1025 3224 Qiorum
1047 3191 1130 3217 bono-

86 3240 165 3263 rum,
184 3236 203 3256 t.
218 3239 230 3262 3
250 3229 328 3263 Qiod
342 3229 504 3263 legatorum,
530 3233 548 3253 t.
562 3235 580 3260 4
605 3226 649 3253 Ne
669 3225 710 3252 vis
729 3225 789 3259 fiat,
813 3231 831 3252 t.
847 3234 859 3259 ς
884 3226 916 3252 de
935 3225 1032 3252 tabulis
1054 3226 1128 3253 exhi-

87 3265 200 3298 bendis,
226 3271 245 3292 t.
259 3267 276 3291 6
296 3265 340 3291 Ne
352 3264 417 3298 quid
434 3264 462 3290 in
474 3263 534 3290 loco
549 3263 621 3288 sacro
636 3261 698 3294 fiat,
715 3268 760 3289 etc,
791 3266 810 3288 t.
824 3269 853 3296 17
874 3262 920 3288 Vti
932 3261 1079 3296 possidctis‚
1111 3268 1130 3289 t.

89 3312 126 3336 24
144 3301 225 3335 Qiod
238 3300 268 3327 vi
285 3305 329 3326 aut
344 3300 409 3326 clam
424 3311 429 3325 :
459 3299 503 3325 vbi
509 3335 513 3339 .
515 3299 611 3334 semper
623 3297 750 3324 indicatur
762 3297 972 3332 prohibitorium
991 3307 1020 3323 ne
1027 3297 1079 3331 sit,
1098 3308 1130 3324 an
1142 3304 1155 3330 8

86 3337 297 3367 restitutorium,
315 3343 349 3361 an
368 3335 563 3362 exhibitorium
579 3345 584 3360 :
614 3342 715 3370 quorum
736 3331 893 3360 char-aetem
919 3335 946 3359 in
967 3332 1027 3367 ipfir
1044 3333 1128 3359 Edisti

81 3376 198 3412 perpetui
215 3371 297 3398 verbis
310 3369 372 3405 sunt
385 3370 442 3397 vim
454 3371 515 3397 fieri
532 3376 610 3402 veto,
626 3369 761 3400 restituas,
779 3368 912 3395 exhibeas.
968 3369 1037 3395 Illud
1052 3372 1127 3396 etiam

32 3428 33 3437 η
87 3415 191 3446 apparet
206 3403 368 3437 inductione,
381 3407 496 3441 pleraque
510 3404 653 3432 interdieta
672 3403 715 3437 effe
731 3404 926 3439 prohibitoria,
939 3403 1050 3440 pestique
1070 3405 1128 3431 adeo

46 3449 47 3452 ’
85 3445 182 3482 referri
198 3443 232 3470 ad
245 3442 313 3469 illam
326 3443 434 3476 primam
452 3442 522 3468 verbi
534 3441 692 3468 interdicere
698 3439 906 3476 significationem
916 3460 922 3471 ‚
939 3440 1057 3473 vetandi,
1071 3447 1129 3476 pro-

30 3480 33 3486 ’
86 3479 196 3510 bibendi.

27 3518 50 3541 '2
80 3515 191 3554 Praesto·
407 3546 412 3551 .
495 3546 501 3551 .
714 3548 718 3552 ,

35 3570 37 3572 ·
87 3552 186 3588 quibus
204 3549 283 3576 causis
298 3549 391 3573 Annua
405 3546 545 3573 mterdieta
557 3548 629 3580 sunt,
649 3557 680 3574 ex
693 3547 733 3573 his
753 3546 785 3573 de
797 3556 845 3580 eo,
867 3547 937 3582 quod
952 3546 984 3573 ad
998 3556 1058 3573 eum
1072 3556 1128 3581 per-

86 3589 171 3619 venit,
190 3595 250 3613 cum
265 3592 320 3619 quo
334 3582 430 3616 agitur,
448 3582 505 3616 post
518 3590 614 3610 annum
628 3584 757 3610 iudicium
771 3582 885 3610 dandum
897 3581 1008 3609 seminus
1022 3583 1128 3617 respon—

88 3624 137 3651 dit,
293 3618 374 3645 Paull.
395 3617 412 3643 l.
428 3625 440 3642 2
459 3617 492 3643 D.
508 3617 539 3643 de
552 3617 698 3646 interdictis
712 3624 736 3645 et
749 3620 880 3646 extraord.
896 3618 995 3645 aeiion.
1014 3618 1126 3644 Interdi-

87 3660 193 3686 &orum
207 3653 335 3689 quaedam
350 3652 465 3687 duplicia
479 3653 553 3684 sunt,
572 3654 699 3688 quaedam
713 3654 848 3688 simplicia.

85 3701 145 3725 tur,
164 3699 193 3719 vt
207 3691 255 3717 Vti
268 3689 406 3724 poffidetis.
444 3687 579 3721 Simplicia
593 3691 664 3722 sunt,
683 3690 767 3717 veluti
780 3690 965 3722 Exhibitoria‚
985 3695 1010 3715 et
1023 3689 1126 3716 restitu-

86 3731 167 3762 toria,
180 3729 244 3755 item
259 3723 448 3760 prohibitoria·
484 3724 524 3749 De
537 3723 675 3752 arboribus
688 3725 835 3759 caedendis,
856 3733 880 3752 et
896 3727 933 3752 De
947 3725 1044 3751 itincre
1057 3724 1128 3751 actu-

87 3775 146 3802 que.
220 3762 315 3796 Rursus
335 3760 423 3786 ibidem
441 3762 468 3785 in
479 3758 543 3795 fine·
653 3761 732 3788 Paull.
756 3762 772 3788 l.
792 3772 851 3797 pen.
863 3760 1012 3798 Jhbfinem,
1039 3761 1071 3787 D.
1087 3760 1128 3787 vti

86 3799 231 3837 possidetis,
250 3799 276 3824 Si
289 3796 392 3824 vicinus
406 3803 478 3820 meus
492 3795 520 3820 in
539 3799 612 3828 parte
630 3803 689 3822 mea
706 3797 819 3825 tectoria
837 3798 944 3828 habeat,
964 3802 989 3822 et
1009 3796 1038 3822 in
1056 3802 1128 3830 parte

272 3514 273 3517 ’
286 3511 388 3538 Paullus
418 3530 424 3536 .
440 3520 498 3545 pen.
517 3512 549 3538 D.
564 3512 597 3539 de
612 3511 759 3538 interdidffis
779 3517 804 3538 et
818 3511 949 3538 extraord.
965 3511 1063 3537 adtion.
1090 3512 1126 3538 Ex

1156 655 1185 672 10

1155 1013 1190 1031 20

1159 1186 1221 1218 251³

1160 1372 1190 1395 30

702 1709 829 1743 Voluptas
851 1711 916 1736 Hor.
931 1711 1009 1745 Epist.
1025 1720 1044 1744 ι,
1058 1715 1082 1742 6,
1096 1714 1140 1745 64.
1150 1716 1186 1741 40

1153 1890 1186 1916 45

1155 2067 1187 2094 50

1155 2231 1183 2266 ἐς

1150 2413 1185 2438 60

1152 2592 1184 2623 65

1180 2726 1182 2728 ’
1197 2728 1255 2760 fint,
1275 2738 1366 2754 omnes
1382 2728 1525 2754 interdicto
1540 2727 1589 2754 isto
1603 2728 1790 2753 Continentur.

1146 2777 1181 2803 70

1146 2951 1177 2978 75

1148 3123 1180 3149 80

1159 3307 1171 3332 3

252 3479 320 3513 Quae
340 3478 390 3502 iam
427 3485 483 3502 orro
496 3477 634 3512 sequuntur
660 3485 688 3502 ex
708 3477 815 3512 legibus,
835 3477 896 3503 bona
916 3474 958 3508 qffl‘
971 3475 1061 3511 spem,
1080 3486 1128 3502 non
1141 3488 1177 3512 90

1610 236 1627 278 I
1718 235 1762 275 Ν
1843 238 1886 277 Τ

1204 326 1313 353 cessores
1327 331 1352 352 et
1366 325 1550 352 successoribus
1566 324 1683 352 dabitur.
1831 325 1935 359 leian.
1957 328 1974 352 l.
1989 335 2003 353 2
2026 327 2059 353 D.
2079 335 2111 353 ne
2133 327 2197 361 quid
2218 327 2247 354 in

1205 362 1266 388 ioco
1285 362 1327 388 vel
1343 362 1437 388 itinere
1453 362 1558 395 pul-¹1...¹
1576 360 1633 392 siat,
1655 362 1711 387 lioc
1727 359 1895 386 interdictum
1910 368 2063 396 perpetuum
2078 368 2103 388 ct
2118 363 2245 397 l'opulare

1208 397 1252 423 cst.
1409 398 1534 430 Pompon.
1559 398 1580 421 i>
1605 396 1635 422 dc
1648 396 1767 431 precario
1785 394 1802 420 l.
1821 401 1845 420 et
1861 395 1953 425 habet.
1978 400 2067 430 Quun
2088 398 2146 433 quis
2166 398 2197 424 dc
2217 407 2247 425 re

1208 432 1256 458 fibi
1269 432 1427 459 restituenda
1442 440 1545 458 cautum
1561 432 1575 457 l.
1596 434 1655 458 ⁸1<t:
1679 431 1829 458 Precatium
1845 431 2014 457 interdic-luni
2036 434 2060 458 ci
2075 442 2127 460 uon
2143 442 2247 467 compe-

1206 469 1247 494 tit.
1354 468 1448 494 Iulian.
1465 468 1528 493 ibid.
1546 468 1561 493 l.
1574 475 1642 497 uuo,
1665 468 1694 493 Et
1713 467 1775 493 idco
1790 466 1911 492 Precatio
1932 466 2075 493 intcrdic'lu
2094 468 2161 494 mihi
2175 475 2247 494 teuc-

1207 504 1289 530 bitur.
1447 503 1551 535 leizm.
1572 504 1588 529 l.
1606 512 1620 529 z
1648 504 1677 528 D.
1699 511 1730 528 nc
1750 501 1814 536 quid
1838 502 1865 528 in
1880 502 1939 527 loco
1958 501 1998 526 vel
2016 502 2115 529 ‘itincre
2136 504 2245 537 publico

1207 539 1266 570 fiat,
1289 538 1390 573 insint,
1410 538 1583 565 Inter-dictinii
1604 538 1653 564 hoc
1675 547 1727 563 non
1742 538 1789 563 css‘c
1803 537 2029 572 Temporarium,
2050 538 2180 564 sciendum
2199 539 2244 566 est.

1207 574 1302 600 Iulian.
1325 575 1342 600 l.
1365 574 1410 608 qui
1433 573 1606 608 poll'cssioncm
1626 575 1655 600 l).
1672 573 1703 599 de
1717 573 1744 599 vi
1759 578 1783 599 et
1803 572 1831 599 vi
1845 579 1958 604 armata,
1978 572 2004 598 Si
2024 577 2048 597 te
2068 573 2092 596 vi
2114 574 2245 607 dcicccrO,

1208 610 1283 636 illico
1298 616 1325 635 tu
1341 619 1398 639 me,
1419 609 1514 635 deinde
1534 618 1583 642 ego
1604 614 1649 635 tc:
1685 609 1758 634 Vnde
1782 609 1809 634 vi
1835 608 2006 635 interdictum
2029 606 2080 633 tibi
2097 609 2164 634 Vtile
2186 611 2245 637 erit.

1208 646 1288 671 Paull.
1310 646 1352 677 l.3
1379 646 1410 671 D.
1426 646 1465 671 vti
1485 644 1629 678 possidctis,
1650 645 1714 670 Item
1733 643 1883 676 videamus,
1905 644 1922 670 si
1942 642 2090 677 proiectum
2112 644 2184 677 supra
2207 646 2246 671 vi-

1208 681 1262 707 cini
1277 681 1360 706 solum
1375 689 1428 706 non
1442 681 1500 706 iure
1521 679 1617 706 habere
1631 679 1750 711 dicatur,
1769 687 1802 705 an
1820 678 1990 705 interdictum
2007 679 2049 705 Vti
2068 678 2196 713 possidetis
2217 680 2248 707 sit

1208 716 1279 742 Vtile
1294 715 1370 742 alteri
1382 716 1505 742 aduersus
1518 715 1638 742 alterum.
1677 720 1702 740 et
1722 714 1757 740 cst
1777 714 1844 748 apud
1860 715 1970 740 Cassium
1990 714 2116 746 relatum,
2141 714 2247 748 Vtrique

1207 753 1254 778 css'e
1270 752 1372 778 inutile.
1428 753 1468 778 Sic
1483 751 1548 777 Cels.
1568 750 1585 777 l.
1600 750 1646 777 vlt.
1667 750 1699 776 D.
1714 749 1745 775 de
1760 749 1855 776 itinere
1869 750 1981 784 aetuque
1997 750 2111 784 priuati).
2183 751 2246 784 le.

1208 787 1226 813 l.
1245 788 1283 818 is,
1303 788 1391 820 quiin
1404 793 1510 821 puteum
1529 787 1560 812 D.
1576 786 1646 820 quod
1659 785 1686 811 vi
1703 790 1747 811 aut
1759 785 1841 817 clam,
1861 786 1986 817 Eueniet,
2007 791 2034 810 vt
2053 786 2080 811 in
2100 784 2184 819 ipsum
2206 791 2247 812 tu-

1207 828 1292 848 torem
1307 829 1525 857 curatoremque,
1539 829 1582 848 aut
1597 821 1670 848 vtilis
1683 821 1753 847 aftio
1766 826 1912 854 competat,
1930 826 1974 847 aut
1987 820 2066 846 etiam
2082 820 2153 847 Vtile
2167 821 2250 848 inter·
2289 834 2291 838 ·

1207 857 1319 884 dietum.
1539 856 1559 893 Ἴ
1580 866 1598 889 4
1640 857 1718 882 Verba
1732 866 1740 881 :
1776 856 1882 890 leian.
1905 856 1922 882 l.
1940 864 2000 882 nam
2017 856 2060 881 etsi
2081 856 2112 882 D.
2127 856 2197 890 quod
2211 857 2248 888 vi,

1207 899 1252 920 aut
1264 892 1343 923 clam,
1364 892 1435 918 Nam
1449 898 1473 918 et
1487 892 1504 918 si
1519 901 1605 919 ramos
1618 892 1677 926 quis
1692 891 1724 917 de
1735 891 1876 918 arboribus
1889 891 2038 921 abstulerit,
2058 891 2088 917 ad
2103 892 2153 918 hoc
2167 892 2248 919 inter-

1206 929 1309 954 dietum
1323 927 1494 954 Admittimus
1513 927 1575 953 haec
1594 927 1646 960 ita,
1669 927 1685 953 si
1706 927 1738 953 de
1757 926 1879 953 aedificio
1893 928 1992 961 tegulas
2010 926 2147 953 sustulerit.
2203 929 2247 954 Εσ-

1207 965 1259 990 dem
1274 965 1346 990 titulo
1362 964 1518 995 Venuleius,
1538 965 1705 997 Qiamquam
1726 968 1814 988 autem
1833 963 1941 989 colonus
1963 968 1988 989 et
2007 962 2170 988 fructuarius
2192 962 2249 989 fru-

1206 1000 1297 1026 &uum
1316 999 1425 1024 nomine
1446 999 1478 1024 ad
1496 998 1545 1024 hoc
1565 998 1736 1024 interdistum
1752 998 1952 1025 Admittantur:
1985 1003 2070 1023 tamen
2091 1004 2116 1024 ct
2134 997 2247 1025 domiuo

1205 1036 1233 1061 id
1247 1035 1383 1068 competit,
1405 1034 1422 1060 si
1436 1034 1500 1069 quid
1514 1040 1647 1067 praetcrea
1662 1034 1718 1058 cius
1732 1033 1841 1058 interfit.
1989 1033 2094 1067 leian.
2115 1033 2132 1059 l.
2142 1041 2154 1064 3
2173 1034 2205 1059 D.
2215 1033 2247 1060 de

1206 1071 1303 1097 tabulis
1318 1070 1488 1101 exhibendis,
1507 1069 1532 1095 Si
1547 1069 1650 1095 tabulae
1668 1067 1814 1094 testamenti
1833 1066 1900 1101 apud
1915 1067 2031 1101 aliquem
2051 1068 2180 1102 depositae
2199 1069 2248 1096 fint

1207 1115 1221 1132 a
1235 1107 1338 1132 Titio:
1367 1105 1417 1131 hoc
1439 1104 1582 1131 interditffio
1596 1102 1732 1138 Agendum
1754 1103 1807 1134 est,
1827 1108 1852 1128 ct
1872 1111 1930 1128 cum
1950 1112 1998 1134 eo,
2018 1104 2063 1137 qui
2085 1103 2201 1136 detinet,
2222 1111 2249 1132 et

1207 1150 1265 1167 cum
1281 1150 1327 1173 eo,
1341 1142 1387 1175 qui
1402 1140 1530 1175 deposuit.
1634 1138 1707 1165 Idem
1726 1138 1743 1164 l.
1757 1146 1772 1164 2
1793 1139 1824 1164 1).
1844 1146 1876 1163 ne
1890 1137 1954 1172 quid
1973 1139 2000 1163 in
2012 1138 2073 1165 loco
2090 1140 2131 1164 vel
2152 1139 2249 1167 itinere

1225 1178 1314 1203 ublico
1329 1176 1387 1207 fiat,
1406 1178 1472 1202 item
1487 1176 1577 1202 Nerua
1593 1174 1703 1207 scribit,
1723 1174 1741 1200 si
1758 1179 1843 1200 tecum
1863 1173 2007 1200 interdicto
2024 1174 2122 1207 Agatur
2137 1184 2142 1200 ε
2178 1175 2247 1202 nihil

1206 1213 1274 1238 vltra
1293 1218 1318 1238 te
1338 1212 1422 1238 facere
1441 1211 1605 1245 cogendum,
1626 1218 1671 1236 etc.
1776 1209 1868 1235 Ibidem
1888 1218 1935 1234 non
1954 1212 1991 1234 ita
2003 1210 2094 1244 procul
2110 1209 2201 1244 afim,
2222 1211 2250 1237 Si

1206 1253 1294 1274 tamen
1309 1247 1382 1273 aftor
1393 1248 1437 1274 sua
1452 1247 1566 1280 impensa
1580 1246 1702 1272 arborem
1718 1244 1811 1271 tollere
1827 1250 1929 1279 paratus
1943 1244 2026 1271 fuerit
2040 1255 2046 1270 :
2070 1244 2143 1270 recle
2163 1251 2249 1272 tecum

1206 1283 1335 1310 acturum
1355 1282 1498 1308 interdicto
1512 1282 1543 1308 de
1557 1282 1601 1308 via
1618 1280 1723 1315 publica
1743 1279 1893 1308 reficienda.
1947 1280 1995 1306 Sed
2015 1279 2032 1305 fi
2051 1288 2099 1313 pro
2118 1280 2247 1307 derelid'lo

1205 1328 1261 1345 non
1274 1318 1368 1344 habeas
1385 1329 1390 1344 :
1421 1318 1492 1344 reete
1505 1323 1593 1344 tecum
1605 1317 1648 1351 agi
1662 1316 1712 1342 hoc
1726 1315 1877 1342 interdicto.
2026 1315 2130 1350 leian.
2151 1316 2169 1341 l.
2184 1324 2193 1342 ι
2215 1317 2248 1342 D.

1206 1355 1239 1380 de
1254 1354 1350 1380 itinere
1366 1353 1479 1388 actuque
1494 1353 1614 1387 priuato,
1634 1351 1660 1378 Si
1673 1352 1731 1385 quis
1750 1358 1852 1384 autem,
1870 1358 1954 1385 quum
1966 1356 2070 1385 putaret
2086 1350 2196 1377 fundum
2216 1351 2249 1378 ad

1207 1391 1232 1416 se
1247 1391 1392 1423 pertinere,
1414 1390 1459 1415 suo
1475 1389 1584 1414 nomine
1599 1388 1650 1414 iter
1664 1387 1756 1413 fecerit
1773 1388 1872 1413 amicus
1886 1395 1959 1412 meus
1974 1397 1979 1411 :
2004 1387 2097 1420 vtique
2110 1386 2157 1412 sibi
2167 1405 2174 1417 ,
2194 1395 2249 1413 non

1206 1425 1274 1452 mihi
1290 1423 1619 1459 interdictumAt-qutfliffe
1633 1423 1806 1456 intelligetur.
1876 1422 1971 1447 Iulian.
1992 1421 2009 1447 l.
2025 1422 2193 1448 interdictum
2216 1423 2247 1449 D.

1207 1461 1278 1495 quod
1294 1462 1321 1487 vi
1336 1466 1378 1486 aut
1393 1460 1456 1486 clam
1466 1479 1474 1492 ‚
1493 1459 1677 1490 Inter-dicium,
1697 1457 1777 1491 Qiod
1792 1458 1819 1484 vi
1831 1463 1875 1484 aut
1888 1457 1955 1483 clam
1969 1466 2015 1491 per
2028 1457 2150 1492 quemuis
2165 1458 2249 1484 domi-

1206 1505 1241 1522 no
1255 1497 1426 1530 Arquiritur,
1446 1496 1505 1521 licet
1520 1503 1565 1530 per
1578 1494 1751 1529 inquilinum.
1888 1493 1993 1526 leian.
2013 1493 2030 1518 l.
2044 1501 2053 1518 1
2077 1494 2109 1519 D.
2130 1494 2200 1527 quod
2215 1493 2249 1518 le.

2164 251 2244 290 ll7q

1175 1545 1185 1553 a
1206 1538 1344 1566 gatorum,
1362 1532 1388 1557 Si
1404 1531 1462 1565 quis
1475 1539 1507 1557 ex
1520 1537 1613 1557 mortis
1628 1531 1701 1556 causa
1714 1528 1857 1555 donatione
1873 1527 2011 1562 poffideat,
2030 1529 2123 1563 vtique
2137 1528 2251 1555 Cenabit

1206 1568 1258 1594 hoc
1279 1566 1459 1593 interdiclum.
1546 1565 1630 1592 Paullo
1645 1564 1717 1600 post,
1745 1564 1815 1602 Napi
1835 1564 1918 1590 ethic
1932 1563 2072 1589 dicendum
2087 1564 2136 1594 est,
2157 1572 2206 1597 pro
2220 1572 2251 1590 ea

1206 1609 1280 1637 parte
1302 1611 1352 1637 qua
1373 1602 1447 1628 hcrcs
1467 1601 1520 1634 est,
1538 1602 1645 1628 >Cessare
1664 1599 1845 1626 interdithm.
1939 1597 2012 1624 Idem
2033 1598 2050 1624 l.
2066 1607 2076 1624 1
2097 1600 2129 1625 D.
2150 1601 2182 1624 dc
2203 1603 2252 1625 im-

1207 1638 1343 1670 minibus,
1363 1647 1394 1663 ne
1408 1638 1482 1671 quid,
1502 1644 1547 1663 etc.
1585 1637 1612 1663 Si
1627 1642 1714 1662 autem
1729 1636 1826 1660 flumen
1841 1634 1975 1668 priuatum
1990 1633 2029 1665 fit,
2045 1634 2157 1660 Ceffabit
2171 1635 2251 1660 inter·

1207 1674 1315 1700 dictum.
1471 1672 1551 1699 Paull.
1573 1672 1589 1698 l.
1604 1681 1616 1698 2
1636 1673 1667 1697 D.
1682 1671 1714 1696 de
1729 1670 1879 1696 interdictis
1900 1676 1925 1695 et
1942 1669 2074 1696 extraord.
2090 1669 2189 1695 adiion.
2209 1670 2252 1694 In-

1207 1708 1319 1736 terdicta
1331 1717 1396 1735 vero
1409 1709 1571 1741 Competunt
1589 1707 1631 1732 vel
1646 1706 1802 1735 hominum,
1822 1704 1864 1730 vel
1878 1703 1965 1729 diuini
1979 1704 2045 1729 iuris
2063 1704 2152 1735 cansa,
2173 1711 2199 1729 ct
2219 1703 2252 1730 de

1205 1744 1346 1778 religione.
1419 1743 1503 1769 Paullo
1518 1740 1590 1776 post,
1622 1740 1811 1774 Adipiscendae
1833 1738 1989 1772 poffeffionis
2014 1739 2073 1764 sunt
2099 1738 2251 1770 interdieta,

1205 1788 1273 1814 quae
1287 1779 1448 1811 Competunt
1462 1777 1520 1807 his,
1540 1776 1587 1809 qui
1601 1781 1661 1801 ante
1680 1783 1735 1800 non
1753 1775 1811 1799 sunt
1827 1774 1898 1799 nafti
1911 1773 2094 1807 posseffionem.
2191 1776 2250 1809 le.

1205 1814 1224 1839 l.
1240 1822 1249 1839 1
1270 1814 1302 1838 D.
1315 1813 1386 1846 quod
1400 1811 1564 1844 legatorum,
1586 1820 1633 1835 non
1648 1811 1735 1844 procul
1747 1808 1837 1843 afinc,
1858 1809 1884 1835 Si
1898 1809 1964 1835 alter
1984 1818 2015 1834 ex
2028 1808 2185 1842 heredibus,
2204 1810 2250 1836 iis-

1204 1857 1238 1873 ve
1257 1848 1289 1873 ad
1306 1855 1371 1881 quos
1386 1855 1416 1872 ea
1431 1855 1472 1871 res
1490 1847 1620 1880 pertinet,
1639 1845 1757 1871 voluerit
1774 1853 1830 1870 rem
1849 1853 1863 1870 a
1882 1844 2011 1878 legatario
2030 1844 2168 1879 possideri,
2184 1845 2250 1872 alter

1205 1891 1261 1908 non
1277 1893 1281 1908 z
1309 1883 1348 1913 ei,
1367 1881 1414 1916 qui
1427 1881 1560 1913 noluerit,
1579 1880 1750 1907 interdictum
1764 1880 1937 1913 Competere:
1963 1880 1997 1909 ei,
2018 1880 2065 1914 qui
2082 1880 2178 1912 voluit,
2194 1890 2249 1907 non

1205 1919 1364 1951 Competere
1384 1917 1469 1949 palam
1482 1916 1527 1941 est.
1683 1915 1787 1948 leian.
1816 1914 1833 1940 l.
1848 1923 1864 1940 2
1890 1915 1920 1940 D.
1942 1915 2059 1949 nequid
2078 1916 2106 1943 in
2127 1916 2188 1942 loco
2206 1916 2249 1943 vel

1204 1953 1300 1978 itinere
1320 1952 1427 1986 publico
1441 1951 1500 1981 fiat,
1522 1949 1651 1976 Aduersus
1663 1958 1722 1975 eum
1732 1970 1739 1981 ,
1758 1949 1804 1984 qui
1819 1949 1917 1976 molem
1931 1949 1959 1975 in
1973 1959 2046 1977 mare
2059 1951 2189 1985 proiecit,
2209 1952 2250 1977 in-

1204 1987 1346 2013 terdicitum
1361 1986 1426 2012 vtile
1440 1986 1574 2020 Competit
1589 1986 1632 2017 ei,
1650 1986 1692 2011 cui
1706 1986 1776 2011 forte
1795 1984 1856 2011 haec
1871 1994 1911 2011 res
1929 1986 2051 2013 nocitura
2065 1986 2103 2012 fit.
2173 1986 2248 2013 Idem

1204 2023 1236 2048 D.
1251 2031 1282 2048 ne
1298 2022 1361 2056 quid
1377 2023 1404 2047 in
1418 2022 1528 2048 flumine
1543 2021 1666 2055 publico,
1686 2027 1732 2046 etc.
1786 2021 1846 2046 Hoc
1861 2020 2032 2047 interdictum
2053 2021 2137 2047 cuiuis
2158 2031 2188 2048 ex
2201 2031 2248 2056 po-

1203 2058 1268 2092 pulo
1282 2058 1432 2091 Competit,
1453 2057 1495 2084 sed
1510 2066 1563 2082 uon
1577 2056 1700 2082 aduersus
1713 2064 1804 2081 omnes
1818 2065 1824 2081 :
1851 2064 1944 2081 verum
1962 2056 2084 2083 aduersus
2105 2066 2180 2089 eum,
2200 2058 2247 2092 qui

1204 2092 1233 2120 id
1248 2092 1318 2127 egit,
1338 2099 1365 2118 vt
1381 2093 1459 2118 aliter
1477 2100 1542 2126 aqua
1558 2092 1665 2122 flueret,
1685 2099 1767 2124 quum
1782 2091 1820 2116 ius
1835 2099 1887 2116 nou
1902 2091 2019 2118 haberet.
2040 2094 2045 2101 “
2141 2093 2247 2127 leian.

1203 2128 1221 2154 l.
1237 2137 1247 2154 1
1271 2137 1304 2154 ne
1317 2128 1381 2161 quid
1396 2129 1423 2153 in
1438 2127 1497 2153 loco
1512 2128 1583 2152 sacro
1597 2125 1659 2158 fiat,
1684 2126 1744 2152 Hoc
1766 2126 1936 2152 interdictum
1955 2128 1988 2153 de
2008 2128 2068 2153 loco
2087 2128 2174 2160 sacro,
2193 2137 2249 2155 non

1203 2163 1234 2188 de
1254 2163 1368 2188 sacrario
1390 2162 1534 2196 Competit.
1690 2160 1770 2187 Paull.
1789 2162 1806 2187 l.
1822 2171 1839 2194 4
1860 2162 1890 2187 D.
1913 2162 1945 2188 de
1964 2162 2062 2189 tabulis
2080 2163 2248 2195 exhibendis,

1203 2196 1230 2224 Si
1244 2196 1292 2223 fint
1305 2196 1409 2223 tabulae
1426 2197 1493 2231 apud
1508 2196 1653 2231 pupillum,
1670 2202 1697 2222 et
1710 2196 1774 2223 dolo
1787 2197 1882 2223 tutoris
1895 2197 2018 2223 desierint
2031 2198 2094 2231 esse:
2122 2198 2149 2224 in
2162 2199 2248 2232 ipsum

1203 2237 1318 2258 tutorem
1332 2234 1467 2266 Competit
1487 2231 1668 2258 interdifftum.
1773 2232 1834 2266 le.
1855 2233 1886 2258 D.
1906 2241 1939 2258 ne
1952 2232 2016 2267 quid
2035 2234 2064 2258 in
2077 2233 2188 2260 flumine
2201 2244 2248 2268 pu.

1204 2267 1277 2294 blico
1287 2288 1295 2300 ,
1316 2275 1361 2294 etc.
1410 2269 1468 2294 Hoc
1481 2267 1654 2294 interdiGnun
1671 2272 1696 2293 ct
1709 2267 1737 2293 in
1751 2267 1860 2293 heredes
1872 2268 2017 2305 Competit.
2158 2270 2214 2304 le.
2230 2270 2248 2297 l.

1201 2303 1241 2334 is,
1262 2303 1309 2338 qui
1322 2304 1349 2329 in
1363 2309 1472 2338 puteum
1492 2305 1522 2330 D.
1538 2302 1611 2338 quod
1625 2303 1653 2328 vi
1668 2309 1713 2329 aut
1727 2302 1808 2334 clam,
1829 2303 1859 2328 Et
1873 2302 1924 2329 hoc
1939 2302 2109 2330 interdictum
2123 2305 2246 2339 Comple-

1202 2338 1298 2369 &itun
1317 2339 1494 2374 quodcunque
1508 2344 1554 2365 aut
1567 2338 1597 2364 vi
1615 2344 1659 2363 aut
1673 2338 1738 2363 clam
1753 2337 1853 2363 facttum
1867 2337 1911 2364 est.
2049 2340 2145 2366 Venul.
2166 2341 2183 2366 l.
2200 2341 2247 2367 vlt.

1201 2375 1234 2400 D.
1256 2374 1287 2400 de
1307 2375 1419 2407 cloacis,
1443 2376 1602 2408 Quanquam
1621 2373 1653 2398 de
1673 2372 1812 2398 reficienda
1831 2373 1935 2405 cloaca,
1953 2382 2007 2400 non
2026 2374 2104 2400 etiam
2126 2375 2157 2401 de
2176 2385 2247 2403 noua

1201 2409 1320 2435 facienda
1333 2408 1383 2435 hoc
1396 2409 1541 2435 interficio
1553 2407 1814 2441 Comprehendatur:
1839 2416 1927 2436 tamen
1939 2418 2021 2444 aeque
2034 2410 2246 2439 interdicendum

1200 2444 1290 2470 Labeo
1311 2444 1363 2476 ait,
1390 2453 1422 2470 ne
1443 2443 1552 2469 facienti
1571 2443 1686 2470 cloacam
1704 2444 1744 2469 vis
1765 2444 1819 2470 fiat.
1975 2445 2080 2479 leian.
2097 2447 2114 2472 l.
2129 2455 2138 2472 1
2165 2447 2198 2474 D.
2212 2447 2244 2474 de

1200 2479 1351 2506 interdictis
1367 2485 1392 2506 et
1406 2480 1539 2507 extraord.
1554 2478 1680 2507 ac'tionib.
1705 2479 1848 2505 Interdiela
1862 2478 1967 2511 omnia,
1986 2480 2050 2506 licet
2061 2481 2089 2506 in
2101 2490 2156 2507 rem
2170 2482 2244 2509 vide-

1200 2520 1278 2541 antur
1292 2516 1425 2549 Concepta
1435 2536 1441 2547 ‚
1462 2516 1490 2541 vi
1506 2521 1592 2541 tamen
1607 2515 1660 2547 ipsa
1673 2514 1819 2547 personalia
1831 2515 1897 2541 sunt.
2031 2516 2103 2542 Ideni
2123 2518 2154 2543 D.
2171 2518 2242 2550 quod

1197 2551 1227 2577 vi
1245 2557 1290 2576 aut
1304 2550 1372 2576 clam
1385 2551 1401 2576 l.
1417 2552 1518 2584 semper
1530 2551 1669 2581 aduersus,
1690 2550 1791 2582 influe,
1816 2550 1887 2583 Qtia
1905 2555 1991 2575 autem
2006 2550 2058 2577 hoc
2073 2552 2244 2580 interdictum

1199 2586 1318 2612 continet
1332 2585 1396 2618 hoc,
1417 2586 1489 2620 quod
1502 2585 1621 2612 interest:
1647 2584 1665 2611 fi
1679 2585 1739 2618 quis
1759 2585 1968 2619 atiquaraffione
1987 2586 2069 2613 fuerit
2082 2589 2243 2616 Consecutus

1199 2622 1243 2653 id,
1264 2621 1337 2656 quod
1350 2621 1489 2653 interfuit,
1509 2629 1574 2655 opus
1593 2629 1647 2645 non
1666 2621 1713 2645 csse
1734 2629 1788 2646 non
1806 2620 1924 2647 saelum:
1954 2623 2114 2657 consequens
2132 2624 2184 2650 erit
2203 2624 2243 2651 di-

1199 2665 1274 2689 cere,
1296 2665 1327 2683 ex
1343 2657 1485 2683 interdidto
1499 2656 1569 2682 nihil
1588 2665 1648 2682 eum
1660 2656 1793 2690 Consequi
1812 2662 1945 2690 oportere.
2107 2659 2212 2693 leian.
2225 2660 2243 2687 Ι,

1197 2701 1210 2725 3
1230 2693 1263 2718 D.
1278 2692 1309 2719 de
1323 2691 1420 2719 tabulis
1434 2692 1608 2724 exhibendis,
1629 2691 1656 2717 Si
1675 2691 1779 2717 tabulae
1793 2693 1821 2718 in
1835 2692 1955 2727 pluribus
1975 2692 2112 2720 codicibus
2131 2696 2243 2730 scriptae

1945 2728 2025 2754 Paull.
2043 2729 2060 2755 l.
2073 2738 2089 2755 z
2110 2730 2141 2756 D.
2156 2730 2188 2756 de
2202 2732 2243 2758 in-

1197 2764 1317 2794 terdiffis
1331 2770 1356 2791 ct
1370 2764 1532 2790 extraordin.
1546 2763 1647 2790 ειξὶὶοη.χ
1666 2763 1801 2795 Qiaedam
1815 2762 1957 2789 interdieta
1973 2764 2013 2790 rei
2032 2766 2241 2799 persecutionem

1197 2800 1364 2826 Continent:
1396 2800 1499 2831 veluti,
1528 2799 1567 2825 De
1590 2799 1687 2825 itinere
1711 2798 1823 2833 actuque
1843 2799 1957 2833 priuato.
1992 2808 2052 2826 narn
2072 2801 2243 2835 proprietatis

1197 2836 1297 2862 causam
1311 2835 1438 2861 Continet
1456 2835 1507 2861 hoc
1524 2834 1706 2861 interdieium.
1760 2834 1809 2860 Sed
1829 2840 1855 2860 et
1874 2834 1920 2860 illa
1941 2835 2098 2869 interdieta,
2124 2846 2191 2871 quae
2209 2837 2241 2864 de

1197 2870 1262 2897 locis
1280 2872 1357 2897 sacris
1376 2878 1402 2897 et
1422 2870 1455 2897 de
1471 2869 1601 2905 religiosis
1620 2876 1822 2904 proponuntur,
1849 2869 1934 2896 veluti
1952 2872 2121 2905 proprietatis
2140 2874 2241 2900 causam

1196 2907 1352 2932 Continent.
1389 2907 1454 2932 item
1467 2907 1512 2933 illa
1521 2926 1529 2938 ,
1547 2914 1613 2940 quae
1624 2906 1664 2931 sui
1677 2906 1744 2931 iuris
1756 2905 1848 2931 tuendi
1862 2907 1935 2932 causa
1949 2905 2065 2932 diximus
2078 2916 2241 2942 competere:

1195 2947 1225 2968 vt
1243 2951 1297 2967 non
1311 2942 1340 2968 fit
1353 2943 1469 2974 mirum,
1488 2942 1506 2968 fi
1519 2951 1586 2976 quae
1605 2941 1745 2967 interdicta
1767 2941 1798 2967 ad
1816 2950 1873 2968 rem
1891 2941 2050 2968 familiarem
2068 2944 2240 2976 pertinentia,

1195 2978 1363 3012 proprietatis
1379 2979 1496 3010 causam,
1516 2986 1570 3003 non
1587 2976 1742 3012 poffeffionis
1761 2976 1881 3004 habeant.
1952 2979 1993 3003 Sic
2013 2979 2119 3012 leian.
2141 2979 2157 3004 l.
2177 2988 2186 3005 1
2205 2980 2239 3006 D.

1196 3013 1268 3047 quod
1282 3013 1445 3047 legatorum,
1462 3013 1491 3039 in
1506 3013 1563 3047 ipso
1577 3022 1658 3048 paene
1671 3012 1736 3047 legis
1749 3012 1838 3039 initio.
1934 3012 2007 3038 Idem
2021 3014 2053 3039 D.
2069 3015 2139 3049 quod
2154 3015 2182 3041 vi
2194 3020 2240 3042 aut

1195 3049 1261 3075 clam
1280 3049 1296 3075 l.
1317 3049 1417 3083 semper
1435 3049 1574 3081 aduersus,
1597 3053 1624 3074 in
1639 3048 1698 3083 fine.
1853 3047 1991 3081 Triphon.
2014 3048 2070 3082 lege
2088 3050 2186 3083 penult.
2205 3051 2238 3078 D.

1195 3084 1227 3110 de
1241 3085 1270 3111 vi
1283 3090 1308 3111 et
1321 3085 1350 3111 vi
1364 3090 1476 3116 armata,
1496 3086 1654 3119 Qianquam
1669 3091 1718 3117 ego
1732 3091 1834 3110 moram
1853 3083 1958 3115 fecero,
1978 3093 2032 3117 quo
2051 3085 2139 3111 minus
2157 3086 2239 3112 inter-

1195 3120 1268 3146 dicio
1283 3126 1308 3147 te
1320 3120 1512 3147 Conuenirem.
1660 3119 1764 3153 leian.
1783 3119 1799 3144 l.
1813 3127 1829 3144 2
1851 3119 1881 3144 D.
1897 3127 1929 3144 ne
1943 3118 2007 3152 quid
2022 3119 2048 3145 in
2062 3120 2122 3146 loco
2139 3120 2180 3146 vel
2194 3121 2238 3147 iti-

1195 3165 1258 3182 nere
1282 3156 1389 3190 publico
1414 3156 1474 3189 fiat,
1500 3155 1526 3182 Si
1549 3155 1620 3182 forte
1642 3154 1678 3181 in‘
1689 3154 1797 3188 publico
1818 3153 1863 3180 fiet
1884 3162 1965 3188 opus,
1989 3154 2061 3189 quod
2084 3155 2116 3182 ad
2135 3156 2236 3190 priuati

1194 3190 1320 3218 damnum
1336 3192 1479 3218 redundet:
1503 3190 1688 3226 prohibitorio
1702 3189 1842 3215 interdicto
1856 3189 1938 3223 potest
1946 3190 2102 3217 Conueniri.
2171 3191 2237 3218 Ibid.

1193 3236 1242 3253 non
1255 3229 1346 3263 procul
1362 3227 1456 3264 afine,
1476 3228 1549 3254 Ideni
1568 3226 1658 3252 Labeo
1677 3225 1784 3256 scribit,
1802 3224 1820 3251 fi
1836 3226 1939 3251 vicinus
1957 3225 2034 3253 fundi
2053 3227 2092 3252 sui
2112 3227 2186 3252 causa
2207 3227 2236 3253 id

1193 3262 1302 3295 fecerit,
1320 3272 1362 3289 ine
1375 3273 1428 3289 non
1441 3264 1510 3297 posse
1525 3262 1574 3288 hoc
1588 3261 1732 3287 interdicto
1743 3261 1900 3287 Conueniri.
2003 3261 2076 3287 Idem
2095 3261 2112 3287 l.
2127 3270 2137 3288 1
2159 3263 2190 3288 D.
2204 3261 2237 3288 de

1192 3298 1367 3331 fluminibus,
1386 3308 1419 3325 ne
1433 3298 1515 3333 quid,
1539 3305 1584 3323 etc.
1626 3296 1744 3323 Dandum
1762 3296 1943 3330 exceptionem
1964 3296 2006 3328 ei,
2025 3298 2072 3331 qui
2092 3297 2236 3324 interdicto

1192 3335 1370 3361 Conuenitur.
1520 3332 1625 3366 leian.
1646 3333 1676 3358 D.
1696 3332 1728 3357 de
1741 3331 1832 3358 liberis
1846 3331 2000 3358 exhibendis
2020 3332 2036 3358 l.
2050 3341 2061 3364 3
2083 3333 2131 3359 Sed
2144 3334 2237 3373 vtique

1192 3370 1270 3396 debet
1287 3372 1334 3396 efle
1349 3370 1385 3401 is,
1399 3369 1446 3404 qui
1460 3378 1520 3395 eum
1534 3367 1678 3394 interdicto
1692 3366 1832 3394 Defendat.
1947 3367 2019 3393 Idem
2040 3368 2058 3394 1.
2070 3377 2081 3399 3
2099 3369 2131 3394 D.
2145 3367 2176 3394 de
2192 3369 2237 3395 iti<

1193 3415 1256 3432 nere
1274 3406 1387 3440 actuque
1402 3405 1526 3439 priuato,
1549 3405 1642 3438 Itaque
1660 3404 1707 3438 qui
1723 3403 1772 3429 hoc
1786 3401 1933 3429 interdicto
1944 3403 2042 3434 vritur,
2062 3404 2125 3430 duas
2137 3413 2179 3430 res
2193 3404 2236 3430 de-

1192 3441 1237 3469 bet
1257 3441 1412 3468 ostendere:
1451 3446 1476 3466 et
1496 3440 1547 3465 hoc
1565 3448 1634 3465 anno
1653 3440 1678 3465 se
1696 3440 1790 3470 vsum,
1814 3444 1839 3463 et
1858 3438 1883 3463 ei
1903 3438 2056 3465 seruitutem
2073 3446 2235 3473 competere.

1192 3478 1332 3504 Caeterum
1352 3476 1369 3502 fi
1389 3476 1464 3502 defiit
1481 3475 1656 3507 alterutrum,
1676 3473 1772 3500 Deficit
1791 3472 1970 3499 interdictum.
2126 3475 2235 3509 Vspian,

1191 3513 1208 3539 l.
1224 3522 1232 3539 1
1252 3513 1283 3539 D.
1298 3513 1329 3538 de
1343 3521 1411 3546 aqua
1425 3511 1572 3543 cotidiana,
1592 3510 1664 3536 Idem
1680 3509 1768 3535 Labeo
1782 3508 1886 3538 scribit,
1907 3508 1950 3535 etsi
1964 3509 2072 3536 Praetor
2090 3508 2140 3536 hoc
2155 3510 2236 3538 inter-

1191 3548 1264 3575 dic'to
1283 3547 1314 3574 de
1328 3548 1403 3583 aquis
1417 3546 1523 3581 frigidis
1537 3546 1646 3578 sentiat,
1665 3551 1751 3571 tamen
1772 3544 1804 3570 de
1816 3544 1906 3570 calidis
1926 3544 2000 3579 aquis
2020 3544 2161 3572 interdi&a
2181 3555 2236 3573 non

1190 3585 1239 3610 effe
1256 3582 1421 3618 Deneganda.
1545 3581 1584 3607 Id.
1599 3581 1671 3607 D.de
1685 3581 1807 3607 Saluiano
1821 3574 1964 3606 ihterdicm
1978 3580 1995 3605 l.
2009 3580 2057 3607 vlt.
2074 3581 2104 3607 In
2113 3582 2236 3608 Saluiano

1190 3619 1334 3646 interdicto
1353 3619 1370 3644 fi
1391 3617 1544 3644 infundunt
1562 3626 1728 3643 communem
1749 3616 1863 3642 duorum
1883 3615 1994 3649 pignora
2012 3616 2070 3643 sunt
2087 3615 2120 3643 ab
2143 3618 2234 3651 aliquo

899 3653 1021 3688 Duplicia
1036 3654 1126 3680 dicun·
1140 3657 1172 3684 95
1192 3655 1318 3681 inuedh:
1351 3655 1471 3689 poss'effor
1489 3653 1593 3683 vincet,
1618 3658 1643 3678 et
1663 3652 1714 3678 erit
1735 3651 1772 3677 eis
1791 3651 2006 3677 Descendendnm
2027 3651 2059 3678 ad
2080 3653 2233 3678 Seruianum

1193 3690 1377 3716 interdicium.
1532 3688 1637 3721 leian.
1661 3687 1678 3713 l.
1699 3696 1711 3719 3
1735 3687 1767 3713 D.
1787 3686 1819 3712 de
1836 3686 1925 3713 libero
1945 3687 2054 3713 homine
2072 3686 2233 3717 exhibendo,

1193 3724 1242 3751 Sed
1256 3726 1272 3752 fi
1293 3726 1392 3752 mulier
1410 3724 1453 3751 vel
1476 3723 1589 3758 pupillus
1609 3723 1658 3748 hoc
1679 3721 1850 3748 interdictum
1865 3721 2016 3749 Desiderent
2038 3731 2085 3756 pro
2108 3726 2232 3754 cognato,

1191 3761 1235 3787 vel
1251 3768 1365 3795 parente,
1381 3761 1424 3787 vel
1439 3758 1515 3786 affine
1530 3760 1575 3784 suo
1590 3758 1697 3784 solliciti
1714 3769 1718 3784 z
1743 3757 1858 3784 dandum
1878 3759 1927 3784 esse
1941 3758 1979 3784 eis
1993 3756 2172 3786 interdifturn,
2193 3755 2232 3781 di-

1192 3797 1303 3822 cendum
1316 3797 1360 3823 est.
1516 3794 1597 3820 Paull.
1614 3794 1631 3820 l.
1646 3802 1658 3819 2
1682 3793 1713 3819 de
1727 3793 1874 3820 interdictis
1887 3800 1913 3820 et
1925 3792 2054 3819 extraord.
2069 3791 2166 3816 action.
2181 3791 2231 3816 Re.

87 3839 132 3864 sua
145 3847 152 3862 ·.
180 3835 228 3861 Vti
240 3832 368 3869 possidetis
383 3829 556 3857 interdictum
575 3829 644 3855 mihi
658 3829 751 3858 Efficax
771 3834 823 3866 est,
842 3840 870 3859 vt
889 3842 919 3860 ea
939 3832 1035 3859 tollere
1056 3840 1127 3858 coni·
1137 3832 1265 3866 100liqua
1278 3831 1418 3859 interdic'ia
1430 3830 1470 3856 rei
1483 3829 1622 3855 familiaris
1636 3830 1708 3855 causa
1725 3829 1834 3856 Dantur.
1864 3830 1916 3855 vid.
1933 3827 2034 3854 Noxale
2048 3825 2230 3852 interdiffturn.

86 3872 207 3907 pellatur.
375 3867 479 3900 leian.
505 3865 522 3891 l.
543 3874 629 3899 neque
653 3865 684 3890 D.
700 3866 732 3892 de
747 3869 777 3895 vi
796 3876 821 3896 et
840 3870 869 3896 vi
889 3874 1004 3900 armata,
1030 3867 1127 3902 Neque

85 3907 155 3934 vnde
170 3906 212 3935 vi,
231 3912 317 3938 neque
330 3901 401 3929 aliud
416 3900 585 3927 inm-dietum
597 3901 736 3928 Famosum
750 3903 793 3929 est.
949 3903 1030 3930 pann,
1047 3903 1063 3929 Ι,
1079 3904 1126 3929 vlt,

86 3944 118 3970 D.
133 3943 164 3968 de
178 3939 310 3966 interdic).
325 3936 456 3965 extraord.
471 3936 568 3963 aetion.
586 3936 730 3962 Interdic'ta
744 3937 859 3966 Noxalia
877 3949 907 3966 ea
921 3940 992 3970 sunt,
1012 3948 1079 3973 quae
1093 3938 1126 3964 ab

86 3977 246 4005 delictorum
266 3984 333 4009 quos
352 3975 380 4000 in
400 3972 524 4007 potestate
545 3970 690 4003 habemus,
709 3970 812 3999 dantur.
967 3975 1072 4009 leian.
1093 3975 1125 4001 D.

87 4013 120 4048 de
136 4011 274 4047 migrando
292 4011 308 4036 l.
324 4020 334 4037 1
354 4014 381 4036 in
388 4009 438 4045 fin.
465 4008 525 4035 Hoc
542 4006 716 4035 interdictum
734 4007 890 4043 Perpetuutn
901 4010 954 4045 est,
979 4016 1006 4038 et
1025 4011 1054 4038 in
1073 4011 1127 4037 suc·
1141 4012 1185 4039 103
1194 4010 1262 4037 ratio
1280 4008 1393 4036 habetur
1411 4007 1564 4041 fruetuum,
1584 4016 1616 4035 ex
1635 4017 1690 4043 quo
1703 4007 1779 4034 Edita
1797 4007 1870 4036 sunt,
1888 4011 1942 4029 non
1954 4008 2035 4031 retro.

240 4052 320 4075 vor..
355 4046 398 4073 11.

1193 3868 1266 3893 Idem
1281 3867 1361 3893 Paull.
1382 3868 1398 3892 1.
1414 3866 1499 3893 vltim.
1520 3865 1552 3891 D.
1573 3864 1644 3899 quod
1661 3865 1820 3899 legatorum,
1845 3865 1871 3891 Si
1884 3861 2020 3890 legatarius
2034 3861 2231 3894 repromissione

1191 3908 1329 3929 contentus
1342 3903 1409 3934 fuit,
1431 3900 1551 3927 Dandum
1565 3901 1600 3926 est
1619 3901 1797 3927 interdicmm.
1894 3897 1996 3930 leiw·
2014 3897 2031 3921 1·
2048 3906 2057 3921 i
2082 3896 2113 3922 D·
2135 3896 2165 3921 de
2186 3897 2230 3921 via

1194 3937 1315 3971 publica,
1334 3936 1508 3964 Interdic'turn
1523 3935 1573 3962 hoc
1587 3943 1714 3970 perpetuo
1728 3937 1850 3963 Dabitur,
1865 3939 1890 3959 et
1903 3931 2034 3958 omnibus,
2051 3938 2076 3956 et
2089 3932 2116 3957 in
2130 3939 2231 3957 omnes.

1194 3973 1267 4000 Idem
1289 3973 1307 3999 l.
1321 3982 1333 4005 3
1357 3973 1389 3999 D.
1405 3972 1436 3998 de
1453 3971 1602 3998 interdictis
1620 3979 1645 3998 et
1658 3972 1789 3998 extraord.
1805 3970 1900 3997 afflon.
1921 3967 1950 3993 In
1969 3966 2116 3993 interdictis
2135 3965 2232 4027 egis'dclle.

1421 4050 1439 4078 7
1458 4042 1481 4070 Κ
2152 4036 2168 4062 Ι.
2185 4037 2231 4063 vlt.
