2479 4225
296 187 350 226 23¹
665 153 927 200 Dlv
1725 143 1990 186 DIV
2184 147 2396 196 '232

536 249 597 275 fitis.
624 257 658 274 m·
694 243 836 279 [Wfflf’lf]
870 241 920 274 in
931 239 1047 271 partitur
1063 241 1087 261 et
1104 234 1203 261 diuidit.
1245 232 1301 259 Cic.
1363 231 1438 267 Conf.
1453 232 1477 258 h.
1491 233 1507 259 1.
1524 233 1616 260 Ascon.
1635 235 1666 259 it.
1687 233 1764 259 Varr.
1780 232 1812 258 de
1824 232 1853 263 L.
1868 234 1897 260 L.
1915 242 1944 267 4,
1963 244 2000 263 ιο.
2071 235 2174 269 Aquam
2187 232 2320 261 caelestem
2332 233 2399 260 vafis

332 261 433 285 D¹V¹s
444 260 462 279 ο
473 259 507 283 R’
604 284 671 310 sores
690 281 792 310 kalne,
812 279 855 312 ,ihs
866 283 894 300 ex
906 274 955 307 Iege
969 274 1071 306 agraria
1081 272 1146 296 illam
1159 267 1265 294 diuidere
1279 273 1303 292 et
1364 266 1510 300 includunt,
1523 276 1548 295 et
1561 269 1606 295 sub
1627 269 1673 295 dio
1692 269 1718 294 in
1734 268 1785 294 sole
1800 267 1895 294 habent
1920 271 2025 298 Colum.
2040 279 2077 303 η,
2094 279 2129 296 12.
2183 269 2251 296 Add.
2265 269 2302 296 Id.
2317 269 2398 304 praef.

297 288 513 358 gigffipaslifgvczarz
527 286 619 346 vlglfflzlt.
685 317 714 342 Et
733 323 745 345 ,-
760 323 779 338 c.
793 320 809 345 7
834 310 950 347 Tantum
969 306 1080 342 quisque
1093 304 1202 331 habebat
1216 303 1306 336 posses·
1366 301 1383 327 l.
1400 311 1435 328 12.
1473 304 1541 338 Nep.
1555 314 1583 337 4,
1598 313 1620 337 ς,
1632 313 1652 329 2.
1667 310 1689 329 ct
1709 305 1779 336 lsoijt
1793 314 1799 328 :
1823 303 1874 329 lvd.
1890 307 1916 329 in
1930 305 1998 340 Nep.
2071 305 2123 332 Sub
2135 305 2208 331 dium
2221 314 2312 339 rapere
2331 306 2400 331 Hor.

335 371 339 375 ·
421 364 491 383 ntum
510 355 558 382 reli
580 358 651 380 uerat
668 350 765 376 diuisor
778 348 911 372 Antonius.
1085 338 1105 377 ff
1126 348 1141 366 2
1165 339 1306 372 ,Spectatim
1367 338 1455 363 casm-
1470 347 1490 370 Ι,
1504 345 1539 371 ¹8,
1554 348 1587 372 13·
1624 341 1682 366 HOC
1698 339 1733 365 est
1747 339 1866 373 proferse
1880 348 1907 364 1³1
1921 341 2066 373 publicum,
2076 340 2201 375 Porphyr.
2254 341 2335 366 Dium
2348 339 2400 366 ful-

300 364 335 401 soli
346 368 417 420 ’,[Ἷυᾶ
447 390 511 417 dal.
529 400 540 416 o
559 364 609 416 ΞΜ
621 382 771 419 camptstrffi
793 384 810 405 ι’.
823 379 944 406 homines,
962 379 1007 411 qui
1018 374 1209 402 redsmendorum
1221 380 1308 399 contra
1328 380 1343 407 5
1368 380 1418 405 gur
1430 374 1593 406 appellabant
1606 375 1710 410 antiqui
1724 375 1870 406 murnum,
1893 377 1964 408 quod
1976 377 2099 411 putabant
2114 376 2186 402 Iouis
2199 381 2228 402 vt
2240 375 2402 402 ηοᾶὶῃι-ῃῃῃι
2448 388 2451 394 .

298 399 359 446 [inii
373 402 433 461 or}
442 398 556 453 dioruull>
568 422 637 457 musa
648 427 694 454 per
711 416 790 444 tribur
801 415 928 448 pecuniam
945 421 960 437 a
976 411 1117 437 candidatis
1135 414 1256 443 acceptam
1272 408 1309 433 di·
1367 408 1511 434 Summani.
1545 410 1640 436 Festus.
1674 409 1853 446 Κεραυνοξόλιοι
1866 409 1985 444 bospitio,
2005 411 2160 447 Fulgurium
2179 413 2238 438 vet,
2253 411 2331 437 Gloff,
2351 411 2400 448 leg,

297 434 359 490 “35
371 429 408 489 suf
428 437 441 453 r
457 436 474 463 g
487 461 533 487 cic
559 458 589 484 de
605 457 675 481 Orat.
697 461 721 483 2,
741 457 786 481 257
804 457 824 472 c.
839 449 869 478 63
897 447 981 473 Etiam
998 444 1178 480 interpretatio
1191 443 1307 470 nominis
1367 442 1458 476 fulgur
1473 442 1562 476 dium3
1589 446 1689 482 casaub.

297 476 323 528 ζ’
334 474 498 526 [ἴνέηᾶἑῃηιεῃ
527 479 603 527 quum
616 488 646 513 ad
659 485 796 514 ridiculum
810 488 947 514 conuertas
958 482 1129 516 quamobrem
1142 480 1178 505 ita
1190 480 1248 513 quis
1263 487 1309 505 vo·
1405 485 1442 517 Di
1454 484 1475 503 V
1485 485 1555 512 VM,
1581 481 1599 507 i.
1625 491 1650 507 n.
1687 481 1762 508 Idem.
1798 481 1902 507 Lucret.
1918 489 1946 513 4,
1959 488 2002 506 212
2030 482 2082 509 Sub
2102 482 2167 508 diuo
2182 481 2305 515 splendor
2321 479 2404 515 aqua‘i'

299 508 385 562 cgtuer*
410 540 438 559 v(
452 540 498 565 ego
505 515 590 560 'nuper
603 522 757 550 Nummium
776 517 919 544 diuisorem
932 524 959 544 vt
973 517 1177 551 Neoptolemum
1192 514 1223 540 ad
1237 514 1311 540 Tro·
1369 513 1486 539 Ponitur.
1556 516 1623 542 Hor.
1637 517 1725 543 Carni.
1740 526 1762 549 2,
1776 525 1799 549 3,
1814 525 1842 548 23
1859 515 1911 542 Sub
1925 515 1989 541 diuo
2002 518 2112 545 moreris
2146 517 2263 544 Viffima
2273 516 2313 542 nil
2325 516 2404 542 mise-

302 571 307 575 ·
392 568 423 594 fic
440 567 511 593 illum
525 563 550 587 in
570 566 659 592 campo
676 553 771 581 Martio
791 562 887 579 nomen
900 553 1031 579 inuenisse.
1087 549 1217 587 Significat
1231 551 1309 576 Num·
1325 559 1354 578 10
1369 549 1450 588 rantis
1471 548 1537 574 orci·
1589 551 1630 577 Sic
1650 554 1711 588 legit
1724 554 1755 578 cl.
1768 553 1909 580 Reatinus,-
1933 550 1981 586 sed
1991 553 2106 580 nonnulla
2124 554 2272 588 exemplaria
2290 551 2405 578 exhibent

300 579 368 611 mn,
388 603 414 629 ob
433 602 568 627 dtmlmium
585 589 756 623 ministri-ima,
775 597 835 623 quas
854 592 881 614 in
897 595 979 623 rampo
991 586 1148 623 faHitabat,
1179 585 1311 619 diiaeifiirem
1370 584 1431 611 Dio.
1448 584 1514 610 Cels.
1530 593 1549 615 1,
1564 592 1579 610 2
1605 586 1757 613 Ambulatio
1771 587 1867 613 melior
1880 585 1926 612 sub
1938 586 2010 612 diuo.
2386 609 2388 611 .

299 614 448 663 mmmmemo
461 628 558 659 Aulum.
627 627 680 653 Cic.
695 625 768 649 Verr.
782 632 804 655 3,
818 626 858 650 161
875 633 897 650 c.
909 626 943 656 69
970 624 1000 649 In
1013 623 1079 648 furis
1092 631 1120 648 ac
1132 621 1257 647 diuisoris
1270 619 1310 645 di·
1405 626 1442 646 DI
1451 627 1500 645 vv
1509 627 1522 646 s
1531 639 1539 650 ‚
1559 619 1577 645 i.
1596 629 1631 646 m.
1666 622 1764 657 [Θεὸς]
1801 623 1882 654 Deus,
1899 625 2002 658 antiqua
2015 621 2180 656 appellatione.
2217 623 2303 648 Varro
2314 620 2346 647 ad
2359 620 2405 647 ci-

299 649 403 702 {Offffina
416 670 539 696 educatus.
575 661 643 697 Cous.
657 658 712 685 Aet.
728 667 736 684 1
749 659 777 684 in
791 660 868 684 Verr.
881 667 910 690 23
924 669 945 684 c.
960 663 981 688 8.
1052 659 1082 684 Et
1097 658 1148 684 Att.
1164 665 1183 688 1,
1199 665 1221 682 ιι
1241 656 1310 681 Con·
1369 657 1492 681 ceronem
1505 655 1585 681 tertio
1598 655 1664 691 apud
1675 657 1747 684 Seru.
1761 657 1795 683 od
1806 659 1870 684 Aen.
1885 666 1920 690 12,
1933 666 1975 690 139
2003 658 2042 684 Ita
2062 658 2230 691 respondeat,
2249 666 2295 684 cur
2315 656 2405 683 dicant

300 685 428 737 stipantem
447 702 490 728 ille
502 698 636 726 deterioris
655 694 786 720 histrionis
806 692 898 719 similis
913 693 1190 728 suscepissenegotium
1205 691 1312 722 dicitur,
1369 690 1447 721 Deos,
1460 699 1518 717 cum
1531 699 1621 716 omnes
1635 692 1739 726 antiqui
1752 692 1868 719 dixerint
1881 694 1972 720 Diuo&
2007 693 2048 720 sic
2060 691 2094 718 ad
2099 693 2235 728 formulam
2247 694 2325 729 legum
2337 693 2404 718 XII.

300 720 326 771 εἴ
338 741 457 769 diuisores
471 735 572 762 habere.
640 730 693 755 Cic.
707 728 739 754 de
751 729 841 762 Arusp.
857 729 931 763 Resp.
945 738 977 762 42
990 738 1010 755 c.
1025 737 1059 755 20
1079 727 1220 762 Qiaestum
1235 726 1310 752 illuni
1329 733 1354 760 ις
1370 725 1508 752 tabularum
1532 726 1587 752 Cic.
1602 726 1634 752 de
1647 727 1739 760 Legib.
1755 736 1776 759 2,
1791 737 1818 761 19
1831 738 1852 755 c.
1866 734 1879 758 8
1897 729 1937 754 Ad
1951 729 2026 755 diuos
2045 727 2112 754 caste
2130 728 2242 755 adeunto
2277 743 2322 747 —
2357 727 2406 753 Di-

326 778 407 804 axime
430 770 566 798 fecundum
584 765 759 798 vberemque,
774 763 958 796 campestrem,
976 770 1060 790 totum
1073 765 1105 790 ad
1119 765 1143 789 se
1156 763 1192 789 ita
1206 762 1315 796 redegit,
1373 769 1419 786 vos
1434 767 1460 787 et
1474 770 1536 793 eos,
1555 762 1602 796 qui
1617 762 1736 788 caelestes
1748 764 1848 798 semper
1862 764 1965 795 habiti,
1987 764 2112 796 colunto,
2134 769 2159 789 et
2171 763 2238 790 ollos
2251 772 2317 798 quos
2335 761 2406 789 endo

299 789 324 839 ’ἲ
337 812 414 837 homo
427 804 555 841 popularis
569 799 699 827 fraudaret
712 797 897 832 improbiffime
910 800 1054 833 populum,
1072 799 1196 833 idemque
1209 798 1251 824 vir
1265 797 1314 823 cle·
1371 795 1446 822 caelo
1462 796 1503 832 (f.
1518 798 1638 828 coelom)
1655 798 1751 823 merita
1764 800 1928 832 vocauerint,
1944 799 2086 826 Herculem
2095 819 2104 831 ‚
2121 798 2265 831 Liberum,
2284 805 2329 825 etc.
2367 797 2407 825 0⁶

296 824 364 874 :nens
382 842 505 869 diuisores
525 836 643 863 omnium
662 834 779 861 tribuum
798 833 872 859 domi
887 834 940 867 ipse
959 835 1019 860 suae
1039 834 1210 861 crudeliffima
1228 838 1314 859 morte
1371 834 1543 867 antiquitatem
1562 832 1678 859 videntur
1693 834 1780 859 Poetae
1792 834 1939 870 praesertim
1951 833 2085 868 retinuiffi.
2125 834 2218 861 Tamen
2230 836 2302 860 etiam
2319 833 2407 870 exsuci

295 880 422 907 maelaret.
461 876 489 901 In
501 871 652 907 fragmentis
664 879 711 905 pro
723 871 753 896 C.
766 868 895 895 Cornelio
907 867 940 900 est
952 869 1029 901 illud,
1052 871 1142 903 Qiare
1159 879 1218 896 cum
1230 868 1313 894 ambi·
1367 868 1474 903 persona
1494 870 1617 894 Diuinus:
1629 868 1676 904 sed
1692 868 1819 895 ordinarie
1837 869 1989 902 Substantias
2008 874 2080 897 etiam
2090 876 2137 905 pro
2149 870 2222 901 Deo,
2237 870 2291 895 Dea
2302 869 2408 906 usurpa-

294 924 348 942 tuni
367 911 475 946 Populus
497 910 573 935 Rom.
598 907 714 938 videret,
739 910 764 930 et
788 913 845 929 cnm
864 912 878 928 a
896 903 1010 930 tribunis
1030 905 1065 938 pl.
1084 904 1239 936 doceretur,
1264 903 1311 930 nifi
1327 913 1362 932 20
1373 909 1425 928 tur.
1482 904 1537 929 Cic.
1551 903 1583 929 de
1598 904 1634 930 N.
1650 904 1683 929 D.
1697 912 1720 934 2,
1732 906 1748 929 6
1779 905 1870 938 Itaque
1884 911 1908 932 et
1921 906 1949 931 in
1960 906 2050 933 nostro
2063 904 2178 940 populo,
2203 909 2229 930 et
2249 904 2277 930 in
2295 904 2407 931 caeteri!

310 958 372 976 oena
386 945 513 973 accessisset
526 944 554 969 in
567 942 709 972 diuisores,
725 938 852 973 exstingui
864 938 937 964 nullo
950 939 1031 966 modo
1048 942 1132 974 posse,
1150 947 1194 967 etc.
1239 938 1313 965 Idem
1374 936 1485 964 deorum
1503 938 1601 970 cultus,
1619 939 1833 974 religionumque
1852 941 2014 974 sanetitates,
2037 941 2149 967 existunt
2168 941 2195 966 in
2217 939 2273 966 dies
2292 940 2407 965 maiores

291 961 340 1020 gro
353 984 469 1009 Mnraen.
484 988 516 1013 54
531 988 552 1005 c.
566 980 598 1005 26
615 979 652 1003 De
662 976 805 1003 diuisorum
817 973 923 1000 indiciis
930 980 956 1000 et
963 974 995 1000 de
1011 974 1173 1010 deprehensis
1186 975 1314 1010 pecuniis,
1373 978 1451 1007 atque
1463 974 1598 1003 meliores:
1628 973 1709 1009 idque
1722 976 1812 1001 euenit
1834 984 1888 1002 non
1901 982 1998 1003 temere
2008 996 2016 1008 ,
2035 986 2082 1003 nee
2095 977 2153 1003 casu
2161 995 2170 1009 ,
2190 975 2232 1002 sed
2249 973 2321 1009 quod
2334 983 2410 1010 prae-

291 1025 318 1047 in
330 1021 431 1046 crimine
444 1017 549 1043 ambitus
567 1024 581 1039 a
588 1013 617 1049 J}
636 1012 781 1047 disputatum
794 1009 899 1035 indicat.
955 1011 986 1036 Et
999 1010 1056 1037 Aet.
1072 1020 1081 1037 1
1096 1012 1124 1037 in
1138 1013 1213 1037 Verr.
1228 1019 1255 1036 22
1267 1020 1287 1036 c.
1300 1015 1315 1040 Β
1373 1008 1481 1035 sentiam
1494 1010 1567 1044 saepe
1580 1009 1637 1036 diui
1649 1011 1720 1036 suam
1734 1010 1874 1038 declarant.
1909 1012 1956 1038 Sed
1968 1020 2038 1039 vetus
2044 1012 2168 1048 formula,
2180 1011 2206 1037 Si
2221 1009 2297 1036 diuus
2313 1009 2330 1036 fi
2344 1009 2409 1036 diua

292 1056 378 1083 pist-03
397 1051 542 1085 complures
555 1058 612 1075 cuni
624 1046 730 1081 pecunia
763 1060 808 1064 -—
842 1044 874 1072 ad
888 1044 1032 1072 senatorem
1046 1046 1122 1073 illum
1133 1046 1241 1074 relidlos
1253 1046 1315 1072 esse:
1374 1044 1451 1076 esset,
1469 1045 1515 1079 qui
1529 1045 1578 1071 fibi
1590 1052 1739 1080 praepetem
1751 1046 1870 1078 misisset,
1888 1047 1980 1073 volens
1994 1048 2123 1082 propitius
2136 1047 2229 1074 adesset
2254 1045 2314 1072 Liu.
2327 1053 2355 1080 7,
2367 1047 2409 1072 26.

292 1089 418 1117 diuisores
438 1086 556 1113 omnium
570 1083 685 1109 tribuum
704 1080 735 1107 ad
747 1080 824 1106 istum
840 1086 960 1111 vocatos,
978 1087 1024 1107 etc.
1046 1082 1110 1118 sunt
1121 1085 1183 1108 enim
1191 1082 1313 1117 pluscula·
1328 1090 1358 1116 25
1374 1077 1448 1105 Idem
1462 1088 1502 1113 29,
1514 1088 1548 1115 27
1567 1084 1605 1107 ica
1616 1088 1733 1116 precatur
1745 1082 1844 1117 Scipio,
1864 1082 1929 1109 Diui
1943 1083 2098 1118 Diuaeqne‚
2117 1083 2165 1118 qui
2176 1082 2258 1109 maria
2274 1087 2409 1115 terrasque

292 1124 416 1153 Asconius
429 1122 459 1149 ad
473 1121 497 1147 h.
512 1121 528 1146 l.
555 1120 645 1144 Vtrum
659 1117 789 1150 legitimos
807 1115 903 1142 habent
916 1124 1008 1142 omnes
1025 1117 1111 1144 tribus
1124 1118 1243 1152 diuisores
1255 1118 1314 1143 suos
1374 1114 1480 1147 colitiS,
1497 1125 1546 1143 vos
1557 1125 1652 1150 precor
1665 1118 1831 1152 quaesoque,
1849 1124 1894 1144 etc.
1931 1119 1963 1145 Ιη
1972 1122 2067 1153 primis
2078 1128 2152 1150 vero,
2170 1124 2200 1145 vt
2211 1117 2336 1148 diximus,
2349 1119 2411 1151 poti-

293 1170 357 1196 qnos
369 1159 469 1186 Plautus
480 1152 606 1190 magistros
625 1156 746 1178 curiarum
761 1150 789 1176 in
803 1151 939 1177 Aulularia
952 1158 1045 1184 vocat,
1067 1153 1108 1179 his
1120 1153 1225 1184 verbis,
1243 1156 1253 1184 (
1263 1161 1282 1184 1,
1291 1161 1315 1185 2,
1373 1153 1449 1176 ticum
1462 1148 1505 1182 zll.
1558 1150 1663 1186 Effigies
1675 1153 1758 1179 sacrae
1772 1152 1867 1179 diusnn
1897 1153 1971 1187 Virg.
1982 1155 2048 1179 Aen.
2061 1162 2084 1186 3,
2098 1159 2152 1187 148.
2222 1154 2353 1187 interpres
2368 1150 2410 1178 di·

293 1206 332 1229 29.
368 1193 433 1221 ΑΜ.
448 1201 469 1224 2,
483 1200 504 1223 2,
517 1192 556 1221 3.)
611 1188 675 1214 Nam
686 1184 764 1218 noster
779 1184 929 1247 πολῗναεὲιιι·
943 1185 976 1219 ist
994 1187 1109 1224 magister
1126 1192 1225 1221 curiae,
1242 1190 1315 1214 Diui·
1372 1183 1448 1217 vfim,
1460 1187 1603 1213 Mercurius
1619 1187 1691 1213 Idem
1701 1189 1765 1215 Aen.
1780 1198 1808 1221 4,
1821 1198 1875 1222 559.
1945 1189 2066 1216 Numina
2080 1188 2174 1216 diuum
2189 1188 2302 1215 Id.Aen.
2314 1196 2339 1219 2,
2346 1193 2412 1222 777.

278 1232 346 1258 dere
364 1231 460 1265 argenti
477 1234 557 1251 numos
575 1222 641 1248 dixit
657 1225 684 1247 in
708 1225 785 1248 viros.
827 1222 868 1247 An
898 1223 1000 1257 iuisores
1013 1224 1132 1250 criminis
1145 1233 1242 1250 nomen
1261 1223 1315 1249 est?
1372 1221 1447 1247 Patei-
1459 1219 1553 1249 diutim
1571 1223 1717 1257 Virg.Acn.
1728 1233 1747 1256 1,
1759 1226 1799 1257 65.
1854 1225 1907 1250 Iam
1915 1224 2012 1251 Ennius
2025 1224 2093 1261 apud
2104 1223 2255 1251 Varron-de
2268 1224 2322 1250 LL.
2335 1232 2364 1257 4,
2379 1230 2412 1249 10

293 1266 339 1293 Sed
353 1265 369 1291 fi
384 1265 432 1290 hoc
450 1262 515 1292 esset,
528 1267 580 1285 non
591 1257 638 1284 fibi
652 1266 732 1283 vnum
746 1265 777 1282 ex
790 1256 822 1282 iis
835 1265 923 1283 carum
938 1258 986 1284 effe
999 1258 1110 1285 dixisset.
1144 1259 1312 1294 Etfierisane
1324 1267 1357 1292 30
1373 1265 1398 1290 p.
1414 1261 1449 1288 18,
1460 1260 1492 1289 36
1510 1256 1664 1293 Diusnnque
1680 1258 1873 1294 hominumque
1889 1265 1962 1294 pater
1974 1269 2028 1287 rex.
2082 1261 2131 1286 Pax
2147 1258 2241 1285 diuum
2252 1259 2410 1293 Virg.rAen.

286 1299 380 1337 potist,
399 1306 425 1325 ut
443 1294 559 1327 honestum
578 1296 649 1319 etiam
668 1302 753 1318 munus
763 1292 866 1328 fuerit,
880 1292 928 1328 sed
960 1296 986 1319 ui
1001 1294 1064 1320 illud
1079 1301 1208 1331 gererent,
1229 1295 1313 1330 jac-ile
1373 1300 1396 1324 3,
1409 1300 1467 1327 370.
1537 1294 1667 1328 Responsa
1679 1293 1774 1322 diuum
1799 1295 1873 1321 Idem
1885 1296 1950 1322 Aen.
1964 1298 1990 1329 6,
2003 1304 2065 1331 799.
2133 1296 2201 1321 Hor.
2213 1295 2294 1321 Serm.
2309 1299 2412 1327 1,3,117

288 1336 373 1362 induci
383 1334 411 1370 fi
428 1332 461 1358 ad
472 1333 562 1357 crimen
570 1334 722 1363 paterentur.
792 1327 848 1354 Cic.
862 1336 912 1362 pro
924 1329 941 1354 P
953 1337 1007 1356 ane.
1021 1335 1054 1363 48
1067 1340 1088 1356 c.
1103 1338 1131 1363 19
1161 1332 1248 1363 Q1am
1260 1329 1313 1355 tibi
1372 1327 1405 1354 Et
1423 1328 1470 1363 qui
1489 1328 1633 1356 noeturnus
1652 1329 1745 1356 diuum
1764 1331 1838 1358 Sacra
1853 1331 1956 1365 legerit.
2027 1331 2096 1358 Diua
2112 1331 2213 1366 Virgo,
2228 1332 2246 1356 i.
2262 1330 2348 1357 Diana
2367 1328 2412 1355 Se-

289 1368 453 1397 commodum
472 1365 507 1392 est
528 1373 605 1390 vnam
625 1362 723 1389 tribum
747 1361 848 1397 delige:
881 1369 910 1389 tu
927 1363 992 1391 doce
1010 1365 1038 1391 id
1056 1365 1127 1400 quod
1147 1365 1241 1398 debes,
1266 1373 1313 1399 per
1371 1371 1428 1389 nec.
1447 1383 1453 1390 .
1474 1382 1480 1389 .
1503 1383 1510 1390 .
1580 1365 1715 1399 Aequorei
1727 1365 1786 1392 diui
1817 1366 1904 1393 Valer.
1923 1368 2023 1400 Argon.
2044 1375 2065 1399 1,
2080 1371 2131 1400 138-
2219 1364 2333 1400 Benigni
2352 1361 2413 1390 diui

288 1414 364 1440 quem
379 1402 529 1437 sequestrem
539 1418 547 1432 ,
567 1408 619 1433 quo
633 1396 747 1425 diuisore
761 1405 884 1433 corrupta
898 1399 937 1425 fit.
1008 1399 1081 1427 Idem
1095 1402 1147 1427 Att.
1169 1410 1189 1433 1,
1204 1404 1232 1427 16
1261 1402 1312 1427 Cu·
1373 1399 1441 1425 Hor.
1456 1399 1544 1426 Carm.
1563 1408 1592 1432 4,
1612 1409 1638 1432 2,
1659 1409 1694 1433 5ι.
1763 1401 1815 1428 Irni
1828 1402 1901 1435 diui,
1919 1403 2062 1438 Insernales
2090 1401 2178 1428 Valer.
2192 1401 2292 1436 Argon.
2310 1407 2338 1435 7,
2351 1403 2413 1433 498.
2445 1412 2447 1415 ⁴

287 1441 327 1468 ius
339 1439 411 1465 domi
423 1437 548 1463 diuisores
561 1433 691 1473 haberent.
733 1433 802 1460 Suet.
818 1435 886 1468 Aug.
899 1444 922 1460 c.
936 1443 948 1467 3
969 1435 998 1461 de
1009 1434 1118 1472 Augusti
1125 1443 1214 1471 patre,
1233 1437 1311 1463 Hune
1328 1442 1356 1468 35
1373 1435 1539 1461 Immortales
1552 1435 1609 1462 diui
1641 1437 1745 1462 Lucret.
1757 1446 1779 1469 5,
1794 1445 1836 1470 54.
1908 1438 1981 1464 Idem
1995 1447 2018 1470 3,
2030 1445 2060 1471 52
2094 1438 2125 1464 Et
2137 1437 2225 1471 nigras
2238 1435 2353 1462 maritans
2369 1442 2412 1469 pe-

286 1483 391 1511 quoque
423 1485 467 1492 -—
501 1471 568 1497 inter
580 1469 706 1495 diuisores
720 1477 864 1504 operasque
885 1470 1038 1504 campestres
1052 1472 1198 1505 proditum.
1374 1468 1468 1502 cudeS,
1491 1479 1554 1505 quas
1572 1471 1691 1497 manibu'
1711 1471 1781 1498 dinis
1815 1472 1926 1499 Inferias
1949 1474 2068 1500 mittunt.
2137 1473 2244 1498 Penates
2257 1471 2316 1497 diui
2341 1470 2413 1497 Hor.

320 1517 336 1536 D
346 1517 354 1535 1
365 1517 384 1536 v
393 1516 402 1534 1
411 1515 423 1535 s
433 1514 453 1533 v
462 1513 480 1533 R
491 1512 511 1533 A
523 1525 531 1538 ‚
555 1513 592 1531 ae.
609 1504 636 1538 ,Β
672 1504 803 1538 [τμῆμα]
841 1504 907 1530 Idem
921 1505 985 1539 quod
995 1506 1099 1540 Diuisio.
1135 1507 1202 1533 Plin.
1217 1516 1254 1539 12,
1270 1509 1312 1534 26.
1373 1505 1455 1532 Serm.
1468 1514 1491 1536 2,
1503 1514 1526 1537 3,
1541 1508 1597 1540 176.
1667 1507 1733 1533 Diui
1749 1508 1840 1540 Potes,
1859 1518 1917 1544 quos
1928 1507 1986 1541 ufic
2000 1510 2122 1535 Varrone
2134 1507 2167 1533 de
2178 1508 2208 1532 L.
2217 1508 2248 1533 L.
2260 1514 2325 1540 4,10
2339 1514 2363 1540 p.
2373 1511 2414 1540 17,

286 1545 358 1573 Idem
372 1552 434 1577 ι4,3
466 1542 542 1568 Folio
554 1548 634 1575 paruo
647 1546 672 1566 et
685 1538 816 1570 rotundo,
836 1539 890 1566 fine
909 1539 1043 1567 diuisuris·
1103 1542 1174 1576 Qus
1186 1543 1314 1569 incisuras
1375 1549 1405 1572 ¹4
1425 1542 1563 1573 Augurum
1577 1540 1642 1567 libri
1663 1542 1772 1576 scriptos
1790 1543 1904 1578 habent,
1922 1545 1980 1570 sunt
2002 1552 2050 1578 pro
2065 1543 2128 1573 illis,
2136 1542 2183 1576 qui
2203 1542 2232 1568 in
2243 1540 2412 1568 Samothrace

286 1584 370 1611 multis
382 1580 439 1606 aliis
453 1579 510 1604 locis
523 1575 634 1611 appellat.
1375 1575 1429 1600 θεοὶ
1448 1572 1549 1601 δυνατοὶ.
1574 1576 1637 1601 haec
1657 1577 1727 1610 duo,
1746 1579 1849 1604 caelum
1870 1585 1896 1604 et
1910 1584 1994 1611 terra,
2010 1578 2083 1614 quod
2096 1578 2185 1604 anima
2196 1582 2222 1604 et
2233 1585 2344 1611 corpus,
2363 1575 2413 1602 hu-

324 1621 405 1641 ιηνι
417 1620 499 1645 ovs,
518 1620 541 1644 a,
559 1620 611 1637 um.
638 1609 696 1636 Adi.
732 1610 873 1645 separatus.
909 1609 1004 1637 Accius
1016 1610 1178 1638 Andromed.
1201 1612 1313 1647 Nosque
1324 1618 1362 1644 40
1374 1608 1478 1636 midum
1497 1615 1523 1636 et
1541 1611 1680 1645 frigidum.
1757 1613 1918 1640 Praenestini
1940 1614 2005 1640 Diui
2016 1616 2110 1640 fratres
2127 1618 2291 1639 memorantur
2317 1611 2412 1643 Seruio
2424 1637 2430 1644 ,

289 1657 316 1679 vt
329 1651 442 1677 seorsum
455 1647 557 1674 diuidos
573 1646 624 1672 leto
639 1645 752 1671 offerres.
788 1646 896 1672 Nonius
909 1654 935 1678 2,
950 1654 1001 1678 105.
1373 1644 1405 1671 ad
1419 1645 1484 1671 Aen.
1504 1652 1531 1680 7,
1549 1648 1599 1680 678
1629 1655 1730 1681 quorum
1738 1647 1812 1682 soror
1833 1657 1845 1674 e
1864 1650 1972 1675 Vulcano
1989 1652 2100 1685 concepit
2113 1649 2251 1678 Caecuium,
2273 1653 2304 1673 vt
2315 1644 2410 1673 laeam

323 1692 341 1712 D
354 1692 408 1711 1v1
419 1691 435 1711 ῃ
445 1690 464 1708 v
475 1690 494 1708 v
504 1689 527 1714 s,
541 1690 564 1714 a,
579 1691 631 1708 um.
648 1681 702 1707 Adi.
723 1678 878 1715 [διχότομος]
895 1680 1150 1718 Ξερανατα;,ᾱίιιι]”ιω·,
1157 1682 1312 1709 dimidiatus,
1372 1687 1503 1707 narratur.
1539 1684 1614 1708 Alios
1625 1682 1710 1708 Diuos
1726 1683 1846 1717 Fratres,
1864 1684 1917 1711 vid.
1937 1693 1964 1710 n.
1977 1695 2004 1719 4.
2077 1684 2197 1711 Praesens
2210 1683 2289 1710 diuus
2302 1678 2422 1708 habebi-⁷

288 1721 351 1748 Plin.
366 1729 389 1751 2,
404 1725 427 1749 ιε
447 1718 562 1745 Diuidua
576 1717 611 1743 est
626 1717 653 1742 in
665 1716 791 1750 quadrato
804 1717 874 1742 solis.
928 1716 998 1743 Ibid.
1013 1726 1034 1743 c.
1049 1719 1084 1752 67
1108 1717 1243 1744 Diuiduus
1257 1718 1313 1752 glo-
1372 1720 1417 1741 tur
1430 1716 1559 1750 Augustus
1580 1718 1648 1743 Hor.
1657 1718 1707 1744 Od.
1721 1727 1744 1750 3,
1758 1727 1781 1751 5,
1797 1727 1821 1745 z.
1891 1721 2019 1754 Auguriis
2033 1720 2137 1755 agimur
2150 1717 2245 1745 diuum
2263 1718 2338 1751 virg.
2347 1715 2414 1742 Aen-

287 1756 342 1783 bus.
396 1755 474 1781 Plaut.
489 1753 555 1780 Rud.
576 1760 598 1785 ς,
618 1761 637 1784 3,
652 1760 680 1784 52
708 1750 853 1777 Diuiduum
873 1750 1000 1778 talentum
1019 1752 1122 1779 faciam.
1147 1753 1212 1788 quod
1220 1752 1313 1786 statim
1372 1759 1394 1782 3,
1408 1758 1429 1783 5·
1501 1750 1626 1777 Carentes
1639 1753 1725 1793 ffelida
1739 1759 1826 1780 morte
1837 1752 1896 1780 diui
1922 1756 1990 1781 Hor.
2005 1757 2092 1782 Carm.
2106 1764 2127 1786 2,
2140 1760 2164 1786 8,
2183 1762 2216 1780 11.
2286 1753 2339 1779 Das
2352 1757 2416 1785 epu-

284 1794 321 1818 ita
333 1792 452 1825 explicat,
471 1790 521 1815 Pro
535 1788 580 1814 illa
593 1788 687 1819 altera,
709 1786 814 1813 Libetta
827 1793 855 1813 vt
869 1787 914 1820 fit,
938 1787 1082 1814 dimidium
1101 1788 1153 1814 tibi
1167 1789 1254 1820 sume,
1272 1787 1311 1814 di-
1326 1794 1361 1820 45
1373 1785 1406 1811 lis
1417 1786 1571 1812 accumbere
1587 1787 1681 1812 diuum
1700 1783 1776 1822 virg.
1790 1791 1854 1814 Aen.
1868 1797 1888 1821 1,
1903 1796 1947 1823 79.
1966 1790 1992 1817 b.
2006 1800 2027 1816 e.
2044 1791 2084 1815 Tu
2095 1798 2132 1815 me
2144 1789 2212 1814 deum
2221 1787 2305 1823 facis.
2358 1784 2414 1812 Pla-

285 1826 394 1854 niidiuin
411 1824 470 1851 huic
485 1823 557 1850 cedo.
627 1823 681 1849 Cic.
695 1822 726 1848 de
738 1823 856 1849 Vniuers.
874 1831 902 1855 19
933 1823 970 1849 Ex
983 1832 1012 1849 ea
1025 1823 1135 1850 materia
1144 1833 1228 1858 ,quae
1242 1823 1312 1850 indi·
1373 1821 1432 1847 caui
1447 1821 1571 1854 sanguine
1587 1821 1665 1848 diuos
1683 1822 1750 1848 Hor.
1767 1823 1847 1849 Serm.
1859 1832 1882 1856 2,
1896 1832 1918 1856 3,
1929 1826 1991 1850 206.
2045 1824 2172 1858 Superare
2184 1823 2262 1849 diuos
2274 1824 2298 1848 is
2308 1820 2417 1851 dicitur·

285 1862 362 1888 vidua
380 1861 428 1891 est,
446 1866 471 1885 et
484 1867 548 1893 quae
562 1858 662 1892 semper
676 1858 752 1884 vnius
765 1858 851 1887 modi,
873 1858 965 1893 suique
981 1859 1089 1891 similis,
1107 1865 1133 1885 et
1146 1868 1177 1885 ex
1191 1868 1229 1891 ea,
1243 1868 1312 1893 quae
1371 1865 1441 1917 gut-m
1453 1856 1513 1890 ipsis
1526 1859 1599 1883 etiam
1606 1857 1883 1893 caelitibus-feliciorem
1895 1858 1938 1893 xffi
1952 1859 2061 1895 intelligi
2071 1860 2183 1885 volumus
2207 1857 2293 1884 Catul.
2307 1855 2339 1882 ad
2352 1856 2415 1881 Les-

285 1895 438 1931 torporibus
451 1894 559 1920 diuidua
572 1893 702 1927 gignitur,
722 1900 768 1920 etc.
830 1894 897 1920 Ter.
911 1893 986 1920 Adel.
1000 1903 1025 1926 2,
1041 1903 1068 1926 2,
1081 1903 1108 1926 33
1128 1894 1217 1920 Potius
1232 1903 1311 1928 quam
1392 1891 1445 1930 {am
1466 1900 1512 1923 49,
1526 1900 1551 1917 2.
1745 1891 1767 1929 ff
1793 1901 1811 1919 2
1846 1895 1932 1927 Diua,
1950 1896 2004 1921 Dea
2025 1895 2194 1928 Armipotens
2208 1893 2271 1919 diua
2293 1892 2418 1918 Minerua
2449 1923 2453 1925 λ

287 1932 374 1958 venias
393 1932 420 1956 in
438 1929 582 1964 periculum
601 1929 711 1959 Sannio,
737 1929 857 1955 seruesne
876 1938 908 1955 an
927 1929 1021 1963 perdas
1041 1936 1143 1961 totum,
1168 1929 1311 1955 diuiduum
1373 1927 1448 1959 Virg.
1461 1927 1526 1952 Aen.
1540 1934 1566 1958 2,
1580 1935 1639 1960 425.
1712 1927 1852 1954 Armisona
1865 1929 1944 1961 diua,
1962 1929 2046 1955 Pallas
2079 1929 2125 1955 Sil.
2142 1937 2177 1960 13,
2214 1947 2221 1954 .
2259 1946 2268 1953 .
2338 1924 2417 1952 Cast·

287 1968 358 1998 face,
374 1969 392 1993 i.
405 1965 529 1991 dimidiam
542 1970 638 1999 partem
649 1967 744 1990 remitte
758 1967 824 1997 eius,
842 1964 907 2000 quod
913 1968 991 2001 petis.
1064 1964 1145 1991 Ouid.
1160 1964 1225 1991 Fast.
1236 1973 1255 1997 1,
1265 1973 1314 1997 292
1332 1972 1364 1998 50
1372 1959 1451 1992 ditm,
1473 1961 1556 1988 Pallsss
1575 1962 1637 1988 Stat.
1650 1961 1742 1989 Theb·
1757 1971 1796 1995 10,
1809 1967 1846 1995 58.
1916 1965 2037 1991 Creatrix
2050 1963 2130 1996 diua,
2154 1964 2236 1989 Venus
2253 1962 2335 1997 Virg..
2347 1961 2416 1988 Aen.

286 2002 371 2029 Insula
391 2000 497 2027 diuidua
515 2008 591 2034 quam
616 2000 709 2033 premit
727 2000 809 2026 amnis
825 2001 913 2034 Aqua,
943 2002 961 2027 i.
986 2001 1066 2036 Qiam
1084 2000 1162 2027 ambit
1171 2000 1272 2036 fluuius
1283 1999 1314 2026 ab
1374 1998 1399 2027 6,
1412 1998 1470 2030 367·
1542 1997 1682 2029 Cythereis
1701 1997 1779 2030 diua,
1803 1999 1885 2025 Venus
1914 1999 1996 2026 Ouid.
2007 2000 2074 2025 Met.
2088 2008 2117 2033 4,
2129 2003 2185 2028 288.
2255 1997 2351 2024 Potem
2364 1997 2417 2029 Cy·

286 2045 389 2073 veraque
396 2043 477 2071 parte.
532 2035 613 2060 Amne
627 2034 727 2061 diuidui
742 2035 803 2070 equi
822 2035 904 2062 Ouid.
918 2035 950 2062 de
963 2037 1019 2062 Art.
1033 2037 1092 2062 Ani.
1106 2044 1133 2068 2,
1145 2041 1202 2070 488.
1238 2035 1312 2062 Idem
1373 2032 1416 2066 pri
1429 2032 1507 2064 diua,
1539 2033 1618 2058 Venus
1639 2034 1802 2060 Hor-Carm-
1815 2042 1834 2066 ¹,
1848 2042 1871 2066 37
1885 2042 1904 2060 ¹·
1957 2035 2049 2061 Musae
2062 2035 2132 2061 Suet.
2140 2034 2229 2060 Gram·
2238 2042 2260 2059 C·
2268 2035 2293 2060 ⁶·
2347 2032 2417 2060 Tri·

288 2074 376 2100 Amor.
398 2080 418 2103 1,
437 2079 457 2103 5,
477 2079 504 2096 ιο
534 2069 649 2097 Candida
668 2069 773 2097 diuidua
794 2070 862 2096 colla
881 2077 984 2105 tegente
1005 2080 1089 2098 coma.
1125 2074 1143 2097 i.
1157 2073 1194 2097 Di
1206 2078 1273 2097 creta
1284 2074 1314 2096 in
1373 2068 1469 2093 formis
1481 2067 1560 2100 diua,
1576 2069 1668 2094 Hecate
1682 2069 1722 2095 vel
1733 2070 1820 2095 Diana
1837 2069 1925 2096 Valet.
1939 2070 2040 2103 Argon.
2053 2077 2081 2104 7,
2095 2076 2148 2102 395.
2207 2069 2275 2095 Hor.
2288 2068 2377 2095 Carm-
2390 2075 2417 2100 3,

281 2108 375 2145 flammo
389 2110 477 2132 vern'ce
489 2112 512 2131 et
524 2108 638 2141 utrinque
652 2104 756 2138 demiffiz.
810 2106 905 2132 Crines
920 2106 1026 2132 diuidui
1046 2107 1110 2133 Stat.
1117 2105 1181 2132 The
1202 2125 1209 2132 .
1222 2111 1247 2138 8,
1254 2111 1314 2139 489.
1373 2110 1417 2135 22,
1429 2112 1457 2136 4.
1612 2101 1633 2140 fl
1655 2112 1667 2136 3
1702 2104 1886 2131 Recentioribus
1896 2103 2020 2131 adieaiue
2026 2107 2142 2140 ponitur,
2150 2111 2199 2139 pro
2213 2106 2338 2135 Diuinus,
2357 2111 2418 2144 vg.

289 2145 362 2170 Luna
382 2141 461 2169 Ouid.
475 2142 536 2167 Met.
553 2149 574 2173 3,
588 2143 644 2171 682.
669 2141 710 2167 vbi
720 2141 786 2177 conf.
802 2141 888 2178 Heinfi
959 2142 1027 2168 Hor.
1040 2142 1119 2176 Epist.
1135 2148 1155 2174 ι,
1169 2148 1208 2175 17,
1220 2150 1256 2174 49
1282 2142 1314 2167 Et
1330 2147 1358 2174 55
1373 2139 1443 2165 Caro
1457 2137 1519 2165 diua
1549 2137 1627 2165 Prud.
1642 2139 1776 2171 psychom.
1790 2149 1816 2166 v.
1831 2141 1876 2174 76.
1946 2140 2031 2167 Diuae
2049 2140 2124 2167 vocis
2143 2139 2245 2166 Anubis
2265 2138 2320 2165 Ale.
2339 2139 2416 2166 Auit.
2442 2152 2443 2161 ι

287 2178 356 2205 mihi
371 2177 480 2203 diuiduo
493 2176 602 2203 findetur
615 2185 720 2202 munere
732 2177 837 2211 quadra.
907 2175 975 2203 Sulci
990 2177 1095 2204 diuidui
1115 2177 1207 2203 Claud.
1222 2178 1314 2210 Paneg.
1372 2181 1396 2206 ς,
1412 2176 1455 2207 64.
1515 2173 1573 2200 Vitl-
1588 2174 1675 2201 Cellar.
1689 2175 1746 2201 Cur.
1760 2173 1825 2208 Pcfi.
1839 2182 1869 2210 p.
1889 2184 1944 2211 243.
1999 2176 2116 2204 Borrich.
2130 2176 2209 2212 Cogit.
2224 2182 2254 2211 p.
2269 2181 2302 2210 89
2320 2180 2346 2201 et
2357 2183 2418 2210 274·
2450 2199 2457 2203 .

288 2214 380 2246 Olybr.
401 2218 425 2239 et
444 2211 571 2238 Prob.102.
640 2212 753 2238 Diuidua
770 2213 886 2240 ferarum
900 2213 1016 2246 viscera,
1030 2220 1080 2249 pro
1095 2211 1215 2246 Diffcflis
1226 2212 1315 2249 quibus
1373 2208 1394 2247 ff
1416 2219 1435 2242 4
1470 2210 1595 2236 Peculiari
1614 2210 1718 2245 quadam
1734 2214 1832 2238 ratione
1849 2211 1915 2238 Diui
1928 2212 2046 2247 appellati
2058 2212 2137 2248 sunt,
2155 2221 2216 2247 quos
2234 2211 2418 2247 consecratione
2455 2222 2457 2226 ⁴

288 2251 399 2276 camarii
415 2251 441 2273 in
458 2246 550 2282 Africa
561 2245 689 2281 vescuntur
705 2247 768 2274 Plin.
784 2256 806 2280 5,
819 2256 837 2275 1.
1373 2248 1401 2272 in
1413 2244 1513 2279 sidera,
1538 2246 1578 2271 vel
1594 2247 1622 2271 in
1642 2245 1739 2272 deorum
1757 2256 1896 2278 numerum,
1920 2249 2065 2274 retulerant.
2137 2247 2209 2274 Seru.
2222 2246 2256 2274 ad
2266 2244 2330 2273 illud
2340 2246 2417 2280 Virg-

322 2290 341 2310 D
351 2291 358 2309 1
370 2291 389 2309 v
399 2291 408 2309 1
418 2289 435 2309 D
447 2290 451 2307 1
464 2289 483 2307 Λ
492 2302 499 2314 ,
520 2291 557 2308 ae.
576 2282 595 2308 f.
629 2281 762 2309 Taedium
776 2290 801 2309 et
815 2283 942 2316 molestia,
960 2290 991 2310 vt
1004 2287 1186 2319 interpretatur
1207 2284 1314 2310 Nonius
1373 2281 1427 2307 Eel.
1439 2289 1463 2314 5,
1476 2282 1507 2313 56
1527 2281 1659 2307 Insuetum
1674 2282 1786 2309 miratur
1800 2281 1883 2309 limen
1895 2283 2004 2318 Olympi
2017 2286 2072 2316 αιί,
2097 2282 2169 2318 quafi
2186 2291 2272 2309 nouus
2284 2282 2369 2308 Deus:
2388 2285 2418 2308 et

288 2328 313 2351 2,
329 2328 382 2352 214.
438 2318 590 2349 Discordia,
614 2325 641 2344 vt
658 2319 675 2344 F
678 2318 750 2344 estus.
780 2319 860 2345 Plaut.
875 2319 995 2346 Bacchid.
1008 2330 1036 2353 4,
1050 2322 1076 2351 6,
1091 2329 1100 2345 1
1127 2320 1225 2346 Nimio
1238 2320 1312 2346 illaec
1323 2326 1357 2350 60
1373 2316 1531 2352 quibusdam
1545 2316 1653 2343 videtur
1665 2326 1711 2351 per
1723 2317 1879 2352 allegoriam
1892 2319 2029 2346 Caesarem
2043 2318 2149 2351 dicere,
2168 2318 2216 2353 qui
2233 2318 2334 2353 primus
2347 2316 2418 2343 diui-

286 2364 327 2381 res
340 2355 374 2380 est
389 2362 493 2387 magnae
508 2352 623 2379 diuidiae
636 2353 717 2385 mihi,
735 2360 780 2380 etc.
799 2357 946 2390 Antiquam.
1017 2354 1098 2381 Plaut.
1111 2354 1194 2381 Cafin.
1209 2364 1234 2387 2,
1248 2364 1314 2388 2,10
1373 2361 1421 2379 nos
1436 2351 1549 2378 honores
1561 2353 1675 2384 meruit,
1697 2359 1724 2380 et
1737 2354 1822 2380 Diuus
1836 2354 1980 2388 appellatus
1991 2354 2035 2381 est.
2104 2354 2179 2381 Idem
2193 2352 2225 2380 ad
2237 2361 2259 2387 ς,
2272 2360 2306 2386 45
2322 2349 2418 2380 Βίαὒηι

287 2390 357 2417 Nam
371 2390 440 2423 quod
453 2388 504 2414 tibi
520 2388 555 2414 est
573 2397 663 2423 aegre,
688 2389 755 2415 idem
775 2390 842 2416 mihi
863 2390 899 2416 est
917 2389 1044 2416 diuidiae.
1115 2389 1269 2424 Fulgentius
1283 2391 1314 2417 de
1373 2394 1399 2415 et
1412 2389 1517 2414 Deorum
1530 2387 1711 2415 indifferenter
1723 2389 1879 2424 plerumque
1891 2391 1967 2424 ponit
1981 2391 2077 2422 Poeta,
2095 2398 2256 2424 quamquam
2272 2388 2303 2415 fit
2321 2387 2418 2424 discre-

285 2425 371 2452 Prisco
386 2425 504 2450 sermone
525 2433 551 2449 n.
565 2433 596 2456 34
624 2433 669 2458 per
681 2425 831 2452 Tristitiani
846 2428 946 2460 exponit
959 2434 987 2450 ex
999 2424 1155 2463 Propertio,
1192 2425 1314 2451 Diuidias
1374 2424 1431 2455 tio,
1454 2428 1482 2449 vt
1500 2425 1566 2450 Deos
1583 2430 1724 2458 perpetuos
1743 2425 1875 2457 dicamus,
1892 2427 1972 2452 Diuos
1991 2433 2024 2452 ex
2043 2425 2200 2452 hominibus
2219 2424 2319 2457 faetos,
2343 2420 2416 2458 quast
2462 2434 2463 2437 ¹

285 2461 380 2486 mentis
393 2459 496 2486 conficit
510 2460 595 2485 omnis
607 2460 698 2486 Amor.
746 2461 851 2488 Videtur·
863 2461 1003 2496 formatum
1018 2458 1059 2493 effe
1077 2459 1111 2485 ad
1124 2459 1315 2493 fimilitudinem
1375 2459 1421 2492 qui
1437 2458 1506 2484 diem
1520 2458 1638 2486 obierint
1661 2461 1841 2497 (ineptafiztis
1853 2462 2022 2498 etymologia)
2046 2460 2116 2487 vnde
2135 2462 2215 2487 Diuos
2234 2459 2314 2493 etiam
2333 2460 2418 2494 impe-

285 2495 377 2522 Gracci
397 2496 580 2529 m'qilumssique
592 2495 749 2529 rijsonderffl
767 2506 828 2523 cura
841 2495 972 2528 diuidens,
991 2505 1021 2522 ac
1038 2493 1189 2531 distringens
1201 2498 1315 2521 animum.
1330 2496 1361 2528 63
1375 2499 1474 2520 ratores
1489 2501 1621 2519 vocamus.
1654 2496 1774 2521 quenal.
1795 2498 1832 2526 (6,
1849 2498 1899 2527 115)
1919 2497 2018 2531 qui'ce
2030 2497 2124 2522 riuales
2135 2496 2256 2522 diuorum.
2272 2494 2418 2528 sedwa-ro

285 2532 344 2558 Vet.
357 2529 399 2555 Gl.
417 2528 551 2562 indxftesa,
569 2528 680 2562 διχόνοια.
1374 2534 1400 2554 et
1413 2528 1513 2553 Atteius
1527 2535 1617 2554 contra
1631 2529 1761 2562 sentiunt,
1780 2529 1896 2556 dieentes
1908 2532 1988 2556 Diuos
2000 2536 2155 2564 perpetuos,
2167 2532 2233 2556 Deos
2246 2530 2294 2563 qui
2308 2533 2357 2562 pro
2376 2535 2422 2557 tet·
2458 2532 2462 2535 ⁷

325 2571 344 2589 D
355 2571 364 2590 1
374 2571 393 2589 v
404 2571 413 2588 1
423 2570 457 2588 DI
468 2568 485 2587 c
496 2570 514 2590 ν
526 2571 541 2588 L
553 2571 589 2595 Α,
608 2565 717 2599 Antiqui
736 2567 872 2600 dicebant,
896 2574 963 2601 quae
980 2574 1049 2591 nunc
1068 2566 1126 2591 sunt
1142 2565 1266 2598 Castella,
1285 2574 1317 2592 ex
1376 2564 1416 2590 sui
1429 2563 1650 2590 consecrationem
1665 2565 1809 2596 timentur,
1827 2571 1857 2591 vt
1869 2566 1928 2591 sunt
1940 2565 1987 2592 Dii
2000 2566 2106 2597 Manes,
2128 2564 2201 2600 quod
2213 2564 2296 2598 tangit
2308 2563 2338 2589 in
2369 2572 2418 2590 uo-

289 2599 384 2634 quibus
398 2606 412 2623 a
425 2596 490 2636 ι·ἰιιου
498 2599 734 2636 conimuni'aquam
744 2603 855 2635 quisque
869 2603 897 2628 in
910 2604 983 2628 sumn
997 2601 1109 2627 fundum
1118 2601 1198 2627 ducit.
1219 2601 1314 2628 Festus.
1376 2598 1480 2626 decimo
1500 2602 1577 2631 (139)
1603 2600 1671 2625 Diua
1689 2599 1757 2626 deam
1770 2598 1874 2636 stagnis
1891 2609 1951 2636 quae
1962 2600 2158 2636 fluminibusque
2166 2601 2268 2635 fhnoris
2281 2595 2414 2631 Praefidet.

324 2640 342 2660 D
355 2639 394 2659 IV
406 2639 413 2657 1
425 2638 470 2656 DV
481 2638 489 2655 1
500 2637 589 2661 TAS,
609 2635 664 2657 fitls-
683 2633 703 2657 f.
740 2635 817 2660 Caius
836 2637 864 2661 in
885 2638 902 2662 l.
925 2638 951 2663 Si
973 2637 993 2662 is
1003 2657 1010 2668 ,
1025 2637 1072 2671 qui
1085 2637 1116 2663 D.
1131 2636 1163 2662 ad
1181 2637 1231 2671 leg.
1244 2637 1312 2663 Falc.
1376 2635 1445 2661 Diua
1458 2634 1500 2660 hic
1513 2636 1573 2661 Iuno
1588 2633 1637 2667 ist,
1656 2635 1710 2661 Dea
1723 2637 1837 2662 Iuturna.
1872 2635 1931 2670 Ipsa
1945 2633 2132 2670 illafluffuatio
2139 2635 2208 2671 fiatis
2219 2632 2317 2660 indicat
2330 2629 2411 2663 Diuo·

288 2670 360 2697 Haec
372 2668 461 2700 itaque
476 2665 577 2699 legata,
588 2673 653 2698 quae
672 2665 856 2693 diuiduitatem
875 2679 928 2695 non
946 2672 1091 2704 recipiunt,
1104 2678 1158 2697 tota
1172 2672 1203 2698 ad
1220 2673 1315 2706 legata·
1328 2680 1363 2708 70
1376 2669 1419 2703 effe
1433 2671 1504 2696 Deos.
1540 2670 1591 2695 Oui
1605 2672 1632 2695 in
1644 2672 1750 2696 Deorum
1762 2679 1886 2696 numerum
1903 2671 1978 2697 relati
1992 2669 2080 2703 effint,
2099 2672 2140 2696 vti
2152 2670 2239 2702 Deos,
2257 2667 2418 2710 itapraqsorj

289 2704 360 2732 rium
378 2702 515 2737 pertinent.
536 2703 554 2725 i.
578 2699 667 2725 Diuidi
680 2710 724 2725 non
734 2700 840 2739 poffimt.
860 2705 948 2736 Aliqui
960 2705 1057 2738 legum,
1070 2706 1211 2732 Diuiditas.
1375 2709 1421 2732 tim
1433 2705 1516 2731 Diuos
1529 2695 1611 2731 ἆῖἶῖοε
1628 2703 1686 2738 esst,
1696 2705 1764 2741 satis
1780 2711 1880 2740 praeter
1900 2705 1977 2732 libros
1997 2708 2065 2731 numi
2082 2714 2174 2741 quoque
2193 2705 2294 2736 docent,
2314 2707 2341 2730 in
2361 2711 2434 2738 qia-y

325 2746 360 2765 DI
374 2744 408 2764 Vl
420 2743 437 2762 D
448 2744 467 2762 v
479 2743 505 2762 E.
542 2734 609 2774 Mu:
645 2734 725 2774 Plaut.
743 2744 773 2774 ‘m
787 2736 843 2774 Cas.
863 2744 886 2764 2,
909 2745 931 2767 2,
952 2745 979 2761 10
1007 2739 1103 2771 quidam
1122 2741 1221 2773 legunt,
1244 2742 1315 2768 Nam
1375 2741 1420 2766 bus
1432 2741 1516 2766 Diuus
1530 2740 1612 2766 Iulius
1627 2741 1714 2775 Caesar
1727 2747 1751 2766 et
1764 2741 1830 2766 Diui
1843 2740 1913 2766 filius
1923 2739 2065 2776 Augustus,
2084 2747 2129 2767 etc.
2143 2740 2233 2776 paffim
2247 2739 2416 2765 celebrantur:

291 2774 365 2810 quod
378 2772 427 2798 tibi
441 2778 516 2804 aegre
530 2770 581 2801 est,
601 2768 671 2795 idem
683 2769 749 2795 inihi
762 2769 797 2795 est
812 2770 928 2796 diuidue.
965 2772 1021 2795 Alii
1031 2773 1128 2805 legunt,
1146 2774 1280 2801 Diuidiae.
1383 2776 1416 2799 Vt
1429 2776 1504 2807 Virg.
1519 2777 1582 2799 Aen.
1596 2776 1622 2805 6,
1635 2782 1684 2807 793
1716 2775 1845 2807 Augustus
1857 2775 1968 2808 Caesar,
1991 2775 2056 2802 Diui
2071 2784 2170 2810 genus..
2234 2772 2292 2800 Vid.
2307 2772 2415 2800 Sueton.

327 2816 345 2836 D
356 2815 365 2833 1
374 2815 394 2833 v
404 2815 413 2833 1
425 2814 443 2832 N
457 2814 463 2832 ι
474 2813 494 2832 Τ
504 2812 523 2831 ν
532 2813 544 2831 s
554 2825 561 2837 ,
584 2811 618 2830 Di
629 2810 648 2829 ν
659 2812 667 2830 ι
678 2810 698 2829 N
708 2811 726 2831 o
735 2824 742 2836 ,
762 2812 780 2831 D
790 2812 797 2830 1
807 2812 826 2831 v
837 2813 844 2830 ι
856 2812 876 2831 Ν
888 2812 906 2830 ν
917 2812 945 2836 s,
970 2805 1022 2830 vid.
1044 2811 1062 2831 D
1072 2813 1082 2831 1
1092 2812 1111 2830 ν
1121 2813 1144 2832 s.
1378 2808 1450 2832 Caes.
1458 2817 1480 2832 c.
1489 2816 1498 2832 1
1527 2808 1610 2833 Iulius
1622 2809 1716 2834 Caesar
1732 2809 1815 2834 Diuus
1830 2817 1926 2835 annum
1939 2818 2085 2845 agens,etc.
2138 2808 2206 2836 Add.
2215 2809 2332 2841 Aug.c.2
2345 2813 2371 2834 et
2380 2814 2418 2841 ις.

326 2849 346 2870 D
356 2849 450 2868 1visi
462 2847 481 2866 ο
495 2860 502 2872 ,
525 2847 558 2866 DI
569 2845 588 2864 v
600 2846 608 2864 1
618 2846 699 2870 soit,
720 2840 772 2866 vicl.
792 2847 809 2866 D
819 2848 827 2865 1
837 2848 856 2865 v
867 2848 875 2866 1
886 2847 930 2867 Do
941 2860 948 2871 ‚
963 2839 1050 2875 fispra.
1335 2848 1366 2875 7⁵
1380 2841 1501 2866 Claucl.c.
1511 2847 1548 2874 17.
1569 2841 1624 2866 Cal.
1635 2847 1700 2873 c.38.
1736 2843 2247 2878 DiuumappellareSueton.Dom.c.23.
2284 2842 2351 2869 Diui
2363 2843 2417 2871 fra·

327 2884 410 2905 DIVI
421 2882 442 2902 T
451 2884 459 2902 1
469 2883 489 2902 A
499 2882 514 2901 E
524 2895 532 2907 ‚
557 2881 575 2900 D
584 2882 593 2900 1
603 2881 622 2900 V
632 2881 640 2899 1
650 2879 670 2900 T
681 2881 716 2907 O,
733 2883 768 2901 as.
796 2875 849 2901 vid.
869 2883 887 2902 D
897 2883 905 2901 1
915 2883 935 2901 V
944 2881 960 2902 E
971 2881 993 2901 S.
1379 2881 1430 2901 tres
1444 2885 1470 2901 ιη
1486 2875 1617 2901 Pandeffls
1629 2876 1782 2911 appellantur
1799 2880 1838 2905 M.
1853 2882 1996 2907 Antoninus
2007 2881 2048 2906 ille
2059 2878 2221 2914 Philosophus
2241 2885 2264 2904 et
2277 2879 2306 2905 L.
2325 2879 2418 2912 Verus,

327 2919 346 2939 D
356 2921 364 2939 1
374 2919 425 2939 VM
437 2930 445 2943 ,
480 2910 532 2937 vid.
563 2916 599 2936 Di
610 2916 628 2934 V
638 2917 660 2935 s.
847 2945 851 2949 ¹
1164 2943 1171 2949 θ
1380 2917 1424 2936 etc.
1471 2911 1579 2948 Longum
1595 2911 1735 2947 Catalogum
1756 2915 1950 2949 Imperatorum,
1965 2917 2008 2950 qui
2021 2914 2087 2940 Diui
2101 2917 2127 2940 in
2136 2913 2271 2940 Pandec‘tis
2284 2921 2417 2947 vocantur,

328 2955 345 2974 D
356 2955 393 2974 ιν
404 2952 520 2976 Οινο,
550 2946 602 2971 ὅτε.
639 2944 724 2970 Multa
739 2945 825 2971 secum
844 2945 898 2979 ipse
918 2944 1058 2972 diuoluens
1083 2944 1215 2972 Ammian.
1233 2946 1278 2977 26,
1297 2953 1319 2977 3.
1379 2945 1447 2971 dedit
1461 2945 1567 2978 Briſjoa.
1587 2946 1615 2972 dc
1634 2948 1663 2973 V.
1678 2949 1703 2975 Σ.
1756 2950 1823 2984 Qin
1837 2950 1882 2976 hoc
1893 2951 2096 2976 communicatum
2116 2952 2188 2975 etiam
2206 2960 2259 2976 cum
2267 2949 2418 2985 parentibus
2454 2959 2457 2962 ⁴

289 2987 310 3011 ἑ.
322 2984 369 3012 buc
381 2982 438 3008 illuc
451 2983 550 3007 voluens
566 2987 588 3006 et
601 2982 721 3015 cognom.
1381 2983 1567 3015 Imperatorum,
1579 2988 1608 3007 vt
1620 2982 1684 3009 Diui
1697 2992 1859 3016 vocarentur,
1874 2986 1932 3011 licet
1945 2994 1992 3011 non
1998 2984 2112 3019 Jbllemni
2123 2987 2176 3011 ritu
2189 2986 2326 3022 consecrati
2333 2984 2417 3019 eſj'ent,

326 3025 392 3045 niv
404 3023 422 3042 O
434 3024 451 3043 R
461 3024 482 3043 'r
494 3023 529 3042 lv
541 3022 566 3041 M
577 3035 585 3047 ,
610 3015 663 3041 vid.
682 3021 867 3043 DIVERTO.
1332 3023 1364 3049 80
1381 3019 1448 3041 numi
1469 3015 1605 3049 testantur,
1625 3027 1683 3052 quoi
1703 3020 1825 3053 produxit
1843 3020 1934 3055 Spanh.
1954 3019 2009 3054 drſjss
2021 3030 2045 3046 11
2058 3026 2088 3055 p.
2098 3027 2144 3052 328
2151 3020 2192 3056 sq.
2245 3022 2329 3048 Etiam
2343 3021 2416 3048 Chri-

328 3060 347 3080 D
359 3061 366 3079 1
376 3060 423 3079 VR
434 3058 500 3084 ΝΟ,
526 3059 560 3077 as.
586 3050 639 3076 vid.
666 3057 683 3077 D
694 3058 702 3076 1
712 3057 742 3076 v.
1372 3050 1472 3084 stianor
1487 3053 1649 3086 Imperatores
1663 3054 1863 3081 Constantinum
1883 3056 1920 3082 M.
1932 3056 2073 3082 Iouianum
2092 3063 2115 3081 et
2131 3063 2238 3082 caeteros
2249 3055 2284 3083 ad
2295 3056 2416 3083 Valenti-

328 3095 346 3115 D
357 3097 364 3114 1
375 3095 394 3114 V
404 3095 422 3114 R
433 3094 453 3113 N
464 3093 483 3112 ν
494 3092 506 3112 s
515 3106 522 3118 ,
557 3085 610 3112 vid.
641 3092 676 3112 ni
688 3091 703 3111 E
712 3091 734 3111 s.
1380 3088 1488 3113 nianum
1497 3088 1610 3122 usqucII.
1627 3087 1710 3114 Diuos
1723 3093 1749 3114 in
1757 3091 1866 3125 publicis
1877 3095 2038 3117 monumentis
2052 3095 2138 3117 vocari
2151 3091 2299 3127 obseruatum
2306 3089 2381 3125 est‚v.
2387 3098 2415 3128 g.

329 3130 347 3149 D
358 3131 396 3149 Η,
406 3129 423 3148 R
433 3130 449 3149 E
458 3128 478 3148 T
489 3128 550 3148 mv
562 3127 575 3147 S
588 3141 595 3153 ‚
619 3130 643 3153 a,
668 3129 722 3146 um.
757 3119 817 3146 Adi.
853 3120 865 3153 [
879 3116 1008 3154 δηκρετικδς
1020 3121 1033 3154 ]
1069 3119 1141 3154 Quod
1151 3123 1251 3148 vrinam
1264 3122 1320 3151 ciet,
1378 3131 1393 3148 a
1408 3122 1557 3158 Schotpjiino
1570 3123 1598 3148 de
1609 3123 1746 3159 Consecrat.
1762 3127 1888 3161 Imperatt.
1897 3133 1926 3162 p.
1940 3136 1972 3161 49
1979 3127 2021 3162 sq.
2040 3127 2103 3152 vnde
2115 3130 2186 3153 etiam
2199 3128 2329 3154 Diuariim
2336 3136 2414 3154 exem-

294 3165 316 3185 ot
329 3162 384 3184 vias
398 3158 464 3184 illius
477 3160 574 3196 aperit,
592 3156 620 3182 ab
634 3154 699 3192 ἔρον,
717 3159 801 3196 prino.
837 3155 907 3196 Cael.
920 3156 1008 3181 Aurel.
1023 3155 1107 3195 Tard.
1123 3164 1140 3186 1,
1152 3167 1177 3189 4,
1192 3164 1232 3190 117
1246 3163 1267 3181 ot
1280 3161 1320 3196 138
1373 3159 1419 3193 pla
1433 3161 1510 3192 repeti
1518 3157 1625 3193 poffimt.
1663 3159 1732 3185 M1h1·
1743 3163 1825 3196 itaque
1839 3161 1936 3188 dubium
1950 3160 2037 3195 nonqsl
2046 3182 2053 3194 ,
2062 3162 2144 3189 Diuos
2157 3161 2351 3198 appellaripqffl
2364 3171 2416 3189 ma-

295 3194 467 3220 Medicamina
480 3193 615 3218 diuretica.
685 3191 761 3218 Prisc.
775 3191 807 3217 de
821 3192 913 3217 Diaeta
924 3200 944 3217 c.
962 3200 978 3223 9
1001 3190 1130 3224 Tripsaca
1143 3190 1225 3218 herba
1238 3191 1320 3217 calida
1336 3198 1364 3227 85
1379 3203 1441 3229 gnos
1454 3195 1577 3226 homines,
1593 3193 1679 3229 quibus
1687 3201 1791 3230 propter
1810 3196 1950 3223 excellentia
1962 3200 2051 3224 merita
2063 3199 2102 3224 vel
2107 3198 2220 3234 sollemni
2238 3201 2291 3226 ritu
2305 3196 2416 3232 caelestis

295 3234 319 3254 et
335 3229 469 3255 diurctica.
510 3228 577 3253 Vina
595 3226 689 3266 Pallad.
703 3225 798 3253 Ofiob.
812 3232 829 3266 t.
847 3235 885 3266 ¹⁶1·-
1381 3228 1502 3264 affigimur
1510 3229 1581 3265 fides
1592 3227 1643 3261 est,
1662 3232 1701 3256 uel
1712 3231 1798 3264 quibus
1811 3241 1862 3258 eam
1874 3231 2017 3266 ἀρωγὴ-[ῖς
2029 3232 2139 3260 indicare
2152 3236 2262 3261 velimus.

334 3269 351 3288 D
361 3270 398 3289 ιν
409 3271 431 3295 s,
445 3273 467 3292 a.
484 3271 536 3289 uni.
557 3262 617 3289 Adi.
638 3260 759 3295 [διογενὴς]
782 3262 885 3296 Aliquis
899 3261 931 3288 ab
944 3262 1009 3287 Ioue
1022 3270 1101 3295 genus
1115 3261 1225 3294 ducens,
1239 3265 1322 3296 inquit
1418 3271 1435 3290 ι)
1448 3271 1456 3289 1
1469 3271 1488 3289 v
1501 3271 1510 3290 1
1523 3272 1544 3290 Ν
1556 3271 1575 3288 ν
1586 3272 1616 3296 s,
1640 3273 1664 3297 a,
1691 3273 1743 3291 uni.
1780 3266 1840 3293 Adi.
1884 3267 1982 3302 [θεῖος]
2018 3268 2089 3295 (iuod
2102 3267 2134 3302 est
2149 3269 2202 3300 dei,
2225 3268 2290 3304 quod
2300 3268 2335 3296 ad
2345 3266 2415 3296 desim

299 3297 392 3336 Festus.
427 3298 565 3333 (Ic-iterastis,
578 3298 691 3329 diuinus,
709 3297 759 3336 aim}
773 3298 805 3322 τέ
818 3295 876 3329 διὸς,
894 3300 911 3323 i.
926 3299 952 3323 A
966 3299 1029 3323 Ioue.
1067 3296 1140 3336 Virg.
1154 3299 1217 3322 Aen.
1233 3299 1321 3330 11,657
1375 3303 1503 3334 pertinet,
1516 3300 1596 3333 simile
1611 3301 1675 3331 Deo,
1693 3301 1720 3327 di
1748 3311 1794 3326 zum
1807 3302 1864 3335 deo,
1879 3303 1999 3338 quidquid
2010 3294 2318 3341 &usuramperfeflionis
2330 3304 2414 3331 huma-

301 3333 370 3364 Qias
384 3333 434 3366 ipsa
448 3334 523 3359 decus
542 3333 590 3359 {ibi
617 3333 659 3359 dia
682 3332 793 3359 Camilla
828 3333 941 3366 Delegit.
1012 3332 1065 3358 Dea
1082 3331 1125 3358 dia
1147 3333 1223 3358 Inscr.
1244 3333 1320 3358 Grut.
1380 3344 1425 3360 nac
1439 3335 1547 3365 excedit,
1567 3342 1612 3361 etc.
1648 3336 1697 3362 Res
1728 3337 1959 3373 iuinafficrisicium
1978 3339 2044 3365 Ter.
2058 3341 2122 3367 Eun.
2136 3349 2159 3373 3,
2173 3349 2197 3373 3,
2211 3347 2228 3375 7
2248 3339 2294 3367 Ait
2305 3347 2360 3366 rem
2373 3337 2413 3365 di-

302 3375 325 3398 p.
340 3375 382 3395 121,
398 3375 415 3392 1.
445 3372 462 3393 i.
476 3369 558 3395 Diana
570 3370 609 3394 uel
622 3369 701 3394 Iuno:
741 3367 798 3394 Vid.
819 3368 916 3403 Gesner.
936 3367 970 3393 ad
983 3368 1074 3393 Caton.
1090 3368 1119 3393 R.
1135 3368 1164 3393 R.
1181 3377 1203 3401 p.
1218 3373 1259 3397 αἱ(
1283 3377 1318 3402 eq.
1333 3378 1373 3405 90*
1382 3371 1470 3396 vinam
1484 3371 1583 3402 feciil'e,
1603 3375 1629 3396 et
1641 3380 1697 3397 rein
1712 3372 1804 3399 seriam
1841 3373 1917 3400 Velle
1937 3382 2014 3408 agere
2027 3384 2137 3402 mecum.
2206 3375 2273 3402 Add.
2288 3376 2357 3408 Nep·-
2371 3382 2414 3407 23,

303 3400 345 3426 Ph.
359 3410 373 3425 a
390 3402 468 3427 Turre
480 3406 551 3429 Amr.
565 3407 640 3430 Antii
659 3413 682 3437 p.
698 3412 736 3429 101
757 3410 779 3429 et
794 3408 846 3434 389.
918 3402 1025 3429 Mosella
1044 3402 1087 3428 dia
1108 3404 1203 3442 Auson.
1225 3404 1255 3429 Ei
1276 3402 1320 3434 yll·
1381 3414 1404 3437 3,
1417 3414 1443 3437 4.
1463 3412 1485 3430 et
1499 3415 1557 3440 quac
1570 3405 1654 3431 domus
1673 3415 1698 3432 n.
1712 3415 1737 3434 2.
1807 3409 1873 3435 Cato
1891 3418 1913 3435 c.
1928 3417 1967 3443 14,
1983 3418 1994 3441 3
2024 3411 2093 3438 Side
2108 3411 2180 3438 caelo
2192 3411 2258 3439 villa
2271 3409 2343 3437 radia
2356 3409 2413 3442 liet,

304 3435 403 3460 Luci-et.
418 3444 439 3466 5,
454 3440 507 3465 ¹386
526 3440 571 3465 Per
583 3439 639 3465 loca
653 3438 784 3474 pastorum
801 3439 915 3470 deserta,
931 3445 1009 3473 atque
1023 3438 1085 3464 Otia
1098 3438 1148 3464 dia.
1184 3443 1201 3465 i.
1217 3441 1320 3464 Diuina.
1383 3440 1414 3466 de
1427 3449 1457 3466 ea
1475 3449 1504 3466 re
1519 3441 1598 3467 verba
1617 3441 1708 3469 diuina
1722 3443 1762 3469 vti
1779 3443 1842 3470 fiant
1864 3452 1995 3479 procuret.
2029 3447 2070 3473 Sic
2088 3447 2149 3474 libri
2166 3448 2272 3482 antiqui.
2308 3446 2339 3471 In
2352 3447 2413 3471 aliie

306 3468 374 3506 Idem
395 3477 416 3508 5,
435 3478 493 3509 942.
514 3472 645 3510 Multaque
660 3480 791 3507 praeterea
804 3474 907 3500 nouitas
921 3479 976 3500 tum
992 3473 1084 3500 florida
1098 3474 1189 3500 mundi
1225 3473 1321 3500 Pabula
1381 3476 1557 3510 exemplaribus
1576 3476 1633 3502 hacc
1652 3477 1697 3503 duo
1710 3479 1826 3506 vocabula
1845 3479 1948 3516 definit,
1971 3480 2063 3508 diuina
2082 3489 2105 3509 et
2118 3487 2249 3518 procuret.
2267 3476 2269 3479 ¹
2319 3481 2412 3507 Homo
2458 3499 2466 3504 ›

306 3501 348 3526 dia
359 3503 432 3534 tulit,
459 3505 557 3544 miseris
575 3509 727 3546 moi-talibus
745 3509 839 3542 ampla.
911 3509 1041 3536 Sententia
1054 3509 1097 3534 dia
1127 3510 1193 3536 Hor.
1208 3510 1287 3535 Serm.
1304 3518 1321 3539 1,
1382 3511 1473 3537 diuina
1485 3517 1510 3537 et
1522 3511 1673 3538 incredibili
1686 3511 1736 3539 fide
1766 3514 1822 3540 Cic.
1835 3524 1883 3549 pro
1895 3516 1989 3542 Milon.
2003 3525 2043 3549 92.
2271 3512 2292 3552 ff
2313 3524 2326 3542 2
2363 3515 2413 3544 Sed

308 3545 382 3575 ²13²·
416 3571 420 3575 Δ
453 3540 516 3577 ᾨιιις
529 3540 628 3580 Fidius,
646 3545 696 3570 uid.
716 3551 862 3571 F1D1vs.
1055 3541 1075 3581 ff
1097 3553 1112 3571 2
1149 3545 1220 3571 Non.
1235 3554 1258 3576 2,
1274 3550 1322 3577 248
1333 3556 1365 3582 95
1384 3556 1454 3582 quam
1467 3548 1516 3573 late
1529 3547 1573 3574 hoc
1585 3555 1779 3582 nomenpatcat,
1798 3554 1886 3584 optime
1900 3561 1928 3577 ex
1937 3550 2101 3585 Substantiuis
2124 3551 2208 3589 quibui·
2221 3550 2357 3583 adiicitur,
2372 3554 2412 3578 in·
2466 3569 2469 3574 ·

308 3571 380 3601 01¹⁵,
397 3571 502 3597 dffl‘fflffl
517 3581 543 3598 ὃ(
557 3576 666 3613 ¹¹¹gibus.
701 3581 785 3606 Varro
802 3579 847 3605 'dios
862 3578 944 3614 λύρας.
981 3580 1066 3612 Qiam
1084 3579 1211 3607 mobilem
1229 3580 1321 3606 diuum
1382 3584 1513 3619 telligitur.
1556 3582 1771 3610 Adniurnnu-atio
1784 3584 1875 3612 diuina
1892 3587 1996 3614 Senatus
2008 3573 2154 3624 frequer'itis
2171 3587 2199 3613 in
2211 3585 2275 3612 aede
2288 3586 2412 3614 Bellonae
2454 3594 2457 3596 ⁷

307 3605 388 3646 lyram
402 3606 436 3630 sol
452 3606 571 3641 liarmoge
589 3612 703 3641 Qiadarn
722 3614 865 3647 gubernans
878 3614 993 3652 motibus
1007 3614 1056 3640 diis
1070 3621 1152 3649 vegct.
1190 3613 1322 3651 Sedpotzst
1383 3618 1438 3644 Cic.
1452 3619 1528 3644 Verr.
1541 3625 1564 3650 5,
1579 3626 1617 3651 41.
1638 3621 1654 3643 i.
1667 3618 1838 3652 admirabilis,
1859 3628 1882 3649 et
1896 3622 2044 3651 dtm'natrix.
2113 3624 2194 3650 Amor
2208 3621 2315 3648 diuinus
2334 3622 2384 3649 Vir
2403 3641 2411 3649 .

308 3647 379 3680 (ἰωῇ
394 3640 488 3665 dmmos
501 3648 650 3678 aeternosque
665 3656 691 3671 cx
710 3650 803 3676 illorum
812 3649 1051 3684 Jz-memsassdcrwn
1064 3658 1141 3676 motus
1154 3654 1220 3678 inter
1227 3653 1257 3688 se
1268 3661 1323 3677 con-
1384 3654 1447 3679 Aen.
1464 3658 1487 3684 8,
1501 3660 1554 3687 373.
1627 3654 1680 3679 Cic.
1698 3653 1729 3680 de
1744 3655 1847 3682 Amicit.
1870 3665 1892 3689 ¹3
1907 3666 1928 3683 c.
1940 3667 1958 3691 4
1989 3659 2119 3694 Apollinis
2136 3657 2244 3683 oraculo
2262 3631 2411 3692 sapientissi-

318 3682 538 3723 f'¹‘¹<'{¹'‘'¹''W-W-
620 3712 625 3716 ¹
663 3713 670 3719 .
724 3681 743 3717 fl
764 3692 775 3713 3
811 3687 894 3711 Varro
916 3685 946 3711 de
959 3685 988 3711 L.
1002 3685 1031 3711 L.
1052 3688 1075 3715 6,
1089 3694 1099 3717 3
1114 3695 1136 3719 Ρ,
1151 3694 1195 3720 72,
1209 3696 1226 3719 4
1253 3687 1321 3713 Hinc
1384 3698 1441 3715 mus
1457 3688 1491 3714 cst
1510 3687 1653 3720 iudicatus,
1673 3690 1718 3722 qui
1733 3699 1786 3716 non
1802 3697 1857 3718 tuni
1877 3692 1939 3726 hoc,
1956 3700 2011 3721 tuni
2033 3694 2113 3726 illud,
2129 3697 2157 3719 vt
2170 3692 2197 3717 in
2213 3692 2354 3726 plerisque,
2366 3691 2411 3720 sed

307 3710 443 3770 garnuinus
457 3718 605 3748 nominatur
618 3721 645 3737 in
657 3714 828 3744 Samothraces
841 3721 968 3752 mysteriis
977 3721 1040 3746 Dius
1054 3721 1160 3755 quidam
1172 3721 1457 3752 aduiinistcrmoideu:
1473 3725 1704 3756 tempu-,Animos
1719 3725 1855 3753 hominum
1864 3729 1911 3754 eise
1919 3728 2036 3758 diuinos.
2070 3728 2167 3755 Animo
2175 3727 2242 3753 nihil
2250 3728 2285 3754 est
2292 3727 2411 3754 diuinius

332 3753 364 3769 ¹¹5
379 3754 483 3790 '‘lag“[S-
541 3780 555 3804 ς
576 3779 591 3805 b
665 3781 682 3788 ..
1384 3760 1440 3786 Cic.
1450 3758 1601 3792 Parad.1‚4.
1639 3760 1723 3786 Aurae
1738 3761 1976 3798 diuinaeparticula
1995 3768 2090 3792 animus
2108 3762 2227 3789 humanus
2249 3764 2314 3789 Hor.
2328 3763 2411 3790 Serm.

344 3786 361 3805 Ι)
373 3786 378 3819 .¹
390 3787 399 3803 N
410 3787 449 3830 ᾖξ’·
465 3788 480 3804 ¹-
496 3788 520 3804 ¹¹·
542 3789 573 3805 =1¹
595 3780 621 3805 st·
643 3782 710 3821 [0019]
728 3785 804 3816 Qud
819 3787 863 3812 sub
875 3790 944 3815 caelo
957 3790 991 3816 est
1005 3797 1077 3818 extra
1091 3791 1238 3822 teelum,ab
1247 3792 1321 3824 Ioue,
1383 3803 1410 3827 2,
1424 3803 1449 3826 2,
1466 3803 1502 3828 73.
1539 3794 1689 3820 Αιιὲῐοιιως
1696 3802 1773 3830 atque
1782 3798 1864 3824 virtus
1878 3799 1969 3826 diuina
1982 3799 2139 3835 quaedamet
2153 3797 2270 3824 inaudita
2284 3799 2339 3825 Cic.
2353 3797 2410 3833 post

306 3821 387 3849 mqmt
400 3815 408 3839 l
420 3814 493 3839 (ssus.
548 3816 600 3863 lulli
619 3815 669 3862 >nb
684 3816 728 3842 dio
744 3828 816 3852 agere
837 3822 899 3848 lior.
915 3827 999 3851 Carni.
1014 3835 1036 3858 3,
1050 3835 1070 3859 ς.
1142 3827 1196 3853 Cic.
1211 3828 1286 3853 Verr.
1303 3836 1321 3857 1,
1383 3829 1437 3855 red.
1455 3829 1483 3854 ad
1498 3829 1618 3862 Qiiritcs
1631 3837 1648 3863 7
1662 3839 1682 3856 c.
1699 3839 1718 3861 3.
1756 3833 1912 3861 Beneficium
1926 3836 1997 3861 Idem
2011 3836 2081 3861 Fam.
2095 3841 2133 3864 10,
2147 3833 2232 3868 14fin.
2268 3834 2355 3860 Maior
2362 3833 2410 3860 ali-

308 3857 366 3888 5¹.‘·
383 3858 408 3889 ¹9,
433 3850 482 3898 ¹¹¹9,
492 3858 596 3888 quaesto,
607 3859 676 3897 *quate
689 3852 753 3891 apud
768 3860 790 3878 tc
803 3864 884 3894 nuper
895 3857 1027 3886 adomnes
1046 3861 1178 3888 columnas
1195 3862 1319 3888 omnibus
1383 3873 1433 3899 qua
1446 3865 1525 3891 Causa
1540 3872 1617 3898 atque
1631 3865 1749 3893 diuinior
1764 3868 1827 3895 hanc
1838 3870 1894 3897 vim
1908 3869 2026 3904 ingenuit
2039 3867 2077 3894 Id.
2093 3867 2124 3893 de
2138 3868 2195 3893 Fin.
2211 3875 2224 3900 ς
2236 3878 2257 3895 e.
2272 3877 2305 3896 ιι.
2341 3870 2411 3896 Con-
2440 3887 2444 3892 -

306 3891 382 3910 “¹³⁰¹
403 3885 627 3917 ¹¹¹¹“¹³0¹¹¹¹¹¹¹¹¹¹³›
661 3894 689 3911 ¹¹¹
709 3887 769 3913 ”¹¹¹³
788 3888 898 3923 demque
921 3892 1038 3926 dispoiita
1057 3897 1103 3923 sub
1124 3897 1170 3925 dio
1192 3897 1318 3927 vidimus.
1331 3901 1528 3934 105dimentum
1540 3900 1663 3927 diuinum
1677 3911 1722 3936 quo
1734 3911 1837 3932 utuntur
1850 3905 1887 3932 dii
1914 3906 1996 3934 Plaut.
2007 3902 2096 3931 Pseud.
2110 3910 2132 3936 3,
2146 3911 2169 3935 2,
2182 3911 2214 3938 37

2336 3938 2411 3983 Qid
