2479 4225
70 289 90 310 n
100 289 144 311 011
153 288 172 309 r
182 288 197 308 1.
208 289 224 309 1²:
232 288 275 309 ns
284 288 301 308 n
311 287 339 313 s,
363 281 450 315 Populi
464 280 588 316 Phrygiae
605 279 672 316 apud
683 279 738 306 Cic.
747 286 797 312 pro
811 278 892 305 Flacc.
907 280 949 310 48.
984 274 1058 302 Diffi

31 319 61 348 ab
73 318 130 345 vrbe
143 318 257 349 Doryla,
277 317 305 342 de
322 326 368 352 qua
382 316 447 342 Plin.
462 324 483 347 ς,
497 324 539 347 29.
828 346 845 351 ..
1015 346 1019 351 .

31 374 38 382 .
67 359 86 380 D
95 359 114 380 ο
123 360 142 379 R
152 359 171 379 Υ
182 360 196 379 Ρ
206 359 221 379 13
231 359 252 379 Τ
260 359 278 378 R
288 359 306 377 Ο
316 359 349 383 N,
363 352 381 377 i.
395 361 421 378 11.
437 349 597 386 [δορόπετρον]
613 348 791 381 Herba,quam
799 346 1059 387 aluLeontopodion

31 393 140 420 vocant,
158 388 232 413 cuius
244 386 319 414 radix
332 386 420 412 aluum
435 386 497 412 lillit
506 406 512 418 ,
534 391 675 421 purgatque
689 382 768 409 bilem
778 402 786 414 ,
801 391 829 408 m
842 391 936 415 aquam
949 382 1058 408 mulsam

29 422 119 451 addito
132 422 247 457 pondere
264 422 433 449 denariorum
453 421 544 448 duum.
579 419 703 448 Nascitur
719 418 748 444 in
764 417 902 452 campestri
920 423 944 454 et
967 417 1060 452 gracili
1080 427 1094 453 ς
1120 425 1175 443 rata
1190 418 1259 444 rccie
1271 417 1360 449 venit,
1380 416 1466 444 dotata
1479 419 1513 443 cll
1529 419 1587 445 satis
1614 419 1695 445 Plaut.
1711 418 1769 444 Aul.
1784 426 1809 450 2,
1823 426 1848 450 2,
1861 419 1900 444 62.

31 457 339 525 selgopiklri:P21-61'0“8i³vs,
359 493 376 518 i.
397 502 432 518 m.
459 489 605 528 [δορυφόρος]
640 486 716 522 Qtast
728 494 756 514 tu
770 487 933 514 Hastiferum
952 487 1059 514 dicerer.-

29 530 118 556 Latine
138 528 284 562 Spiculator
301 530 339 554 vc!
357 528 460 554 Satelles
479 531 593 556 vocatur,
607 530 713 558 portans
726 524 842 562 lanceam.
898 523 963 549 Plin.
983 530 1025 555 34,
1045 528 1058 552 8

28 562 152 591 ctesilaus
166 563 336 598 doryphoron
350 570 373 589 et
390 564 543 589 Amazonem
557 558 728 586 vulneratam.
784 558 840 584 C1c.
853 557 885 583 de
898 559 969 584 Clar.
983 560 1058 584 Orat.

30 600 82 630 296
101 608 123 624 c.
137 601 168 629 86
199 599 237 626 De
257 598 353 625 horum
368 598 486 625 laudibus
504 594 554 622 tibi
566 593 670 628 prorsus
683 592 820 619 ass‘entior:
847 593 889 619 sed
905 600 991 620 tamen
1005 602 1058 618 nou
1074 604 1102 623 ιο
1120 594 1169 620 nis.

29 633 80 661 isto
94 633 193 666 modo,
211 640 240 660 vt
253 634 378 666 Polycleti
396 631 578 666 Doryphorum
597 627 724 662 (statuam
737 626 830 660 hastati
843 628 960 656 viriliter
971 629 1058 662 pueri)

30 668 80 696 fibi
95 669 218 704 Lyfippus
230 669 332 701 aiebat,
359 669 392 695 lic
411 675 436 695 tu
449 665 588 693 suasionem
609 663 671 698 legis
691 664 818 690 Seruiliae
838 663 888 690 tibi
909 662 1058 698 magistram

29 704 113 731 fuiss‘c.
155 704 211 731 Vid.
226 705 295 731 cinni.
310 705 342 731 de
355 705 422 731 Clar.
437 702 508 728 Orat.
527 707 540 733 ς
560 708 581 725 c.
601 708 625 726 2.
695 700 769 739 Qut.
785 708 807 738 3,
820 707 843 732 3,
860 706 884 731 15
905 698 1058 739 Doryphori

30 739 190 766 vocabantur
205 741 355 774 proximum
367 739 407 766 his
419 744 524 770 agmen,
547 735 644 761 vestem
663 734 734 760 soliti
751 742 872 768 excipere
883 734 1010 768 regalem:
1029 733 1057 760 hi

29 783 135 801 currum
147 776 216 809 regis
235 776 355 810 (Darii)
373 772 512 800 anteibant.
554 770 601 798 Sed
613 771 686 796 aliter
699 768 830 806 dtjllhzguit
844 768 986 802 Bmſjhnae
998 770 1032 795 Rc
1053 790 1058 795 .

29 809 97 844 Pers.
112 817 123 841 3
138 808 161 846 §-
174 820 209 844 49
225 820 249 844 p.
262 819 310 845 703
329 816 357 837 vt
364 806 417 844 pest
430 806 591 833 vocabantur
603 808 774 842 inter-pungat.
814 806 867 830 Nos
880 806 1008 830 retulimus
1022 779 1059 830 dg*-

20 842 181 878 stinHioncm
189 846 318 880 probatam
331 843 499 871 branshennv.
535 842 659 867 Caeterum
671 841 723 867 vid.
736 840 763 867 dc
771 839 937 874 Doryphoris
950 840 1058 866 Brilson.

27 878 46 906 Ι.
61 888 82 906 c.
98 888 107 906 1
122 878 145 917 §.
162 886 191 912 98
205 891 229 915 p.
244 889 290 915 273
308 881 344 914 sq.
443 912 449 917 ⁴
664 912 669 917 ,

65 920 137 942 DOR
147 919 418 946 1'1‘HOR1ANVS‚
441 921 460 941 ι,
480 921 516 939 m.
551 911 697 939 Marcellin.
710 917 751 946 28,
765 919 792 938 12
811 910 920 938 Nomen
932 909 985 938 fiue
999 919 1057 945 pro-

27 950 133 985 prium,
145 950 198 978 tiue
212 950 300 978 officii.
1064 958 1103 977 20

398 1010 428 1042 D
524 1010 553 1041 Ο
651 1010 670 1041 S

65 1099 150 1127 Dos,
170 1092 247 1120 dfitis.
270 1091 290 1118 f.
326 1089 399 1125 [δὶῦῃ
419 1091 500 1124 oreos?⁹
523 1091 610 1126 φὲρνη,
631 1087 746 1124 ἕπίδασις]
783 1089 893 1125 Proprie
915 1099 942 1117 ca
953 1093 1058 1126 pecunia

28 1127 132 1162 dicitur,
140 1138 198 1165 quae
204 1129 291 1155 marito
303 1127 332 1153 ab
341 1136 416 1153 uxore
427 1125 512 1158 datur,
519 1133 542 1152 et
553 1127 684 1157 translate,
694 1125 815 1161 quidquid
828 1127 921 1153 homini
929 1126 1010 1152 datum
1025 1125 1058 1158 ‹st
1071 1134 1103 1161 23
1120 1124 1193 1151 Seru.
1202 1124 1236 1150 ad
1248 1124 1322 1160 Virg.
1336 1124 1389 1150 Ecl.
1403 1132 1427 1156 2,
1440 1126 1478 1156 63.

28 1166 71 1191 vel
79 1174 94 1190 a
105 1172 201 1197 natura,
214 1164 253 1190 vel
262 1162 292 1188 ab
304 1163 449 1188 hominibus.
486 1162 553 1189 Ter.
562 1161 642 1188 Andr.
659 1169 681 1193 ς,
694 1171 722 1194 4,
736 1168 773 1196 47
793 1162 846 1188 Dos
863 1161 899 1187 est
914 1162 1058 1195 l’amphilc,

29 1199 118 1226 decem
130 1199 231 1226 talenta.
251 1205 275 1224 Ρ.
295 1198 406 1231 accipio.
443 1197 515 1224 Idem
531 1196 710 1230 Adel.4‚7‚41
732 1197 805 1223 onr
818 1196 870 1222 sme
880 1196 940 1223 dote
954 1198 1057 1223 veniet:

27 1235 97 1262 intus
110 1234 212 1269 psaltria
232 1233 276 1259 est.
347 1235 423 1259 onr
435 1242 493 1259 cum
507 1232 567 1258 dote
595 1233 661 1258 Hor.
676 1231 754 1266 Epist.
773 1240 794 1265 1,
812 1235 837 1263 6,
856 1234 895 1264 36.
967 1234 1057 1266 Quini

28 1269 76 1296 dos
87 1269 132 1303 sit,
148 1269 249 1296 nullum
264 1269 360 1295 vitium
377 1269 445 1295 vitio
460 1269 574 1294 vertitur
594 1267 673 1294 Plaut.
688 1268 753 1294 Pers.
768 1275 791 1299 3,
804 1276 824 1299 1,
838 1275 878 1300 59.
928 1267 992 1294 Non
1007 1277 1056 1302 ego

1506 187 1791 230 DRA

1119 275 1224 302 Graecis
1238 275 1383 302 enhaemon
1395 276 1505 310 diuum,
1524 276 1646 311 lingulati
1660 275 1754 303 effe-&u
1767 279 1950 306 contrahendis
1964 280 2103 306 vulnerum
2118 280 2153 305 ci-

1120 311 1267 338 catricibus.
1339 312 1456 338 Dotanda
1470 318 1527 339 toto
1540 313 1606 339 mari
1631 312 1722 339 Claud.
1737 312 1768 337 de
1781 314 1858 339 Cous.
1872 316 1941 341 lion.
1955 324 1983 348 4,
2000 318 2061 348 646.

1155 352 1358 377 1›‹›¹1·A'rvs,
1385 356 1408 379 a,
1434 357 1485 373 11111.
1521 347 1580 375 Adi.
1616 347 1781 382 [ἔπίπραικος]
1817 349 1872 374 Cic.
1888 351 1939 376 Att.
1956 360 1993 383 14,
2009 359 2036 376 12
2057 351 2152 377 Dotata

1120 381 1236 415 Aquilia.
1307 382 1401 408 Dotata
1416 384 1511 409 coniux
1542 385 1608 410 Hor.
1623 384 1710 409 Carm.
1724 391 1746 415 3,
1760 391 1802 415 24,
1816 391 1852 415 19.
1923 386 1990 411 Dum
2003 386 2083 411 modo
2096 394 2153 411 mo·

2076 202 2150 241 270

1952 420 2018 446 Am.
2033 423 2053 446 A
2074 421 2109 446 ul.
2125 421 2153 447 in

1122 453 1196 485 Apol.
1225 473 1231 478 .
1258 472 1264 478 .
1304 452 1424 479 Crimine
1436 453 1523 479 dotata
1537 453 1617 480 Ouid.
1630 454 1708 489 Epist.
1722 455 1748 486 6,
1761 458 1810 485 ¹38·
1881 453 2042 488 Triumphis
2057 430 2154 482 ¹'’dc-tata

1121 488 1219 514 mulier
1245 487 1337 519 Claud.
1351 487 1382 513 dc
1398 487 1485 513 Laud«.=
1498 490 1583 515 Scrcn.
1597 498 1637 522 43.
1710 489 1775 515 Plin.
1790 494 1824 520 18,
1838 493 1865 518 28
1894 488 2001 515 Vlmum
2015 491 2069 516 vite
2083 491 2154 518 dota-

1120 527 1172 549 tam
1186 523 1274 549 habes.
1343 522 1504 549 Dota'tiffima
1524 525 1603 550 Ouid.
1613 526 1675 551 Met.
1691 533 1723 557 ιι,
1736 533 1782 556 303
1818 525 1887 550 Nata
1901 530 1956 551 crat
1970 525 2030 550 huic
2040 525 2154 559 Chione,

1120 567 1185 592 quae
1202 558 1355 594 dotatissima
1368 558 1455 584 forma
1490 559 1566 585 Mille
1582 561 1668 593 procis
1681 560 1792 594 placuit,
1817 558 1858 586 bis
1877 560 1973 594 septem
1991 559 2090 586 nubilis
2110 570 2155 588 an-

1226 593 1284 620 Val.
1299 594 1368 620 Max.
1383 602 1416 626 4,.
1425 602 1452 626 4,
1467 602 1494 619 10
1526 595 1669 626 Megullia,
1685 595 1748 630 quia
1760 604 1819 621 cum
1834 595 2023 630 quinquaginta
2037 595 2154 623 millibus

1120 629 1187 655 acris
1203 629 1291 655 mariti
1307 629 1415 655 domum
1428 629 1552 658 intrauit,
1571 630 1680 656 Dotatae
1694 639 1841 665 cognomen
1854 631 1965 658 inuenit.

1156 670 1230 690 130'1*
1241 671 1261 690 Α
1272 670 1293 690 ‘1'
1305 672 1314 691 1
1326 670 1350 690 Μ
1361 683 1369 696 ,
1389 664 1481 690 Plauto
1495 663 1660 699 adscribitur,
1680 667 1730 692 laco
1749 675 1797 692 non
1818 666 1938 693 iudicato.
1974 667 2088 704 Suspicor
2106 668 2155 694 Da-

1119 699 1194 725 tatim
1201 698 1240 732 ste
1253 709 1302 725 uua
1315 700 1388 726 litera
1405 706 1499 725 mutat-1
1517 707 1657 734 corruptum
1674 700 1725 734 cſji‘.

1155 741 1172 760 D
1181 741 1200 760 O
1209 741 1221 760 S
1232 740 1250 760 O
1260 741 1280 760 N
1289 754 1297 766 ‚
1324 733 1447 769 [Δώσων]
1483 734 1672 771 Cognominatus
1685 737 1747 772 fuit
1759 737 1882 772 Antl'gon,
1896 747 1926 763 ex
1938 736 2101 764 Macedonum
2119 748 2157 766 re·

1077 780 1101 806 ¹5
1118 770 1190 805 gibus
1205 769 1318 804 quidam,
1345 769 1409 804 quoii
1426 770 1503 795 multa
1519 774 1690 805 promitteret,
1707 779 1790 806 pauc-2
1809 775 1936 807 impla-ft,
1957 772 2024 808 quast
2036 780 2062 799 tu
2076 774 2157 800 Datu-

1118 814 1177 830 rum
1191 807 1352 840 cognomines.
1399 804 1496 839 Semper
1517 808 1579 831 cm'm
1594 807 1735 841 *petentibus
1748 807 1905 842 respondebat
1928 810 2009 835 Δώσω.
2046 810 2112 835 Plut.
2129 813 2157 836 in

1118 841 1255 866 Coriolano.

1158 881 1178 902 D
1191 879 1210 900 Ο
1220 882 1233 916 s
1243 881 1256 901 S
1265 880 1281 901 E
1291 881 1311 900 N
1320 881 1341 901 v
1351 881 1364 901 s
1373 893 1381 906 ,
1418 875 1604 912 Cognomentmn
1622 879 1706 913 gentis
1724 877 1840 906 Rubriae
1859 883 1887 906 in
1913 879 2012 907 Numis
2036 885 2115 909 aereis
2133 890 2158 910 et

1117 916 1249 947 argenteis.

1154 1023 1301 1058 DRACA,
1327 1026 1366 1058 ac.
1389 1018 1409 1044 f.
1446 1018 1544 1045 Dracae
1562 1026 1636 1044 canes
1655 1018 1729 1050 sunt,
1756 1026 1868 1052 quorum
1890 1021 1996 1049 articuli
2014 1030 2040 1050 et
2058 1034 2158 1060 vngues

1118 1053 1176 1080 sunt
1189 1053 1335 1088 amphssimi
1355 1054 1485 1080 Columcl.
1498 1062 1524 1088 7,
1539 1062 1573 1086 12,
1587 1063 1613 1086 4.
1651 1053 1699 1079 Con
1718 1073 1724 1079 .
1744 1054 1809 1093 Vm,
1820 1054 1853 1079 acl
1865 1056 1937 1094 Grat.
1952 1060 2048 1093 Cyncg.
2063 1065 2121 1095 27⁶-

1155 1096 1173 1116 D
1184 1096 1201 1115 R
1210 1096 1231 1115 Α
1239 1096 1255 1115 C
1263 1096 1309 1115 AL·
1320 1094 1340 1113 N
1351 1096 1373 1115 A
1382 1108 1389 1120 ,
1403 1098 1440 1115 ac.
1467 1089 1487 1116 f.
1523 1086 1677 1124 [δράκωινκ]
1721 1097 1822 1115 raconis
1835 1089 1934 1117 femma
1948 1092 2055 1120 dicitur.
2097 1096 2157 1122 Vid.

1156 1162 1367 1189 DRACHNA,
1395 1168 1433 1185 ac.
1461 1160 1480 1185 f.
1519 1157 1750 1191 pondu-isnomrn,
1770 1162 1857 1186 unciae
1864 1166 1929 1194 pars
1943 1158 2039 1189 offatm.
2077 1165 2158 1191 Binae

1119 1194 1257 1222 drachmae
1270 1194 1394 1228 ponderis
1420 1194 1484 1221 Plin.
1504 1202 1535 1226 11,
1548 1202 1587 1228 37.
1667 1194 1765 1220 Graeca
1778 1193 1901 1223 drachma
1926 1197 2106 1233 ScribonAEp.
2125 1220 2131 1225 .
2149 1220 2158 1225 .

1119 1230 1207 1257 Simili
1221 1230 1344 1256 drachma
1363 1230 1582 1264 Sammonic.387.
1601 1231 1698 1265 aequali
1707 1229 1822 1264 pondere.
1973 1231 1993 1294 2
2012 1243 2025 1259 2
2062 1235 2160 1261 Deinde

1112 1269 1231 1302 pccuntac
1248 1266 1349 1292 Atticae
1366 1274 1458 1301 gemis,
1484 1269 1525 1291 cui
1539 1268 1565 1290 in
1584 1267 1656 1291 emili
1669 1269 1846 1300 computatione
1858 1265 1973 1302 responde
1989 1276 2016 1295 ut
2035 1269 2159 1296 denarius

27 1305 101 1332 illam
116 1305 182 1332 mihi
196 1304 285 1331 dotem
300 1305 347 1330 effe
360 1303 444 1337 duco,
471 1312 537 1338 quae
550 1303 596 1329 dos
611 1303 725 1335 dicitur,
744 1301 788 1328 scd
802 1302 958 1337 pudicitiam
971 1309 995 1329 et
1010 1313 1056 1338 pu-
1070 1313 1102 1337 30
1117 1303 1256 1333 Romanus,
1279 1302 1372 1336 Ilccth
1384 1301 1472 1327 haheat
1484 1300 1518 1327 ad
1530 1299 1673 1333 denarium,
1694 1307 1723 1326 vt
1738 1309 1755 1333 9
1768 1301 1802 1327 ad
1813 1306 1825 1330 8
1851 1311 1879 1328 ex
1890 1304 2028 1330 rationibus
2036 1305 2106 1340 [τῆς
2118 1316 2160 1332 ac.

27 1339 133 1374 dorem,
152 1346 196 1366 etc.
231 1339 304 1365 Idem
318 1340 412 1374 Amph.
426 1348 452 1371 2,
466 1347 491 1371 2,
504 1347 565 1371 209.
636 1338 705 1365 Filia
720 1337 792 1363 diues
805 1338 866 1364 dote
886 1338 964 1364 Ouid.
978 1339 1056 1372 Epist.

28 1384 62 1408 11,
75 1384 129 1402 100.
197 1374 244 1402 Sed
255 1375 307 1404 Dos
321 1375 408 1401 omnis
422 1375 450 1401 in
469 1374 596 1406 candore,
622 1373 818 1408 magnitudine,
837 1374 943 1400 laeuore
952 1393 960 1405 ,
982 1374 1057 1406 orbe,

45 1409 142 1437 endere
158 1410 222 1437 Plin.
236 1418 262 1443 9,
276 1418 311 1442 3ς.
330 1410 359 1436 de
371 1413 527 1446 margaritis.
599 1410 710 1436 Formae
723 1408 770 1435 dos
791 1409 872 1436 Ouid.
888 1410 951 1435 Mct.
966 1412 1056 1443 9,716.

24 1419 135 1472 homnae
148 1445 330 1480 pueritiaeque
348 1445 439 1472 lustin.
454 1454 538 1477 12,12‚
556 1454 586 1471 ιι.
641 1444 745 1479 Ingenii
760 1445 832 1471 dotes
852 1445 934 1471 Ouid.
950 1444 981 1470 de
995 1446 1057 1471 Arte

23 1481 82 1507 Am.
95 1489 122 1512 2,
134 1489 182 1508 112.

23 1516 87 1542 teris
100 1516 218 1543 Naturae
229 1517 402 1551 fortunaeque
417 1516 523 1543 dotibus
537 1516 636 1543 eximia
649 1516 767 1550 corporis
780 1516 958 1550 pulchritudo.
1005 1517 1057 1542 Do-

719 1552 776 1578 Nec
789 1552 887 1585 poteris
901 1551 1000 1578 similae
1011 1551 1058 1578 do-

702 1588 770 1620 Opcs
783 1587 852 1612 dotis
881 1587 962 1613 Ouid.
977 1587 1055 1621 Epist.

681 1621 803 1648 Pluribus
824 1621 930 1648 dotibus
946 1622 1057 1656 praestat

23 1556 62 1578 tes
73 1559 136 1586 quas
148 1558 240 1579 natura
255 1552 328 1579 dedit
344 1551 426 1579 Ouid.
439 1552 525 1578 Trist.
538 1560 558 1584 3,
573 1559 599 1586 7,
613 1560 646 1584 13.

21 1591 61 1614 tes
79 1596 218 1614 numerare
236 1596 284 1614 nec
303 1589 363 1614 vsus
394 1587 510 1614 Martial.
532 1596 565 1619 13,
587 1595 623 1613 10.

24 1630 63 1654 12,
76 1630 127 1654 103.
198 1623 260 1649 Oris
274 1623 320 1649 dos
347 1623 420 1650 Idem
433 1623 496 1649 Met.
516 1630 539 1655 ς,
556 1625 610 1655 562.

23 1657 160 1684 viuiradix
180 1658 284 1685 Colum.
297 1667 318 1690 3,
332 1667 369 1691 ¹4·
439 1657 562 1684 Tabulae
577 1657 645 1684 dotis
664 1657 868 1683 Suet011.('laud.
883 1666 923 1689 29.

23 1701 120 1719 nomen
135 1693 249 1720 tantulae
262 1693 331 1720 dotis
350 1693 426 1727 Apul.
442 1693 519 1727 Apol.
590 1692 738 1718 Verborum
768 1693 822 1719 Cic.
836 1693 867 1718 de
880 1693 954 1719 Orat.
969 1701 988 1724 1,
1002 1701 1057 1725 234.

24 1725 182 1756 Aducnticia
196 1729 260 1761 dos,
279 1737 357 1763 quam
371 1737 424 1755 non
438 1735 526 1762 pater,
544 1727 585 1754 sed
601 1728 689 1762 quiuis
703 1728 769 1754 alius
782 1727 854 1754 dedit
874 1728 935 1753 Tit.
949 1728 1057 1762 leiani

26 1762 60 1789 de
73 1762 188 1790 dotibus.
259 1764 416 1790 Profe&icia
430 1773 509 1798 quam
529 1762 600 1788 dedit
618 1768 690 1795 pater
716 1763 784 1788 Ibid.
855 1762 985 1795 Dapsilcs,
1004 1762 1056 1786 vid.

26 1803 76 1825 DA
86 1804 133 1825 ΡΞ.
181 1799 285 1833 Duplex
298 1799 383 1825 libelli
396 1799 442 1825 dos
454 1799 489 1824 est
510 1797 616 1823 Phaedr.
629 1797 712 1830 praef.
764 1796 875 1822 Grandis
896 1797 962 1821 Hor.
974 1796 1055 1820 Scrm.

21 1840 276 1900 dingiiiijsododrante
297 1866 394 1891 marito
407 1865 520 1890 secundo
534 1864 626 1894 datur,
643 1863 907 1891 exstantibusiiberis
919 1872 950 1889 ex
967 1865 1057 1898 priore

20 1895 214 1933 matrimonio,
229 1900 246 1926 l.
265 1908 281 1926 2
299 1900 330 1926 de
343 1899 417 1925 inoff.
433 1899 486 1925 dot.
501 1898 565 1925 Cod.
581 1898 688 1924 Theod.
701 1897 833 1933 Augtfiin.
846 1898 874 1923 [lc
887 1900 961 1935 chg.
975 1902 1002 1924 in
1015 1900 1058 1925 Pa-

21 1936 65 1976 pia
76 1936 200 1970 Poppaea.
270 1935 337 1969 Hor.
351 1936 438 1962 Carm.
451 1943 473 1966 3,
489 1942 534 1967 24,
547 1942 573 1960 21
606 1934 659 1959 Dos
674 1933 710 1959 cst
726 1942 819 1968 magna
833 1936 981 1968 parentium
996 1934 1058 1960 Vir-

19 1978 62 1998 tus
76 1980 102 1998 et
119 1978 237 1997 metuens
256 1970 362 1997 alterius
374 1970 429 1996 viri
447 1971 528 1997 Certo
542 1968 649 1995 foedere
668 1969 776 1995 castitas.
848 1970 928 1995 Plaut.
943 1969 1018 2003 Epid.
1031 1979 1057 2002 2,

22 2013 44 2040 1,
58 2015 80 2033 11
100 2006 209 2033 Pulchra
221 2004 269 2032 dos
282 2006 391 2041 pecunia
405 2005 449 2032 est.
471 2011 520 2031 PE.

21 2045 40 2069 i.
52 2041 182 2078 quamfine
197 2051 273 2068 uxore
279 2062 288 2074 ,
314 2048 357 2067 aut
374 2050 401 2067 ea
415 2037 534 2076 definisti:
550 2039 677 2074 pqffideas.

21 2086 82 2105 rum
95 2077 187 2104 dicitur
198 2078 324 2103 clementia
343 2076 458 2111 Vopisco
472 2076 500 2101 in
513 2076 603 2101 Aurel.
617 2084 637 2100 c.
652 2083 698 2109 44.

21 2112 215 2149 pulcherrima?
235 2113 289 2139 vita
302 2111 397 2146 pudica
416 2112 513 2138 Auson.
529 2111 587 2137 VII.
601 2110 657 2144 Sap.

22 2155 127 2176 meretur
139 2148 224 2174 mulier
235 2147 357 2183 impudica
377 2147 453 2181 Apul.
462 2146 545 2180 Apol.
559 2155 583 2180 p.
596 2154 649 2177 3²2,
662 2154 702 2177 30.

41 2202 50 2216 ,
82 2202 88 2209 .

23 2191 94 2256 {inis
111 2221 286 2245 intemeratam.

23 2262 54 2281 ea
73 2253 171 2289 (Jblu'm
182 2255 360 2288 matrimonio)
378 2253 426 2280 sibi
439 2253 592 2280 redderetur
606 2252 741 2287 stipulatus
755 2252 836 2278 fuerit
861 2253 939 2279 Caius
953 2252 969 2278 l.
987 2261 1056 2278 mor-

21 2289 56 2315 tis
69 2289 142 2315 causa
159 2297 185 2320 31
202 2286 225 2324 §.
246 2298 270 2316 2.
307 2289 354 2315 Sed
370 2295 395 2316 et
408 2290 460 2315 Dos
479 2289 510 2316 D.
524 2288 556 2315 de
574 2295 652 2316 mort.
668 2289 735 2315 caus.
753 2287 840 2314 donat.
856 2298 933 2323 quam
954 2288 1012 2323 quis
1025 2288 1055 2314 in

21 2330 135 2352 mortem
146 2324 265 2352 mulieris
277 2333 292 2351 a
304 2325 400 2351 marito
413 2325 559 2359 stipulatur,
573 2325 674 2359 capitur
688 2324 740 2353 fine
753 2324 848 2350 mortis
873 2325 946 2350 causa
955 2346 962 2358 ‚
983 2324 1056 2350 cuius

24 2360 125 2395 generis
139 2358 212 2387 dotes
226 2360 380 2396 recepticiae
392 2367 527 2388 vocantur.

22 2393 130 2431 Dempst'.
148 2396 182 2422 ad
192 2396 274 2431 Rofin.
293 2404 315 2430 ς,
328 2405 368 2432 37.
438 2397 542 2432 Spretae
556 2396 628 2424 dotes
649 2396 725 2430 Apul.
741 2396 817 2430 Apol.
889 2396 957 2422 Ter.
972 2395 1053 2421 Andr.

23 2439 44 2463 1,
57 2439 77 2464 1,
89 2438 126 2466 74
151 2432 261 2459 Vnicam
274 2439 376 2466 gnatam
389 2433 460 2459 suam
473 2442 531 2459 cum
546 2432 607 2460 dote
621 2433 726 2459 Summa
740 2432 797 2458 filio
810 2441 920 2458 vxorcm
932 2436 961 2458 vt
974 2430 1054 2457 daret.

21 2466 123 2494 onria
145 2467 226 2494 Ouid.
240 2466 272 2494 de
285 2469 348 2494 Arte
356 2469 499 2501 Ain.2,13;.
653 2466 674 2504 *ᾖ
695 2476 707 2493 2
745 2469 868 2493 formulae
881 2469 957 2493 aliae:
976 2466 1055 2493 Vclut

22 2502 52 2529 in
71 2501 160 2533 dotem
178 2502 433 2537 inuitamentumque
450 2503 569 2535 sceleris,
595 2503 725 2529 Antonius
743 2503 920 2535 auunculum,
940 2501 1054 2537 Lepidus

22 2537 132 2564 fratrem
143 2537 345 2572 proscripserant
365 2538 432 2565 Vell.
447 2548 471 2569 2,
485 2541 529 2574 67,
545 2548 569 2566 2.
586 2541 604 2564 i.
619 2538 754 2564 mercedem.

23 2580 51 2599 12
71 2572 129 2604 His,
139 2572 206 2607 quafi
215 2579 316 2607 praeter
327 2573 510 2609 dotem,quam
523 2575 550 2601 in
565 2568 690 2600 ciuilibus
703 2574 777 2600 malis
789 2580 950 2609 acceperant,
964 2583 1055 2608 agrum

25 2607 186 2641 Campanum
199 2608 235 2635 est
247 2608 356 2644 largitus
368 2610 507 2636 Antonius.
563 2610 688 2643 Accipere
701 2610 810 2644 populos
824 2610 852 2636 in
864 2610 953 2636 dotem
972 2609 1054 2637 Ouid.

26 2642 104 2677 Epist.
118 2650 146 2677 7,
159 2651 214 2678 149.
282 2645 365 2671 Porro
380 2644 442 2672 haec
456 2646 554 2671 talenta
566 2645 634 2671 dotis
648 2646 785 2678 apposcent
801 2645 854 2672 duo
877 2646 945 2671 Ter.
960 2646 1054 2671 Heaut.

24 2686 54 2711 4,
67 2685 92 2712 71,
105 2686 142 2704 ιο.
161 2680 179 2704 i.
192 2678 258 2705 dotis
269 2683 372 2706 nomine.
442 2680 578 2706 Conficere
591 2681 679 2706 dotem
691 2680 760 2710 filiae
775 2680 877 2711 nubili,
894 2681 947 2705 vicl.
969 2686 985 2706 C
994 2686 1055 2705 ΟΝ-

25 2719 104 2739 fiel
115 2719 145 2739 Ο.
215 2714 285 2740 Dare
298 2714 368 2739 dotis
395 2714 475 2739 Plaut.
490 2714 553 2739 Cist.
571 2722 596 2746 z,
607 2723 631 2745 3,
646 2722 682 2746 19.
708 2717 726 2740 ι’.
745 2717 840 2740 nomme
858 2715 932 2740 dotis.

21 2748 93 2774 ferre
106 2747 194 2774 dotem
206 2748 283 2781 viro,
306 2748 361 2775 vid.
384 2754 403 2774 D
412 2755 427 2775 E
436 2755 452 2775 F
462 2755 478 2775 E
487 2755 543 2775 Ro.
613 2749 729 2782 Propert.
746 2757 768 2780 3,
782 2757 820 2780 19,
833 2757 858 2780 23
887 2750 961 2775 Hanc
974 2749 1057 2782 igitur

23 2782 114 2809 dotem
128 2784 206 2816 virgo
219 2783 390 2818 desponderat
402 2783 479 2809 hosii.
550 2783 588 2809 De
601 2783 738 2809 communi
755 2784 858 2810 aerario
872 2783 976 2810 dotibus
990 2785 1056 2810 datis

16 2817 147 2847 ,collocari
174 2819 241 2853 Nep.
256 2828 278 2851 3,
291 2828 313 2852 3,
329 2828 350 2851 3.
422 2819 477 2845 Cic.
491 2827 539 2853 pro
552 2819 634 2844 Flacc.
651 2821 683 2848 86
712 2819 776 2845 Doti
796 2820 882 2854 inquit
896 2820 999 2846 Valeria
1014 2828 1065 2853 μα,

20 2853 124 2880 cuniam
137 2862 243 2880 omnem
255 2855 326 2880 suam
342 2854 450 2881 dixerat.
521 2854 592 2880 Idem
605 2862 652 2888 pro
665 2853 747 2879 Flacc.
760 2857 792 2883 86
811 2856 989 2889 Qiaecunque
1002 2855 1054 2880 siue

22 2888 73 2916 hoc
89 2888 197 2915 31181010
218 2889 254 2915 est
270 2888 340 2922 (1ὶᾶ3
361 2889 424 2922 dos,
448 2889 580 2916 nulla.est.

22 2924 117 2951 Dotem
132 2933 185 2950 non
198 2933 266 2951 vxor
278 2925 390 2957 marito,
415 2925 458 2951 sed
472 2925 550 2951 vxori
565 2925 672 2950 maritus
686 2924 763 2950 offert
793 2925 861 2951 Tac.
876 2925 964 2951 Germ.
982 2930 1016 2957 18,
1030 2934 1055 2952 2.

23 2960 122 2994 Metuit
136 2955 200 2986 dote'
210 2960 314 2992 virum,
335 2960 389 2986 vid.
411 2967 435 2986 M
445 2968 461 2987 Ε
471 2967 550 2987 REO.
621 2959 695 2993 Apul.
705 2960 781 2994 Apol.
795 2968 878 2994 p.323,
889 2969 912 2992 13
932 2961 985 2987 Dos
1000 2966 1056 2987 erat

23 3002 41 3027 a
57 2995 185 3022 creditore
206 2995 291 3021 omnis
309 2995 341 3021 ad
361 2996 509 3024 teruncium
529 2995 614 3030 pridie
635 2995 729 3025 sumta,
757 3001 782 3022 et
801 2995 909 3030 quidem
928 2996 1053 3030 grandior

23 3039 101 3064 quam
120 3030 213 3057 domus
232 3030 353 3057 exhausta
365 3037 391 3057 et
403 3031 477 3065 plena
492 3030 584 3057 liberis
598 3030 745 3065 postularet.
780 3033 817 3057 De
830 3031 898 3058 modo
911 3031 976 3058 dotis
990 3031 1057 3066 apud

26 3065 143 3098 Romanos
155 3065 269 3102 quaedam
290 3067 346 3093 Val.
362 3067 432 3093 Max.
446 3076 472 3099 4,
484 3076 511 3100 4,
530 3075 566 3092 10.

29 3106 100 3138 tere,
123 3100 185 3129 idem
197 3100 246 3134 est,
278 3103 407 3129 lsenulesas
419 3103 447 3128 in
461 3103 478 3129 l.
492 3102 509 3127 li
525 3111 581 3128 rem
594 3101 711 3136 aliquam
729 3100 753 3138 §.
767 3102 863 3129 vltimo
882 3102 914 3129 D.
928 3101 960 3128 de
973 3111 1054 3129 noua-

29 3134 142 3162 uon'ibus
150 3155 157 3167 ,
175 3137 302 3172 Alioquin
314 3137 378 3172 quid
392 3138 517 3169 dicemus,
527 3137 543 3163 fi
552 3147 617 3163 vnus
629 3137 786 3172 delegauerit
797 3137 924 3164 creditori
938 3147 1054 3164 conmm-

30 3176 88 3196 nem
99 3169 252 3205 debitorem,
271 3173 345 3207 isque
358 3173 390 3199 ab
404 3183 436 3200 co
450 3173 585 3208 stipulatus
597 3173 691 3199 fucrit:
711 3179 754 3200 aut
768 3173 864 3200 mulier
878 3173 989 3199 fundum
1003 3173 1054 3199 ius-

30 3204 90 3231 serit
102 3205 156 3233 doti
169 3209 320 3241 promittere
334 3209 409 3240 viro,
432 3209 475 3235 vel
488 3215 599 3244 nuptura
619 3208 666 3244 ipsi
680 3209 738 3235 doti
758 3219 819 3236 eum
838 3208 972 3243 promisit?
993 3218 1052 3235 nam

31 3237 132 3279 debitor
151 3242 182 3268 ab
197 3248 308 3278 Vtroque
323 3243 496 3276 liberabitur,
532 3244 583 3270 vid.
612 3250 629 3270 D
643 3251 651 3270 1
665 3249 682 3271 C
694 3251 722 3271 0.

31 3272 89 3300 doti
100 3277 235 3309 imperium
248 3279 355 3306 vendidi
372 3279 453 3307 Plaut.
468 3281 509 3306 As.
527 3288 546 3312 1,
562 3289 581 3312 1,
594 3287 639 3313 74.

67 3314 86 3335 D
96 3315 115 3335 O
125 3316 147 3336 T
157 3313 202 3338 AL
210 3320 219 3338 1
228 3320 251 3346 s,
263 3323 285 3340 e.
304 3314 363 3341 Adi.
384 3316 517 3351 [προικῦος]
544 3317 590 3346 Vt,
599 3315 705 3342 Dotalia
718 3315 788 3342 bona
797 3321 834 3347 ,et
849 3315 956 3342 Dotalcs
968 3315 1054 3347 fundi,

29 3343 74 3386 hof*
85 3342 118 3376 ⁶st
130 3344 246 3386 ddldotem
253 3348 405 3384 spediurnae,
421 3358 444 3377 et
456 3355 482 3377 in
497 3351 583 3385 quibus
597 3351 641 3377 dos
652 3352 762 3378 mulieris
775 3351 922 3382 collocatur,
941 3352 982 3376 vel
994 3360 1054 3386 quas

29 3389 73 3406 νυ·
86 3386 178 3414 accepit
189 3388 235 3416 pro
246 3385 298 3412 dote
314 3387 432 3413 mulieris.
485 3387 566 3413 Plaut.
585 3386 644 3413 Mil.
660 3395 686 3419 4,
701 3396 728 3419 4,
744 3395 774 3418 30
805 3386 863 3413 Ν111
877 3385 959 3412 modo
972 3395 1053 3412 vnum

28 3411 96 3445 hoc,
118 3414 190 3440 hsssce
206 3417 287 3455 aedeis
303 3420 371 3448 dicas
390 3421 487 3448 dotales
505 3428 570 3449 tuas.

27 3450 132 3477 seruum
144 3450 258 3478 Sauriam
267 3462 331 3481 vxor
340 3462 384 3483 tua
395 3458 510 3484 adduxit.
563 3459 601 3484 Dc
612 3457 750 3484 Dotalibus
765 3458 845 3483 seruis
854 3477 861 3488 ‚
879 3457 931 3483 vid.
950 3458 1053 3484 Taubm.

27 3485 62 3512 “d
73 3486 117 3511 [⁰⁶-
130 3485 197 3511 Gefl-
213 3493 249 3521 ¹7,
261 3489 277 3513 6
302 3490 476 3527 Recepticium
488 3500 560 3519 vocat
568 3513 577 3526 ,
593 3502 649 3519 nam
663 3496 689 3518 in
702 3495 789 3518 mariti
796 3491 917 3527 potestate
930 3503 977 3519 non
991 3500 1054 3524 erat,

21 3520 70 3557 sed
83 3528 207 3547 matronae
216 3523 353 3556 peculiaris.
404 3528 462 3554 Liu.
477 3531 519 3561 26,
558 3549 564 3554 .
601 3548 607 3554 .
643 3529 723 3563 Super
737 3528 922 3563 dotem,quam
937 3534 1053 3562 acceptu-

29 3564 72 3583 1Ἣῦ
86 3565 100 3582 ὃ
113 3557 203 3596 ΓῼΕΕΙὉ
216 3565 257 3587 es,
285 3556 344 3585 haec
361 3562 410 3589 tibi
423 3572 438 3589 a
454 3573 496 3590 me
507 3563 605 3590 dotalia
619 3561 688 3590 dona
701 3563 830 3590 accedent.
902 3564 967 3598 Agri
981 3564 1054 3590 dota-

27 3591 65 3617 125
84 3591 163 3618 0¹¹¹d·
176 3592 240 3618 Fssst·
260 3599 283 3624 5,
301 3601 358 3626 209-
421 3598 624 3626 Matrimonium
655 3600 710 3627 Cic.
728 3598 760 3625 ad
779 3599 872 3626 081311.

27 3625 100 3666 Ide-¹¹¹
111 3627 163 3653 Αῐῐ-
187 3634 221 3659 15,
240 3636 283 3654 20·
856 3635 953 3661 Tellus
978 3634 1052 3662 Idem

26 3661 104 3697 Epist.
123 3670 158 3695 4,
178 3664 228 3694 163.
989 3672 992 3674 ·

35 3724 38 3729 .
55 3704 183 3739 MDOTO,
198 3697 236 3724 ¹⁶¹5·
258 3698 277 3724 f·
298 3697 397 3733 [Δωτῶ]
434 3703 546 3738 Nympha
557 3705 664 3741 mariss.
681 3706 770 3732 Nereis
787 3707 934 3737 Homerica,
952 3704 1053 3731 laudata

26 3732 101 3767 erg.
113 3733 177 3760 Aen.
189 3741 219 3776 9..
230 3742 279 3760 101.
299 3741 322 3760 et
345 3734 450 3776 V³¹·.F¹·
465 3746 485 3769 1,
499 3747 542 3772 134
560 3750 604 3776 quo
618 3749 719 3777 utroque
731 3742 782 3767 Ioco
796 3740 895 3767 Clotho
908 3740 1052 3776 irrepserat,

26 3766 146 3803 expunt‘ia
159 3774 244 3795 merzto
254 3769 284 3795 ab
295 3769 481 3804 accuratrffimis
492 3774 630 3803 editoribu„

45 3839 50 3844 ι
62 3808 81 3828 D
89 3809 109 3829 0
119 3809 140 3829 Τ
152 3810 187 3836 O,
205 3808 255 3831 ire.
292 3804 304 3837 [
311 3803 434 3830 ἐπιδιδόναι
445 3810 545 3846 προῖκα]
576 3811 644 3837 Vnde
652 3810 716 3846 past}
737 3817 755 3837 D
764 3817 783 3837 0
793 3818 814 3837 T
822 3817 841 3837 0
849 3817 867 3837 R
877 3830 885 3842 ,
903 3819 919 3836 a
931 3819 976 3846 quo
991 3811 1052 3836 Par.

27 3842 73 3863 ’κ-
96 3838 204 3865 Domus
219 3840 340 3880 Mam—¹6·
349 3848 396 3880 {2¹0
415 3840 510 3880 Tertia
522 3843 633 3872 Pleiades
645 3846 747 3873 dotabit
760 3847 847 3872 forma
860 3847 969 3872 sorores.
993 3847 1053 3872 Sue-

29 3876 82 3911 “3¹“
90 3873 198 3914 vesp-,⁶-
206 3883 236 3908 14
263 3875 367 3902 Vitellii
384 3875 463 3902 hostis
477 3876 516 3902 sui
530 3876 609 3905 filiam
621 3881 818 3915 splendidissime
832 3881 967 3908 maritauit
980 3881 1052 3908 dota-

28 3912 120 3940 V¹²q¹¹e
137 3914 215 3936 etiam
229 3915 254 3937 et
271 3910 403 3938 instruxit.
474 3911 546 3947 Conf-
559 3913 636 3947 Apul.
656 3917 731 3950 Apol.
756 3937 763 3943 .
784 3937 790 3943 .
811 3937 817 3944 .
889 3917 953 3943 Plin.
970 3926 1004 3949 12,
1023 3925 1051 3951 ¹7

751 2041 805 2065 Dos
818 2041 902 2074 prima
915 2042 1057 2074 Imperato-

770 2076 845 2108 Qiae
860 2075 906 2102 dos
921 2082 1055 2102 matronae

700 2111 877 2143 Qiotidianae
892 2111 975 2143 dotes,
997 2120 1057 2147 quas

773 2147 856 2172 Rarae
873 2146 955 2173 Ouid.
970 2146 1056 2172 Trist.

356 2218 503 2253 Recepticia
516 2217 582 2253 apud
595 2217 667 2243 ICtos
680 2226 757 2250 quam
778 2222 916 2243 extraneus
930 2217 1007 2248 dans,
1028 2222 1056 2243 vt

360 3630 478 3666 Regnum
495 3634 577 3661 Ouid.
592 3634 657 3661 Fast.
678 3637 704 3668 6,
725 3642 779 3668 593.

979 1659 1057 1683 Inane
1065 1665 1102 1690 40
1117 1652 1278 1687 constitutae,
1298 1654 1454 1690 abrogandas
1470 1656 1584 1685 curauit,
1604 1654 1882 1688 proprerseueritatem.

224 1832 384 1859 Inofficiosa:
413 1833 479 1866 apud
495 1832 587 1861 ICtos‚
614 1839 672 1856 cum
687 1831 714 1855 in
728 1830 847 1854 fraudem
867 1830 944 1868 Legis
965 1830 1057 1862 Papiae
1070 1832 1103 1856 45

540 2005 615 2037 Qiae
628 2004 734 2038 quidem
748 2004 791 2038 pol
805 2013 857 2030 nou
873 2006 996 2031 Mai-itata
1011 2003 1055 2030 cst.
1074 2008 1105 2034 50

140 2182 281 2210 Secundam
295 2183 383 2209 dotem
397 2182 503 2218 appellat
522 2181 590 2208 Ter.
607 2181 680 2207 Adel.
695 2190 717 2213 3,
734 2190 758 2213 2,
771 2189 816 2215 47.
846 2181 987 2214 Castfratcm
1004 2185 1056 2207 vir·
1074 2190 1102 2218 55

571 2360 628 2387 Viti.
646 2362 740 2386 Hotom.
753 2360 782 2386 de
794 2361 848 2386 Rit.
864 2362 944 2394 Nupt.
961 2369 982 2386 c.
994 2366 1017 2390 8.
1032 2366 1055 2385 et
1069 2365 1103 2390 60

827 2539 883 2566 Cic.
897 2538 1008 2572 Philipp.
1024 2545 1056 2568 11,
1068 2537 1100 2570 65¹

1004 2715 1054 2739 De·
1068 2721 1103 2748 70

650 2888 717 2914 Add.
731 2889 797 2915 Ter.
813 2891 908 2916 Heaut.
928 2898 951 2922 5,
971 2899 990 2922 ι,
1011 2892 1053 2922 69.
1066 2896 1098 2924 75

638 3067 794 3093 Promittere
808 3065 864 3093 doti
874 3087 882 3099 ,
900 3074 922 3092 tt
937 3067 999 3093 Doti
1015 3067 1054 3092 di-
1070 3072 1101 3097 80

1119 1339 1215 1364 curatis
1229 1335 1420 1371 Eefiufchmidii.
1493 1336 1548 1362 Cic.
1560 1335 1593 1362 de
1607 1335 1698 1362 Diuin.
1712 1345 1732 1368 1,
1748 1345 1787 1368 ¹32
1812 1337 1917 1370 Quibus
1931 1338 2038 1366 diuitias
2050 1341 2159 1375 pollicc-

1119 1379 1164 1399 tur
1176 1371 1209 1398 ab
1226 1371 1266 1398 his
1281 1371 1415 1399 drachmas
1430 1371 1474 1406 ipfi
1489 1377 1589 1406 petunt.
1660 1371 1733 1397 Idem
1747 1379 1796 1406 pro
1810 1372 1890 1399 Flacc.
1906 1382 1938 1407 34
1964 1375 2038 1402 Dixit
2052 1376 2160 1410 publice

1120 1409 1208 1434 datum
1222 1407 1411 1433 Drachmarum
1434 1413 1451 1432 C
1464 1414 1480 1433 C
1504 1412 1529 1433 ct
1548 1407 1590 1433 sex
1610 1406 1704 1433 millia.
1776 1407 1842 1433 Ter.
1857 1409 1937 1435 Andr.
1953 1418 1975 1441 2,
1990 1412 2016 1442 6,
2029 1419 2062 1438 20
2105 1412 2159 1438 Vix

1119 1442 1250 1471 drachmis
1265 1444 1404 1477 opsonatus
1425 1442 1460 1468 cst
1474 1441 1571 1469 decem.
1627 1441 1774 1469 Drachmae
1786 1443 1940 1478 Olympicae
1952 1445 2158 1479 Plaut.Trin.2,

252 1481 401 1516 Plin.Epist.
415 1490 437 1514 3,
450 1490 462 1513 3
484 1481 560 1507 Adest
573 1481 646 1507 enini
659 1480 914 1507 adolescentinostro
930 1489 990 1506 cum
1003 1489 1058 1506 cae·
1074 1485 1102 1512 35
1119 1488 1147 1513 4,
1161 1487 1199 1511 23.
1235 1478 1308 1514 Cous.
1323 1478 1391 1505 Gell.
1407 1487 1426 1510 1,
1442 1479 1478 1504 16.

1153 1521 1171 1541 D
1182 1521 1200 1541 n
1209 1520 1228 1540 Α
1237 1521 1253 1541 c
1262 1521 1281 1540 11
1290 1521 1331 1540 Ml
1342 1521 1354 1540 s
1364 1520 1376 1540 s
1386 1520 1405 1540 o
1413 1533 1421 1545 ‚
1452 1515 1545 1547 reperit
1558 1513 1670 1540 Lambin.
1686 1512 1754 1548 apud
1771 1513 1852 1540 Plaut.
1866 1514 1956 1543 Pseud.
1973 1524 1997 1549 3,
2015 1526 2039 1550 2,
2053 1526 2090 1550 19.
2110 1518 2159 1554 sed

1119 1553 1147 1576 in
1160 1549 1234 1576 editis
1247 1547 1312 1576 reb-lc
1326 1547 1457 1583 expo-§fliam
1470 1546 1503 1581 est
1517 1548 1646 1574 drachmis
1660 1548 1752 1575 iiss'ent.
1795 1550 1852 1576 isid.
1868 1551 1974 1577 Gronou.
1994 1553 2028 1578 acl
2039 1555 2057 1579 Ι.
2073 1563 2094 1580 c.

1156 1589 1174 1611 D
1183 1592 1202 1612 R
1211 1591 1233 1610 A
1242 1591 1259 1611 C
1268 1591 1286 1610 O
1294 1603 1302 1615 ,
1329 1584 1397 1610 (anis.
1417 1592 1453 1609 m.
1490 1583 1626 1618 [Δράκων]
1660 1584 1852 1619 Αηῐίᾳῑιζῌὶηηις
1865 1586 2048 1620 Atheniensium
2060 1589 2158 1624 legisla—

1118 1626 1159 1646 tor
1172 1626 1228 1645 ante
1244 1620 1358 1650 Solonem,
1373 1621 1442 1645 cuim
1454 1619 1517 1654 leges
1530 1619 1601 1645 Solon
1614 1619 1678 1653 ἱρῇ,
1697 1626 1796 1654 practer
1809 1629 1880 1654 quam
1894 1630 1953 1655 quae
1964 1621 1991 1647 de
2005 1622 2074 1648 caede
2086 1631 2159 1649 erant

1937 1657 2002 1682 Nam
2017 1666 2067 1683 vna
2082 1661 2160 1684 omni-

1117 1691 1162 1716 bus
1169 1697 1250 1725 poena
1268 1689 1400 1722 constituta
1414 1695 1483 1720 erat,
1505 1694 1533 1713 vt
1546 1691 1618 1713 etiam
1639 1691 1681 1723 qui
1694 1687 1798 1721 desidiae
1816 1688 1928 1716 damnati
1942 1689 2028 1722 (stent,
2052 1700 2096 1718 aut
2115 1695 2161 1728 (1⁴11ss

1118 1727 1183 1751 ostra
1194 1724 1379 1759 surripuffl371n
1394 1726 1474 1758 capite
1486 1719 1659 1757 pleffcrentur.
1696 1723 1733 1749 Ob
1746 1732 1818 1757 quam
1836 1724 1932 1759 causam
1946 1726 2065 1753 Demades
2079 1727 2161 1754 dicere

1111 1759 1220 1794 Jblcbur,
1241 1760 1388 1785 Draconem
1403 1767 1456 1785 non
1469 1762 1630 1790 atramento,
1649 1756 1693 1783 sed
1705 1758 1830 1792 sauguine
1844 1758 1912 1794 leges
1928 1761 2057 1796 scripsifl'e.
2098 1762 2158 1790 Vid.

1119 1793 1185 1818 Gell.
1202 1802 1234 1824 11,
1250 1799 1282 1822 18.
1320 1793 1434 1827 Rhodig.
1451 1798 1484 1824 18,
1497 1800 1534 1825 19·

1156 1826 1302 1859 DRACO,
1323 1829 1391 1865 oxi-is,
1413 1838 1448 1855 m,
1491 1824 1621 1863 [δράκων]
1658 1827 1739 1854 Genus
1753 1828 1880 1865 serpentis
1904 1834 2015 1859 maioris.
2058 1833 2158 1868 Serpen-

1118 1868 1156 1887 tes
1168 1863 1310 1896 templorum
1322 1861 1365 1895 este
1378 1865 1432 1889 vult
1448 1863 1520 1889 Seru.
1535 1862 1566 1889 ad
1581 1864 1645 1890 Aen.
1658 1872 1683 1895 2,
1697 1873 1759 1897 204.
1796 1866 1865 1892 Certe
1879 1866 2025 1899 maiestatem
2039 1870 2158 1905 aliquam,

1118 1903 1143 1923 ct
1158 1898 1300 1933 religionem
1318 1898 1376 1924 adeo
1395 1898 1466 1924 habet
1479 1898 1607 1925 Draconis
1619 1905 1650 1933 ap
1668 1900 1758 1926 ellatio.
1793 1901 1896 1927 Solinus
1917 1910 1938 1928 c.
1954 1911 1994 1935 43,
1999 1904 2093 1938 scribit
2113 1914 2159 1931 ve-

1119 1933 1156 1959 ris
1171 1932 1329 1958 draconibus
1345 1942 1391 1959 ora
1405 1943 1486 1968 parua
1506 1934 1555 1959 esse
1565 1953 1572 1964 ,
1593 1939 1617 1959 et
1631 1943 1644 1959 a
1681 1934 1783 1961 morsus
1803 1944 1857 1962 non
1871 1936 2045 1970 dehiscentia,
2058 1939 2102 1966 scd
2116 1948 2158 1966 ar-

1121 1967 1174 1993 &as
1195 1967 1308 1999 fistulas,
1327 1977 1374 2003 per
1389 1978 1452 2003 quas
1473 1968 1581 1995 trahunt
1601 1969 1723 2002 spiritus,
1743 1976 1769 1996 et
1789 1970 1890 2005 linguas
1911 1973 2041 2000 exserunt.
2080 1977 2101 2000 A
2121 1974 2158 2001 ud

1121 2003 1198 2029 Indos
1220 2008 1245 2028 et
1259 2003 1400 2038 Aethiopes
1419 2003 1542 2029 dracones
1555 2011 1721 2031 memorantur
1734 2005 1832 2039 viginti
1845 2007 2011 2040 cubitorum,
2024 2009 2076 2035 vid.
2091 2010 2107 2035 P
2120 2010 2160 2036 in.

1121 2044 1143 2070 8,
1159 2047 1189 2065 11.
1210 2041 1239 2063 it.
1262 2047 1289 2064 12
1302 2045 1325 2065 et
1340 2047 1373 2070 ¹3·
1410 2039 1465 2064 Cic.
1476 2039 1588 2073 Philipp.
1608 2048 1641 2071 1³,
1656 2047 1682 2065 12
1703 2041 1743 2065 An
1763 2041 1784 2066 is
1802 2050 1857 2067 non
1876 2042 1976 2076 reddet,
1991 2044 2038 2078 qui
2052 2044 2160 2072 domini

1120 2074 1310 2108 patrimonium
1330 2074 1535 2109 circumplexus,
1562 2074 1632 2108 quali
1652 2074 1802 2101 thesaurum
1824 2075 1920 2104 draco?
1937 2085 1983 2105 etc.
2055 2081 2159 2115 Aligcri

1120 2110 1245 2136 dracones
1259 2109 1345 2136 Valer.
1360 2111 1456 2144 Argon.
1472 2116 1563 2144 7‚1ao.
1599 2109 1675 2143 Virg.
1695 2110 1759 2136 Aen.
1778 2119 1809 2144 2,
1827 2120 1883 2145 225.
1954 2113 2060 2142 Iubatus
2079 2116 2159 2143 Auci.

1119 2144 1149 2178 ad
1163 2146 1261 2171 Heren.
1281 2154 1307 2178 4,
1322 2149 1361 2177 63.
1417 2145 1546 2171 insomnis
1574 2143 1654 2172 Ouid.
1674 2145 1738 2173 Met.
1754 2154 1848 2179 9‚190.
1919 2149 2050 2184 Insopitus
2082 2151 2159 2178 Idem

1118 2180 1181 2205 Mct.
1197 2188 1223 2214 7,
1236 2182 1276 2212 36.
1318 2215 1323 2220 ⁸
1346 2181 1422 2206 Saeui
1437 2180 1523 2207 Valer.
1538 2180 1636 2214 Argon.
1654 2189 1673 2213 1,
1688 2183 1728 2212 68.
1801 2182 1957 2217 Squamosus
1971 2186 2045 2220 Virg.
2059 2187 2158 2222 Georg-

1119 2224 1148 2248 4,
1162 2221 1222 2249 408.
1292 2216 1348 2242 Cic.
1364 2215 1396 2241 dc·
1404 2216 1497 2242 Diuin.
1510 2225 1535 2248 2,
1550 2218 1579 2247 63
1601 2215 1723 2243 Vidimus
1737 2217 1847 2244 immani
1862 2220 1946 2253 specie
1959 2227 2086 2257 tortuque
2099 2222 2159 2250 dra-

1121 2260 1213 2277 conem
1232 2251 1411 2278 Terribilem.
1442 2254 1477 2278 Ex
1491 2253 1575 2278 Poeta.
1647 2252 1739 2278 Vastus
1758 2254 1839 2280 Ouid.
1859 2255 1924 2282 Met.
1943 2265 1970 2289 4,
2007 2277 2014 2284 .
2051 2277 2057 2284 .
2111 2259 2158 2285 Vi-

1120 2286 1155 2319 gil
1175 2286 1262 2313 Valer.
1276 2288 1375 2320 Argon.
1390 2296 1415 2319 2,
1431 2293 1481 2319 382.
1553 2287 1700 2314 Conuoluti
1721 2288 1749 2314 in
1768 2289 1862 2322 semet,
1882 2291 1935 2317 vid.
1959 2298 2158 2321 CONVOLVO.

1118 2322 1265 2352 Dracones,
1282 2322 1349 2348 dicii
1364 2321 1412 2347 οἶπὸ
1435 2324 1468 2348 τΞ
1490 2319 1596 2358 δρακεῖν,
1616 2323 1687 2357 quod
1707 2324 1743 2350 est
1764 2325 1863 2352 videre.
1899 2327 2070 2355 Clarissimam
2084 2330 2158 2356 enim

1118 2357 1241 2384 dicuutur
1254 2357 1351 2383 habere
1363 2358 1506 2384 oculorum
1518 2358 1616 2384 aciem:
1642 2367 1693 2393 qua
1705 2368 1736 2385 ex
1749 2361 1823 2387 causa
1835 2361 1986 2389 incubantes
1998 2372 2042 2390 cos
2055 2364 2158 2391 thesau-

1117 2392 1154 2419 ris
1176 2392 1306 2419 tinxerunt
1325 2393 1437 2427 antiqui.
1474 2393 1590 2428 Ideoque
1610 2394 1764 2429 Aesculapio
1783 2396 1980 2431 attribuuntur,
2000 2398 2071 2433 quod
2089 2401 2157 2434 vigi-

1118 2428 1250 2454 lantiffimi
1263 2428 1366 2463 generis
1379 2433 1518 2462 putantur,
1538 2438 1605 2463 quac
1619 2438 1661 2456 res
1675 2431 1821 2458 medicinae
1834 2433 1948 2459 maxime
1961 2435 2097 2461 necessaria
2109 2435 2155 2461 est.

1117 2463 1214 2490 Festus.
1288 2466 1318 2490 In
1332 2463 1429 2490 deliciis
1446 2464 1543 2490 habitos
1555 2463 1634 2499 fmflb
1654 2465 1720 2501 apud
1736 2473 1830 2493 veteres·
1850 2467 1918 2494 docet
1930 2469 2029 2503 Cafiiub.
2044 2469 2077 2495 acl
2094 2470 2156 2496 Sue-

1117 2504 1172 2526 ton.
1187 2509 1211 2534 p.
1226 2507 1273 2532 133·
1311 2501 1348 2525 De
1360 2499 1525 2525 Draconibus
1547 2499 1575 2526 in
1593 2501 1694 2532 munis,
1709 2501 1762 2527 vid.
1777 2503 1869 2535 Spavzh.
1889 2501 1944 2535 dsſjl
1960 2513 1976 2537 4
1991 2510 2018 2538 p.
2033 2513 2081 2530 211.
2115 2507 2155 2532 De

1117 2544 1202 2570 pugna
1226 2543 1320 2561 eorum
1350 2543 1409 2561 cum
1430 2534 1580 2569 Elephantis
1606 2535 1677 2561 Philo
1694 2535 1723 2560 de
1742 2538 1882 2570 Incorrupt.
1903 2538 1984 2565 mund.
2005 2548 2029 2573 p.
2046 2546 2111 2574 744.
2129 2547 2155 2567 ec

1116 2570 1182 2598 Pljn,
1198 2570 1216 2597 Ι,
1229 2579 1251 2596 c.
1415 2567 1437 2606 ff
1458 2578 1474 2596 2.
1509 2569 1595 2595 Draco
1612 2571 1744 2602 marinus,
1768 2571 1849 2606 Pistv's
1866 2570 1899 2604 est
1912 2574 2033 2607 litoralis,
2047 2584 2115 2610 quem
2129 2582 2156 2602 ee:

1118 2608 1249 2634 Araneum
1269 2606 1336 2633 Plin.
1353 2612 1426 2631 vocat
1441 2614 1467 2637 9,
1484 2609 1526 2638 48.
1565 2603 1639 2640 C⁰⁷²f-
1659 2604 1717 2631 Isid.
1740 2610 1774 2638 18,
1795 2615 1816 2638 3.
1860 2606 1968 2641 Amstot.
1997 2616 2020 2635 et
2051 2611 2155 2638 Aelian.

1117 2640 1138 2678 ἦ
1158 2652 1170 2674 3
1208 2642 1378 2675 Metaphorice
1394 2641 1482 2666 Draco
1502 2638 1535 2672 cst
1545 2638 1636 2674 fistula
1652 2641 1738 2667 helicis
1754 2644 1782 2666 in
1796 2651 1884 2668 morem
1901 2650 1968 2670 torta
1982 2647 2009 2670 in
2023 2645 2154 2674 miliario.

1117 2679 1174 2704 Sen.
1189 2678 1240 2709 Qi.
1255 2677 1317 2702 Nat.
1330 2684 1353 2708 3,
1367 2684 1402 2709 24
1430 2676 1524 2702 Facere
1539 2675 1650 2702 solemus
1662 2676 1793 2703 Dracones
1806 2683 1832 2703 et
1849 2677 1982 2711 miliaria,
1999 2685 2025 2706 et
2037 2682 2155 2716 complu-

1117 2721 1157 2738 res
1176 2712 1290 2743 formas,
1310 2711 1338 2737 in
1357 2710 1452 2745 quibus
1470 2719 1530 2737 aere
1551 2711 1624 2737 tenui
1643 2710 1738 2738 fistulas
1757 2712 1898 2746 struimus,
1917 2723 1963 2748 per
1983 2714 2084 2743 decline
2103 2718 2155 2745 cir-

1117 2747 1263 2777 cumdatas,
1281 2752 1310 2773 vt
1323 2746 1398 2779 saepe
1411 2745 1523 2772 eundem
1537 2745 1623 2779 ignem
1636 2746 1754 2773 ambiens
1767 2755 1834 2782 aqua
1848 2757 1894 2783 per
1908 2756 2007 2776 tantum
2021 2752 2084 2778 fluat
2099 2754 2153 2787 spa-

1117 2783 1166 2814 tii,
1186 2789 1312 2817 quantum
1332 2781 1470 2808 efficiendo
1490 2781 1574 2807 calori
1593 2782 1629 2808 sat
1649 2781 1693 2808 cst.
1730 2783 1836 2817 Frigida
1850 2785 1938 2819 itaque
1953 2786 2047 2818 intrat,
2068 2789 2156 2815 effluit

1117 2817 1208 2844 calida.
1384 2814 1404 2854 q
1421 2826 1439 2849 4
1476 2817 1608 2843 Dracones
1627 2817 1706 2844 etiam
1720 2827 1751 2844 ex
1765 2819 1959 2847 tortuositatum
1979 2821 2154 2851 similitudine

1117 2854 1174 2879 sunt
1188 2852 1307 2879 Palmites
1323 2852 1350 2878 in
1367 2851 1466 2878 vitibus
1480 2852 1587 2879 emeriti
1599 2857 1625 2879 et
1639 2861 1686 2887 per
1695 2854 1792 2880 multos
1805 2864 1885 2881 annos
1899 2856 1996 2883 durati.
2032 2859 2097 2886 Plin.
2114 2868 2153 2894 17,

1117 2897 1144 2920 23
1160 2889 1177 2914 s.
1193 2895 1220 2920 33
1238 2896 1264 2913 n.
1280 2896 1323 2920 24.
1359 2888 1487 2914 Laudatur
1519 2891 1609 2920 ctiam,
1624 2895 1670 2924 per
1701 2898 1807 2916 errorem
1834 2898 1911 2926 puto,
1930 2893 2061 2920 Columel.
2082 2903 2110 2927 ς,
2131 2903 2153 2928 ς.

1159 2931 1171 2957 ς
1206 2924 1291 2949 Draco
1310 2925 1383 2948 etiam
1404 2926 1430 2949 in
1448 2922 1606 2955 orbe-lidereo
1620 2931 1693 2959 caput
1707 2932 1731 2950 et
1743 2926 1844 2952 caudam
1857 2925 1971 2959 ostendit.
1997 2929 2054 2955 Vsd.
2070 2932 2151 2957 procl.

1117 2961 1145 2986 dc
1160 2959 1261 2994 Sphaer.
1275 2959 1434 2994 Dalcchamp.
1447 2958 1481 2984 ad
1493 2959 1560 2984 I'lin.
1574 2967 1598 2990 2,
1614 2968 1651 2986 10.
1667 2966 1690 2985 ct
1703 2961 1810 2987 Vitruu.
1824 2964 1849 2994 6,
1863 2965 1887 2988 6.
2001 2962 2021 3005 fl
2043 2968 2057 2990 6
2087 2966 2152 2992 Dra-

1117 3004 1194 3022 cones
1218 2993 1304 3020 de1'nde
1333 2996 1400 3020 inter
1419 2992 1496 3029 figna
1515 2995 1642 3021 militaria
1665 3003 1752 3029 crant,
1778 2997 1805 3022 de
1823 2998 1909 3032 quibui·
1927 2999 2057 3026 Ammian.
2071 3003 2152 3031 16,10

1117 3031 1192 3057 Alios
1212 3029 1350 3064 purpureis
1366 3029 1559 3056 subteminibus
1579 3031 1643 3056 texti
1665 3031 1860 3058 circumdedere
1874 3033 2005 3060 Dracones
2019 3034 2151 3063 hastarum

1116 3066 1200 3092 aureis
1221 3064 1410 3099 gemmatisque
1431 3065 1623 3092 summitatibus
1643 3066 1756 3100 illigati,
1778 3067 1850 3094 hiatu
1871 3068 1943 3094 vasto
1962 3070 2110 3103 perflabiles
2124 3077 2151 3097 et

1116 3102 1177 3128 idco
1193 3101 1265 3127 velut
1278 3099 1317 3126 ira
1330 3100 1425 3134 perciti
1438 3099 1586 3133 sibilantes,
1606 3101 1800 3136 caudarumque
1820 3103 1956 3129 volumina
1972 3105 2150 3140 relinquentes

1117 3138 1146 3164 in
1158 3141 1277 3163 ventum.
1313 3135 1386 3162 Idem
1400 3138 1438 3167 16,
1451 3144 1491 3167 30.
1534 3137 1677 3172 Sinuatque
1691 3143 1775 3164 truces
1795 3138 1859 3164 lenis
1874 3147 1936 3165 aura
1955 3139 2078 3166 dracones
2095 3142 2149 3167 Ne-

1116 3174 1178 3199 mes.
1198 3173 1295 3205 Cyneg.
1311 3176 1351 3204 84.
1407 3172 1499 3198 Claud.
1519 3172 1546 3198 in
1559 3172 1627 3199 Ruff.
1644 3181 1668 3204 2,
1686 3175 1731 3206 365
1771 3174 1952 3200 Mansueseunt
1975 3176 2044 3201 varii
2067 3182 2150 3203 vento

1117 3209 1223 3234 cessante
1237 3206 1372 3234 dracones.
1429 3206 1501 3233 Idem
1515 3209 1592 3235 Cons.
1608 3209 1679 3234 11011.
1695 3217 1720 3241 4,
1736 3216 1781 3242 543
1808 3209 1861 3235 Vix
1873 3210 1982 3236 comites
1995 3211 2050 3236 alac
2066 3212 2110 3237 vix
2124 3217 2150 3238 te

799 3245 944 3280 Argentum
956 3244 1054 3279 accepi,
1071 3246 1099 3274 85
1116 3243 1233 3278 suspensa
1246 3242 1390 3276 sequuntur
1424 3242 1550 3277 Agmina,
1571 3243 1755 3279 feruentesque
1776 3250 1877 3271 tument
1895 3244 1951 3279 post
1970 3252 2041 3280 terga
2059 3246 2150 3274 draco-

1115 3288 1170 3305 nes.
1227 3278 1300 3304 Idem
1315 3278 1391 3304 Cons.
1405 3279 1476 3305 Hon.
1494 3287 1515 3311 3,
1531 3283 1574 3313 178

1222 3314 1259 3340 Hi
1279 3313 1400 3340 volucres
1421 3314 1518 3340 tollunt
1538 3313 1654 3348 aquilas,
1675 3314 1703 3340 hi
1724 3314 1793 3348 pic'ia
1813 3314 1956 3342 draconum

1223 3349 1299 3376 Colla
1319 3349 1424 3380 leuant,
1444 3350 1596 3384 multusque
1616 3356 1699 3376 tumet
1714 3359 1761 3384 per
1781 3350 1873 3377 nubila
1892 3352 1994 3385 serpens

1221 3386 1304 3411 Iratus
1324 3384 1471 3411 stimulante
1491 3391 1566 3411 noto.

641 3421 714 3448 Idem
727 3422 794 3448 Asin.
810 3431 830 3453 1,
844 3431 865 3454 1,
877 3429 911 3456 72
930 3422 1053 3449 Dotalem
1065 3430 1101 3454 90
1115 3421 1203 3449 Sidon.
1219 3421 1306 3447 Carm.
1318 3428 1342 3453 ς,
1356 3428 1410 3453 409

1434 3455 1555 3482 'sextilis
1575 3456 1667 3490 anguis

1222 3490 1353 3518 Discurrit
1374 3499 1421 3525 per
1441 3498 1580 3526 vtramque
1599 3492 1684 3518 aciem
1703 3490 1747 3516 cui
1771 3494 1860 3524 guttur
1877 3489 1977 3517 adaeus

1222 3527 1252 3553 T
1255 3526 1364 3561 urgescit
1385 3526 1520 3561 Zephyris.

1115 3561 1268 3597 Vnicuique
1281 3561 1386 3588 cohorti
1404 3564 1463 3588 suus
1475 3568 1530 3589 erat
1543 3561 1630 3589 draco.
1667 3561 1797 3587 Dracones
1810 3569 1858 3594 per
1869 3560 1982 3595 singulas
2000 3561 2121 3591 cohortes
2133 3573 2149 3591 a

945 3598 1052 3626 Praedia
1068 3603 1100 3629 95
1117 3597 1278 3624 draconariis
1292 3598 1414 3624 seruntur
1431 3598 1462 3624 ad
1478 3598 1607 3632 praelium
1623 3597 1713 3636 Vrget.
1728 3605 1753 3628 τι,
1767 3604 1800 3627 13.

1151 3639 1169 3658 D
1180 3639 1198 3658 R
1207 3640 1228 3659 A
1238 3639 1254 3658 c
1263 3639 1283 3658 v
1293 3641 1313 3659 N
1322 3640 1339 3660 c
1348 3631 1369 3660 ὕ
1378 3640 1393 3659 1.
1403 3641 1423 3659 ν
1434 3640 1446 3658 s
1456 3653 1464 3666 ‚
1480 3633 1498 3659 i.
1516 3643 1550 3659 m.
1586 3631 1686 3658 Dimm.
1723 3632 1826 3666 Lampr.
1841 3631 1869 3658 in
1880 3631 1954 3658 Alex.
1968 3643 1991 3660 c.
2007 3640 2038 3667 14
2063 3634 2149 3661 Mater

1115 3668 1170 3693 eius
1185 3668 1270 3701 pridie
1283 3677 1360 3702 quam
1373 3675 1475 3703 pareret
1492 3667 1630 3694 somniauit
1643 3667 1668 3692 se
1681 3675 1841 3700 purpureum
1850 3667 2036 3694 dracunculum
2047 3678 2147 3703 parere.

1115 3700 1137 3739 ff
1158 3711 1173 3729 2
1210 3703 1316 3730 Herbae
1329 3713 1425 3738 genus,
1443 3713 1509 3738 quae
1523 3703 1622 3734 maior,
1642 3701 1731 3729 minor
1744 3707 1769 3729 et
1784 3702 1911 3729 hortensis
1925 3704 1960 3730 est
1974 3704 2039 3731 Plin.
2054 3714 2096 3738 24,
2110 3706 2147 3731 16.

1116 3745 1139 3764 et
1153 3745 1189 3770 ες,
1203 3747 1225 3765 2.
1259 3740 1339 3766 Rucll.
1359 3748 1384 3771 2,
1398 3742 1440 3772 96.

1061 3785 1108 3804 100
1151 3781 1170 3800 D
1179 3781 1196 3800 R
1207 3781 1227 3800 A
1238 3780 1255 3800 c
1267 3781 1286 3800 ο
1296 3781 1317 3800 Ν
1328 3782 1347 3801 Α
1360 3782 1377 3801 R
1388 3782 1397 3800 1
1407 3782 1426 3800 v
1436 3782 1448 3800 s
1463 3793 1470 3804 ‚
1492 3773 1520 3798 ii.
1541 3780 1576 3797 m.
1612 3771 1736 3833 Sipnifer,
1750 3775 1793 3809 qui
1806 3772 1934 3801 draconem
1950 3781 2046 3810 parcat.
2090 3773 2147 3800 Vid.

1118 3815 1228 3836 DRACO
1246 3819 1270 3835 n.
1285 3812 1309 3836 6.
1331 3809 1440 3836 Modest.
1455 3808 1486 3833 de
1494 3807 1640 3834 Vocab.Mi
1653 3808 1681 3834 it.
1703 3809 1833 3835 Dracones
1846 3819 1894 3843 per
1908 3809 2016 3844 fingulas
2025 3808 2147 3835 cohortes

1114 3853 1129 3870 a
1141 3845 1309 3871 Draconariis
1329 3846 1457 3870 feruntur.
1502 3843 1574 3878 Cous.
1588 3844 1678 3878 Veget.
1692 3853 1718 3876 2,
1733 3851 1750 3878 7
1774 3845 1915 3878 Signiferi,
1930 3846 1977 3879 qui
1998 3845 2065 3878 ligna
2086 3852 2145 3877 por-

1114 3885 1184 3911 tant,
1205 3889 1271 3914 quos
1285 3889 1352 3906 nunc
1364 3878 1538 3905 Draconarios
1551 3885 1655 3905 vocant.
1701 3880 1832 3906 Ammian.
1850 3889 1893 3913 20,
1907 3890 1924 3914 4
1944 3889 1967 3914 p.
1983 3883 2034 3912 264
2072 3880 2145 3905 Mau-

1114 3924 1157 3941 rus
1172 3915 1279 3941 nomine
1299 3914 1424 3949 quidam,
1462 3928 1506 3933 —
1543 3913 1700 3941 abstrastum
1717 3915 1764 3942 fibi
1783 3922 1921 3950 torquem,
1941 3923 1994 3949 quo
2008 3921 2036 3940 vt
2048 3915 2145 3939 Draco-

26 3941 58 3971 111
69 3941 165 3971 Arabia
183 3950 209 3972 ot
227 3945 286 3974 olea
306 3946 412 3976 dotatur
429 3946 552 3982 lacrima,
575 3957 626 3984 qua
643 3951 862 3980 medicamentum
879 3952 1018 3981 conficitur
1037 3957 1104 3985 3105
1112 3951 1201 3978 narius
1214 3949 1351 3980 vtebatur,
1368 3949 1448 3983 capiti
1462 3949 1559 3977 Iuliani
1577 3949 1703 3984 imposuit
1716 3949 1886 3980 confidenter.

1303 3985 1325 4012 L
1345 3984 1354 4011 l
1390 3991 1407 4012 ι
2030 3988 2146 4010 nance,
