<?xml version="1.0" encoding="UTF-8"?>
<!DOCTYPE html PUBLIC "-//W3C//DTD XHTML 1.0 Transitional//EN"
    "http://www.w3.org/TR/xhtml1/DTD/xhtml1-transitional.dtd">
<html xmlns="http://www.w3.org/1999/xhtml" xml:lang="en" lang="en">
 <head>
  <title>
</title>
<meta http-equiv="Content-Type" content="text/html;charset=utf-8" />
  <meta name='ocr-system' content='tesseract 3.04.00' />
  <meta name='ocr-capabilities' content='ocr_page ocr_carea ocr_par ocr_line ocrx_word'/>
</head>
<body>
  <div class='ocr_page' id='page_1' title='image "./novuslinguaeeter02gesn/novuslinguaeeter02gesn_0338.png"; bbox 0 0 2479 4225; ppageno 0'>
   <div class='ocr_carea' id='block_1_1' title="bbox 282 128 2411 198">
    <p class='ocr_par' dir='ltr' id='par_1_1' title="bbox 282 128 2411 198">
     <span class='ocr_line' id='line_1_1' title="bbox 282 128 2411 198; baseline -0.005 -18"><span class='ocrx_word' id='word_1_1' title='bbox 282 150 362 198; x_wconf 80' lang='lat'>647</span> <span class='ocrx_word' id='word_1_2' title='bbox 674 143 706 182; x_wconf 86' lang='lat' dir='ltr'>F</span> <span class='ocrx_word' id='word_1_3' title='bbox 788 142 821 180; x_wconf 89' lang='lat' dir='ltr'>E</span> <span class='ocrx_word' id='word_1_4' title='bbox 902 138 927 174; x_wconf 94' lang='lat' dir='ltr'>S</span> <span class='ocrx_word' id='word_1_5' title='bbox 1746 130 1793 168; x_wconf 83' lang='lat' dir='ltr'>-F</span> <span class='ocrx_word' id='word_1_6' title='bbox 1881 128 1927 169; x_wconf 70' lang='grc' dir='ltr'>Ε,</span> <span class='ocrx_word' id='word_1_7' title='bbox 2006 130 2048 170; x_wconf 81' lang='grc' dir='ltr'>Τ</span> <span class='ocrx_word' id='word_1_8' title='bbox 2285 136 2411 185; x_wconf 74' lang='grc'>,648</span> 
     </span>
    </p>
   </div>
   <div class='ocr_carea' id='block_1_2' title="bbox 283 211 2447 304">
    <p class='ocr_par' dir='ltr' id='par_1_2' title="bbox 283 211 2447 304">
     <span class='ocr_line' id='line_1_2' title="bbox 316 211 2447 264; baseline -0.007 -2"><span class='ocrx_word' id='word_1_9' title='bbox 316 242 379 262; x_wconf 79' lang='lat' dir='ltr'>rEs</span> <span class='ocrx_word' id='word_1_10' title='bbox 390 239 588 264; x_wconf 77' lang='grc' dir='ltr'>ΤιΝΑΊῚο,</span> <span class='ocrx_word' id='word_1_11' title='bbox 605 231 673 258; x_wconf 72' lang='lat' dir='ltr'>onis.</span> <span class='ocrx_word' id='word_1_12' title='bbox 691 231 711 256; x_wconf 88' lang='lat' dir='ltr'>f.</span> <span class='ocrx_word' id='word_1_13' title='bbox 747 227 859 262; x_wconf 49' lang='grc' dir='ltr'>[ἕκαξιῃ</span> <span class='ocrx_word' id='word_1_14' title='bbox 878 220 971 262; x_wconf 57' lang='lat' dir='ltr'>anxii]</span> <span class='ocrx_word' id='word_1_15' title='bbox 1025 220 1080 248; x_wconf 85' lang='lat' dir='ltr'>Cic.</span> <span class='ocrx_word' id='word_1_16' title='bbox 1100 229 1148 254; x_wconf 85' lang='lat' dir='ltr'>pro</span> <span class='ocrx_word' id='word_1_17' title='bbox 1169 218 1264 258; x_wconf 67' lang='lat' dir='ltr'>Milon·</span> <span class='ocrx_word' id='word_1_18' title='bbox 1279 225 1315 250; x_wconf 84' lang='lat'>49</span> <span class='ocrx_word' id='word_1_19' title='bbox 1378 227 1455 253; x_wconf 78' lang='lat' dir='ltr'>gnam</span> <span class='ocrx_word' id='word_1_20' title='bbox 1467 218 1593 253; x_wconf 86' lang='lat' dir='ltr'>temporis</span> <span class='ocrx_word' id='word_1_21' title='bbox 1606 222 1705 257; x_wconf 70' lang='lat' dir='ltr'>partem</span> <span class='ocrx_word' id='word_1_22' title='bbox 1719 226 1773 257; x_wconf 70' lang='lat' dir='ltr'>non</span> <span class='ocrx_word' id='word_1_23' title='bbox 1786 223 1815 244; x_wconf 92' lang='lat' dir='ltr'>vt</span> <span class='ocrx_word' id='word_1_24' title='bbox 1828 217 1969 257; x_wconf 79' lang='lat' dir='ltr'>militiam,</span> <span class='ocrx_word' id='word_1_25' title='bbox 1989 218 2074 261; x_wconf 23' lang='lat' dir='ltr'>sedqvt</span> <span class='ocrx_word' id='word_1_26' title='bbox 2092 219 2187 246; x_wconf 83' lang='lat' dir='ltr'>festum</span> <span class='ocrx_word' id='word_1_27' title='bbox 2206 220 2420 260; x_wconf 41' lang='grc' dir='ltr'>[Ἀεεηι.3151111011.ν</span> <span class='ocrx_word' id='word_1_28' title='bbox 2438 211 2447 240; x_wconf 57' lang='grc' dir='ltr'><strong>Ϊ</strong></span> 
     </span>
     <span class='ocr_line' id='line_1_3' title="bbox 283 252 2413 304; baseline -0.006 -12"><span class='ocrx_word' id='word_1_29' title='bbox 283 273 359 304; x_wconf 65' lang='lat' dir='ltr'>Qffie</span> <span class='ocrx_word' id='word_1_30' title='bbox 371 270 443 295; x_wconf 72' lang='lat' dir='ltr'>causa</span> <span class='ocrx_word' id='word_1_31' title='bbox 456 278 502 295; x_wconf 80' lang='lat' dir='ltr'>cur</span> <span class='ocrx_word' id='word_1_32' title='bbox 514 269 625 295; x_wconf 82' lang='lat' dir='ltr'>Romam</span> <span class='ocrx_word' id='word_1_33' title='bbox 648 264 812 301; x_wconf 71' lang='lat' dir='ltr'>properaret?</span> <span class='ocrx_word' id='word_1_34' title='bbox 848 260 901 285; x_wconf 88' lang='lat' dir='ltr'>Cur</span> <span class='ocrx_word' id='word_1_35' title='bbox 928 266 957 283; x_wconf 82' lang='lat' dir='ltr'>in</span> <span class='ocrx_word' id='word_1_36' title='bbox 980 256 1084 283; x_wconf 60' lang='lat' dir='ltr'>noctem</span> <span class='ocrx_word' id='word_1_37' title='bbox 1109 257 1132 281; x_wconf 92' lang='lat' dir='ltr'>se</span> <span class='ocrx_word' id='word_1_38' title='bbox 1156 255 1316 280; x_wconf 79' lang='lat' dir='ltr'>coniiceret3</span> <span class='ocrx_word' id='word_1_39' title='bbox 1379 256 1463 288; x_wconf 82' lang='lat' dir='ltr'>Agere</span> <span class='ocrx_word' id='word_1_40' title='bbox 1475 254 1600 280; x_wconf 87' lang='lat' dir='ltr'>aduentus</span> <span class='ocrx_word' id='word_1_41' title='bbox 1615 253 1727 279; x_wconf 82' lang='lat' dir='ltr'>alicuius</span> <span class='ocrx_word' id='word_1_42' title='bbox 1741 252 1795 279; x_wconf 88' lang='lat' dir='ltr'>dies</span> <span class='ocrx_word' id='word_1_43' title='bbox 1809 254 1887 280; x_wconf 82' lang='lat' dir='ltr'>festos</span> <span class='ocrx_word' id='word_1_44' title='bbox 1907 255 1963 280; x_wconf 84' lang='lat' dir='ltr'>c1c.</span> <span class='ocrx_word' id='word_1_45' title='bbox 1972 263 2020 288; x_wconf 89' lang='lat' dir='ltr'>pro</span> <span class='ocrx_word' id='word_1_46' title='bbox 2031 257 2100 281; x_wconf 74' lang='lat' dir='ltr'>bext.</span> <span class='ocrx_word' id='word_1_47' title='bbox 2112 264 2159 287; x_wconf 83' lang='grc'>131.</span> <span class='ocrx_word' id='word_1_48' title='bbox 2231 255 2290 281; x_wconf 67' lang='lat' dir='ltr'>Aen</span> <span class='ocrx_word' id='word_1_49' title='bbox 2304 262 2329 282; x_wconf 89' lang='lat' dir='ltr'>et</span> <span class='ocrx_word' id='word_1_50' title='bbox 2343 256 2413 284; x_wconf 83' lang='lat' dir='ltr'>insti.</span> 
     </span>
    </p>
   </div>
   <div class='ocr_carea' id='block_1_3' title="bbox 283 288 2452 860">
    <p class='ocr_par' dir='ltr' id='par_1_3' title="bbox 283 288 2452 860">
     <span class='ocr_line' id='line_1_4' title="bbox 284 288 2452 340; baseline 0.002 -26"><span class='ocrx_word' id='word_1_51' title='bbox 284 306 355 340; x_wconf 41' lang='lat' dir='ltr'>ind</span> <span class='ocrx_word' id='word_1_52' title='bbox 375 304 498 330; x_wconf 63' lang='lat' dir='ltr'>afferebat</span> <span class='ocrx_word' id='word_1_53' title='bbox 516 302 725 330; x_wconf 54' lang='lat' dir='ltr'>festinationemg</span> <span class='ocrx_word' id='word_1_54' title='bbox 814 295 870 320; x_wconf 68' lang='lat' dir='ltr'>Cic,</span> <span class='ocrx_word' id='word_1_55' title='bbox 885 293 916 319; x_wconf 80' lang='lat' dir='ltr'>de</span> <span class='ocrx_word' id='word_1_56' title='bbox 929 294 1001 319; x_wconf 81' lang='lat' dir='ltr'>Orat.</span> <span class='ocrx_word' id='word_1_57' title='bbox 1022 303 1049 325; x_wconf 78' lang='lat'>3,</span> <span class='ocrx_word' id='word_1_58' title='bbox 1070 300 1121 324; x_wconf 86' lang='lat'>209</span> <span class='ocrx_word' id='word_1_59' title='bbox 1153 289 1250 323; x_wconf 78' lang='lat' dir='ltr'>Qiales</span> <span class='ocrx_word' id='word_1_60' title='bbox 1269 288 1316 322; x_wconf 83' lang='lat' dir='ltr'>ipsi</span> <span class='ocrx_word' id='word_1_61' title='bbox 1378 290 1428 316; x_wconf 85' lang='lat' dir='ltr'>tuti</span> <span class='ocrx_word' id='word_1_62' title='bbox 1460 290 1516 316; x_wconf 89' lang='lat' dir='ltr'>dies</span> <span class='ocrx_word' id='word_1_63' title='bbox 1547 288 1606 316; x_wconf 78' lang='lat' dir='ltr'>festi</span> <span class='ocrx_word' id='word_1_64' title='bbox 1639 288 1712 315; x_wconf 83' lang='lat' dir='ltr'>Idem</span> <span class='ocrx_word' id='word_1_65' title='bbox 1734 297 1782 323; x_wconf 85' lang='lat' dir='ltr'>pro</span> <span class='ocrx_word' id='word_1_66' title='bbox 1805 289 1901 316; x_wconf 86' lang='lat' dir='ltr'>Milon.</span> <span class='ocrx_word' id='word_1_67' title='bbox 1921 298 1946 322; x_wconf 87' lang='grc'>9.</span> <span class='ocrx_word' id='word_1_68' title='bbox 2049 291 2189 326; x_wconf 82' lang='lat' dir='ltr'>Agitantur</span> <span class='ocrx_word' id='word_1_69' title='bbox 2204 290 2258 317; x_wconf 89' lang='lat' dir='ltr'>dies</span> <span class='ocrx_word' id='word_1_70' title='bbox 2274 291 2334 318; x_wconf 83' lang='lat' dir='ltr'>festi</span> <span class='ocrx_word' id='word_1_71' title='bbox 2357 293 2412 328; x_wconf 74' lang='lat' dir='ltr'>Cic,</span> <span class='ocrx_word' id='word_1_72' title='bbox 2446 291 2452 309; x_wconf 65' lang='lat'>‘¹</span> 
     </span>
     <span class='ocr_line' id='line_1_5' title="bbox 304 323 2449 375; baseline -0.003 -13"><span class='ocrx_word' id='word_1_73' title='bbox 304 348 391 375; x_wconf 70' lang='lat' dir='ltr'>„oque</span> <span class='ocrx_word' id='word_1_74' title='bbox 403 345 521 366; x_wconf 69' lang='lat' dir='ltr'>oratores</span> <span class='ocrx_word' id='word_1_75' title='bbox 557 348 607 373; x_wconf 81' lang='lat' dir='ltr'>qua</span> <span class='ocrx_word' id='word_1_76' title='bbox 622 338 668 364; x_wconf 81' lang='lat' dir='ltr'>lint</span> <span class='ocrx_word' id='word_1_77' title='bbox 682 339 777 362; x_wconf 85' lang='lat' dir='ltr'>aetate,</span> <span class='ocrx_word' id='word_1_78' title='bbox 803 330 920 360; x_wconf 87' lang='lat' dir='ltr'>honore,</span> <span class='ocrx_word' id='word_1_79' title='bbox 943 328 1098 355; x_wconf 63' lang='lat' dir='ltr'>auetoritate</span> <span class='ocrx_word' id='word_1_80' title='bbox 1119 325 1196 352; x_wconf 85' lang='lat' dir='ltr'>debet</span> <span class='ocrx_word' id='word_1_81' title='bbox 1213 323 1316 364; x_wconf 69' lang='lat' dir='ltr'>videri:</span> <span class='ocrx_word' id='word_1_82' title='bbox 1380 326 1455 351; x_wconf 88' lang='lat' dir='ltr'>Verr.</span> <span class='ocrx_word' id='word_1_83' title='bbox 1470 334 1494 356; x_wconf 86' lang='lat'>2,</span> <span class='ocrx_word' id='word_1_84' title='bbox 1511 334 1553 358; x_wconf 77' lang='lat'>154</span> <span class='ocrx_word' id='word_1_85' title='bbox 1566 334 1587 364; x_wconf 82' lang='lat' dir='ltr'>c.</span> <span class='ocrx_word' id='word_1_86' title='bbox 1601 326 1640 355; x_wconf 84' lang='grc'>63.</span> <span class='ocrx_word' id='word_1_87' title='bbox 1708 325 1782 358; x_wconf 85' lang='lat' dir='ltr'>Virg.</span> <span class='ocrx_word' id='word_1_88' title='bbox 1800 325 1897 360; x_wconf 84' lang='lat' dir='ltr'>Georg.</span> <span class='ocrx_word' id='word_1_89' title='bbox 1916 333 1947 354; x_wconf 71' lang='lat'>2,</span> <span class='ocrx_word' id='word_1_90' title='bbox 1961 332 2019 359; x_wconf 82' lang='lat'>527·</span> <span class='ocrx_word' id='word_1_91' title='bbox 2113 327 2196 362; x_wconf 80' lang='lat' dir='ltr'>Agere</span> <span class='ocrx_word' id='word_1_92' title='bbox 2226 326 2414 355; x_wconf 73' lang='lat' dir='ltr'>anniuersarios</span> <span class='ocrx_word' id='word_1_93' title='bbox 2447 339 2449 343; x_wconf 68' lang='grc'>’</span> 
     </span>
     <span class='ocr_line' id='line_1_6' title="bbox 284 352 2448 403; baseline -0.004 -6"><span class='ocrx_word' id='word_1_94' title='bbox 284 352 335 403; x_wconf 57' lang='lat' dir='ltr'>{lg-..1</span> <span class='ocrx_word' id='word_1_95' title='bbox 357 385 386 401; x_wconf 74' lang='lat' dir='ltr'>us</span> <span class='ocrx_word' id='word_1_96' title='bbox 417 375 468 402; x_wconf 65' lang='lat' dir='ltr'>acis</span> <span class='ocrx_word' id='word_1_97' title='bbox 479 384 512 401; x_wconf 73' lang='lat' dir='ltr'>an</span> <span class='ocrx_word' id='word_1_98' title='bbox 523 359 586 401; x_wconf 66' lang='lat' dir='ltr'>sselli</span> <span class='ocrx_word' id='word_1_99' title='bbox 620 367 790 398; x_wconf 77' lang='lat' dir='ltr'>festinationis</span> <span class='ocrx_word' id='word_1_100' title='bbox 810 373 843 390; x_wconf 88' lang='lat' dir='ltr'>an</span> <span class='ocrx_word' id='word_1_101' title='bbox 856 364 916 390; x_wconf 86' lang='lat' dir='ltr'>otii.</span> <span class='ocrx_word' id='word_1_102' title='bbox 986 363 1114 389; x_wconf 86' lang='lat' dir='ltr'>Celeritas</span> <span class='ocrx_word' id='word_1_103' title='bbox 1136 366 1161 387; x_wconf 88' lang='lat' dir='ltr'>et</span> <span class='ocrx_word' id='word_1_104' title='bbox 1183 360 1317 386; x_wconf 85' lang='lat' dir='ltr'>festinatio</span> <span class='ocrx_word' id='word_1_105' title='bbox 1340 363 1354 390; x_wconf 76' lang='grc' dir='ltr'><strong>ς</strong></span> <span class='ocrx_word' id='word_1_106' title='bbox 1380 359 1435 386; x_wconf 88' lang='lat' dir='ltr'>dies</span> <span class='ocrx_word' id='word_1_107' title='bbox 1449 361 1526 387; x_wconf 86' lang='lat' dir='ltr'>festos</span> <span class='ocrx_word' id='word_1_108' title='bbox 1545 361 1599 387; x_wconf 81' lang='lat' dir='ltr'>Cic.</span> <span class='ocrx_word' id='word_1_109' title='bbox 1614 360 1689 386; x_wconf 90' lang='lat' dir='ltr'>Verr.</span> <span class='ocrx_word' id='word_1_110' title='bbox 1702 368 1729 393; x_wconf 90' lang='lat'>4,</span> <span class='ocrx_word' id='word_1_111' title='bbox 1744 367 1799 394; x_wconf 87' lang='lat'><em>107.</em></span> <span class='ocrx_word' id='word_1_112' title='bbox 1893 359 2033 386; x_wconf 84' lang='lat' dir='ltr'>Celebrare</span> <span class='ocrx_word' id='word_1_113' title='bbox 2047 359 2102 387; x_wconf 89' lang='lat' dir='ltr'>dies</span> <span class='ocrx_word' id='word_1_114' title='bbox 2116 362 2194 388; x_wconf 85' lang='lat' dir='ltr'>festos</span> <span class='ocrx_word' id='word_1_115' title='bbox 2207 362 2330 388; x_wconf 86' lang='lat' dir='ltr'>ludorum</span> <span class='ocrx_word' id='word_1_116' title='bbox 2343 361 2414 390; x_wconf 84' lang='lat' dir='ltr'>Idem</span> <span class='ocrx_word' id='word_1_117' title='bbox 2433 374 2448 384; x_wconf 63' lang='lat' dir='ltr'><em>w</em></span> 
     </span>
     <span class='ocr_line' id='line_1_7' title="bbox 283 385 2438 445; baseline 0 -20"><span class='ocrx_word' id='word_1_118' title='bbox 283 399 326 439; x_wconf 44' lang='lat' dir='ltr'>ei*</span> <span class='ocrx_word' id='word_1_119' title='bbox 339 385 483 445; x_wconf 63' lang='lat' dir='ltr'>PPtopRosc</span> <span class='ocrx_word' id='word_1_120' title='bbox 508 394 651 440; x_wconf 48' lang='lat' dir='ltr'>Amet-⁹97,</span> <span class='ocrx_word' id='word_1_121' title='bbox 721 403 779 428; x_wconf 87' lang='lat' dir='ltr'>Liu.</span> <span class='ocrx_word' id='word_1_122' title='bbox 794 407 806 432; x_wconf 81' lang='lat'>5</span> <span class='ocrx_word' id='word_1_123' title='bbox 819 405 882 426; x_wconf 64' lang='lat' dir='ltr'>extr.</span> <span class='ocrx_word' id='word_1_124' title='bbox 907 398 1050 426; x_wconf 85' lang='lat' dir='ltr'>Festinatio</span> <span class='ocrx_word' id='word_1_125' title='bbox 1065 406 1155 423; x_wconf 88' lang='lat' dir='ltr'>curam</span> <span class='ocrx_word' id='word_1_126' title='bbox 1167 395 1265 422; x_wconf 80' lang='lat' dir='ltr'>exemit</span> <span class='ocrx_word' id='word_1_127' title='bbox 1280 395 1318 420; x_wconf 90' lang='lat' dir='ltr'>vi·</span> <span class='ocrx_word' id='word_1_128' title='bbox 1381 404 1430 429; x_wconf 86' lang='lat' dir='ltr'>pro</span> <span class='ocrx_word' id='word_1_129' title='bbox 1451 396 1527 423; x_wconf 86' lang='lat' dir='ltr'>Arch.</span> <span class='ocrx_word' id='word_1_130' title='bbox 1550 404 1572 427; x_wconf 86' lang='grc'>13</span> <span class='ocrx_word' id='word_1_131' title='bbox 1592 404 1613 420; x_wconf 93' lang='lat' dir='ltr'>c.</span> <span class='ocrx_word' id='word_1_132' title='bbox 1634 396 1659 420; x_wconf 91' lang='lat'>6.</span> <span class='ocrx_word' id='word_1_133' title='bbox 1775 395 1878 421; x_wconf 77' lang='lat' dir='ltr'>Luci-et.</span> <span class='ocrx_word' id='word_1_134' title='bbox 1893 404 1915 428; x_wconf 80' lang='lat'>5,</span> <span class='ocrx_word' id='word_1_135' title='bbox 1927 398 1985 421; x_wconf 83' lang='lat'><strong>¹¹66</strong></span> <span class='ocrx_word' id='word_1_136' title='bbox 2004 396 2125 427; x_wconf 71' lang='grc' dir='ltr'>ΗΟΙῚὈΥ,</span> <span class='ocrx_word' id='word_1_137' title='bbox 2146 398 2200 430; x_wconf 73' lang='lat' dir='ltr'>Qli</span> <span class='ocrx_word' id='word_1_138' title='bbox 2214 391 2415 426; x_wconf 65' lang='lat' dir='ltr'>delubraDefnii</span> <span class='ocrx_word' id='word_1_139' title='bbox 2434 397 2438 399; x_wconf 51' lang='grc'><strong>’</strong></span> 
     </span>
     <span class='ocr_line' id='line_1_8' title="bbox 283 429 2413 480; baseline -0.007 -6"><span class='ocrx_word' id='word_1_140' title='bbox 283 432 472 480; x_wconf 52' lang='lat' dir='ltr'>eos&#39;.lirigendi</span> <span class='ocrx_word' id='word_1_141' title='bbox 486 430 492 437; x_wconf 49' lang='lat'><strong>·</strong></span> <span class='ocrx_word' id='word_1_142' title='bbox 552 436 814 470; x_wconf 86' lang='lat' dir='ltr'>Festinationisplena</span> <span class='ocrx_word' id='word_1_143' title='bbox 828 435 936 470; x_wconf 88' lang='lat' dir='ltr'>epistola</span> <span class='ocrx_word' id='word_1_144' title='bbox 949 440 974 460; x_wconf 89' lang='lat' dir='ltr'>ct</span> <span class='ocrx_word' id='word_1_145' title='bbox 987 433 1105 469; x_wconf 88' lang='lat' dir='ltr'>pulueris</span> <span class='ocrx_word' id='word_1_146' title='bbox 1124 433 1180 458; x_wconf 91' lang='lat' dir='ltr'>Cic.</span> <span class='ocrx_word' id='word_1_147' title='bbox 1190 433 1242 457; x_wconf 83' lang='lat' dir='ltr'>Att.</span> <span class='ocrx_word' id='word_1_148' title='bbox 1250 438 1320 463; x_wconf 80' lang='lat'>5‚14.</span> <span class='ocrx_word' id='word_1_149' title='bbox 1381 439 1452 457; x_wconf 85' lang='lat' dir='ltr'>noua</span> <span class='ocrx_word' id='word_1_150' title='bbox 1469 438 1526 458; x_wconf 92' lang='lat' dir='ltr'>toto</span> <span class='ocrx_word' id='word_1_151' title='bbox 1540 431 1642 457; x_wconf 81' lang='lat' dir='ltr'>suscitat</span> <span class='ocrx_word' id='word_1_152' title='bbox 1661 429 1727 457; x_wconf 90' lang='lat' dir='ltr'>orbe</span> <span class='ocrx_word' id='word_1_153' title='bbox 1746 430 1908 461; x_wconf 81' lang='lat' dir='ltr'>Terrarum,</span> <span class='ocrx_word' id='word_1_154' title='bbox 1933 436 1958 457; x_wconf 86' lang='lat' dir='ltr'>et</span> <span class='ocrx_word' id='word_1_155' title='bbox 1977 430 2048 457; x_wconf 82' lang='lat' dir='ltr'>festis</span> <span class='ocrx_word' id='word_1_156' title='bbox 2065 431 2138 466; x_wconf 83' lang='lat' dir='ltr'>cogit</span> <span class='ocrx_word' id='word_1_157' title='bbox 2157 432 2290 459; x_wconf 66' lang='lat' dir='ltr'>celebrare</span> <span class='ocrx_word' id='word_1_158' title='bbox 2315 431 2413 460; x_wconf 70' lang='lat' dir='ltr'>diebus.</span> 
     </span>
     <span class='ocr_line' id='line_1_9' title="bbox 284 465 2421 514; baseline -0.001 -18"><span class='ocrx_word' id='word_1_159' title='bbox 284 483 433 510; x_wconf 63' lang='lat' dir='ltr'>Ambitiosa</span> <span class='ocrx_word' id='word_1_160' title='bbox 451 466 577 514; x_wconf 49' lang='lat' dir='ltr'>Quinem,</span> <span class='ocrx_word' id='word_1_161' title='bbox 591 486 610 507; x_wconf 68' lang='grc' dir='ltr'>ι,</span> <span class='ocrx_word' id='word_1_162' title='bbox 623 484 650 506; x_wconf 89' lang='lat'>4,</span> <span class='ocrx_word' id='word_1_163' title='bbox 663 481 702 498; x_wconf 82' lang='lat'>22.</span> <span class='ocrx_word' id='word_1_164' title='bbox 781 470 912 497; x_wconf 86' lang='lat' dir='ltr'>Columel.</span> <span class='ocrx_word' id='word_1_165' title='bbox 928 479 960 502; x_wconf 89' lang='grc'>11,</span> <span class='ocrx_word' id='word_1_166' title='bbox 975 478 987 496; x_wconf 91' lang='grc'>2</span> <span class='ocrx_word' id='word_1_167' title='bbox 1025 471 1086 502; x_wconf 76' lang='lat' dir='ltr'>Qio</span> <span class='ocrx_word' id='word_1_168' title='bbox 1097 468 1201 494; x_wconf 88' lang='lat' dir='ltr'>cautior</span> <span class='ocrx_word' id='word_1_169' title='bbox 1214 466 1320 492; x_wconf 77' lang='lat' dir='ltr'>villicus</span> <span class='ocrx_word' id='word_1_170' title='bbox 1382 466 1450 492; x_wconf 82' lang='lat' dir='ltr'>Festi</span> <span class='ocrx_word' id='word_1_171' title='bbox 1475 473 1554 501; x_wconf 88' lang='lat' dir='ltr'>atque</span> <span class='ocrx_word' id='word_1_172' title='bbox 1572 465 1708 492; x_wconf 73' lang='lat' dir='ltr'><strong>sollemnes</strong></span> <span class='ocrx_word' id='word_1_173' title='bbox 1727 465 1782 492; x_wconf 91' lang='lat' dir='ltr'>dies</span> <span class='ocrx_word' id='word_1_174' title='bbox 1802 467 1859 492; x_wconf 88' lang='lat' dir='ltr'>sunt</span> <span class='ocrx_word' id='word_1_175' title='bbox 1879 466 1992 493; x_wconf 88' lang='lat' dir='ltr'>aduentu</span> <span class='ocrx_word' id='word_1_176' title='bbox 2008 465 2150 501; x_wconf 80' lang='lat' dir='ltr'>redituque</span> <span class='ocrx_word' id='word_1_177' title='bbox 2169 467 2278 493; x_wconf 85' lang='lat' dir='ltr'>alicuius</span> <span class='ocrx_word' id='word_1_178' title='bbox 2293 467 2421 496; x_wconf 86' lang='lat' dir='ltr'>celebrati.</span> 
     </span>
     <span class='ocr_line' id='line_1_10' title="bbox 284 501 2440 548; baseline -0.004 -10"><span class='ocrx_word' id='word_1_179' title='bbox 284 519 329 545; x_wconf 70' lang='lat' dir='ltr'>vel</span> <span class='ocrx_word' id='word_1_180' title='bbox 343 517 470 543; x_wconf 51' lang='lat' dir='ltr'>abstinere</span> <span class='ocrx_word' id='word_1_181' title='bbox 484 513 553 548; x_wconf 81' lang='lat' dir='ltr'>possit</span> <span class='ocrx_word' id='word_1_182' title='bbox 566 509 699 544; x_wconf 84' lang='lat' dir='ltr'>operibns,</span> <span class='ocrx_word' id='word_1_183' title='bbox 718 506 761 533; x_wconf 87' lang='lat' dir='ltr'>vel</span> <span class='ocrx_word' id='word_1_184' title='bbox 776 506 970 533; x_wconf 82' lang='lat' dir='ltr'>festinationem</span> <span class='ocrx_word' id='word_1_185' title='bbox 983 504 1119 531; x_wconf 87' lang='lat' dir='ltr'>adhibere.</span> <span class='ocrx_word' id='word_1_186' title='bbox 1185 502 1321 536; x_wconf 79' lang='lat' dir='ltr'>Ignoscere</span> <span class='ocrx_word' id='word_1_187' title='bbox 1375 501 1438 527; x_wconf 82' lang='lat' dir='ltr'>Cic.</span> <span class='ocrx_word' id='word_1_188' title='bbox 1451 502 1481 528; x_wconf 88' lang='lat' dir='ltr'>in</span> <span class='ocrx_word' id='word_1_189' title='bbox 1494 503 1579 529; x_wconf 87' lang='lat' dir='ltr'>Pison.</span> <span class='ocrx_word' id='word_1_190' title='bbox 1595 509 1627 534; x_wconf 76' lang='lat'>3¹-</span> <span class='ocrx_word' id='word_1_191' title='bbox 1723 501 1798 528; x_wconf 86' lang='lat' dir='ltr'>Festo</span> <span class='ocrx_word' id='word_1_192' title='bbox 1807 501 1872 536; x_wconf 89' lang='lat' dir='ltr'>quid</span> <span class='ocrx_word' id='word_1_193' title='bbox 1885 503 1972 536; x_wconf 87' lang='lat' dir='ltr'>potius</span> <span class='ocrx_word' id='word_1_194' title='bbox 1987 501 2029 528; x_wconf 88' lang='lat' dir='ltr'>die</span> <span class='ocrx_word' id='word_1_195' title='bbox 2043 502 2164 537; x_wconf 86' lang='lat' dir='ltr'>Neptuni</span> <span class='ocrx_word' id='word_1_196' title='bbox 2175 503 2271 529; x_wconf 86' lang='lat' dir='ltr'>faciam</span> <span class='ocrx_word' id='word_1_197' title='bbox 2292 504 2358 530; x_wconf 87' lang='lat' dir='ltr'>Hor.</span> <span class='ocrx_word' id='word_1_198' title='bbox 2366 503 2416 531; x_wconf 85' lang='lat' dir='ltr'>Od.</span> <span class='ocrx_word' id='word_1_199' title='bbox 2436 518 2440 523; x_wconf 78' lang='lat'><em>›</em></span> 
     </span>
     <span class='ocr_line' id='line_1_11' title="bbox 284 535 2444 581; baseline 0.002 -19"><span class='ocrx_word' id='word_1_200' title='bbox 284 552 448 581; x_wconf 50' lang='lat' dir='ltr'>festmationi</span> <span class='ocrx_word' id='word_1_201' title='bbox 461 548 570 576; x_wconf 60' lang='lat' dir='ltr'>alicuius</span> <span class='ocrx_word' id='word_1_202' title='bbox 589 544 644 570; x_wconf 58' lang='grc' dir='ltr'>Εἰς,</span> <span class='ocrx_word' id='word_1_203' title='bbox 657 544 727 569; x_wconf 67' lang='lat' dir='ltr'>Fam,</span> <span class='ocrx_word' id='word_1_204' title='bbox 742 550 764 575; x_wconf 65' lang='grc' dir='ltr'>ς,</span> <span class='ocrx_word' id='word_1_205' title='bbox 774 550 809 567; x_wconf 72' lang='lat'>12,</span> <span class='ocrx_word' id='word_1_206' title='bbox 916 540 1003 567; x_wconf 80' lang='lat' dir='ltr'>Perdit</span> <span class='ocrx_word' id='word_1_207' title='bbox 1017 539 1173 566; x_wconf 76' lang='lat' dir='ltr'>diuisionem</span> <span class='ocrx_word' id='word_1_208' title='bbox 1187 536 1322 564; x_wconf 86' lang='lat' dir='ltr'>festinatio</span> <span class='ocrx_word' id='word_1_209' title='bbox 1339 544 1368 562; x_wconf 90' lang='lat'>10</span> <span class='ocrx_word' id='word_1_210' title='bbox 1384 545 1406 568; x_wconf 82' lang='lat'>3,</span> <span class='ocrx_word' id='word_1_211' title='bbox 1417 541 1456 567; x_wconf 84' lang='lat'>28,</span> <span class='ocrx_word' id='word_1_212' title='bbox 1481 546 1501 564; x_wconf 91' lang='lat'>1.</span> <span class='ocrx_word' id='word_1_213' title='bbox 1606 536 1722 570; x_wconf 87' lang='lat' dir='ltr'>Templa</span> <span class='ocrx_word' id='word_1_214' title='bbox 1743 535 1878 563; x_wconf 80' lang='lat' dir='ltr'>instituam</span> <span class='ocrx_word' id='word_1_215' title='bbox 1902 536 2034 572; x_wconf 86' lang='lat' dir='ltr'>festosque</span> <span class='ocrx_word' id='word_1_216' title='bbox 2056 537 2112 564; x_wconf 87' lang='lat' dir='ltr'>dies</span> <span class='ocrx_word' id='word_1_217' title='bbox 2134 538 2166 564; x_wconf 92' lang='lat' dir='ltr'>de</span> <span class='ocrx_word' id='word_1_218' title='bbox 2187 539 2296 564; x_wconf 89' lang='lat' dir='ltr'>nomine</span> <span class='ocrx_word' id='word_1_219' title='bbox 2319 538 2421 570; x_wconf 70' lang='lat' dir='ltr'>Phoebi,</span> <span class='ocrx_word' id='word_1_220' title='bbox 2441 546 2444 549; x_wconf 78' lang='grc'><strong>”</strong></span> 
     </span>
     <span class='ocr_line' id='line_1_12' title="bbox 286 571 2426 623; baseline -0.001 -18"><span class='ocrx_word' id='word_1_221' title='bbox 286 576 345 623; x_wconf 54' lang='grc' dir='ltr'>Ωμί</span> <span class='ocrx_word' id='word_1_222' title='bbox 356 587 416 614; x_wconf 41' lang='lat' dir='ltr'>affl,</span> <span class='ocrx_word' id='word_1_223' title='bbox 430 594 446 620; x_wconf 90' lang='lat'><em>7</em></span> <span class='ocrx_word' id='word_1_224' title='bbox 468 592 491 609; x_wconf 81' lang='lat'>2.</span> <span class='ocrx_word' id='word_1_225' title='bbox 559 578 711 614; x_wconf 85' lang='lat' dir='ltr'>Praeripere</span> <span class='ocrx_word' id='word_1_226' title='bbox 723 577 893 604; x_wconf 80' lang='lat' dir='ltr'>festinatione</span> <span class='ocrx_word' id='word_1_227' title='bbox 909 576 1021 604; x_wconf 89' lang='lat' dir='ltr'>deorum</span> <span class='ocrx_word' id='word_1_228' title='bbox 1037 574 1229 602; x_wconf 82' lang='lat' dir='ltr'>immortalium</span> <span class='ocrx_word' id='word_1_229' title='bbox 1244 573 1320 599; x_wconf 87' lang='lat' dir='ltr'>bene·</span> <span class='ocrx_word' id='word_1_230' title='bbox 1382 572 1457 606; x_wconf 86' lang='lat' dir='ltr'>Virg.</span> <span class='ocrx_word' id='word_1_231' title='bbox 1472 574 1534 599; x_wconf 85' lang='lat' dir='ltr'>Aen.</span> <span class='ocrx_word' id='word_1_232' title='bbox 1548 574 1573 603; x_wconf 86' lang='lat'>6,</span> <span class='ocrx_word' id='word_1_233' title='bbox 1587 574 1627 604; x_wconf 89' lang='lat'>69.</span> <span class='ocrx_word' id='word_1_234' title='bbox 1744 572 1796 599; x_wconf 87' lang='lat' dir='ltr'>Sub</span> <span class='ocrx_word' id='word_1_235' title='bbox 1810 572 1865 598; x_wconf 88' lang='lat' dir='ltr'>dies</span> <span class='ocrx_word' id='word_1_236' title='bbox 1879 571 1958 599; x_wconf 81' lang='lat' dir='ltr'>festos</span> <span class='ocrx_word' id='word_1_237' title='bbox 1971 573 2074 608; x_wconf 85' lang='lat' dir='ltr'>aliquid</span> <span class='ocrx_word' id='word_1_238' title='bbox 2088 575 2135 600; x_wconf 80' lang='lat' dir='ltr'>else</span> <span class='ocrx_word' id='word_1_239' title='bbox 2149 574 2203 601; x_wconf 91' lang='lat' dir='ltr'>Cic.</span> <span class='ocrx_word' id='word_1_240' title='bbox 2218 575 2256 606; x_wconf 81' lang='lat' dir='ltr'>Q</span> <span class='ocrx_word' id='word_1_241' title='bbox 2266 575 2349 600; x_wconf 85' lang='lat' dir='ltr'>Fratr.</span> <span class='ocrx_word' id='word_1_242' title='bbox 2365 582 2386 605; x_wconf 85' lang='lat'>2,</span> <span class='ocrx_word' id='word_1_243' title='bbox 2399 577 2426 602; x_wconf 69' lang='grc'>1.’</span> 
     </span>
     <span class='ocr_line' id='line_1_13' title="bbox 285 604 2423 651; baseline -0.006 -4"><span class='ocrx_word' id='word_1_244' title='bbox 285 610 377 651; x_wconf 72' lang='lat' dir='ltr'>ficium</span> <span class='ocrx_word' id='word_1_245' title='bbox 396 605 455 648; x_wconf 65' lang='lat' dir='ltr'>Cic-,³</span> <span class='ocrx_word' id='word_1_246' title='bbox 466 616 575 650; x_wconf 84' lang='lat' dir='ltr'><strong>Philipp.</strong></span> <span class='ocrx_word' id='word_1_247' title='bbox 591 622 660 648; x_wconf 76' lang='lat'>14,5.</span> <span class='ocrx_word' id='word_1_248' title='bbox 763 614 907 647; x_wconf 80' lang='lat' dir='ltr'>Properate</span> <span class='ocrx_word' id='word_1_249' title='bbox 923 612 1008 638; x_wconf 80' lang='lat' dir='ltr'>ventis</span> <span class='ocrx_word' id='word_1_250' title='bbox 1021 612 1152 645; x_wconf 85' lang='lat' dir='ltr'>remisque</span> <span class='ocrx_word' id='word_1_251' title='bbox 1167 610 1195 635; x_wconf 92' lang='lat' dir='ltr'>in</span> <span class='ocrx_word' id='word_1_252' title='bbox 1210 608 1321 647; x_wconf 74' lang='lat' dir='ltr'>patriani</span> <span class='ocrx_word' id='word_1_253' title='bbox 1384 604 1404 644; x_wconf 57' lang='lat' dir='ltr'><strong>ff</strong></span> <span class='ocrx_word' id='word_1_254' title='bbox 1424 616 1439 633; x_wconf 86' lang='lat'><em>2</em></span> <span class='ocrx_word' id='word_1_255' title='bbox 1473 608 1520 635; x_wconf 73' lang='lat' dir='ltr'>Sed</span> <span class='ocrx_word' id='word_1_256' title='bbox 1531 610 1589 635; x_wconf 78' lang='lat' dir='ltr'>aliis</span> <span class='ocrx_word' id='word_1_257' title='bbox 1602 615 1691 643; x_wconf 80' lang='lat' dir='ltr'>quoque</span> <span class='ocrx_word' id='word_1_258' title='bbox 1700 608 1847 634; x_wconf 79' lang='lat' dir='ltr'><em>Nominibus</em></span> <span class='ocrx_word' id='word_1_259' title='bbox 1859 611 1982 644; x_wconf 79' lang='lat' dir='ltr'>iungitur.</span> <span class='ocrx_word' id='word_1_260' title='bbox 2017 609 2095 635; x_wconf 81' lang='lat' dir='ltr'>Arces</span> <span class='ocrx_word' id='word_1_261' title='bbox 2108 609 2187 635; x_wconf 83' lang='lat' dir='ltr'>festae</span> <span class='ocrx_word' id='word_1_262' title='bbox 2201 609 2310 636; x_wconf 85' lang='lat' dir='ltr'>Palladis</span> <span class='ocrx_word' id='word_1_263' title='bbox 2342 608 2423 642; x_wconf 72' lang='lat' dir='ltr'>Ouid,</span> 
     </span>
     <span class='ocr_line' id='line_1_14' title="bbox 286 642 2420 687; baseline -0.005 -6"><span class='ocrx_word' id='word_1_264' title='bbox 286 660 360 687; x_wconf 69' lang='lat' dir='ltr'>omni</span> <span class='ocrx_word' id='word_1_265' title='bbox 376 652 538 683; x_wconf 80' lang='lat' dir='ltr'>festinatione</span> <span class='ocrx_word' id='word_1_266' title='bbox 557 651 629 677; x_wconf 86' lang='lat' dir='ltr'>Idem</span> <span class='ocrx_word' id='word_1_267' title='bbox 642 651 714 676; x_wconf 88' lang='lat' dir='ltr'>Fam.</span> <span class='ocrx_word' id='word_1_268' title='bbox 728 651 808 680; x_wconf 71' lang='lat'>12‚23‘.</span> <span class='ocrx_word' id='word_1_269' title='bbox 912 649 943 674; x_wconf 90' lang='lat' dir='ltr'>In</span> <span class='ocrx_word' id='word_1_270' title='bbox 955 646 1169 674; x_wconf 85' lang='lat' dir='ltr'>festinationibus</span> <span class='ocrx_word' id='word_1_271' title='bbox 1182 654 1234 671; x_wconf 90' lang='lat' dir='ltr'>non</span> <span class='ocrx_word' id='word_1_272' title='bbox 1249 644 1323 670; x_wconf 87' lang='lat' dir='ltr'>susci·</span> <span class='ocrx_word' id='word_1_273' title='bbox 1382 643 1448 669; x_wconf 85' lang='lat' dir='ltr'>Met.</span> <span class='ocrx_word' id='word_1_274' title='bbox 1462 651 1486 674; x_wconf 86' lang='lat'>2,</span> <span class='ocrx_word' id='word_1_275' title='bbox 1500 651 1553 677; x_wconf 85' lang='lat'>712.</span> <span class='ocrx_word' id='word_1_276' title='bbox 1577 647 1603 669; x_wconf 78' lang='lat' dir='ltr'>in</span> <span class='ocrx_word' id='word_1_277' title='bbox 1619 642 1705 678; x_wconf 80' lang='lat' dir='ltr'>quibus</span> <span class='ocrx_word' id='word_1_278' title='bbox 1719 643 1904 670; x_wconf 69' lang='lat' dir='ltr'><em>celebrabantur</em></span> <span class='ocrx_word' id='word_1_279' title='bbox 1911 642 1982 679; x_wconf 60' lang='lat' dir='ltr'>sista</span> <span class='ocrx_word' id='word_1_280' title='bbox 1996 644 2116 671; x_wconf 81' lang='lat' dir='ltr'>Palladis.</span> <span class='ocrx_word' id='word_1_281' title='bbox 2188 645 2271 671; x_wconf 87' lang='lat' dir='ltr'>Aures</span> <span class='ocrx_word' id='word_1_282' title='bbox 2285 644 2365 670; x_wconf 82' lang='lat' dir='ltr'>festae</span> <span class='ocrx_word' id='word_1_283' title='bbox 2378 654 2420 671; x_wconf 84' lang='lat' dir='ltr'>vo-</span> 
     </span>
     <span class='ocr_line' id='line_1_15' title="bbox 306 676 2435 721; baseline -0.003 -9"><span class='ocrx_word' id='word_1_284' title='bbox 306 692 394 721; x_wconf 51' lang='lat' dir='ltr'>jendae</span> <span class='ocrx_word' id='word_1_285' title='bbox 406 688 502 715; x_wconf 81' lang='lat' dir='ltr'>nimiae</span> <span class='ocrx_word' id='word_1_286' title='bbox 515 686 660 713; x_wconf 80' lang='lat' dir='ltr'>celeritates</span> <span class='ocrx_word' id='word_1_287' title='bbox 681 685 737 711; x_wconf 88' lang='lat' dir='ltr'>Cic.</span> <span class='ocrx_word' id='word_1_288' title='bbox 755 683 807 710; x_wconf 83' lang='lat' dir='ltr'>Off.</span> <span class='ocrx_word' id='word_1_289' title='bbox 823 692 842 715; x_wconf 87' lang='lat'>1,</span> <span class='ocrx_word' id='word_1_290' title='bbox 855 691 888 709; x_wconf 85' lang='lat'>21.</span> <span class='ocrx_word' id='word_1_291' title='bbox 960 683 1075 709; x_wconf 84' lang='lat' dir='ltr'>Tollere</span> <span class='ocrx_word' id='word_1_292' title='bbox 1087 681 1165 708; x_wconf 89' lang='lat' dir='ltr'>vnius</span> <span class='ocrx_word' id='word_1_293' title='bbox 1179 679 1323 708; x_wconf 87' lang='lat' dir='ltr'>festinatio·</span> <span class='ocrx_word' id='word_1_294' title='bbox 1381 685 1470 705; x_wconf 82' lang='lat' dir='ltr'>cantur</span> <span class='ocrx_word' id='word_1_295' title='bbox 1483 679 1644 710; x_wconf 86' lang='lat' dir='ltr'>Claudiano,</span> <span class='ocrx_word' id='word_1_296' title='bbox 1662 678 1730 712; x_wconf 61' lang='lat' dir='ltr'>‚Quae</span> <span class='ocrx_word' id='word_1_297' title='bbox 1743 682 1820 710; x_wconf 82' lang='lat' dir='ltr'>iocis,</span> <span class='ocrx_word' id='word_1_298' title='bbox 1840 686 1863 705; x_wconf 83' lang='lat' dir='ltr'>et</span> <span class='ocrx_word' id='word_1_299' title='bbox 1877 681 1950 705; x_wconf 75' lang='lat' dir='ltr'>laetis</span> <span class='ocrx_word' id='word_1_300' title='bbox 1958 679 2112 714; x_wconf 74' lang='lat' dir='ltr'>firmonibus</span> <span class='ocrx_word' id='word_1_301' title='bbox 2123 680 2253 706; x_wconf 76' lang='lat' dir='ltr'>audiendis</span> <span class='ocrx_word' id='word_1_302' title='bbox 2272 676 2435 707; x_wconf 65' lang='lat' dir='ltr'>commodam‘-</span> 
     </span>
     <span class='ocr_line' id='line_1_16' title="bbox 286 705 2420 756; baseline -0.001 -12"><span class='ocrx_word' id='word_1_303' title='bbox 286 705 345 756; x_wconf 56' lang='lat' dir='ltr'>gem</span> <span class='ocrx_word' id='word_1_304' title='bbox 362 724 436 751; x_wconf 64' lang='lat' dir='ltr'>„steri</span> <span class='ocrx_word' id='word_1_305' title='bbox 464 722 537 749; x_wconf 81' lang='lat' dir='ltr'>Idem</span> <span class='ocrx_word' id='word_1_306' title='bbox 558 723 612 748; x_wconf 66' lang='grc' dir='ltr'>Λα,</span> <span class='ocrx_word' id='word_1_307' title='bbox 626 730 660 753; x_wconf 80' lang='grc'>13,</span> <span class='ocrx_word' id='word_1_308' title='bbox 677 729 696 747; x_wconf 91' lang='grc'>1.</span> <span class='ocrx_word' id='word_1_309' title='bbox 768 718 944 745; x_wconf 80' lang='lat' dir='ltr'>Festinatione</span> <span class='ocrx_word' id='word_1_310' title='bbox 964 727 1040 745; x_wconf 88' lang='lat' dir='ltr'>mora</span> <span class='ocrx_word' id='word_1_311' title='bbox 1065 717 1177 744; x_wconf 63' lang='lat' dir='ltr'>lectioni</span> <span class='ocrx_word' id='word_1_312' title='bbox 1199 714 1324 742; x_wconf 86' lang='lat' dir='ltr'>adiicitur</span> <span class='ocrx_word' id='word_1_313' title='bbox 1341 723 1366 750; x_wconf 78' lang='grc' dir='ltr'>ις</span> <span class='ocrx_word' id='word_1_314' title='bbox 1383 720 1425 740; x_wconf 81' lang='lat' dir='ltr'>tur</span> <span class='ocrx_word' id='word_1_315' title='bbox 1439 724 1446 739; x_wconf 91' lang='lat'><em>:</em></span> <span class='ocrx_word' id='word_1_316' title='bbox 1482 715 1524 741; x_wconf 84' lang='lat' dir='ltr'>Sic</span> <span class='ocrx_word' id='word_1_317' title='bbox 1535 717 1576 740; x_wconf 78' lang='lat' dir='ltr'>ille</span> <span class='ocrx_word' id='word_1_318' title='bbox 1591 714 1622 740; x_wconf 90' lang='lat' dir='ltr'>de</span> <span class='ocrx_word' id='word_1_319' title='bbox 1637 714 1663 739; x_wconf 85' lang='lat' dir='ltr'>B.</span> <span class='ocrx_word' id='word_1_320' title='bbox 1678 714 1736 739; x_wconf 85' lang='lat' dir='ltr'>Get.</span> <span class='ocrx_word' id='word_1_321' title='bbox 1752 717 1801 741; x_wconf 88' lang='lat'>206</span> <span class='ocrx_word' id='word_1_322' title='bbox 1839 714 2048 748; x_wconf 77' lang='lat' dir='ltr'>Mandemusque</span> <span class='ocrx_word' id='word_1_323' title='bbox 2066 715 2135 741; x_wconf 86' lang='lat' dir='ltr'>Noti</span> <span class='ocrx_word' id='word_1_324' title='bbox 2150 715 2239 742; x_wconf 88' lang='lat' dir='ltr'>flabris</span> <span class='ocrx_word' id='word_1_325' title='bbox 2252 724 2420 750; x_wconf 76' lang='lat' dir='ltr'>quoscunque</span> 
     </span>
     <span class='ocr_line' id='line_1_17' title="bbox 286 749 2420 796; baseline -0.003 -13"><span class='ocrx_word' id='word_1_326' title='bbox 286 761 390 796; x_wconf 64' lang='lat' dir='ltr'>Qfln-l.</span> <span class='ocrx_word' id='word_1_327' title='bbox 410 768 428 789; x_wconf 87' lang='lat'>1,</span> <span class='ocrx_word' id='word_1_328' title='bbox 447 766 464 787; x_wconf 84' lang='lat'>1,</span> <span class='ocrx_word' id='word_1_329' title='bbox 484 766 523 790; x_wconf 79' lang='lat'>37..</span> <span class='ocrx_word' id='word_1_330' title='bbox 596 756 724 783; x_wconf 80' lang='lat' dir='ltr'>Laudatur</span> <span class='ocrx_word' id='word_1_331' title='bbox 755 754 815 781; x_wconf 86' lang='lat' dir='ltr'>Liu.</span> <span class='ocrx_word' id='word_1_332' title='bbox 853 773 860 780; x_wconf 84' lang='lat'>.</span> <span class='ocrx_word' id='word_1_333' title='bbox 898 775 904 779; x_wconf 86' lang='lat'>.</span> <span class='ocrx_word' id='word_1_334' title='bbox 940 753 1094 789; x_wconf 87' lang='lat' dir='ltr'>Improuida</span> <span class='ocrx_word' id='word_1_335' title='bbox 1123 752 1159 778; x_wconf 86' lang='lat' dir='ltr'>est</span> <span class='ocrx_word' id='word_1_336' title='bbox 1191 758 1216 778; x_wconf 88' lang='lat' dir='ltr'>et</span> <span class='ocrx_word' id='word_1_337' title='bbox 1249 758 1322 776; x_wconf 88' lang='lat' dir='ltr'>caeca</span> <span class='ocrx_word' id='word_1_338' title='bbox 1384 749 1494 776; x_wconf 86' lang='lat' dir='ltr'>timores</span> <span class='ocrx_word' id='word_1_339' title='bbox 1529 750 1697 779; x_wconf 80' lang='lat' dir='ltr'>Pertul&#39;uuns,</span> <span class='ocrx_word' id='word_1_340' title='bbox 1715 749 1794 776; x_wconf 86' lang='lat' dir='ltr'>festae</span> <span class='ocrx_word' id='word_1_341' title='bbox 1807 749 1911 776; x_wconf 82' lang='lat' dir='ltr'>doleant</span> <span class='ocrx_word' id='word_1_342' title='bbox 1923 759 1955 776; x_wconf 89' lang='lat' dir='ltr'>ne</span> <span class='ocrx_word' id='word_1_343' title='bbox 1968 750 2085 776; x_wconf 83' lang='lat' dir='ltr'>tristibus</span> <span class='ocrx_word' id='word_1_344' title='bbox 2099 751 2201 778; x_wconf 72' lang='lat' dir='ltr'>Aures?</span> <span class='ocrx_word' id='word_1_345' title='bbox 2307 751 2420 784; x_wconf 78' lang='grc' dir='ltr'>Ρ1111.3,5</span> 
     </span>
     <span class='ocr_line' id='line_1_18' title="bbox 285 784 2427 825; baseline 0.002 -17"><span class='ocrx_word' id='word_1_346' title='bbox 285 795 425 825; x_wconf 49' lang='lat' dir='ltr'>festinum·</span> <span class='ocrx_word' id='word_1_347' title='bbox 1385 785 1413 811; x_wconf 87' lang='lat' dir='ltr'>de</span> <span class='ocrx_word' id='word_1_348' title='bbox 1426 787 1502 812; x_wconf 83' lang='lat' dir='ltr'>Italia</span> <span class='ocrx_word' id='word_1_349' title='bbox 1514 787 1627 821; x_wconf 70' lang='lat' dir='ltr'>loquens,</span> <span class='ocrx_word' id='word_1_350' title='bbox 1649 784 1715 811; x_wconf 89' lang='lat' dir='ltr'>Vrbs</span> <span class='ocrx_word' id='word_1_351' title='bbox 1728 786 1829 817; x_wconf 80' lang='lat' dir='ltr'>Roma,</span> <span class='ocrx_word' id='word_1_352' title='bbox 1845 785 1888 811; x_wconf 89' lang='lat' dir='ltr'>vel</span> <span class='ocrx_word' id='word_1_353' title='bbox 1903 785 1956 811; x_wconf 87' lang='lat' dir='ltr'>sola</span> <span class='ocrx_word' id='word_1_354' title='bbox 1968 785 1996 811; x_wconf 94' lang='lat' dir='ltr'>in</span> <span class='ocrx_word' id='word_1_355' title='bbox 2009 794 2053 816; x_wconf 85' lang='lat' dir='ltr'>ea,</span> <span class='ocrx_word' id='word_1_356' title='bbox 2072 792 2098 812; x_wconf 89' lang='lat' dir='ltr'>et</span> <span class='ocrx_word' id='word_1_357' title='bbox 2118 786 2196 821; x_wconf 86' lang='lat' dir='ltr'>digna</span> <span class='ocrx_word' id='word_1_358' title='bbox 2213 793 2267 812; x_wconf 87' lang='lat' dir='ltr'>tam</span> <span class='ocrx_word' id='word_1_359' title='bbox 2286 786 2350 812; x_wconf 84' lang='lat' dir='ltr'>festa</span> <span class='ocrx_word' id='word_1_360' title='bbox 2368 795 2427 823; x_wconf 32' lang='lat' dir='ltr'>cer-7</span> 
     </span>
     <span class='ocr_line' id='line_1_19' title="bbox 319 819 2441 860; baseline -0.004 -3"><span class='ocrx_word' id='word_1_361' title='bbox 319 829 433 857; x_wconf 58' lang='lat' dir='ltr'><strong>FESTl&#39;</strong></span> <span class='ocrx_word' id='word_1_362' title='bbox 443 835 518 858; x_wconf 79' lang='lat' dir='ltr'>NlS,</span> <span class='ocrx_word' id='word_1_363' title='bbox 535 836 558 853; x_wconf 88' lang='lat' dir='ltr'>e.</span> <span class='ocrx_word' id='word_1_364' title='bbox 594 826 653 852; x_wconf 90' lang='lat' dir='ltr'>Adi.</span> <span class='ocrx_word' id='word_1_365' title='bbox 691 828 819 860; x_wconf 83' lang='lat' dir='ltr'>antiquum</span> <span class='ocrx_word' id='word_1_366' title='bbox 833 831 881 859; x_wconf 85' lang='lat' dir='ltr'>pro</span> <span class='ocrx_word' id='word_1_367' title='bbox 894 825 1050 851; x_wconf 85' lang='lat' dir='ltr'>Festinantc.</span> <span class='ocrx_word' id='word_1_368' title='bbox 1087 823 1197 850; x_wconf 89' lang='lat' dir='ltr'>Titinn.</span> <span class='ocrx_word' id='word_1_369' title='bbox 1212 829 1225 855; x_wconf 80' lang='grc' dir='ltr'><em>ς</em></span> <span class='ocrx_word' id='word_1_370' title='bbox 1246 822 1324 848; x_wconf 76' lang='grc' dir='ltr'>Ν11112</span> <span class='ocrx_word' id='word_1_371' title='bbox 1385 821 1444 847; x_wconf 87' lang='lat' dir='ltr'>vice</span> <span class='ocrx_word' id='word_1_372' title='bbox 1464 821 1559 852; x_wconf 85' lang='lat' dir='ltr'>facies,</span> <span class='ocrx_word' id='word_1_373' title='bbox 1580 830 1634 855; x_wconf 91' lang='lat' dir='ltr'>quo</span> <span class='ocrx_word' id='word_1_374' title='bbox 1654 819 1760 846; x_wconf 85' lang='lat' dir='ltr'>tandein</span> <span class='ocrx_word' id='word_1_375' title='bbox 1781 822 1883 848; x_wconf 85' lang='lat' dir='ltr'>narrari</span> <span class='ocrx_word' id='word_1_376' title='bbox 1906 820 1983 847; x_wconf 90' lang='lat' dir='ltr'>debet</span> <span class='ocrx_word' id='word_1_377' title='bbox 2004 822 2109 855; x_wconf 73' lang='lat' dir='ltr'>opere?</span> <span class='ocrx_word' id='word_1_378' title='bbox 2203 821 2324 848; x_wconf 81' lang='lat' dir='ltr'>choreae</span> <span class='ocrx_word' id='word_1_379' title='bbox 2343 821 2441 850; x_wconf 48' lang='lat' dir='ltr'>Ouidi*</span> 
     </span>
    </p>
   </div>
   <div class='ocr_carea' id='block_1_4' title="bbox 282 851 2441 967">
    <p class='ocr_par' dir='ltr' id='par_1_4' title="bbox 282 851 2441 967">
     <span class='ocr_line' id='line_1_20' title="bbox 282 851 2441 895; baseline -0.005 -2"><span class='ocrx_word' id='word_1_380' title='bbox 282 868 331 893; x_wconf 90' lang='lat' dir='ltr'>hoc</span> <span class='ocrx_word' id='word_1_381' title='bbox 344 874 424 895; x_wconf 88' lang='lat' dir='ltr'>vror,</span> <span class='ocrx_word' id='word_1_382' title='bbox 445 872 512 889; x_wconf 81' lang='lat' dir='ltr'>nunc</span> <span class='ocrx_word' id='word_1_383' title='bbox 527 863 589 888; x_wconf 87' lang='lat' dir='ltr'>haec</span> <span class='ocrx_word' id='word_1_384' title='bbox 603 871 644 888; x_wconf 88' lang='lat' dir='ltr'>res</span> <span class='ocrx_word' id='word_1_385' title='bbox 657 870 699 887; x_wconf 89' lang='lat' dir='ltr'>me</span> <span class='ocrx_word' id='word_1_386' title='bbox 713 860 778 887; x_wconf 84' lang='lat' dir='ltr'>facit</span> <span class='ocrx_word' id='word_1_387' title='bbox 790 860 922 886; x_wconf 85' lang='lat' dir='ltr'>festinem.</span> <span class='ocrx_word' id='word_1_388' title='bbox 959 861 1065 887; x_wconf 89' lang='lat' dir='ltr'>Nonius</span> <span class='ocrx_word' id='word_1_389' title='bbox 1079 864 1101 890; x_wconf 87' lang='lat'>8,</span> <span class='ocrx_word' id='word_1_390' title='bbox 1115 868 1135 891; x_wconf 84' lang='lat'>3.</span> <span class='ocrx_word' id='word_1_391' title='bbox 1386 857 1450 883; x_wconf 78' lang='lat' dir='ltr'>Met.</span> <span class='ocrx_word' id='word_1_392' title='bbox 1464 862 1487 889; x_wconf 86' lang='lat'>8,</span> <span class='ocrx_word' id='word_1_393' title='bbox 1500 859 1562 891; x_wconf 86' lang='lat'>746.</span> <span class='ocrx_word' id='word_1_394' title='bbox 1669 855 1778 883; x_wconf 86' lang='lat' dir='ltr'>Clamor</span> <span class='ocrx_word' id='word_1_395' title='bbox 1798 856 1862 882; x_wconf 87' lang='lat' dir='ltr'>Plin.</span> <span class='ocrx_word' id='word_1_396' title='bbox 1875 856 1953 890; x_wconf 81' lang='lat' dir='ltr'>Epist.</span> <span class='ocrx_word' id='word_1_397' title='bbox 1968 865 1994 888; x_wconf 85' lang='lat'>2,</span> <span class='ocrx_word' id='word_1_398' title='bbox 2008 864 2046 891; x_wconf 90' lang='lat'>17.</span> <span class='ocrx_word' id='word_1_399' title='bbox 2114 857 2211 883; x_wconf 87' lang='lat' dir='ltr'>Lucan.</span> <span class='ocrx_word' id='word_1_400' title='bbox 2226 866 2249 888; x_wconf 88' lang='lat'>2,</span> <span class='ocrx_word' id='word_1_401' title='bbox 2264 860 2311 890; x_wconf 84' lang='grc'>369</span> <span class='ocrx_word' id='word_1_402' title='bbox 2338 857 2366 882; x_wconf 82' lang='lat' dir='ltr'>de</span> <span class='ocrx_word' id='word_1_403' title='bbox 2378 851 2441 895; x_wconf 48' lang='lat' dir='ltr'>Cir-2¹⁸</span> 
     </span>
     <span class='ocr_line' id='line_1_21' title="bbox 317 891 2433 930; baseline -0.003 -4"><span class='ocrx_word' id='word_1_404' title='bbox 317 907 358 928; x_wconf 72' lang='lat' dir='ltr'>PE</span> <span class='ocrx_word' id='word_1_405' title='bbox 369 906 458 925; x_wconf 58' lang='grc' dir='ltr'>«1Τ1Ν</span> <span class='ocrx_word' id='word_1_406' title='bbox 469 901 591 930; x_wconf 72' lang='lat' dir='ltr'>ATOR,</span> <span class='ocrx_word' id='word_1_407' title='bbox 614 897 676 924; x_wconf 76' lang='lat' dir='ltr'>oris.</span> <span class='ocrx_word' id='word_1_408' title='bbox 703 905 738 922; x_wconf 87' lang='lat' dir='ltr'>m.</span> <span class='ocrx_word' id='word_1_409' title='bbox 776 895 908 930; x_wconf 70' lang='grc' dir='ltr'>[σπευςὴς]</span> <span class='ocrx_word' id='word_1_410' title='bbox 944 896 1074 922; x_wconf 76' lang='lat' dir='ltr'>Laudatur</span> <span class='ocrx_word' id='word_1_411' title='bbox 1108 892 1238 927; x_wconf 74' lang='lat' dir='ltr'>Qinffil.</span> <span class='ocrx_word' id='word_1_412' title='bbox 1253 891 1325 918; x_wconf 83' lang='lat' dir='ltr'>Decl.</span> <span class='ocrx_word' id='word_1_413' title='bbox 1338 900 1373 919; x_wconf 87' lang='lat'>20</span> <span class='ocrx_word' id='word_1_414' title='bbox 1385 895 1453 918; x_wconf 76' lang='lat' dir='ltr'>tonis</span> <span class='ocrx_word' id='word_1_415' title='bbox 1465 900 1488 918; x_wconf 79' lang='lat' dir='ltr'>et</span> <span class='ocrx_word' id='word_1_416' title='bbox 1506 894 1619 919; x_wconf 80' lang='lat' dir='ltr'>Martiae</span> <span class='ocrx_word' id='word_1_417' title='bbox 1637 895 1747 926; x_wconf 77' lang='lat' dir='ltr'>nuptiis,</span> <span class='ocrx_word' id='word_1_418' title='bbox 1769 892 1833 918; x_wconf 88' lang='lat' dir='ltr'>Non</span> <span class='ocrx_word' id='word_1_419' title='bbox 1856 892 1930 918; x_wconf 87' lang='lat' dir='ltr'>soliti</span> <span class='ocrx_word' id='word_1_420' title='bbox 1952 892 2037 918; x_wconf 83' lang='lat' dir='ltr'>lusere</span> <span class='ocrx_word' id='word_1_421' title='bbox 2058 891 2136 923; x_wconf 75' lang='lat' dir='ltr'>sales,</span> <span class='ocrx_word' id='word_1_422' title='bbox 2155 901 2202 918; x_wconf 89' lang='lat' dir='ltr'>nec</span> <span class='ocrx_word' id='word_1_423' title='bbox 2227 901 2302 919; x_wconf 76' lang='lat' dir='ltr'>inore</span> <span class='ocrx_word' id='word_1_424' title='bbox 2326 892 2433 920; x_wconf 46' lang='lat' dir='ltr'>Sabinos</span> 
     </span>
     <span class='ocr_line' id='line_1_22' title="bbox 284 926 2441 967; baseline -0.004 -4"><span class='ocrx_word' id='word_1_425' title='bbox 284 946 296 963; x_wconf 97' lang='grc'>2</span> <span class='ocrx_word' id='word_1_426' title='bbox 316 937 379 962; x_wconf 79' lang='lat' dir='ltr'>Ecce</span> <span class='ocrx_word' id='word_1_427' title='bbox 393 934 509 961; x_wconf 85' lang='lat' dir='ltr'>cubiculi</span> <span class='ocrx_word' id='word_1_428' title='bbox 523 933 602 960; x_wconf 88' lang='lat' dir='ltr'>vestri</span> <span class='ocrx_word' id='word_1_429' title='bbox 616 933 704 964; x_wconf 83' lang='lat' dir='ltr'>foreS,</span> <span class='ocrx_word' id='word_1_430' title='bbox 721 932 822 965; x_wconf 83' lang='lat' dir='ltr'>trepide</span> <span class='ocrx_word' id='word_1_431' title='bbox 835 931 997 958; x_wconf 70' lang='lat' dir='ltr'>festinatoris</span> <span class='ocrx_word' id='word_1_432' title='bbox 1013 930 1189 965; x_wconf 81' lang='lat' dir='ltr'>effringuntur</span> <span class='ocrx_word' id='word_1_433' title='bbox 1202 928 1325 962; x_wconf 88' lang='lat' dir='ltr'>impulsu.</span> <span class='ocrx_word' id='word_1_434' title='bbox 1386 927 1491 962; x_wconf 85' lang='lat' dir='ltr'>Excepit</span> <span class='ocrx_word' id='word_1_435' title='bbox 1506 927 1587 955; x_wconf 88' lang='lat' dir='ltr'>tristis</span> <span class='ocrx_word' id='word_1_436' title='bbox 1600 927 1720 954; x_wconf 87' lang='lat' dir='ltr'>conuicia</span> <span class='ocrx_word' id='word_1_437' title='bbox 1734 927 1797 954; x_wconf 88' lang='lat' dir='ltr'>festa</span> <span class='ocrx_word' id='word_1_438' title='bbox 1811 928 1928 954; x_wconf 85' lang='lat' dir='ltr'>maritus.</span> <span class='ocrx_word' id='word_1_439' title='bbox 1963 927 1988 954; x_wconf 89' lang='lat' dir='ltr'>h.</span> <span class='ocrx_word' id='word_1_440' title='bbox 2002 937 2021 954; x_wconf 77' lang='lat' dir='ltr'>e.</span> <span class='ocrx_word' id='word_1_441' title='bbox 2035 927 2150 954; x_wconf 83' lang='lat' dir='ltr'>Ridicula</span> <span class='ocrx_word' id='word_1_442' title='bbox 2163 926 2284 959; x_wconf 62' lang='lat' dir='ltr'>differta,</span> <span class='ocrx_word' id='word_1_443' title='bbox 2304 935 2328 954; x_wconf 85' lang='lat' dir='ltr'>et</span> <span class='ocrx_word' id='word_1_444' title='bbox 2339 927 2441 967; x_wconf 37' lang='lat' dir='ltr'>versuo,</span> 
     </span>
    </p>
   </div>
   <div class='ocr_carea' id='block_1_5' title="bbox 284 961 2443 1147">
    <p class='ocr_par' dir='ltr' id='par_1_5' title="bbox 284 961 2443 1147">
     <span class='ocr_line' id='line_1_23' title="bbox 287 961 2421 1006; baseline -0.003 -9"><span class='ocrx_word' id='word_1_445' title='bbox 287 972 336 999; x_wconf 85' lang='lat' dir='ltr'>Vbi</span> <span class='ocrx_word' id='word_1_446' title='bbox 347 968 441 997; x_wconf 50' lang='lat' dir='ltr'>resisus</span> <span class='ocrx_word' id='word_1_447' title='bbox 452 971 545 1006; x_wconf 65' lang='lat' dir='ltr'>legitur</span> <span class='ocrx_word' id='word_1_448' title='bbox 557 967 695 1003; x_wconf 87' lang='lat' dir='ltr'>Trepidae</span> <span class='ocrx_word' id='word_1_449' title='bbox 711 967 898 994; x_wconf 82' lang='lat' dir='ltr'>festinationis.</span> <span class='ocrx_word' id='word_1_450' title='bbox 1378 961 1538 998; x_wconf 69' lang='lat' dir='ltr'>fefitenninos</span> <span class='ocrx_word' id='word_1_451' title='bbox 1549 970 1621 999; x_wconf 83' lang='lat' dir='ltr'>atque</span> <span class='ocrx_word' id='word_1_452' title='bbox 1630 971 1748 998; x_wconf 80' lang='lat' dir='ltr'>procaces</span> <span class='ocrx_word' id='word_1_453' title='bbox 1760 966 1787 989; x_wconf 89' lang='lat' dir='ltr'>in</span> <span class='ocrx_word' id='word_1_454' title='bbox 1801 966 1898 998; x_wconf 74' lang='lat' dir='ltr'>nuptiis</span> <span class='ocrx_word' id='word_1_455' title='bbox 1910 966 2010 989; x_wconf 86' lang='lat' dir='ltr'>cantari</span> <span class='ocrx_word' id='word_1_456' title='bbox 2017 963 2116 998; x_wconf 83' lang='lat' dir='ltr'>solitos.</span> <span class='ocrx_word' id='word_1_457' title='bbox 2186 963 2291 989; x_wconf 88' lang='lat' dir='ltr'>Corona</span> <span class='ocrx_word' id='word_1_458' title='bbox 2306 963 2370 990; x_wconf 80' lang='lat' dir='ltr'>festa</span> <span class='ocrx_word' id='word_1_459' title='bbox 2388 969 2398 990; x_wconf 90' lang='lat' dir='ltr'>t</span> <span class='ocrx_word' id='word_1_460' title='bbox 2416 971 2421 976; x_wconf 68' lang='grc'>’·</span> 
     </span>
     <span class='ocr_line' id='line_1_24' title="bbox 320 972 2430 1036; baseline -0.004 -3"><span class='ocrx_word' id='word_1_461' title='bbox 320 1014 336 1033; x_wconf 79' lang='lat' dir='ltr'>F</span> <span class='ocrx_word' id='word_1_462' title='bbox 346 1013 383 1033; x_wconf 82' lang='lat' dir='ltr'>Es</span> <span class='ocrx_word' id='word_1_463' title='bbox 393 1014 413 1033; x_wconf 84' lang='lat' dir='ltr'>T</span> <span class='ocrx_word' id='word_1_464' title='bbox 423 1013 461 1032; x_wconf 89' lang='lat' dir='ltr'>1N</span> <span class='ocrx_word' id='word_1_465' title='bbox 472 1013 494 1033; x_wconf 83' lang='grc' dir='ltr'>Α</span> <span class='ocrx_word' id='word_1_466' title='bbox 504 1012 526 1031; x_wconf 90' lang='grc' dir='ltr'>Ν</span> <span class='ocrx_word' id='word_1_467' title='bbox 539 1011 561 1031; x_wconf 87' lang='lat' dir='ltr'>T</span> <span class='ocrx_word' id='word_1_468' title='bbox 572 1012 625 1031; x_wconf 74' lang='lat' dir='ltr'>ER.</span> <span class='ocrx_word' id='word_1_469' title='bbox 664 1003 733 1030; x_wconf 88' lang='lat' dir='ltr'>Adu.</span> <span class='ocrx_word' id='word_1_470' title='bbox 768 1001 949 1036; x_wconf 71' lang='grc' dir='ltr'>[σπευδόντως]</span> <span class='ocrx_word' id='word_1_471' title='bbox 986 1002 1116 1031; x_wconf 74' lang='lat' dir='ltr'>Celeriter,</span> <span class='ocrx_word' id='word_1_472' title='bbox 1132 1007 1155 1026; x_wconf 81' lang='lat' dir='ltr'>ct</span> <span class='ocrx_word' id='word_1_473' title='bbox 1173 1002 1231 1026; x_wconf 85' lang='lat' dir='ltr'>cito.</span> <span class='ocrx_word' id='word_1_474' title='bbox 1267 998 1324 1024; x_wconf 89' lang='lat' dir='ltr'>Cic.</span> <span class='ocrx_word' id='word_1_475' title='bbox 1387 999 1414 1032; x_wconf 83' lang='lat' dir='ltr'>gi</span> <span class='ocrx_word' id='word_1_476' title='bbox 1432 999 1512 1025; x_wconf 92' lang='lat' dir='ltr'>Ouid.</span> <span class='ocrx_word' id='word_1_477' title='bbox 1526 1000 1590 1026; x_wconf 91' lang='lat' dir='ltr'>Met.</span> <span class='ocrx_word' id='word_1_478' title='bbox 1605 1008 1641 1029; x_wconf 89' lang='lat'>10,</span> <span class='ocrx_word' id='word_1_479' title='bbox 1655 1004 1708 1031; x_wconf 75' lang='lat'>598.</span> <span class='ocrx_word' id='word_1_480' title='bbox 1816 999 1908 1025; x_wconf 89' lang='lat' dir='ltr'>Cultus</span> <span class='ocrx_word' id='word_1_481' title='bbox 1929 999 1985 1025; x_wconf 88' lang='lat' dir='ltr'>Sen.</span> <span class='ocrx_word' id='word_1_482' title='bbox 1995 998 2100 1025; x_wconf 87' lang='lat' dir='ltr'>Troad.</span> <span class='ocrx_word' id='word_1_483' title='bbox 2116 1007 2151 1024; x_wconf 89' lang='lat'>10.</span> <span class='ocrx_word' id='word_1_484' title='bbox 2223 999 2308 1033; x_wconf 84' lang='lat' dir='ltr'>Dapcs</span> <span class='ocrx_word' id='word_1_485' title='bbox 2329 972 2430 1033; x_wconf 51' lang='lat' dir='ltr'>Horaiil,</span> 
     </span>
     <span class='ocr_line' id='line_1_25' title="bbox 284 1033 2422 1076; baseline -0.004 -7"><span class='ocrx_word' id='word_1_486' title='bbox 284 1042 316 1069; x_wconf 91' lang='lat' dir='ltr'>de</span> <span class='ocrx_word' id='word_1_487' title='bbox 330 1043 388 1068; x_wconf 90' lang='lat' dir='ltr'>Fin.</span> <span class='ocrx_word' id='word_1_488' title='bbox 402 1049 424 1075; x_wconf 80' lang='lat'>5,</span> <span class='ocrx_word' id='word_1_489' title='bbox 438 1048 474 1076; x_wconf 90' lang='lat'>77</span> <span class='ocrx_word' id='word_1_490' title='bbox 489 1050 512 1067; x_wconf 80' lang='lat' dir='ltr'>c.</span> <span class='ocrx_word' id='word_1_491' title='bbox 525 1042 556 1066; x_wconf 84' lang='lat'>26</span> <span class='ocrx_word' id='word_1_492' title='bbox 574 1039 642 1066; x_wconf 90' lang='lat' dir='ltr'>Illud</span> <span class='ocrx_word' id='word_1_493' title='bbox 655 1038 723 1065; x_wconf 86' lang='lat' dir='ltr'>mihi</span> <span class='ocrx_word' id='word_1_494' title='bbox 738 1047 752 1064; x_wconf 90' lang='lat' dir='ltr'>a</span> <span class='ocrx_word' id='word_1_495' title='bbox 765 1044 790 1064; x_wconf 80' lang='lat' dir='ltr'>te</span> <span class='ocrx_word' id='word_1_496' title='bbox 804 1038 919 1065; x_wconf 86' lang='lat' dir='ltr'>nimium</span> <span class='ocrx_word' id='word_1_497' title='bbox 932 1037 1086 1063; x_wconf 88' lang='lat' dir='ltr'>festinanter</span> <span class='ocrx_word' id='word_1_498' title='bbox 1097 1036 1197 1063; x_wconf 65' lang='lat' dir='ltr'>dicium</span> <span class='ocrx_word' id='word_1_499' title='bbox 1209 1033 1326 1065; x_wconf 82' lang='lat' dir='ltr'>videtur,</span> <span class='ocrx_word' id='word_1_500' title='bbox 1387 1034 1469 1067; x_wconf 86' lang='lat' dir='ltr'>Epod.</span> <span class='ocrx_word' id='word_1_501' title='bbox 1483 1043 1509 1067; x_wconf 87' lang='lat'>9,</span> <span class='ocrx_word' id='word_1_502' title='bbox 1525 1043 1542 1061; x_wconf 89' lang='grc'>1.</span> <span class='ocrx_word' id='word_1_503' title='bbox 1584 1034 1640 1060; x_wconf 80' lang='lat' dir='ltr'>Vid.</span> <span class='ocrx_word' id='word_1_504' title='bbox 1663 1040 1753 1061; x_wconf 83' lang='lat' dir='ltr'>DAPS.</span> <span class='ocrx_word' id='word_1_505' title='bbox 1860 1033 1964 1061; x_wconf 86' lang='lat' dir='ltr'>Fronde</span> <span class='ocrx_word' id='word_1_506' title='bbox 1986 1034 2050 1060; x_wconf 85' lang='lat' dir='ltr'>festa</span> <span class='ocrx_word' id='word_1_507' title='bbox 2074 1034 2162 1060; x_wconf 87' lang='lat' dir='ltr'>velare</span> <span class='ocrx_word' id='word_1_508' title='bbox 2185 1033 2294 1061; x_wconf 88' lang='lat' dir='ltr'>delubra</span> <span class='ocrx_word' id='word_1_509' title='bbox 2315 1035 2398 1061; x_wconf 86' lang='lat' dir='ltr'>deoru</span> <span class='ocrx_word' id='word_1_510' title='bbox 2419 1037 2422 1041; x_wconf 85' lang='lat'>&#39;</span> 
     </span>
     <span class='ocr_line' id='line_1_26' title="bbox 284 1036 2443 1134; baseline -0.004 -30"><span class='ocrx_word' id='word_1_511' title='bbox 284 1078 410 1112; x_wconf 85' lang='lat' dir='ltr'>sapientes</span> <span class='ocrx_word' id='word_1_512' title='bbox 424 1085 515 1103; x_wconf 88' lang='lat' dir='ltr'>omnes</span> <span class='ocrx_word' id='word_1_513' title='bbox 531 1076 579 1102; x_wconf 83' lang='lat' dir='ltr'>else</span> <span class='ocrx_word' id='word_1_514' title='bbox 596 1075 694 1102; x_wconf 87' lang='lat' dir='ltr'>beatos.</span> <span class='ocrx_word' id='word_1_515' title='bbox 730 1073 802 1100; x_wconf 85' lang='lat' dir='ltr'>Idem</span> <span class='ocrx_word' id='word_1_516' title='bbox 817 1075 871 1100; x_wconf 89' lang='lat' dir='ltr'>Att.</span> <span class='ocrx_word' id='word_1_517' title='bbox 884 1082 911 1105; x_wconf 82' lang='grc'>3,</span> <span class='ocrx_word' id='word_1_518' title='bbox 926 1081 950 1107; x_wconf 98' lang='grc'>7.</span> <span class='ocrx_word' id='word_1_519' title='bbox 1009 1073 1120 1107; x_wconf 80' lang='lat' dir='ltr'>Compar.</span> <span class='ocrx_word' id='word_1_520' title='bbox 1155 1071 1246 1097; x_wconf 86' lang='lat' dir='ltr'>Tacit.</span> <span class='ocrx_word' id='word_1_521' title='bbox 1258 1071 1325 1096; x_wconf 88' lang='lat' dir='ltr'>Ann.</span> <span class='ocrx_word' id='word_1_522' title='bbox 1342 1076 1374 1102; x_wconf 80' lang='lat'>25</span> <span class='ocrx_word' id='word_1_523' title='bbox 1386 1070 1460 1103; x_wconf 87' lang='lat' dir='ltr'>Virg.</span> <span class='ocrx_word' id='word_1_524' title='bbox 1475 1071 1538 1096; x_wconf 89' lang='lat' dir='ltr'>Aen.</span> <span class='ocrx_word' id='word_1_525' title='bbox 1552 1077 1578 1103; x_wconf 87' lang='lat'>2,</span> <span class='ocrx_word' id='word_1_526' title='bbox 1595 1078 1656 1104; x_wconf 86' lang='lat'>249.</span> <span class='ocrx_word' id='word_1_527' title='bbox 1728 1069 1892 1103; x_wconf 71' lang='lat' dir='ltr'>Qiinffll,6‚</span> <span class='ocrx_word' id='word_1_528' title='bbox 1904 1078 1916 1101; x_wconf 88' lang='grc'>3</span> <span class='ocrx_word' id='word_1_529' title='bbox 1937 1069 2010 1103; x_wconf 80' lang='lat' dir='ltr'>Qiin</span> <span class='ocrx_word' id='word_1_530' title='bbox 2024 1069 2084 1096; x_wconf 86' lang='lat' dir='ltr'>illae</span> <span class='ocrx_word' id='word_1_531' title='bbox 2098 1070 2181 1104; x_wconf 87' lang='lat' dir='ltr'>ipsae,</span> <span class='ocrx_word' id='word_1_532' title='bbox 2202 1078 2268 1104; x_wconf 83' lang='lat' dir='ltr'>quae</span> <span class='ocrx_word' id='word_1_533' title='bbox 2281 1069 2352 1096; x_wconf 66' lang='lat' dir='ltr'>dieta</span> <span class='ocrx_word' id='word_1_534' title='bbox 2359 1036 2443 1134; x_wconf 57' lang='grc' dir='ltr'>11111ἒῖι</span> 
     </span>
     <span class='ocr_line' id='line_1_27' title="bbox 284 1103 2437 1147; baseline -0.004 -8"><span class='ocrx_word' id='word_1_535' title='bbox 284 1122 323 1147; x_wconf 75' lang='lat'>15,</span> <span class='ocrx_word' id='word_1_536' title='bbox 337 1122 348 1145; x_wconf 82' lang='lat'>3</span> <span class='ocrx_word' id='word_1_537' title='bbox 381 1112 492 1139; x_wconf 89' lang='lat' dir='ltr'>Occulto</span> <span class='ocrx_word' id='word_1_538' title='bbox 506 1117 644 1145; x_wconf 85' lang='lat' dir='ltr'>praecepto</span> <span class='ocrx_word' id='word_1_539' title='bbox 658 1109 827 1144; x_wconf 84' lang='lat' dir='ltr'>compositius</span> <span class='ocrx_word' id='word_1_540' title='bbox 838 1109 930 1136; x_wconf 58' lang='lat' dir='ltr'>cuneta</span> <span class='ocrx_word' id='word_1_541' title='bbox 943 1117 1021 1142; x_wconf 87' lang='lat' dir='ltr'>quam</span> <span class='ocrx_word' id='word_1_542' title='bbox 1033 1107 1197 1133; x_wconf 84' lang='lat' dir='ltr'>festinantius</span> <span class='ocrx_word' id='word_1_543' title='bbox 1211 1111 1326 1140; x_wconf 82' lang='lat' dir='ltr'>agerent.</span> <span class='ocrx_word' id='word_1_544' title='bbox 1388 1113 1416 1131; x_wconf 86' lang='lat' dir='ltr'>ae</span> <span class='ocrx_word' id='word_1_545' title='bbox 1429 1111 1572 1137; x_wconf 87' lang='lat' dir='ltr'>vocantur,</span> <span class='ocrx_word' id='word_1_546' title='bbox 1590 1114 1653 1140; x_wconf 84' lang='lat' dir='ltr'>quas</span> <span class='ocrx_word' id='word_1_547' title='bbox 1665 1105 1742 1131; x_wconf 87' lang='lat' dir='ltr'>certis</span> <span class='ocrx_word' id='word_1_548' title='bbox 1755 1105 1848 1131; x_wconf 86' lang='lat' dir='ltr'>diebus</span> <span class='ocrx_word' id='word_1_549' title='bbox 1863 1105 1942 1131; x_wconf 81' lang='lat' dir='ltr'>festae</span> <span class='ocrx_word' id='word_1_550' title='bbox 1951 1106 2083 1132; x_wconf 81' lang='lat' dir='ltr'>Licentiae</span> <span class='ocrx_word' id='word_1_551' title='bbox 2091 1106 2179 1134; x_wconf 83' lang='lat' dir='ltr'>dicere</span> <span class='ocrx_word' id='word_1_552' title='bbox 2194 1105 2356 1138; x_wconf 80' lang='lat' dir='ltr'>solebamus,</span> <span class='ocrx_word' id='word_1_553' title='bbox 2380 1112 2404 1132; x_wconf 85' lang='lat' dir='ltr'>et</span> <span class='ocrx_word' id='word_1_554' title='bbox 2426 1103 2437 1139; x_wconf 53' lang='grc' dir='ltr'>χ’</span> 
     </span>
    </p>
   </div>
   <div class='ocr_carea' id='block_1_6' title="bbox 2446 1374 2479 3825">
    <p class='ocr_par' dir='ltr' id='par_1_6' title="bbox 2446 1374 2479 3825">
     <span class='ocr_line' id='line_1_28' title="bbox 2448 1374 2479 2170; baseline 0 -711"><span class='ocrx_word' id='word_1_555' title='bbox 2448 1374 2479 2170; x_wconf 95' lang='lat' dir='ltr'>     </span> 
     </span>
     <span class='ocr_line' id='line_1_29' title="bbox 2446 2404 2479 3501; baseline 0 -509"><span class='ocrx_word' id='word_1_556' title='bbox 2446 2404 2479 3501; x_wconf 95' lang='lat' dir='ltr'>    </span> 
     </span>
     <span class='ocr_line' id='line_1_30' title="bbox 2446 3501 2479 3825; baseline 0 400"><span class='ocrx_word' id='word_1_557' title='bbox 2446 3501 2479 3825; x_wconf 95' lang='lat' dir='ltr'> </span> 
     </span>
    </p>
   </div>
   <div class='ocr_carea' id='block_1_7' title="bbox 283 1136 2443 1182">
    <p class='ocr_par' dir='ltr' id='par_1_7' title="bbox 283 1136 2443 1182">
     <span class='ocr_line' id='line_1_31' title="bbox 283 1136 2443 1182; baseline -0.003 -8"><span class='ocrx_word' id='word_1_558' title='bbox 283 1150 353 1175; x_wconf 89' lang='lat' dir='ltr'>Suet.</span> <span class='ocrx_word' id='word_1_559' title='bbox 368 1150 435 1182; x_wconf 81' lang='lat' dir='ltr'>Aug.</span> <span class='ocrx_word' id='word_1_560' title='bbox 448 1156 470 1173; x_wconf 89' lang='lat' dir='ltr'>c.</span> <span class='ocrx_word' id='word_1_561' title='bbox 483 1155 516 1179; x_wconf 84' lang='lat'>29</span> <span class='ocrx_word' id='word_1_562' title='bbox 537 1146 710 1173; x_wconf 82' lang='lat' dir='ltr'>Festinantius</span> <span class='ocrx_word' id='word_1_563' title='bbox 724 1144 896 1179; x_wconf 84' lang='lat' dir='ltr'>publicatum.</span> <span class='ocrx_word' id='word_1_564' title='bbox 962 1144 1027 1170; x_wconf 91' lang='lat' dir='ltr'>Plin.</span> <span class='ocrx_word' id='word_1_565' title='bbox 1043 1143 1120 1177; x_wconf 84' lang='lat' dir='ltr'>Epist.</span> <span class='ocrx_word' id='word_1_566' title='bbox 1136 1152 1163 1175; x_wconf 72' lang='grc' dir='ltr'>ς,</span> <span class='ocrx_word' id='word_1_567' title='bbox 1178 1151 1206 1176; x_wconf 90' lang='grc'>17</span> <span class='ocrx_word' id='word_1_568' title='bbox 1217 1149 1260 1181; x_wconf 62' lang='lat' dir='ltr'>pr.</span> <span class='ocrx_word' id='word_1_569' title='bbox 1283 1142 1327 1167; x_wconf 82' lang='lat' dir='ltr'>Fe·</span> <span class='ocrx_word' id='word_1_570' title='bbox 1389 1141 1447 1166; x_wconf 89' lang='lat' dir='ltr'>Lux</span> <span class='ocrx_word' id='word_1_571' title='bbox 1466 1141 1572 1167; x_wconf 90' lang='lat' dir='ltr'>Tibull.</span> <span class='ocrx_word' id='word_1_572' title='bbox 1587 1150 1611 1172; x_wconf 84' lang='lat'>2,</span> <span class='ocrx_word' id='word_1_573' title='bbox 1625 1150 1643 1171; x_wconf 86' lang='grc'>1,</span> <span class='ocrx_word' id='word_1_574' title='bbox 1657 1149 1699 1173; x_wconf 77' lang='grc'>29.</span> <span class='ocrx_word' id='word_1_575' title='bbox 1769 1141 1835 1167; x_wconf 89' lang='lat' dir='ltr'>Hor.</span> <span class='ocrx_word' id='word_1_576' title='bbox 1850 1142 1937 1168; x_wconf 88' lang='lat' dir='ltr'>Carm.</span> <span class='ocrx_word' id='word_1_577' title='bbox 1951 1149 1979 1173; x_wconf 90' lang='lat'>4,</span> <span class='ocrx_word' id='word_1_578' title='bbox 1992 1144 2019 1173; x_wconf 87' lang='lat'>6,</span> <span class='ocrx_word' id='word_1_579' title='bbox 2033 1150 2074 1173; x_wconf 85' lang='lat'>42.</span> <span class='ocrx_word' id='word_1_580' title='bbox 2144 1142 2224 1175; x_wconf 81' lang='lat' dir='ltr'>Pagus</span> <span class='ocrx_word' id='word_1_581' title='bbox 2242 1141 2335 1172; x_wconf 81' lang='lat' dir='ltr'>festus,</span> <span class='ocrx_word' id='word_1_582' title='bbox 2359 1136 2443 1174; x_wconf 66' lang='lat' dir='ltr'>Festa*</span> 
     </span>
    </p>
   </div>
   <div class='ocr_carea' id='block_1_8' title="bbox 283 1172 2459 1535">
    <p class='ocr_par' dir='ltr' id='par_1_8' title="bbox 283 1172 2459 1535">
     <span class='ocr_line' id='line_1_32' title="bbox 283 1172 2433 1214; baseline -0.003 -4"><span class='ocrx_word' id='word_1_583' title='bbox 283 1183 419 1210; x_wconf 75' lang='lat' dir='ltr'>stinantius</span> <span class='ocrx_word' id='word_1_584' title='bbox 432 1183 531 1209; x_wconf 88' lang='lat' dir='ltr'>nuncio</span> <span class='ocrx_word' id='word_1_585' title='bbox 543 1181 605 1208; x_wconf 84' lang='lat' dir='ltr'>tibi.</span> <span class='ocrx_word' id='word_1_586' title='bbox 711 1181 776 1207; x_wconf 87' lang='lat' dir='ltr'>Plin.</span> <span class='ocrx_word' id='word_1_587' title='bbox 793 1188 829 1214; x_wconf 88' lang='lat'>17,</span> <span class='ocrx_word' id='word_1_588' title='bbox 846 1189 868 1206; x_wconf 89' lang='grc'>11</span> <span class='ocrx_word' id='word_1_589' title='bbox 908 1179 979 1212; x_wconf 75' lang='lat' dir='ltr'>Qiia</span> <span class='ocrx_word' id='word_1_590' title='bbox 993 1178 1157 1205; x_wconf 84' lang='lat' dir='ltr'>festinantius</span> <span class='ocrx_word' id='word_1_591' title='bbox 1171 1182 1328 1212; x_wconf 86' lang='lat' dir='ltr'>germinant.</span> <span class='ocrx_word' id='word_1_592' title='bbox 1389 1175 1512 1202; x_wconf 61' lang='lat' dir='ltr'>celebrans</span> <span class='ocrx_word' id='word_1_593' title='bbox 1532 1177 1599 1203; x_wconf 89' lang='lat' dir='ltr'>Hor.</span> <span class='ocrx_word' id='word_1_594' title='bbox 1613 1178 1700 1203; x_wconf 86' lang='lat' dir='ltr'>Carm.</span> <span class='ocrx_word' id='word_1_595' title='bbox 1715 1185 1736 1208; x_wconf 85' lang='lat'>3,</span> <span class='ocrx_word' id='word_1_596' title='bbox 1749 1181 1781 1206; x_wconf 83' lang='lat'>18,</span> <span class='ocrx_word' id='word_1_597' title='bbox 1795 1185 1825 1203; x_wconf 93' lang='grc'>11.</span> <span class='ocrx_word' id='word_1_598' title='bbox 1898 1177 1964 1202; x_wconf 85' lang='grc' dir='ltr'>Ρ1111.</span> <span class='ocrx_word' id='word_1_599' title='bbox 1981 1185 2004 1207; x_wconf 88' lang='lat'>2,</span> <span class='ocrx_word' id='word_1_600' title='bbox 2018 1179 2053 1209; x_wconf 87' lang='lat'>46</span> <span class='ocrx_word' id='word_1_601' title='bbox 2074 1177 2153 1203; x_wconf 91' lang='lat' dir='ltr'>Nunc</span> <span class='ocrx_word' id='word_1_602' title='bbox 2165 1185 2231 1203; x_wconf 85' lang='lat' dir='ltr'>vero</span> <span class='ocrx_word' id='word_1_603' title='bbox 2244 1185 2305 1211; x_wconf 86' lang='lat' dir='ltr'>pace</span> <span class='ocrx_word' id='word_1_604' title='bbox 2318 1181 2371 1203; x_wconf 80' lang='lat' dir='ltr'>tam</span> <span class='ocrx_word' id='word_1_605' title='bbox 2389 1172 2433 1207; x_wconf 54' lang='lat' dir='ltr'>fe}</span> 
     </span>
     <span class='ocr_line' id='line_1_33' title="bbox 283 1210 2443 1255; baseline -0.003 -9"><span class='ocrx_word' id='word_1_606' title='bbox 283 1220 377 1255; x_wconf 78' lang='lat' dir='ltr'>Superl.</span> <span class='ocrx_word' id='word_1_607' title='bbox 415 1217 574 1254; x_wconf 83' lang='lat' dir='ltr'>Augustinus</span> <span class='ocrx_word' id='word_1_608' title='bbox 596 1217 716 1244; x_wconf 80' lang='lat' dir='ltr'>Paullino</span> <span class='ocrx_word' id='word_1_609' title='bbox 737 1215 816 1251; x_wconf 81' lang='lat' dir='ltr'>Epist.</span> <span class='ocrx_word' id='word_1_610' title='bbox 836 1223 884 1249; x_wconf 80' lang='lat'>230</span> <span class='ocrx_word' id='word_1_611' title='bbox 899 1214 1005 1251; x_wconf 78' lang='lat' dir='ltr'>subfin.</span> <span class='ocrx_word' id='word_1_612' title='bbox 1045 1213 1259 1241; x_wconf 84' lang='lat' dir='ltr'>Festinantissime</span> <span class='ocrx_word' id='word_1_613' title='bbox 1288 1220 1329 1239; x_wconf 85' lang='lat' dir='ltr'>re·</span> <span class='ocrx_word' id='word_1_614' title='bbox 1390 1211 1439 1242; x_wconf 89' lang='lat' dir='ltr'>sta,</span> <span class='ocrx_word' id='word_1_615' title='bbox 1458 1217 1511 1238; x_wconf 86' lang='lat' dir='ltr'>tam</span> <span class='ocrx_word' id='word_1_616' title='bbox 1524 1211 1651 1246; x_wconf 84' lang='lat' dir='ltr'>gaudente</span> <span class='ocrx_word' id='word_1_617' title='bbox 1664 1220 1798 1246; x_wconf 84' lang='lat' dir='ltr'>prouentu</span> <span class='ocrx_word' id='word_1_618' title='bbox 1812 1221 1901 1239; x_wconf 90' lang='lat' dir='ltr'>rerum</span> <span class='ocrx_word' id='word_1_619' title='bbox 1914 1213 2065 1246; x_wconf 87' lang='lat' dir='ltr'>artiumque</span> <span class='ocrx_word' id='word_1_620' title='bbox 2079 1212 2214 1246; x_wconf 83' lang='lat' dir='ltr'>principe,</span> <span class='ocrx_word' id='word_1_621' title='bbox 2232 1212 2344 1238; x_wconf 86' lang='lat' dir='ltr'>omnino</span> <span class='ocrx_word' id='word_1_622' title='bbox 2358 1210 2443 1249; x_wconf 60' lang='lat' dir='ltr'>nihffl.</span> 
     </span>
     <span class='ocr_line' id='line_1_34' title="bbox 284 1246 2433 1290; baseline -0.002 -13"><span class='ocrx_word' id='word_1_623' title='bbox 284 1253 420 1290; x_wconf 77' lang='lat' dir='ltr'>spondisse,</span> <span class='ocrx_word' id='word_1_624' title='bbox 1344 1257 1377 1281; x_wconf 84' lang='lat'>30</span> <span class='ocrx_word' id='word_1_625' title='bbox 1390 1246 1487 1274; x_wconf 83' lang='lat' dir='ltr'>addisci</span> <span class='ocrx_word' id='word_1_626' title='bbox 1499 1256 1568 1275; x_wconf 90' lang='lat' dir='ltr'>noua</span> <span class='ocrx_word' id='word_1_627' title='bbox 1580 1248 1764 1282; x_wconf 82' lang='lat' dir='ltr'>inquilitione‚</span> <span class='ocrx_word' id='word_1_628' title='bbox 1785 1248 1868 1274; x_wconf 90' lang='lat' dir='ltr'>immo</span> <span class='ocrx_word' id='word_1_629' title='bbox 1883 1256 1915 1274; x_wconf 88' lang='lat' dir='ltr'>ne</span> <span class='ocrx_word' id='word_1_630' title='bbox 1927 1254 2047 1274; x_wconf 84' lang='lat' dir='ltr'>veterum</span> <span class='ocrx_word' id='word_1_631' title='bbox 2062 1247 2170 1282; x_wconf 83' lang='lat' dir='ltr'>quidem</span> <span class='ocrx_word' id='word_1_632' title='bbox 2183 1248 2292 1274; x_wconf 76' lang='lat' dir='ltr'>inuenta</span> <span class='ocrx_word' id='word_1_633' title='bbox 2304 1246 2433 1282; x_wconf 51' lang='lat' dir='ltr'>perdisci.‹¹</span> 
     </span>
     <span class='ocr_line' id='line_1_35' title="bbox 319 1282 2434 1320; baseline -0.004 -3"><span class='ocrx_word' id='word_1_634' title='bbox 319 1297 381 1317; x_wconf 65' lang='grc' dir='ltr'>ΓΕΒ</span> <span class='ocrx_word' id='word_1_635' title='bbox 393 1296 415 1316; x_wconf 85' lang='grc' dir='ltr'><strong>Τ</strong></span> <span class='ocrx_word' id='word_1_636' title='bbox 427 1297 435 1315; x_wconf 96' lang='lat'>1</span> <span class='ocrx_word' id='word_1_637' title='bbox 445 1296 497 1315; x_wconf 84' lang='lat' dir='ltr'>NA</span> <span class='ocrx_word' id='word_1_638' title='bbox 507 1296 529 1314; x_wconf 91' lang='lat' dir='ltr'>N</span> <span class='ocrx_word' id='word_1_639' title='bbox 539 1294 560 1314; x_wconf 84' lang='lat' dir='ltr'>&#39;r</span> <span class='ocrx_word' id='word_1_640' title='bbox 570 1294 579 1313; x_wconf 95' lang='lat'>1</span> <span class='ocrx_word' id='word_1_641' title='bbox 589 1294 608 1313; x_wconf 83' lang='grc' dir='ltr'>Α</span> <span class='ocrx_word' id='word_1_642' title='bbox 618 1307 627 1320; x_wconf 88' lang='grc'>,</span> <span class='ocrx_word' id='word_1_643' title='bbox 644 1296 683 1313; x_wconf 89' lang='lat' dir='ltr'>ae.</span> <span class='ocrx_word' id='word_1_644' title='bbox 705 1287 724 1313; x_wconf 90' lang='lat' dir='ltr'>f.</span> <span class='ocrx_word' id='word_1_645' title='bbox 762 1287 779 1313; x_wconf 92' lang='lat' dir='ltr'>l.</span> <span class='ocrx_word' id='word_1_646' title='bbox 789 1295 821 1313; x_wconf 84' lang='lat'>22</span> <span class='ocrx_word' id='word_1_647' title='bbox 832 1288 861 1314; x_wconf 91' lang='lat' dir='ltr'>C.</span> <span class='ocrx_word' id='word_1_648' title='bbox 870 1286 981 1313; x_wconf 90' lang='lat' dir='ltr'>Theod.</span> <span class='ocrx_word' id='word_1_649' title='bbox 996 1285 1028 1313; x_wconf 91' lang='lat' dir='ltr'>de</span> <span class='ocrx_word' id='word_1_650' title='bbox 1042 1286 1149 1312; x_wconf 78' lang='lat' dir='ltr'>Haeret.</span> <span class='ocrx_word' id='word_1_651' title='bbox 1205 1284 1237 1310; x_wconf 80' lang='lat' dir='ltr'>Et</span> <span class='ocrx_word' id='word_1_652' title='bbox 1250 1283 1330 1309; x_wconf 83' lang='lat' dir='ltr'>ssern·</span> <span class='ocrx_word' id='word_1_653' title='bbox 1369 1293 1373 1294; x_wconf 47' lang='lat'><em>⁷</em></span> <span class='ocrx_word' id='word_1_654' title='bbox 1389 1283 1470 1309; x_wconf 89' lang='lat' dir='ltr'>Ouid.</span> <span class='ocrx_word' id='word_1_655' title='bbox 1485 1284 1548 1309; x_wconf 91' lang='lat' dir='ltr'>Met.</span> <span class='ocrx_word' id='word_1_656' title='bbox 1561 1292 1587 1315; x_wconf 91' lang='lat'>2,</span> <span class='ocrx_word' id='word_1_657' title='bbox 1599 1291 1657 1317; x_wconf 65' lang='lat'>795.</span> <span class='ocrx_word' id='word_1_658' title='bbox 1694 1283 1768 1318; x_wconf 81' lang='lat' dir='ltr'>Conf.</span> <span class='ocrx_word' id='word_1_659' title='bbox 1786 1284 1872 1310; x_wconf 83' lang='lat' dir='ltr'>Burm.</span> <span class='ocrx_word' id='word_1_660' title='bbox 1884 1283 1918 1309; x_wconf 80' lang='lat' dir='ltr'>ad</span> <span class='ocrx_word' id='word_1_661' title='bbox 1937 1284 2010 1310; x_wconf 88' lang='lat' dir='ltr'>Grat.</span> <span class='ocrx_word' id='word_1_662' title='bbox 2029 1289 2089 1317; x_wconf 82' lang='lat'>487.</span> <span class='ocrx_word' id='word_1_663' title='bbox 2180 1284 2256 1309; x_wconf 83' lang='lat' dir='ltr'>Ritus</span> <span class='ocrx_word' id='word_1_664' title='bbox 2275 1283 2335 1310; x_wconf 88' lang='lat' dir='ltr'>festi</span> <span class='ocrx_word' id='word_1_665' title='bbox 2355 1282 2434 1314; x_wconf 51' lang='lat' dir='ltr'>laetiq*</span> 
     </span>
     <span class='ocr_line' id='line_1_36' title="bbox 283 1316 2459 1355; baseline -0.004 -3"><span class='ocrx_word' id='word_1_666' title='bbox 283 1325 357 1352; x_wconf 84' lang='lat' dir='ltr'>hard.</span> <span class='ocrx_word' id='word_1_667' title='bbox 371 1325 398 1351; x_wconf 90' lang='lat' dir='ltr'>in</span> <span class='ocrx_word' id='word_1_668' title='bbox 411 1325 472 1351; x_wconf 88' lang='lat' dir='ltr'>Vita</span> <span class='ocrx_word' id='word_1_669' title='bbox 490 1323 645 1351; x_wconf 81' lang='lat' dir='ltr'>Malachiae.</span> <span class='ocrx_word' id='word_1_670' title='bbox 1390 1327 1441 1353; x_wconf 91' lang='lat' dir='ltr'>que</span> <span class='ocrx_word' id='word_1_671' title='bbox 1459 1319 1550 1345; x_wconf 89' lang='lat' dir='ltr'>Tacit.</span> <span class='ocrx_word' id='word_1_672' title='bbox 1565 1319 1633 1345; x_wconf 85' lang='lat' dir='ltr'>Hist.</span> <span class='ocrx_word' id='word_1_673' title='bbox 1648 1327 1669 1351; x_wconf 74' lang='grc'>5,</span> <span class='ocrx_word' id='word_1_674' title='bbox 1684 1328 1696 1351; x_wconf 83' lang='lat'>5</span> <span class='ocrx_word' id='word_1_675' title='bbox 1710 1326 1774 1345; x_wconf 77' lang='lat' dir='ltr'>extr.</span> <span class='ocrx_word' id='word_1_676' title='bbox 1843 1319 1965 1353; x_wconf 85' lang='lat' dir='ltr'>Tempus</span> <span class='ocrx_word' id='word_1_677' title='bbox 1985 1320 2052 1345; x_wconf 86' lang='lat' dir='ltr'>Hor.</span> <span class='ocrx_word' id='word_1_678' title='bbox 2067 1319 2145 1353; x_wconf 86' lang='lat' dir='ltr'>Epist.</span> <span class='ocrx_word' id='word_1_679' title='bbox 2158 1327 2179 1350; x_wconf 82' lang='grc' dir='ltr'>ι,</span> <span class='ocrx_word' id='word_1_680' title='bbox 2194 1327 2212 1350; x_wconf 94' lang='grc'>1,</span> <span class='ocrx_word' id='word_1_681' title='bbox 2226 1327 2282 1352; x_wconf 65' lang='lat'>140.</span> <span class='ocrx_word' id='word_1_682' title='bbox 2360 1316 2430 1354; x_wconf 54' lang='lat' dir='ltr'>Conle-</span> <span class='ocrx_word' id='word_1_683' title='bbox 2452 1330 2459 1355; x_wconf 55' lang='lat'>1„</span> 
     </span>
     <span class='ocr_line' id='line_1_37' title="bbox 320 1353 2433 1391; baseline -0.004 -4"><span class='ocrx_word' id='word_1_684' title='bbox 320 1367 336 1387; x_wconf 80' lang='lat' dir='ltr'>F</span> <span class='ocrx_word' id='word_1_685' title='bbox 345 1367 362 1387; x_wconf 82' lang='lat' dir='ltr'>E</span> <span class='ocrx_word' id='word_1_686' title='bbox 371 1368 383 1388; x_wconf 90' lang='lat' dir='ltr'>s</span> <span class='ocrx_word' id='word_1_687' title='bbox 393 1367 414 1386; x_wconf 87' lang='lat' dir='ltr'>T</span> <span class='ocrx_word' id='word_1_688' title='bbox 423 1368 432 1386; x_wconf 94' lang='lat'>1</span> <span class='ocrx_word' id='word_1_689' title='bbox 444 1366 465 1386; x_wconf 88' lang='lat' dir='ltr'>N</span> <span class='ocrx_word' id='word_1_690' title='bbox 478 1367 499 1387; x_wconf 90' lang='lat' dir='ltr'>A</span> <span class='ocrx_word' id='word_1_691' title='bbox 508 1367 551 1387; x_wconf 82' lang='lat' dir='ltr'>ssv</span> <span class='ocrx_word' id='word_1_692' title='bbox 563 1366 585 1385; x_wconf 91' lang='lat' dir='ltr'>N</span> <span class='ocrx_word' id='word_1_693' title='bbox 595 1366 614 1386; x_wconf 89' lang='lat' dir='ltr'>D</span> <span class='ocrx_word' id='word_1_694' title='bbox 623 1365 666 1385; x_wconf 82' lang='lat' dir='ltr'>vs</span> <span class='ocrx_word' id='word_1_695' title='bbox 675 1378 684 1391; x_wconf 92' lang='lat'>‚</span> <span class='ocrx_word' id='word_1_696' title='bbox 703 1367 734 1391; x_wconf 83' lang='lat' dir='ltr'>a,</span> <span class='ocrx_word' id='word_1_697' title='bbox 755 1366 809 1384; x_wconf 89' lang='lat' dir='ltr'>um.</span> <span class='ocrx_word' id='word_1_698' title='bbox 845 1357 906 1383; x_wconf 85' lang='lat' dir='ltr'>Adi.</span> <span class='ocrx_word' id='word_1_699' title='bbox 944 1355 1003 1382; x_wconf 86' lang='lat' dir='ltr'>Val.</span> <span class='ocrx_word' id='word_1_700' title='bbox 1018 1357 1089 1383; x_wconf 82' lang='lat' dir='ltr'>Max.</span> <span class='ocrx_word' id='word_1_701' title='bbox 1103 1363 1125 1387; x_wconf 82' lang='lat'>2,</span> <span class='ocrx_word' id='word_1_702' title='bbox 1139 1359 1152 1385; x_wconf 85' lang='lat'>8</span> <span class='ocrx_word' id='word_1_703' title='bbox 1161 1376 1169 1388; x_wconf 96' lang='lat'>‚</span> <span class='ocrx_word' id='word_1_704' title='bbox 1182 1363 1194 1384; x_wconf 84' lang='lat'>5</span> <span class='ocrx_word' id='word_1_705' title='bbox 1215 1353 1329 1381; x_wconf 81' lang='lat' dir='ltr'>Festina·</span> <span class='ocrx_word' id='word_1_706' title='bbox 1383 1361 1443 1390; x_wconf 83' lang='lat' dir='ltr'>par.</span> <span class='ocrx_word' id='word_1_707' title='bbox 1463 1354 1556 1380; x_wconf 82' lang='lat' dir='ltr'>Claud.</span> <span class='ocrx_word' id='word_1_708' title='bbox 1570 1355 1648 1380; x_wconf 86' lang='lat' dir='ltr'>Cons.</span> <span class='ocrx_word' id='word_1_709' title='bbox 1663 1355 1734 1380; x_wconf 86' lang='lat' dir='ltr'>Hon.</span> <span class='ocrx_word' id='word_1_710' title='bbox 1749 1363 1770 1386; x_wconf 80' lang='lat'>3,</span> <span class='ocrx_word' id='word_1_711' title='bbox 1782 1362 1795 1386; x_wconf 81' lang='lat'>3</span> <span class='ocrx_word' id='word_1_712' title='bbox 1817 1354 1918 1382; x_wconf 81' lang='lat' dir='ltr'>Festior</span> <span class='ocrx_word' id='word_1_713' title='bbox 1930 1363 2012 1381; x_wconf 80' lang='lat' dir='ltr'>annus</span> <span class='ocrx_word' id='word_1_714' title='bbox 2025 1360 2074 1381; x_wconf 86' lang='lat' dir='ltr'>eat.</span> <span class='ocrx_word' id='word_1_715' title='bbox 2180 1355 2274 1389; x_wconf 68' lang='lat' dir='ltr'>Superl.</span> <span class='ocrx_word' id='word_1_716' title='bbox 2294 1353 2433 1388; x_wconf 53' lang='lat' dir='ltr'>Festiirmag.</span> 
     </span>
     <span class='ocr_line' id='line_1_38' title="bbox 283 1386 2429 1430; baseline -0.001 -11"><span class='ocrx_word' id='word_1_717' title='bbox 283 1396 371 1424; x_wconf 78' lang='lat' dir='ltr'>hunda</span> <span class='ocrx_word' id='word_1_718' title='bbox 384 1404 471 1423; x_wconf 70' lang='lat' dir='ltr'>manu,</span> <span class='ocrx_word' id='word_1_719' title='bbox 1314 1408 1315 1411; x_wconf 30' lang='lat'>¹</span> <span class='ocrx_word' id='word_1_720' title='bbox 1389 1390 1459 1421; x_wconf 85' lang='lat' dir='ltr'>dies,</span> <span class='ocrx_word' id='word_1_721' title='bbox 1479 1390 1545 1426; x_wconf 78' lang='lat' dir='ltr'>apud</span> <span class='ocrx_word' id='word_1_722' title='bbox 1556 1390 1659 1424; x_wconf 85' lang='lat' dir='ltr'>Vopisc.</span> <span class='ocrx_word' id='word_1_723' title='bbox 1674 1390 1703 1415; x_wconf 90' lang='lat' dir='ltr'>in</span> <span class='ocrx_word' id='word_1_724' title='bbox 1717 1390 1808 1416; x_wconf 87' lang='lat' dir='ltr'>Tacit.</span> <span class='ocrx_word' id='word_1_725' title='bbox 1823 1400 1844 1417; x_wconf 88' lang='lat' dir='ltr'>c.</span> <span class='ocrx_word' id='word_1_726' title='bbox 1866 1399 1896 1416; x_wconf 85' lang='grc'>11.</span> <span class='ocrx_word' id='word_1_727' title='bbox 2094 1386 2114 1426; x_wconf 60' lang='lat' dir='ltr'>fl</span> <span class='ocrx_word' id='word_1_728' title='bbox 2142 1398 2155 1422; x_wconf 92' lang='grc'>3</span> <span class='ocrx_word' id='word_1_729' title='bbox 2193 1388 2235 1423; x_wconf 78' lang='lat' dir='ltr'>Est</span> <span class='ocrx_word' id='word_1_730' title='bbox 2256 1393 2329 1416; x_wconf 81' lang='lat' dir='ltr'>etiam</span> <span class='ocrx_word' id='word_1_731' title='bbox 2341 1391 2429 1430; x_wconf 57' lang='lat' dir='ltr'>cogis„</span> 
     </span>
     <span class='ocr_line' id='line_1_39' title="bbox 322 1418 2432 1461; baseline -0.003 -2"><span class='ocrx_word' id='word_1_732' title='bbox 322 1439 337 1459; x_wconf 75' lang='lat' dir='ltr'>F</span> <span class='ocrx_word' id='word_1_733' title='bbox 347 1439 362 1458; x_wconf 80' lang='grc' dir='ltr'>Ε</span> <span class='ocrx_word' id='word_1_734' title='bbox 372 1439 413 1458; x_wconf 80' lang='lat' dir='ltr'>ST</span> <span class='ocrx_word' id='word_1_735' title='bbox 424 1439 432 1458; x_wconf 94' lang='lat'>1</span> <span class='ocrx_word' id='word_1_736' title='bbox 442 1439 464 1457; x_wconf 83' lang='grc' dir='ltr'>Ν</span> <span class='ocrx_word' id='word_1_737' title='bbox 474 1433 496 1457; x_wconf 60' lang='lat' dir='ltr'>A</span> <span class='ocrx_word' id='word_1_738' title='bbox 506 1436 563 1458; x_wconf 83' lang='lat' dir='ltr'>TE.</span> <span class='ocrx_word' id='word_1_739' title='bbox 583 1429 650 1456; x_wconf 88' lang='lat' dir='ltr'>Adu.</span> <span class='ocrx_word' id='word_1_740' title='bbox 687 1428 779 1455; x_wconf 86' lang='lat' dir='ltr'>Tacit.</span> <span class='ocrx_word' id='word_1_741' title='bbox 795 1428 862 1454; x_wconf 82' lang='lat' dir='ltr'>Ann.</span> <span class='ocrx_word' id='word_1_742' title='bbox 877 1435 912 1460; x_wconf 79' lang='grc' dir='ltr'>ις,</span> <span class='ocrx_word' id='word_1_743' title='bbox 926 1436 938 1459; x_wconf 87' lang='grc'>3</span> <span class='ocrx_word' id='word_1_744' title='bbox 960 1427 1070 1453; x_wconf 86' lang='lat' dir='ltr'>Occulto</span> <span class='ocrx_word' id='word_1_745' title='bbox 1085 1430 1238 1460; x_wconf 83' lang='lat' dir='ltr'>praecepto,</span> <span class='ocrx_word' id='word_1_746' title='bbox 1258 1433 1329 1451; x_wconf 87' lang='lat' dir='ltr'>com·</span> <span class='ocrx_word' id='word_1_747' title='bbox 1344 1433 1372 1459; x_wconf 77' lang='lat'>35</span> <span class='ocrx_word' id='word_1_748' title='bbox 1388 1435 1441 1451; x_wconf 75' lang='lat' dir='ltr'>men</span> <span class='ocrx_word' id='word_1_749' title='bbox 1455 1426 1605 1457; x_wconf 85' lang='lat' dir='ltr'>Romanum,</span> <span class='ocrx_word' id='word_1_750' title='bbox 1625 1432 1654 1451; x_wconf 83' lang='lat' dir='ltr'>vt</span> <span class='ocrx_word' id='word_1_751' title='bbox 1667 1425 1752 1456; x_wconf 80' lang='lat' dir='ltr'>illius,</span> <span class='ocrx_word' id='word_1_752' title='bbox 1772 1429 1815 1460; x_wconf 84' lang='lat' dir='ltr'>qui</span> <span class='ocrx_word' id='word_1_753' title='bbox 1829 1425 1939 1452; x_wconf 77' lang='lat' dir='ltr'>Paullum</span> <span class='ocrx_word' id='word_1_754' title='bbox 1951 1423 2093 1461; x_wconf 75' lang='lat' dir='ltr'>qusiolum</span> <span class='ocrx_word' id='word_1_755' title='bbox 2107 1425 2206 1457; x_wconf 81' lang='lat' dir='ltr'>audiit,</span> <span class='ocrx_word' id='word_1_756' title='bbox 2222 1432 2251 1452; x_wconf 72' lang='lat' dir='ltr'>vt</span> <span class='ocrx_word' id='word_1_757' title='bbox 2259 1425 2379 1460; x_wconf 84' lang='lat' dir='ltr'>Pompeii</span> <span class='ocrx_word' id='word_1_758' title='bbox 2427 1418 2432 1435; x_wconf 77' lang='lat'><em>&#39;</em></span> 
     </span>
     <span class='ocr_line' id='line_1_40' title="bbox 284 1461 2453 1502; baseline -0.006 -9"><span class='ocrx_word' id='word_1_759' title='bbox 284 1467 392 1502; x_wconf 81' lang='lat' dir='ltr'>positius</span> <span class='ocrx_word' id='word_1_760' title='bbox 406 1466 514 1499; x_wconf 67' lang='grc'>21111613,</span> <span class='ocrx_word' id='word_1_761' title='bbox 534 1474 611 1500; x_wconf 87' lang='lat' dir='ltr'>quam</span> <span class='ocrx_word' id='word_1_762' title='bbox 626 1464 771 1490; x_wconf 81' lang='lat' dir='ltr'>festinatius</span> <span class='ocrx_word' id='word_1_763' title='bbox 785 1468 899 1498; x_wconf 78' lang='lat' dir='ltr'>agerent.</span> <span class='ocrx_word' id='word_1_764' title='bbox 935 1464 978 1489; x_wconf 89' lang='lat' dir='ltr'>Al.</span> <span class='ocrx_word' id='word_1_765' title='bbox 997 1462 1171 1489; x_wconf 75' lang='lat' dir='ltr'>festinantius.</span> <span class='ocrx_word' id='word_1_766' title='bbox 1386 1461 1433 1491; x_wconf 85' lang='lat' dir='ltr'>sti,</span> <span class='ocrx_word' id='word_1_767' title='bbox 1456 1470 1501 1495; x_wconf 88' lang='lat' dir='ltr'>quo</span> <span class='ocrx_word' id='word_1_768' title='bbox 1510 1461 1584 1496; x_wconf 77' lang='lat' dir='ltr'>saepe</span> <span class='ocrx_word' id='word_1_769' title='bbox 1597 1464 1692 1487; x_wconf 86' lang='lat' dir='ltr'>vtimur</span> <span class='ocrx_word' id='word_1_770' title='bbox 1710 1466 1757 1485; x_wconf 80' lang='lat' dir='ltr'>etc.</span> <span class='ocrx_word' id='word_1_771' title='bbox 2410 1481 2436 1498; x_wconf 65' lang='lat'>1:</span> <span class='ocrx_word' id='word_1_772' title='bbox 2452 1470 2453 1475; x_wconf 67' lang='lat'>=</span> 
     </span>
     <span class='ocr_line' id='line_1_41' title="bbox 319 1493 2453 1535; baseline -0.003 -6"><span class='ocrx_word' id='word_1_773' title='bbox 319 1510 360 1529; x_wconf 63' lang='lat' dir='ltr'>rii</span> <span class='ocrx_word' id='word_1_774' title='bbox 370 1510 382 1529; x_wconf 88' lang='lat' dir='ltr'>s</span> <span class='ocrx_word' id='word_1_775' title='bbox 393 1509 413 1528; x_wconf 89' lang='lat' dir='ltr'>T</span> <span class='ocrx_word' id='word_1_776' title='bbox 425 1510 433 1529; x_wconf 90' lang='lat'>1</span> <span class='ocrx_word' id='word_1_777' title='bbox 445 1509 466 1528; x_wconf 87' lang='lat' dir='ltr'>N</span> <span class='ocrx_word' id='word_1_778' title='bbox 478 1508 529 1529; x_wconf 78' lang='lat' dir='ltr'>A‘r</span> <span class='ocrx_word' id='word_1_779' title='bbox 539 1509 547 1527; x_wconf 93' lang='lat'>1</span> <span class='ocrx_word' id='word_1_780' title='bbox 558 1508 582 1528; x_wconf 80' lang='lat' dir='ltr'>M</span> <span class='ocrx_word' id='word_1_781' title='bbox 592 1521 600 1533; x_wconf 89' lang='lat'>‚</span> <span class='ocrx_word' id='word_1_782' title='bbox 618 1507 665 1535; x_wconf 82' lang='lat' dir='ltr'>pro</span> <span class='ocrx_word' id='word_1_783' title='bbox 681 1498 843 1532; x_wconf 60' lang='lat' dir='ltr'>Festinantem</span> <span class='ocrx_word' id='word_1_784' title='bbox 880 1499 1006 1532; x_wconf 81' lang='lat' dir='ltr'>Pompon.</span> <span class='ocrx_word' id='word_1_785' title='bbox 1020 1498 1089 1524; x_wconf 83' lang='lat' dir='ltr'>Afin.</span> <span class='ocrx_word' id='word_1_786' title='bbox 1111 1496 1220 1523; x_wconf 85' lang='lat' dir='ltr'>Exfiliui</span> <span class='ocrx_word' id='word_1_787' title='bbox 1235 1496 1266 1522; x_wconf 87' lang='lat' dir='ltr'>de</span> <span class='ocrx_word' id='word_1_788' title='bbox 1280 1504 1327 1522; x_wconf 90' lang='lat' dir='ltr'>no·</span> <span class='ocrx_word' id='word_1_789' title='bbox 1428 1502 1444 1521; x_wconf 83' lang='lat' dir='ltr'>F</span> <span class='ocrx_word' id='word_1_790' title='bbox 1456 1503 1471 1522; x_wconf 82' lang='lat' dir='ltr'>E</span> <span class='ocrx_word' id='word_1_791' title='bbox 1481 1504 1493 1523; x_wconf 90' lang='lat' dir='ltr'>s</span> <span class='ocrx_word' id='word_1_792' title='bbox 1505 1503 1527 1522; x_wconf 85' lang='grc' dir='ltr'><strong>Τ</strong></span> <span class='ocrx_word' id='word_1_793' title='bbox 1539 1504 1557 1522; x_wconf 87' lang='grc' dir='ltr'><strong><em>ν</em></strong></span> <span class='ocrx_word' id='word_1_794' title='bbox 1569 1503 1610 1528; x_wconf 82' lang='lat' dir='ltr'>m,</span> <span class='ocrx_word' id='word_1_795' title='bbox 1630 1495 1648 1521; x_wconf 91' lang='lat' dir='ltr'>i.</span> <span class='ocrx_word' id='word_1_796' title='bbox 1688 1504 1713 1521; x_wconf 88' lang='lat' dir='ltr'>n.</span> <span class='ocrx_word' id='word_1_797' title='bbox 1751 1494 1851 1529; x_wconf 64' lang='grc' dir='ltr'>[ἑορτὴ,</span> <span class='ocrx_word' id='word_1_798' title='bbox 1869 1493 2010 1529; x_wconf 63' lang='grc' dir='ltr'>πανήγυρις,</span> <span class='ocrx_word' id='word_1_799' title='bbox 2029 1494 2136 1529; x_wconf 70' lang='grc' dir='ltr'>τελετὴ]</span> <span class='ocrx_word' id='word_1_800' title='bbox 2172 1495 2303 1523; x_wconf 76' lang='lat' dir='ltr'>Sollemne</span> <span class='ocrx_word' id='word_1_801' title='bbox 2335 1496 2383 1522; x_wconf 78' lang='lat' dir='ltr'>fest</span> <span class='ocrx_word' id='word_1_802' title='bbox 2405 1524 2415 1526; x_wconf 64' lang='grc'>,,</span> <span class='ocrx_word' id='word_1_803' title='bbox 2430 1505 2433 1513; x_wconf 74' lang='lat'>.</span> <span class='ocrx_word' id='word_1_804' title='bbox 2452 1494 2453 1525; x_wconf 66' lang='grc' dir='ltr'>ἶ</span> 
     </span>
    </p>
   </div>
   <div class='ocr_carea' id='block_1_9' title="bbox 284 1530 2479 2202">
    <p class='ocr_par' dir='ltr' id='par_1_9' title="bbox 284 1530 2433 1605">
     <span class='ocr_line' id='line_1_42' title="bbox 284 1530 2433 1566; baseline -0.003 -1"><span class='ocrx_word' id='word_1_805' title='bbox 284 1537 324 1564; x_wconf 70' lang='lat' dir='ltr'>&amp;e</span> <span class='ocrx_word' id='word_1_806' title='bbox 337 1538 369 1565; x_wconf 88' lang='lat' dir='ltr'>ad</span> <span class='ocrx_word' id='word_1_807' title='bbox 382 1538 479 1564; x_wconf 88' lang='lat' dir='ltr'>molam</span> <span class='ocrx_word' id='word_1_808' title='bbox 493 1537 594 1563; x_wconf 88' lang='lat' dir='ltr'>fullone</span> <span class='ocrx_word' id='word_1_809' title='bbox 608 1535 760 1562; x_wconf 84' lang='lat' dir='ltr'>festinatim.</span> <span class='ocrx_word' id='word_1_810' title='bbox 830 1534 928 1560; x_wconf 82' lang='lat' dir='ltr'>Sisenn.</span> <span class='ocrx_word' id='word_1_811' title='bbox 944 1534 1044 1560; x_wconf 85' lang='lat' dir='ltr'>Histor.</span> <span class='ocrx_word' id='word_1_812' title='bbox 1059 1543 1077 1566; x_wconf 92' lang='lat'>4</span> <span class='ocrx_word' id='word_1_813' title='bbox 1103 1534 1210 1559; x_wconf 86' lang='lat' dir='ltr'>Praetor</span> <span class='ocrx_word' id='word_1_814' title='bbox 1222 1532 1326 1558; x_wconf 84' lang='lat' dir='ltr'>festina.</span> <span class='ocrx_word' id='word_1_815' title='bbox 1388 1530 1469 1559; x_wconf 85' lang='lat' dir='ltr'>Ouid.</span> <span class='ocrx_word' id='word_1_816' title='bbox 1483 1531 1540 1558; x_wconf 87' lang='lat' dir='ltr'>Fast</span> <span class='ocrx_word' id='word_1_817' title='bbox 1560 1540 1581 1561; x_wconf 88' lang='lat'>2,</span> <span class='ocrx_word' id='word_1_818' title='bbox 1596 1538 1654 1564; x_wconf 86' lang='lat'>²47-</span> <span class='ocrx_word' id='word_1_819' title='bbox 1727 1531 1820 1556; x_wconf 87' lang='lat' dir='ltr'>Annua</span> <span class='ocrx_word' id='word_1_820' title='bbox 1835 1530 1899 1556; x_wconf 81' lang='lat' dir='ltr'>festa</span> <span class='ocrx_word' id='word_1_821' title='bbox 1913 1530 2046 1556; x_wconf 85' lang='lat' dir='ltr'>celebrare</span> <span class='ocrx_word' id='word_1_822' title='bbox 2065 1530 2210 1556; x_wconf 84' lang='lat' dir='ltr'>IdcmMet.</span> <span class='ocrx_word' id='word_1_823' title='bbox 2220 1539 2256 1562; x_wconf 85' lang='grc'>10,</span> <span class='ocrx_word' id='word_1_824' title='bbox 2263 1539 2317 1564; x_wconf 83' lang='lat'>431.</span> <span class='ocrx_word' id='word_1_825' title='bbox 2355 1530 2433 1558; x_wconf 69' lang='lat' dir='ltr'>Cast&#39;a‘</span> 
     </span>
     <span class='ocr_line' id='line_1_43' title="bbox 286 1564 2428 1605; baseline -0.004 -5"><span class='ocrx_word' id='word_1_826' title='bbox 286 1573 335 1600; x_wconf 84' lang='lat' dir='ltr'>tim</span> <span class='ocrx_word' id='word_1_827' title='bbox 350 1573 380 1599; x_wconf 87' lang='lat' dir='ltr'>de</span> <span class='ocrx_word' id='word_1_828' title='bbox 394 1572 503 1599; x_wconf 79' lang='lat' dir='ltr'>castellis</span> <span class='ocrx_word' id='word_1_829' title='bbox 517 1572 548 1598; x_wconf 87' lang='lat' dir='ltr'>ad</span> <span class='ocrx_word' id='word_1_830' title='bbox 560 1571 759 1598; x_wconf 82' lang='lat' dir='ltr'>castramaxima</span> <span class='ocrx_word' id='word_1_831' title='bbox 773 1569 871 1605; x_wconf 83' lang='lat' dir='ltr'>pedites</span> <span class='ocrx_word' id='word_1_832' title='bbox 884 1569 1019 1596; x_wconf 83' lang='lat' dir='ltr'>conduxit.</span> <span class='ocrx_word' id='word_1_833' title='bbox 1056 1570 1124 1596; x_wconf 73' lang='lat' dir='ltr'>Haec</span> <span class='ocrx_word' id='word_1_834' title='bbox 1135 1567 1241 1595; x_wconf 77' lang='lat' dir='ltr'>Nonius</span> <span class='ocrx_word' id='word_1_835' title='bbox 1252 1575 1327 1601; x_wconf 81' lang='lat'>11‚37.</span> <span class='ocrx_word' id='word_1_836' title='bbox 1387 1566 1470 1593; x_wconf 87' lang='lat' dir='ltr'>Ouid.</span> <span class='ocrx_word' id='word_1_837' title='bbox 1493 1569 1585 1592; x_wconf 82' lang='lat' dir='ltr'>Amor.</span> <span class='ocrx_word' id='word_1_838' title='bbox 1608 1574 1630 1596; x_wconf 91' lang='grc'>2,</span> <span class='ocrx_word' id='word_1_839' title='bbox 1655 1574 1689 1598; x_wconf 87' lang='grc'>13,</span> <span class='ocrx_word' id='word_1_840' title='bbox 1713 1573 1734 1597; x_wconf 91' lang='grc'>3.</span> <span class='ocrx_word' id='word_1_841' title='bbox 1841 1565 2010 1599; x_wconf 80' lang='lat' dir='ltr'>Coniugialia</span> <span class='ocrx_word' id='word_1_842' title='bbox 2035 1564 2108 1591; x_wconf 89' lang='lat' dir='ltr'>Idem</span> <span class='ocrx_word' id='word_1_843' title='bbox 2122 1566 2186 1592; x_wconf 86' lang='lat' dir='ltr'>Met.</span> <span class='ocrx_word' id='word_1_844' title='bbox 2200 1573 2222 1598; x_wconf 79' lang='grc'>5,</span> <span class='ocrx_word' id='word_1_845' title='bbox 2235 1574 2257 1598; x_wconf 88' lang='grc'>3.</span> <span class='ocrx_word' id='word_1_846' title='bbox 2325 1566 2428 1599; x_wconf 71' lang='lat' dir='ltr'>Florale</span> 
     </span>
    </p>

    <p class='ocr_par' dir='ltr' id='par_1_10' title="bbox 286 1599 2445 1783">
     <span class='ocr_line' id='line_1_44' title="bbox 326 1599 2427 1640; baseline -0.003 -7"><span class='ocrx_word' id='word_1_847' title='bbox 326 1614 342 1633; x_wconf 79' lang='lat' dir='ltr'>F</span> <span class='ocrx_word' id='word_1_848' title='bbox 354 1615 370 1634; x_wconf 83' lang='grc'>1-·</span> <span class='ocrx_word' id='word_1_849' title='bbox 380 1616 391 1634; x_wconf 88' lang='lat' dir='ltr'>s</span> <span class='ocrx_word' id='word_1_850' title='bbox 401 1615 421 1634; x_wconf 83' lang='lat' dir='ltr'>T</span> <span class='ocrx_word' id='word_1_851' title='bbox 433 1614 439 1632; x_wconf 85' lang='lat'>1</span> <span class='ocrx_word' id='word_1_852' title='bbox 451 1615 471 1633; x_wconf 91' lang='lat' dir='ltr'>N</span> <span class='ocrx_word' id='word_1_853' title='bbox 480 1610 531 1634; x_wconf 71' lang='grc' dir='ltr'>ᾹΤ</span> <span class='ocrx_word' id='word_1_854' title='bbox 540 1615 568 1633; x_wconf 92' lang='lat' dir='ltr'>o.</span> <span class='ocrx_word' id='word_1_855' title='bbox 584 1606 650 1632; x_wconf 86' lang='lat' dir='ltr'>Adu.</span> <span class='ocrx_word' id='word_1_856' title='bbox 687 1607 886 1640; x_wconf 68' lang='grc' dir='ltr'>[ἐσπευσμένως]</span> <span class='ocrx_word' id='word_1_857' title='bbox 923 1605 988 1631; x_wconf 84' lang='lat' dir='ltr'>Plin.</span> <span class='ocrx_word' id='word_1_858' title='bbox 1004 1610 1037 1634; x_wconf 75' lang='lat'>18.</span> <span class='ocrx_word' id='word_1_859' title='bbox 1055 1613 1091 1630; x_wconf 88' lang='lat'>10.</span> <span class='ocrx_word' id='word_1_860' title='bbox 1160 1603 1326 1637; x_wconf 35' lang='lat' dir='ltr'>Quinctii&amp;</span> <span class='ocrx_word' id='word_1_861' title='bbox 1340 1610 1376 1635; x_wconf 84' lang='lat'>40</span> <span class='ocrx_word' id='word_1_862' title='bbox 1389 1601 1471 1628; x_wconf 87' lang='lat' dir='ltr'>Ouid.</span> <span class='ocrx_word' id='word_1_863' title='bbox 1484 1601 1549 1628; x_wconf 89' lang='lat' dir='ltr'>Fast.</span> <span class='ocrx_word' id='word_1_864' title='bbox 1563 1611 1589 1634; x_wconf 88' lang='lat'>4,</span> <span class='ocrx_word' id='word_1_865' title='bbox 1602 1608 1664 1635; x_wconf 84' lang='lat'>947.</span> <span class='ocrx_word' id='word_1_866' title='bbox 1699 1601 1743 1627; x_wconf 87' lang='lat' dir='ltr'>Al.</span> <span class='ocrx_word' id='word_1_867' title='bbox 1759 1599 1862 1627; x_wconf 87' lang='lat' dir='ltr'>Florale</span> <span class='ocrx_word' id='word_1_868' title='bbox 1876 1601 1984 1627; x_wconf 89' lang='lat' dir='ltr'>sacrum.</span> <span class='ocrx_word' id='word_1_869' title='bbox 2034 1600 2094 1627; x_wconf 89' lang='lat' dir='ltr'>Stat.</span> <span class='ocrx_word' id='word_1_870' title='bbox 2107 1601 2170 1627; x_wconf 82' lang='lat' dir='ltr'>Silu.</span> <span class='ocrx_word' id='word_1_871' title='bbox 2184 1610 2196 1626; x_wconf 95' lang='grc'>2</span> <span class='ocrx_word' id='word_1_872' title='bbox 2217 1601 2262 1637; x_wconf 81' lang='lat' dir='ltr'>vlt.</span> <span class='ocrx_word' id='word_1_873' title='bbox 2272 1609 2307 1635; x_wconf 91' lang='lat'>90</span> <span class='ocrx_word' id='word_1_874' title='bbox 2325 1603 2350 1628; x_wconf 91' lang='lat' dir='ltr'>O</span> <span class='ocrx_word' id='word_1_875' title='bbox 2362 1610 2427 1628; x_wconf 86' lang='lat' dir='ltr'>nun-</span> 
     </span>
     <span class='ocr_line' id='line_1_45' title="bbox 289 1635 2428 1676; baseline -0.003 -8"><span class='ocrx_word' id='word_1_876' title='bbox 289 1651 304 1669; x_wconf 84' lang='lat'>2</span> <span class='ocrx_word' id='word_1_877' title='bbox 320 1644 406 1676; x_wconf 75' lang='lat' dir='ltr'>Qiam</span> <span class='ocrx_word' id='word_1_878' title='bbox 419 1643 487 1668; x_wconf 85' lang='lat' dir='ltr'>nihil</span> <span class='ocrx_word' id='word_1_879' title='bbox 502 1648 667 1676; x_wconf 87' lang='lat' dir='ltr'>praeparato,</span> <span class='ocrx_word' id='word_1_880' title='bbox 686 1641 754 1667; x_wconf 87' lang='lat' dir='ltr'>nihil</span> <span class='ocrx_word' id='word_1_881' title='bbox 768 1641 891 1667; x_wconf 85' lang='lat' dir='ltr'>festinato</span> <span class='ocrx_word' id='word_1_882' title='bbox 903 1641 989 1667; x_wconf 81' lang='lat' dir='ltr'>feciise</span> <span class='ocrx_word' id='word_1_883' title='bbox 1003 1640 1110 1667; x_wconf 85' lang='lat' dir='ltr'>videtur</span> <span class='ocrx_word' id='word_1_884' title='bbox 1129 1639 1214 1666; x_wconf 89' lang='lat' dir='ltr'>Milo!</span> <span class='ocrx_word' id='word_1_885' title='bbox 1270 1639 1326 1665; x_wconf 86' lang='lat' dir='ltr'>Ma·</span> <span class='ocrx_word' id='word_1_886' title='bbox 1389 1647 1468 1673; x_wconf 88' lang='lat' dir='ltr'>quam</span> <span class='ocrx_word' id='word_1_887' title='bbox 1483 1637 1541 1663; x_wconf 89' lang='lat' dir='ltr'>data</span> <span class='ocrx_word' id='word_1_888' title='bbox 1555 1636 1619 1663; x_wconf 80' lang='lat' dir='ltr'>festa</span> <span class='ocrx_word' id='word_1_889' title='bbox 1633 1637 1710 1670; x_wconf 82' lang='lat' dir='ltr'>longa</span> <span class='ocrx_word' id='word_1_890' title='bbox 1725 1636 1849 1669; x_wconf 87' lang='lat' dir='ltr'>summis,</span> <span class='ocrx_word' id='word_1_891' title='bbox 1873 1640 1892 1663; x_wconf 83' lang='lat' dir='ltr'>i.</span> <span class='ocrx_word' id='word_1_892' title='bbox 1911 1636 2021 1672; x_wconf 78' lang='lat' dir='ltr'>gaudia,</span> <span class='ocrx_word' id='word_1_893' title='bbox 2036 1645 2076 1662; x_wconf 77' lang='lat' dir='ltr'>res</span> <span class='ocrx_word' id='word_1_894' title='bbox 2088 1635 2219 1672; x_wconf 78' lang='lat' dir='ltr'>secundas.</span> <span class='ocrx_word' id='word_1_895' title='bbox 2305 1636 2428 1665; x_wconf 83' lang='lat' dir='ltr'>Matralia</span> 
     </span>
     <span class='ocr_line' id='line_1_46' title="bbox 286 1671 2445 1709; baseline -0.003 -5"><span class='ocrx_word' id='word_1_896' title='bbox 286 1678 355 1704; x_wconf 86' lang='lat' dir='ltr'>teria</span> <span class='ocrx_word' id='word_1_897' title='bbox 367 1677 488 1704; x_wconf 84' lang='lat' dir='ltr'>festinato</span> <span class='ocrx_word' id='word_1_898' title='bbox 503 1677 609 1703; x_wconf 85' lang='lat' dir='ltr'>liccetur</span> <span class='ocrx_word' id='word_1_899' title='bbox 638 1676 743 1702; x_wconf 91' lang='lat' dir='ltr'>Colum.</span> <span class='ocrx_word' id='word_1_900' title='bbox 760 1685 779 1707; x_wconf 85' lang='lat'>1,</span> <span class='ocrx_word' id='word_1_901' title='bbox 793 1679 818 1706; x_wconf 88' lang='lat'>6,</span> <span class='ocrx_word' id='word_1_902' title='bbox 833 1685 870 1708; x_wconf 88' lang='lat'>19.</span> <span class='ocrx_word' id='word_1_903' title='bbox 941 1675 1010 1703; x_wconf 78' lang='lat' dir='ltr'>Add.</span> <span class='ocrx_word' id='word_1_904' title='bbox 1040 1675 1150 1709; x_wconf 65' lang='lat' dir='ltr'>Qun&amp;</span> <span class='ocrx_word' id='word_1_905' title='bbox 1181 1684 1216 1708; x_wconf 80' lang='lat'>4,</span> <span class='ocrx_word' id='word_1_906' title='bbox 1238 1683 1269 1704; x_wconf 84' lang='lat'>2,</span> <span class='ocrx_word' id='word_1_907' title='bbox 1291 1679 1327 1707; x_wconf 78' lang='lat'>58.</span> <span class='ocrx_word' id='word_1_908' title='bbox 1389 1673 1469 1701; x_wconf 87' lang='lat' dir='ltr'>Ouid.</span> <span class='ocrx_word' id='word_1_909' title='bbox 1483 1673 1547 1700; x_wconf 86' lang='lat' dir='ltr'>Fast.</span> <span class='ocrx_word' id='word_1_910' title='bbox 1562 1675 1589 1705; x_wconf 84' lang='lat'>6,</span> <span class='ocrx_word' id='word_1_911' title='bbox 1602 1680 1650 1705; x_wconf 81' lang='lat'>533.</span> <span class='ocrx_word' id='word_1_912' title='bbox 1687 1671 1739 1698; x_wconf 85' lang='lat' dir='ltr'>vid.</span> <span class='ocrx_word' id='word_1_913' title='bbox 1754 1672 1890 1703; x_wconf 85' lang='lat' dir='ltr'>Matralia,</span> <span class='ocrx_word' id='word_1_914' title='bbox 1909 1682 1936 1697; x_wconf 85' lang='lat' dir='ltr'>m</span> <span class='ocrx_word' id='word_1_915' title='bbox 1956 1679 2079 1698; x_wconf 83' lang='lat' dir='ltr'>MATER.</span> <span class='ocrx_word' id='word_1_916' title='bbox 2152 1672 2242 1699; x_wconf 81' lang='lat' dir='ltr'>Palilia</span> <span class='ocrx_word' id='word_1_917' title='bbox 2267 1671 2349 1699; x_wconf 88' lang='lat' dir='ltr'>Ouid.</span> <span class='ocrx_word' id='word_1_918' title='bbox 2363 1672 2429 1698; x_wconf 88' lang='lat' dir='ltr'>Met.</span> <span class='ocrx_word' id='word_1_919' title='bbox 2443 1676 2445 1678; x_wconf 80' lang='grc'><strong>“</strong></span> 
     </span>
     <span class='ocr_line' id='line_1_47' title="bbox 287 1706 2430 1748; baseline -0.003 -9"><span class='ocrx_word' id='word_1_920' title='bbox 287 1714 399 1748; x_wconf 82' lang='lat' dir='ltr'>Compar.</span> <span class='ocrx_word' id='word_1_921' title='bbox 437 1713 504 1739; x_wconf 91' lang='lat' dir='ltr'>Gell.</span> <span class='ocrx_word' id='word_1_922' title='bbox 514 1721 549 1744; x_wconf 84' lang='grc'>10,</span> <span class='ocrx_word' id='word_1_923' title='bbox 559 1721 582 1738; x_wconf 86' lang='grc'>11</span> <span class='ocrx_word' id='word_1_924' title='bbox 603 1712 671 1738; x_wconf 87' lang='lat' dir='ltr'>Cum</span> <span class='ocrx_word' id='word_1_925' title='bbox 684 1710 880 1745; x_wconf 79' lang='lat' dir='ltr'>significandum</span> <span class='ocrx_word' id='word_1_926' title='bbox 892 1711 945 1743; x_wconf 84' lang='lat' dir='ltr'>est,</span> <span class='ocrx_word' id='word_1_927' title='bbox 965 1711 1081 1737; x_wconf 65' lang='lat' dir='ltr'>coac&#39;iius</span> <span class='ocrx_word' id='word_1_928' title='bbox 1096 1710 1161 1745; x_wconf 87' lang='lat' dir='ltr'>quid</span> <span class='ocrx_word' id='word_1_929' title='bbox 1182 1710 1282 1737; x_wconf 66' lang='lat' dir='ltr'>fatftum</span> <span class='ocrx_word' id='word_1_930' title='bbox 1302 1716 1327 1735; x_wconf 87' lang='lat' dir='ltr'>et</span> <span class='ocrx_word' id='word_1_931' title='bbox 1392 1718 1432 1742; x_wconf 88' lang='lat'>14,</span> <span class='ocrx_word' id='word_1_932' title='bbox 1444 1716 1506 1743; x_wconf 88' lang='lat'>774.</span> <span class='ocrx_word' id='word_1_933' title='bbox 1541 1708 1594 1734; x_wconf 82' lang='lat' dir='ltr'>vid.</span> <span class='ocrx_word' id='word_1_934' title='bbox 1609 1714 1752 1734; x_wconf 72' lang='lat' dir='ltr'>PARILIA.</span> <span class='ocrx_word' id='word_1_935' title='bbox 1826 1707 2004 1742; x_wconf 76' lang='lat' dir='ltr'>Qiinquatria</span> <span class='ocrx_word' id='word_1_936' title='bbox 2033 1708 2100 1734; x_wconf 89' lang='lat' dir='ltr'>Hor.</span> <span class='ocrx_word' id='word_1_937' title='bbox 2122 1707 2200 1742; x_wconf 90' lang='lat' dir='ltr'>Epist.</span> <span class='ocrx_word' id='word_1_938' title='bbox 2213 1717 2235 1740; x_wconf 83' lang='grc'>2,</span> <span class='ocrx_word' id='word_1_939' title='bbox 2247 1716 2272 1739; x_wconf 90' lang='grc'>2,</span> <span class='ocrx_word' id='word_1_940' title='bbox 2286 1714 2340 1740; x_wconf 89' lang='lat'>197.</span> <span class='ocrx_word' id='word_1_941' title='bbox 2376 1706 2430 1733; x_wconf 85' lang='lat' dir='ltr'>vid.</span> 
     </span>
     <span class='ocr_line' id='line_1_48' title="bbox 288 1743 2433 1783; baseline -0.002 -10"><span class='ocrx_word' id='word_1_942' title='bbox 288 1749 444 1775; x_wconf 77' lang='lat' dir='ltr'>festinatius.</span> <span class='ocrx_word' id='word_1_943' title='bbox 1389 1751 1639 1783; x_wconf 53' lang='lat' dir='ltr'>QViNQvA‘rRiA.</span> <span class='ocrx_word' id='word_1_944' title='bbox 1712 1743 1884 1770; x_wconf 81' lang='lat' dir='ltr'>Terminalia</span> <span class='ocrx_word' id='word_1_945' title='bbox 1905 1744 1970 1769; x_wconf 86' lang='lat' dir='ltr'>Hor.</span> <span class='ocrx_word' id='word_1_946' title='bbox 1984 1743 2065 1778; x_wconf 81' lang='lat' dir='ltr'>Epod.</span> <span class='ocrx_word' id='word_1_947' title='bbox 2078 1752 2103 1779; x_wconf 61' lang='lat' dir='ltr'>a,</span> <span class='ocrx_word' id='word_1_948' title='bbox 2118 1752 2157 1776; x_wconf 75' lang='lat'>59·</span> <span class='ocrx_word' id='word_1_949' title='bbox 2195 1743 2248 1771; x_wconf 73' lang='lat' dir='ltr'>vid.</span> <span class='ocrx_word' id='word_1_950' title='bbox 2268 1747 2433 1768; x_wconf 73' lang='lat' dir='ltr'>TERMiNA-</span> 
     </span>
    </p>

    <p class='ocr_par' dir='ltr' id='par_1_11' title="bbox 285 1777 2442 1921">
     <span class='ocr_line' id='line_1_49' title="bbox 324 1777 2431 1815; baseline -0.002 -6"><span class='ocrx_word' id='word_1_951' title='bbox 324 1790 385 1809; x_wconf 73' lang='lat' dir='ltr'>FES</span> <span class='ocrx_word' id='word_1_952' title='bbox 395 1789 416 1808; x_wconf 88' lang='lat' dir='ltr'>T</span> <span class='ocrx_word' id='word_1_953' title='bbox 426 1785 468 1809; x_wconf 77' lang='lat' dir='ltr'>1’N</span> <span class='ocrx_word' id='word_1_954' title='bbox 479 1790 499 1809; x_wconf 83' lang='lat' dir='ltr'>v</span> <span class='ocrx_word' id='word_1_955' title='bbox 509 1790 539 1814; x_wconf 86' lang='lat' dir='ltr'>s,</span> <span class='ocrx_word' id='word_1_956' title='bbox 560 1791 590 1815; x_wconf 88' lang='lat' dir='ltr'>a,</span> <span class='ocrx_word' id='word_1_957' title='bbox 610 1791 664 1808; x_wconf 90' lang='lat' dir='ltr'>um.</span> <span class='ocrx_word' id='word_1_958' title='bbox 685 1781 745 1807; x_wconf 89' lang='lat' dir='ltr'>Adi.</span> <span class='ocrx_word' id='word_1_959' title='bbox 775 1779 955 1815; x_wconf 72' lang='grc' dir='ltr'>[ἒπισπερχῆς]</span> <span class='ocrx_word' id='word_1_960' title='bbox 991 1780 1066 1805; x_wconf 65' lang='lat' dir='ltr'>Celer.</span> <span class='ocrx_word' id='word_1_961' title='bbox 1104 1778 1220 1804; x_wconf 79' lang='lat' dir='ltr'>Canities</span> <span class='ocrx_word' id='word_1_962' title='bbox 1234 1779 1328 1804; x_wconf 81' lang='lat' dir='ltr'>festina</span> <span class='ocrx_word' id='word_1_963' title='bbox 1342 1784 1375 1808; x_wconf 87' lang='lat'>45</span> <span class='ocrx_word' id='word_1_964' title='bbox 1391 1785 1460 1803; x_wconf 63' lang='grc' dir='ltr'>ΗΑ.</span> <span class='ocrx_word' id='word_1_965' title='bbox 1530 1781 1569 1803; x_wconf 78' lang='lat' dir='ltr'>De</span> <span class='ocrx_word' id='word_1_966' title='bbox 1584 1778 1662 1803; x_wconf 85' lang='lat' dir='ltr'>Festis</span> <span class='ocrx_word' id='word_1_967' title='bbox 1675 1779 1846 1810; x_wconf 85' lang='lat' dir='ltr'>ancillarum,</span> <span class='ocrx_word' id='word_1_968' title='bbox 1869 1778 1997 1810; x_wconf 87' lang='lat' dir='ltr'>Cybeles,</span> <span class='ocrx_word' id='word_1_969' title='bbox 2017 1779 2163 1810; x_wconf 81' lang='lat' dir='ltr'>Fortunae,</span> <span class='ocrx_word' id='word_1_970' title='bbox 2175 1779 2245 1808; x_wconf 87' lang='lat' dir='ltr'>Iani,</span> <span class='ocrx_word' id='word_1_971' title='bbox 2260 1777 2431 1809; x_wconf 83' lang='lat' dir='ltr'>Vestae‚Vin.</span> 
     </span>
     <span class='ocr_line' id='line_1_50' title="bbox 285 1810 2412 1850; baseline -0.002 -7"><span class='ocrx_word' id='word_1_972' title='bbox 285 1818 360 1843; x_wconf 89' lang='lat' dir='ltr'>venit</span> <span class='ocrx_word' id='word_1_973' title='bbox 378 1817 468 1844; x_wconf 87' lang='lat' dir='ltr'>Claud.</span> <span class='ocrx_word' id='word_1_974' title='bbox 482 1818 514 1843; x_wconf 92' lang='lat' dir='ltr'>de</span> <span class='ocrx_word' id='word_1_975' title='bbox 529 1818 611 1850; x_wconf 89' lang='lat' dir='ltr'>Nupt.</span> <span class='ocrx_word' id='word_1_976' title='bbox 626 1818 697 1842; x_wconf 89' lang='lat' dir='ltr'>Hon.</span> <span class='ocrx_word' id='word_1_977' title='bbox 712 1824 765 1849; x_wconf 77' lang='lat'>325.</span> <span class='ocrx_word' id='word_1_978' title='bbox 834 1816 917 1842; x_wconf 84' lang='lat' dir='ltr'>Cursu</span> <span class='ocrx_word' id='word_1_979' title='bbox 932 1814 1040 1842; x_wconf 82' lang='lat' dir='ltr'>festinus</span> <span class='ocrx_word' id='word_1_980' title='bbox 1053 1812 1149 1839; x_wconf 89' lang='lat' dir='ltr'>anhelo</span> <span class='ocrx_word' id='word_1_981' title='bbox 1167 1812 1248 1839; x_wconf 90' lang='lat' dir='ltr'>Ouid.</span> <span class='ocrx_word' id='word_1_982' title='bbox 1263 1813 1328 1838; x_wconf 89' lang='lat' dir='ltr'>Met.</span> <span class='ocrx_word' id='word_1_983' title='bbox 1390 1811 1553 1844; x_wconf 85' lang='lat' dir='ltr'>demiarum,</span> <span class='ocrx_word' id='word_1_984' title='bbox 1566 1812 1681 1837; x_wconf 87' lang='lat' dir='ltr'>Virtutis</span> <span class='ocrx_word' id='word_1_985' title='bbox 1694 1819 1766 1847; x_wconf 72' lang='lat' dir='ltr'>atque</span> <span class='ocrx_word' id='word_1_986' title='bbox 1780 1814 1914 1843; x_wconf 86' lang='lat' dir='ltr'>Honoris,</span> <span class='ocrx_word' id='word_1_987' title='bbox 1935 1813 1986 1838; x_wconf 80' lang='lat' dir='ltr'>uid.</span> <span class='ocrx_word' id='word_1_988' title='bbox 2000 1815 2058 1839; x_wconf 76' lang='lat' dir='ltr'>Lex.</span> <span class='ocrx_word' id='word_1_989' title='bbox 2073 1815 2162 1848; x_wconf 61' lang='lat' dir='ltr'>Pitifiu</span> <span class='ocrx_word' id='word_1_990' title='bbox 2193 1810 2197 1813; x_wconf 53' lang='grc'><strong>“</strong></span> <span class='ocrx_word' id='word_1_991' title='bbox 2232 1815 2317 1846; x_wconf 84' lang='lat' dir='ltr'>Agere</span> <span class='ocrx_word' id='word_1_992' title='bbox 2337 1812 2412 1839; x_wconf 81' lang='lat' dir='ltr'>festiu</span> 
     </span>
     <span class='ocr_line' id='line_1_51' title="bbox 286 1845 2411 1884; baseline -0.002 -6"><span class='ocrx_word' id='word_1_993' title='bbox 286 1861 316 1883; x_wconf 84' lang='lat'>11,</span> <span class='ocrx_word' id='word_1_994' title='bbox 331 1857 386 1884; x_wconf 83' lang='grc'>348.</span> <span class='ocrx_word' id='word_1_995' title='bbox 453 1852 515 1877; x_wconf 84' lang='lat' dir='ltr'>Dies</span> <span class='ocrx_word' id='word_1_996' title='bbox 527 1851 622 1876; x_wconf 87' lang='lat' dir='ltr'>festina</span> <span class='ocrx_word' id='word_1_997' title='bbox 639 1851 758 1876; x_wconf 85' lang='lat' dir='ltr'>Prudent.</span> <span class='ocrx_word' id='word_1_998' title='bbox 773 1850 890 1877; x_wconf 85' lang='lat' dir='ltr'>Cathem.</span> <span class='ocrx_word' id='word_1_999' title='bbox 907 1852 970 1880; x_wconf 88' lang='lat'>11‚6.</span> <span class='ocrx_word' id='word_1_1000' title='bbox 1036 1848 1158 1875; x_wconf 70' lang='lat' dir='ltr'>Senec&#39;tus</span> <span class='ocrx_word' id='word_1_1001' title='bbox 1173 1848 1266 1874; x_wconf 84' lang='lat' dir='ltr'>festina</span> <span class='ocrx_word' id='word_1_1002' title='bbox 1279 1849 1329 1874; x_wconf 86' lang='lat' dir='ltr'>Va-</span> <span class='ocrx_word' id='word_1_1003' title='bbox 1390 1847 1531 1881; x_wconf 81' lang='lat' dir='ltr'>genialiter</span> <span class='ocrx_word' id='word_1_1004' title='bbox 1551 1845 1632 1873; x_wconf 89' lang='lat' dir='ltr'>Ouid.</span> <span class='ocrx_word' id='word_1_1005' title='bbox 1647 1847 1712 1872; x_wconf 85' lang='lat' dir='ltr'>Met.</span> <span class='ocrx_word' id='word_1_1006' title='bbox 1727 1855 1758 1878; x_wconf 89' lang='lat'>11,</span> <span class='ocrx_word' id='word_1_1007' title='bbox 1773 1855 1812 1879; x_wconf 75' lang='lat'>95.</span> <span class='ocrx_word' id='word_1_1008' title='bbox 1904 1847 2044 1873; x_wconf 85' lang='lat' dir='ltr'>Celebrare</span> <span class='ocrx_word' id='word_1_1009' title='bbox 2058 1848 2151 1873; x_wconf 84' lang='lat' dir='ltr'>festum</span> <span class='ocrx_word' id='word_1_1010' title='bbox 2176 1847 2248 1873; x_wconf 89' lang='lat' dir='ltr'>Idem</span> <span class='ocrx_word' id='word_1_1011' title='bbox 2262 1847 2328 1874; x_wconf 89' lang='lat' dir='ltr'>ibid.</span> <span class='ocrx_word' id='word_1_1012' title='bbox 2341 1857 2375 1881; x_wconf 85' lang='lat'>4,</span> <span class='ocrx_word' id='word_1_1013' title='bbox 2389 1857 2411 1874; x_wconf 87' lang='lat'>11</span> 
     </span>
     <span class='ocr_line' id='line_1_52' title="bbox 287 1881 2442 1921; baseline -0.001 -8"><span class='ocrx_word' id='word_1_1014' title='bbox 287 1888 333 1915; x_wconf 87' lang='lat' dir='ltr'>ler.</span> <span class='ocrx_word' id='word_1_1015' title='bbox 348 1888 444 1921; x_wconf 80' lang='lat' dir='ltr'>Argon.</span> <span class='ocrx_word' id='word_1_1016' title='bbox 458 1897 485 1920; x_wconf 89' lang='lat'>4,</span> <span class='ocrx_word' id='word_1_1017' title='bbox 500 1893 563 1919; x_wconf 87' lang='lat'>470.</span> <span class='ocrx_word' id='word_1_1018' title='bbox 628 1885 720 1911; x_wconf 86' lang='lat' dir='ltr'>Virtus</span> <span class='ocrx_word' id='word_1_1019' title='bbox 734 1885 812 1910; x_wconf 88' lang='lat' dir='ltr'>cruda</span> <span class='ocrx_word' id='word_1_1020' title='bbox 827 1885 973 1917; x_wconf 84' lang='lat' dir='ltr'>festinaque</span> <span class='ocrx_word' id='word_1_1021' title='bbox 992 1885 1053 1910; x_wconf 85' lang='lat' dir='ltr'>Stat.</span> <span class='ocrx_word' id='word_1_1022' title='bbox 1067 1884 1158 1909; x_wconf 84' lang='lat' dir='ltr'>Theb.</span> <span class='ocrx_word' id='word_1_1023' title='bbox 1173 1892 1204 1914; x_wconf 88' lang='lat'>9,</span> <span class='ocrx_word' id='word_1_1024' title='bbox 1218 1886 1275 1916; x_wconf 88' lang='grc'>716.</span> <span class='ocrx_word' id='word_1_1025' title='bbox 1391 1884 1484 1908; x_wconf 84' lang='grc' dir='ltr'>Ρ31312</span> <span class='ocrx_word' id='word_1_1026' title='bbox 1498 1882 1561 1907; x_wconf 79' lang='lat' dir='ltr'>festa</span> <span class='ocrx_word' id='word_1_1027' title='bbox 1574 1882 1655 1907; x_wconf 85' lang='lat' dir='ltr'>alicui</span> <span class='ocrx_word' id='word_1_1028' title='bbox 1673 1882 1754 1908; x_wconf 92' lang='lat' dir='ltr'>Ouid.</span> <span class='ocrx_word' id='word_1_1029' title='bbox 1771 1882 1863 1913; x_wconf 78' lang='lat' dir='ltr'>Fast.2‚</span> <span class='ocrx_word' id='word_1_1030' title='bbox 1877 1891 1936 1916; x_wconf 86' lang='lat'>247.</span> <span class='ocrx_word' id='word_1_1031' title='bbox 2006 1881 2127 1908; x_wconf 86' lang='lat' dir='ltr'>Studium</span> <span class='ocrx_word' id='word_1_1032' title='bbox 2143 1883 2245 1916; x_wconf 87' lang='lat' dir='ltr'>puerile</span> <span class='ocrx_word' id='word_1_1033' title='bbox 2257 1883 2362 1916; x_wconf 87' lang='lat' dir='ltr'>fatiscit,</span> <span class='ocrx_word' id='word_1_1034' title='bbox 2371 1881 2442 1910; x_wconf 63' lang='lat' dir='ltr'>Lae&#39;a-</span> 
     </span>
    </p>

    <p class='ocr_par' dir='ltr' id='par_1_12' title="bbox 285 1916 2437 2020">
     <span class='ocr_line' id='line_1_53' title="bbox 322 1916 2437 1950; baseline -0.003 -1"><span class='ocrx_word' id='word_1_1035' title='bbox 322 1929 338 1949; x_wconf 82' lang='lat' dir='ltr'>F</span> <span class='ocrx_word' id='word_1_1036' title='bbox 366 1929 384 1949; x_wconf 89' lang='lat' dir='ltr'>E</span> <span class='ocrx_word' id='word_1_1037' title='bbox 411 1928 424 1948; x_wconf 90' lang='lat' dir='ltr'><strong>S</strong></span> <span class='ocrx_word' id='word_1_1038' title='bbox 449 1929 470 1948; x_wconf 91' lang='lat' dir='ltr'>T</span> <span class='ocrx_word' id='word_1_1039' title='bbox 498 1922 509 1947; x_wconf 79' lang='lat' dir='ltr'>i</span> <span class='ocrx_word' id='word_1_1040' title='bbox 538 1927 565 1946; x_wconf 80' lang='lat' dir='ltr'>N</span> <span class='ocrx_word' id='word_1_1041' title='bbox 589 1927 615 1946; x_wconf 91' lang='grc' dir='ltr'>Γ.</span> <span class='ocrx_word' id='word_1_1042' title='bbox 653 1919 721 1945; x_wconf 85' lang='lat' dir='ltr'>Adn.</span> <span class='ocrx_word' id='word_1_1043' title='bbox 763 1919 818 1944; x_wconf 89' lang='lat' dir='ltr'>Cic.</span> <span class='ocrx_word' id='word_1_1044' title='bbox 847 1919 900 1944; x_wconf 86' lang='lat' dir='ltr'>Att.</span> <span class='ocrx_word' id='word_1_1045' title='bbox 933 1927 967 1950; x_wconf 91' lang='lat'>4,</span> <span class='ocrx_word' id='word_1_1046' title='bbox 1000 1926 1029 1949; x_wconf 81' lang='lat'>14</span> <span class='ocrx_word' id='word_1_1047' title='bbox 1068 1918 1094 1942; x_wconf 88' lang='lat' dir='ltr'>Si</span> <span class='ocrx_word' id='word_1_1048' title='bbox 1112 1917 1176 1950; x_wconf 89' lang='lat' dir='ltr'>quid</span> <span class='ocrx_word' id='word_1_1049' title='bbox 1203 1918 1274 1942; x_wconf 87' lang='lat' dir='ltr'>forte</span> <span class='ocrx_word' id='word_1_1050' title='bbox 1296 1916 1328 1941; x_wconf 85' lang='lat' dir='ltr'>de</span> <span class='ocrx_word' id='word_1_1051' title='bbox 1390 1924 1416 1942; x_wconf 87' lang='lat' dir='ltr'>ta</span> <span class='ocrx_word' id='word_1_1052' title='bbox 1428 1916 1475 1941; x_wconf 82' lang='lat' dir='ltr'>nisi</span> <span class='ocrx_word' id='word_1_1053' title='bbox 1490 1916 1596 1941; x_wconf 85' lang='lat' dir='ltr'>austeris</span> <span class='ocrx_word' id='word_1_1054' title='bbox 1609 1921 1744 1941; x_wconf 86' lang='lat' dir='ltr'>mutentur</span> <span class='ocrx_word' id='word_1_1055' title='bbox 1757 1917 1819 1942; x_wconf 75' lang='lat' dir='ltr'>fella</span> <span class='ocrx_word' id='word_1_1056' title='bbox 1834 1917 1954 1949; x_wconf 80' lang='lat' dir='ltr'>profestis</span> <span class='ocrx_word' id='word_1_1057' title='bbox 1969 1918 2167 1948; x_wconf 87' lang='lat' dir='ltr'>Auson.Eidyll.</span> <span class='ocrx_word' id='word_1_1058' title='bbox 2176 1928 2202 1950; x_wconf 87' lang='lat'>4,</span> <span class='ocrx_word' id='word_1_1059' title='bbox 2211 1926 2235 1949; x_wconf 88' lang='lat'>9.</span> <span class='ocrx_word' id='word_1_1060' title='bbox 2434 1932 2437 1938; x_wconf 89' lang='lat'>·</span> 
     </span>
     <span class='ocr_line' id='line_1_54' title="bbox 285 1950 2432 2010; baseline -0.001 -26"><span class='ocrx_word' id='word_1_1061' title='bbox 285 1957 418 1989; x_wconf 86' lang='lat' dir='ltr'>comitiis,</span> <span class='ocrx_word' id='word_1_1062' title='bbox 438 1956 470 1983; x_wconf 87' lang='lat' dir='ltr'>de</span> <span class='ocrx_word' id='word_1_1063' title='bbox 502 1955 646 1991; x_wconf 87' lang='lat' dir='ltr'>Republica</span> <span class='ocrx_word' id='word_1_1064' title='bbox 675 1954 759 1987; x_wconf 84' lang='lat' dir='ltr'>(soles</span> <span class='ocrx_word' id='word_1_1065' title='bbox 784 1953 856 1979; x_wconf 89' lang='lat' dir='ltr'>enim</span> <span class='ocrx_word' id='word_1_1066' title='bbox 874 1958 904 1978; x_wconf 90' lang='lat' dir='ltr'>tu</span> <span class='ocrx_word' id='word_1_1067' title='bbox 923 1952 987 1978; x_wconf 88' lang='lat' dir='ltr'>haec</span> <span class='ocrx_word' id='word_1_1068' title='bbox 1008 1951 1103 1977; x_wconf 88' lang='lat' dir='ltr'>festine</span> <span class='ocrx_word' id='word_1_1069' title='bbox 1122 1950 1246 1982; x_wconf 88' lang='lat' dir='ltr'>odorari)</span> <span class='ocrx_word' id='word_1_1070' title='bbox 1267 1951 1328 1976; x_wconf 81' lang='lat' dir='ltr'>scri·</span> <span class='ocrx_word' id='word_1_1071' title='bbox 1344 1954 1376 1979; x_wconf 77' lang='lat'>50</span> <span class='ocrx_word' id='word_1_1072' title='bbox 1389 1984 1402 2010; x_wconf 73' lang='lat' dir='ltr'><em>b</em></span> <span class='ocrx_word' id='word_1_1073' title='bbox 1428 1956 1615 2009; x_wconf 54' lang='grc' dir='ltr'>131551ῐῖ170,</span> <span class='ocrx_word' id='word_1_1074' title='bbox 1631 1954 1683 1975; x_wconf 69' lang='lat' dir='ltr'>are.</span> <span class='ocrx_word' id='word_1_1075' title='bbox 1708 1950 1819 1990; x_wconf 37' lang='lat' dir='ltr'>&#39;Onom.</span> <span class='ocrx_word' id='word_1_1076' title='bbox 1832 1951 1949 1981; x_wconf 79' lang='lat' dir='ltr'>Festino,</span> <span class='ocrx_word' id='word_1_1077' title='bbox 1969 1950 2080 1984; x_wconf 69' lang='grc' dir='ltr'>ἑορτάζω.</span> <span class='ocrx_word' id='word_1_1078' title='bbox 2115 1952 2223 1986; x_wconf 74' lang='lat' dir='ltr'>Qidam</span> <span class='ocrx_word' id='word_1_1079' title='bbox 2243 1952 2367 1987; x_wconf 81' lang='lat' dir='ltr'>Lucretio</span> <span class='ocrx_word' id='word_1_1080' title='bbox 2385 1956 2432 1982; x_wconf 81' lang='lat' dir='ltr'>tri-</span> 
     </span>
     <span class='ocr_line' id='line_1_55' title="bbox 285 1990 1732 2020; baseline -0.003 -7"><span class='ocrx_word' id='word_1_1081' title='bbox 285 1993 329 2020; x_wconf 62' lang='lat' dir='ltr'>bas</span> <span class='ocrx_word' id='word_1_1082' title='bbox 343 1993 374 2019; x_wconf 70' lang='lat' dir='ltr'>ad</span> <span class='ocrx_word' id='word_1_1083' title='bbox 387 2001 437 2018; x_wconf 77' lang='lat' dir='ltr'>me,</span> <span class='ocrx_word' id='word_1_1084' title='bbox 1405 1991 1480 2016; x_wconf 63' lang='lat' dir='ltr'>uunr,</span> <span class='ocrx_word' id='word_1_1085' title='bbox 1511 1994 1521 2009; x_wconf 71' lang='lat' dir='ltr'>e</span> <span class='ocrx_word' id='word_1_1086' title='bbox 1552 1993 1599 2009; x_wconf 80' lang='lat' dir='ltr'>non</span> <span class='ocrx_word' id='word_1_1087' title='bbox 1614 1990 1732 2009; x_wconf 80' lang='lat' dir='ltr'>occurrit.</span> 
     </span>
    </p>

    <p class='ocr_par' dir='ltr' id='par_1_13' title="bbox 287 1988 2479 2202">
     <span class='ocr_line' id='line_1_56' title="bbox 322 1988 2430 2060; baseline -0.007 1"><span class='ocrx_word' id='word_1_1088' title='bbox 322 2035 363 2055; x_wconf 75' lang='lat' dir='ltr'>FE</span> <span class='ocrx_word' id='word_1_1089' title='bbox 374 2035 386 2055; x_wconf 83' lang='lat' dir='ltr'>S</span> <span class='ocrx_word' id='word_1_1090' title='bbox 398 2035 419 2055; x_wconf 91' lang='lat' dir='ltr'>T</span> <span class='ocrx_word' id='word_1_1091' title='bbox 429 2036 438 2054; x_wconf 85' lang='lat'>1</span> <span class='ocrx_word' id='word_1_1092' title='bbox 447 2035 468 2054; x_wconf 77' lang='lat' dir='ltr'>V</span> <span class='ocrx_word' id='word_1_1093' title='bbox 477 2034 487 2053; x_wconf 89' lang='grc' dir='ltr'><strong>Ῑ</strong></span> <span class='ocrx_word' id='word_1_1094' title='bbox 497 2033 518 2053; x_wconf 92' lang='grc' dir='ltr'><strong>Τ</strong></span> <span class='ocrx_word' id='word_1_1095' title='bbox 527 2033 568 2052; x_wconf 79' lang='lat' dir='ltr'>AS</span> <span class='ocrx_word' id='word_1_1096' title='bbox 577 2045 585 2058; x_wconf 73' lang='lat'><em>2</em></span> <span class='ocrx_word' id='word_1_1097' title='bbox 608 2031 624 2051; x_wconf 72' lang='lat' dir='ltr'>F</span> <span class='ocrx_word' id='word_1_1098' title='bbox 633 2032 669 2051; x_wconf 67' lang='grc' dir='ltr'>ΕΞ</span> <span class='ocrx_word' id='word_1_1099' title='bbox 679 2031 699 2050; x_wconf 85' lang='grc' dir='ltr'>Τ</span> <span class='ocrx_word' id='word_1_1100' title='bbox 710 2032 719 2050; x_wconf 84' lang='grc' dir='ltr'><strong>Ῑ</strong></span> <span class='ocrx_word' id='word_1_1101' title='bbox 728 2032 748 2050; x_wconf 73' lang='lat' dir='ltr'>V</span> <span class='ocrx_word' id='word_1_1102' title='bbox 757 2031 778 2049; x_wconf 83' lang='lat' dir='ltr'>V</span> <span class='ocrx_word' id='word_1_1103' title='bbox 787 2031 799 2051; x_wconf 84' lang='lat' dir='ltr'>S</span> <span class='ocrx_word' id='word_1_1104' title='bbox 810 2044 818 2056; x_wconf 63' lang='lat' dir='ltr'>a</span> <span class='ocrx_word' id='word_1_1105' title='bbox 838 2022 892 2050; x_wconf 66' lang='lat' dir='ltr'>de·</span> <span class='ocrx_word' id='word_1_1106' title='bbox 919 2029 935 2049; x_wconf 84' lang='lat' dir='ltr'>F</span> <span class='ocrx_word' id='word_1_1107' title='bbox 945 2029 960 2048; x_wconf 73' lang='grc' dir='ltr'><strong>Ε</strong></span> <span class='ocrx_word' id='word_1_1108' title='bbox 970 2030 982 2048; x_wconf 82' lang='lat' dir='ltr'>S</span> <span class='ocrx_word' id='word_1_1109' title='bbox 992 2029 1013 2048; x_wconf 86' lang='lat' dir='ltr'>T</span> <span class='ocrx_word' id='word_1_1110' title='bbox 1023 2028 1043 2047; x_wconf 78' lang='lat' dir='ltr'>V</span> <span class='ocrx_word' id='word_1_1111' title='bbox 1052 2029 1074 2048; x_wconf 83' lang='lat' dir='ltr'>S·</span> <span class='ocrx_word' id='word_1_1112' title='bbox 1428 2026 1445 2046; x_wconf 84' lang='lat' dir='ltr'>F</span> <span class='ocrx_word' id='word_1_1113' title='bbox 1456 2027 1471 2046; x_wconf 80' lang='lat' dir='ltr'>E</span> <span class='ocrx_word' id='word_1_1114' title='bbox 1481 1988 1523 2046; x_wconf 71' lang='lat' dir='ltr'>SJT</span> <span class='ocrx_word' id='word_1_1115' title='bbox 1534 2021 1546 2046; x_wconf 75' lang='lat' dir='ltr'><strong>f</strong></span> <span class='ocrx_word' id='word_1_1116' title='bbox 1558 2026 1579 2044; x_wconf 92' lang='lat' dir='ltr'>V</span> <span class='ocrx_word' id='word_1_1117' title='bbox 1591 2026 1611 2043; x_wconf 81' lang='lat' dir='ltr'>V</span> <span class='ocrx_word' id='word_1_1118' title='bbox 1621 2025 1633 2044; x_wconf 91' lang='lat' dir='ltr'>S</span> <span class='ocrx_word' id='word_1_1119' title='bbox 1642 2039 1649 2051; x_wconf 95' lang='lat'>,</span> <span class='ocrx_word' id='word_1_1120' title='bbox 1662 2028 1691 2058; x_wconf 30' lang='lat' dir='ltr'>a&#39;,</span> <span class='ocrx_word' id='word_1_1121' title='bbox 1710 2028 1763 2045; x_wconf 82' lang='grc'>11111.</span> <span class='ocrx_word' id='word_1_1122' title='bbox 1799 2019 1860 2046; x_wconf 85' lang='lat' dir='ltr'>Adi.</span> <span class='ocrx_word' id='word_1_1123' title='bbox 1897 2020 2074 2056; x_wconf 52' lang='grc' dir='ltr'>[εὖτροὲπελοῃ</span> <span class='ocrx_word' id='word_1_1124' title='bbox 2094 2021 2220 2057; x_wconf 69' lang='grc' dir='ltr'>εὖτερπῆς,</span> <span class='ocrx_word' id='word_1_1125' title='bbox 2239 2023 2353 2060; x_wconf 61' lang='lat' dir='ltr'>repa-1165]</span> <span class='ocrx_word' id='word_1_1126' title='bbox 2387 2026 2430 2052; x_wconf 79' lang='lat' dir='ltr'>Iu.</span> 
     </span>
     <span class='ocr_line' id='line_1_57' title="bbox 324 2054 2429 2095; baseline -0.002 -5"><span class='ocrx_word' id='word_1_1127' title='bbox 324 2071 385 2090; x_wconf 79' lang='lat' dir='ltr'>FES</span> <span class='ocrx_word' id='word_1_1128' title='bbox 395 2071 416 2090; x_wconf 93' lang='lat' dir='ltr'>T</span> <span class='ocrx_word' id='word_1_1129' title='bbox 425 2070 443 2089; x_wconf 82' lang='lat' dir='ltr'>R</span> <span class='ocrx_word' id='word_1_1130' title='bbox 454 2070 474 2089; x_wconf 87' lang='lat' dir='ltr'>A</span> <span class='ocrx_word' id='word_1_1131' title='bbox 484 2070 508 2088; x_wconf 87' lang='lat' dir='ltr'>M</span> <span class='ocrx_word' id='word_1_1132' title='bbox 528 2061 633 2095; x_wconf 84' lang='lat' dir='ltr'>antiqui</span> <span class='ocrx_word' id='word_1_1133' title='bbox 646 2059 784 2091; x_wconf 86' lang='lat' dir='ltr'>dicebant,</span> <span class='ocrx_word' id='word_1_1134' title='bbox 800 2068 879 2093; x_wconf 90' lang='lat' dir='ltr'>quam</span> <span class='ocrx_word' id='word_1_1135' title='bbox 894 2067 941 2084; x_wconf 87' lang='lat' dir='ltr'>nos</span> <span class='ocrx_word' id='word_1_1136' title='bbox 950 2057 1106 2084; x_wconf 85' lang='lat' dir='ltr'>Fenestram.</span> <span class='ocrx_word' id='word_1_1137' title='bbox 1144 2057 1184 2083; x_wconf 87' lang='lat' dir='ltr'>Sic</span> <span class='ocrx_word' id='word_1_1138' title='bbox 1196 2056 1265 2083; x_wconf 84' lang='lat' dir='ltr'>Festi</span> <span class='ocrx_word' id='word_1_1139' title='bbox 1280 2058 1327 2090; x_wconf 74' lang='lat' dir='ltr'>epi·</span> <span class='ocrx_word' id='word_1_1140' title='bbox 1389 2055 1494 2082; x_wconf 77' lang='lat' dir='ltr'>cundum</span> <span class='ocrx_word' id='word_1_1141' title='bbox 1507 2062 1530 2082; x_wconf 80' lang='lat' dir='ltr'>et</span> <span class='ocrx_word' id='word_1_1142' title='bbox 1542 2054 1647 2090; x_wconf 73' lang='lat' dir='ltr'>lepidum</span> <span class='ocrx_word' id='word_1_1143' title='bbox 1654 2054 1792 2090; x_wconf 66' lang='lat' dir='ltr'>fignificat.</span> <span class='ocrx_word' id='word_1_1144' title='bbox 1848 2055 1916 2082; x_wconf 87' lang='lat' dir='ltr'>Ter.</span> <span class='ocrx_word' id='word_1_1145' title='bbox 1931 2056 2041 2091; x_wconf 84' lang='lat' dir='ltr'>Adelph.</span> <span class='ocrx_word' id='word_1_1146' title='bbox 2056 2064 2078 2090; x_wconf 74' lang='grc' dir='ltr'>ς,</span> <span class='ocrx_word' id='word_1_1147' title='bbox 2091 2066 2118 2090; x_wconf 90' lang='lat'>9,</span> <span class='ocrx_word' id='word_1_1148' title='bbox 2131 2060 2165 2083; x_wconf 85' lang='lat'>26</span> <span class='ocrx_word' id='word_1_1149' title='bbox 2188 2059 2212 2084; x_wconf 94' lang='lat' dir='ltr'>O</span> <span class='ocrx_word' id='word_1_1150' title='bbox 2221 2059 2260 2084; x_wconf 83' lang='grc'>’1111</span> <span class='ocrx_word' id='word_1_1151' title='bbox 2273 2065 2344 2094; x_wconf 87' lang='lat' dir='ltr'>pater</span> <span class='ocrx_word' id='word_1_1152' title='bbox 2358 2060 2429 2087; x_wconf 82' lang='lat' dir='ltr'>festi-</span> 
     </span>
     <span class='ocr_line' id='line_1_58' title="bbox 287 2090 2457 2131; baseline -0.002 -5"><span class='ocrx_word' id='word_1_1153' title='bbox 287 2105 402 2126; x_wconf 77' lang='lat' dir='ltr'>tomator.</span> <span class='ocrx_word' id='word_1_1154' title='bbox 437 2097 484 2125; x_wconf 72' lang='lat' dir='ltr'>Sed</span> <span class='ocrx_word' id='word_1_1155' title='bbox 496 2097 598 2129; x_wconf 84' lang='lat' dir='ltr'>Festus,</span> <span class='ocrx_word' id='word_1_1156' title='bbox 621 2097 745 2131; x_wconf 67' lang='lat' dir='ltr'>scaligero</span> <span class='ocrx_word' id='word_1_1157' title='bbox 757 2094 837 2120; x_wconf 76' lang='lat' dir='ltr'>iudice</span> <span class='ocrx_word' id='word_1_1158' title='bbox 858 2093 943 2120; x_wconf 78' lang='lat' dir='ltr'>Festi-a</span> <span class='ocrx_word' id='word_1_1159' title='bbox 953 2113 961 2125; x_wconf 91' lang='lat'>,</span> <span class='ocrx_word' id='word_1_1160' title='bbox 982 2093 1085 2119; x_wconf 83' lang='lat' dir='ltr'>Ostium</span> <span class='ocrx_word' id='word_1_1161' title='bbox 1105 2092 1279 2118; x_wconf 86' lang='lat' dir='ltr'>minusculum</span> <span class='ocrx_word' id='word_1_1162' title='bbox 1300 2092 1328 2117; x_wconf 91' lang='lat' dir='ltr'>in</span> <span class='ocrx_word' id='word_1_1163' title='bbox 1389 2091 1497 2118; x_wconf 87' lang='lat' dir='ltr'>vissime.</span> <span class='ocrx_word' id='word_1_1164' title='bbox 1568 2090 1625 2117; x_wconf 89' lang='lat' dir='ltr'>Cic.</span> <span class='ocrx_word' id='word_1_1165' title='bbox 1639 2091 1716 2116; x_wconf 88' lang='lat' dir='ltr'>Verr.</span> <span class='ocrx_word' id='word_1_1166' title='bbox 1730 2099 1753 2123; x_wconf 91' lang='grc'>3,</span> <span class='ocrx_word' id='word_1_1167' title='bbox 1767 2099 1799 2123; x_wconf 90' lang='grc'>29</span> <span class='ocrx_word' id='word_1_1168' title='bbox 1830 2091 1903 2124; x_wconf 84' lang='lat' dir='ltr'>Q1id</span> <span class='ocrx_word' id='word_1_1169' title='bbox 1916 2091 1965 2118; x_wconf 85' lang='lat' dir='ltr'>isto</span> <span class='ocrx_word' id='word_1_1170' title='bbox 1979 2092 2099 2119; x_wconf 80' lang='lat' dir='ltr'>festiuius</span> <span class='ocrx_word' id='word_1_1171' title='bbox 2111 2093 2170 2119; x_wconf 84' lang='lat' dir='ltr'>fore</span> <span class='ocrx_word' id='word_1_1172' title='bbox 2181 2093 2351 2126; x_wconf 82' lang='lat' dir='ltr'>arbitramur,</span> <span class='ocrx_word' id='word_1_1173' title='bbox 2370 2095 2428 2129; x_wconf 83' lang='lat' dir='ltr'>qui,</span> <span class='ocrx_word' id='word_1_1174' title='bbox 2453 2109 2457 2121; x_wconf 66' lang='grc' dir='ltr'><em>ι</em></span> 
     </span>
     <span class='ocr_line' id='line_1_59' title="bbox 289 2125 2472 2165; baseline -0.003 -4"><span class='ocrx_word' id='word_1_1175' title='bbox 289 2135 416 2163; x_wconf 69' lang='grc'>[32111110.</span> <span class='ocrx_word' id='word_1_1176' title='bbox 437 2133 469 2159; x_wconf 87' lang='lat' dir='ltr'>ab</span> <span class='ocrx_word' id='word_1_1177' title='bbox 484 2132 618 2161; x_wconf 80' lang='lat' dir='ltr'>Fenestra,</span> <span class='ocrx_word' id='word_1_1178' title='bbox 638 2139 683 2165; x_wconf 87' lang='lat' dir='ltr'>per</span> <span class='ocrx_word' id='word_1_1179' title='bbox 705 2129 895 2156; x_wconf 73' lang='lat' dir='ltr'>detra&amp;ionem</span> <span class='ocrx_word' id='word_1_1180' title='bbox 914 2128 1016 2154; x_wconf 81' lang='lat' dir='ltr'>mediae</span> <span class='ocrx_word' id='word_1_1181' title='bbox 1038 2127 1160 2160; x_wconf 84' lang='lat' dir='ltr'>syllabae.</span> <span class='ocrx_word' id='word_1_1182' title='bbox 1208 2127 1327 2153; x_wconf 87' lang='lat' dir='ltr'>Macrob.</span> <span class='ocrx_word' id='word_1_1183' title='bbox 1345 2133 1373 2159; x_wconf 76' lang='lat'>55</span> <span class='ocrx_word' id='word_1_1184' title='bbox 1389 2134 1436 2153; x_wconf 81' lang='lat' dir='ltr'>etc.</span> <span class='ocrx_word' id='word_1_1185' title='bbox 1471 2125 1589 2153; x_wconf 77' lang='lat' dir='ltr'>Add.1d.</span> <span class='ocrx_word' id='word_1_1186' title='bbox 1606 2126 1675 2152; x_wconf 83' lang='lat' dir='ltr'>Fam.</span> <span class='ocrx_word' id='word_1_1187' title='bbox 1691 2127 1715 2155; x_wconf 86' lang='lat'>6,</span> <span class='ocrx_word' id='word_1_1188' title='bbox 1725 2134 1751 2158; x_wconf 79' lang='lat'>4.</span> <span class='ocrx_word' id='word_1_1189' title='bbox 1787 2127 1917 2154; x_wconf 79' lang='lat' dir='ltr'>Acroama</span> <span class='ocrx_word' id='word_1_1190' title='bbox 1949 2127 2005 2154; x_wconf 88' lang='lat' dir='ltr'>Cic.</span> <span class='ocrx_word' id='word_1_1191' title='bbox 2022 2129 2096 2155; x_wconf 88' lang='lat' dir='ltr'>Verr.</span> <span class='ocrx_word' id='word_1_1192' title='bbox 2109 2138 2138 2161; x_wconf 92' lang='lat'>4,</span> <span class='ocrx_word' id='word_1_1193' title='bbox 2150 2137 2194 2162; x_wconf 87' lang='lat'>49.</span> <span class='ocrx_word' id='word_1_1194' title='bbox 2262 2130 2329 2156; x_wconf 71' lang='lat' dir='ltr'>plin.</span> <span class='ocrx_word' id='word_1_1195' title='bbox 2350 2130 2427 2164; x_wconf 82' lang='lat' dir='ltr'>Epist.</span> <span class='ocrx_word' id='word_1_1196' title='bbox 2453 2128 2472 2155; x_wconf 51' lang='lat'>5¹.</span> 
     </span>
     <span class='ocr_line' id='line_1_60' title="bbox 287 2160 2479 2202; baseline -0.002 -6"><span class='ocrx_word' id='word_1_1197' title='bbox 287 2170 387 2196; x_wconf 79' lang='lat' dir='ltr'>Saturn.</span> <span class='ocrx_word' id='word_1_1198' title='bbox 401 2178 455 2201; x_wconf 79' lang='lat'>3‚12</span> <span class='ocrx_word' id='word_1_1199' title='bbox 471 2169 601 2194; x_wconf 79' lang='lat' dir='ltr'>Antonius</span> <span class='ocrx_word' id='word_1_1200' title='bbox 609 2166 716 2200; x_wconf 84' lang='lat' dir='ltr'>Gnipho</span> <span class='ocrx_word' id='word_1_1201' title='bbox 729 2165 756 2191; x_wconf 88' lang='lat' dir='ltr'>in</span> <span class='ocrx_word' id='word_1_1202' title='bbox 771 2174 803 2191; x_wconf 92' lang='lat' dir='ltr'>eo</span> <span class='ocrx_word' id='word_1_1203' title='bbox 815 2164 961 2196; x_wconf 87' lang='lat' dir='ltr'>volumine,</span> <span class='ocrx_word' id='word_1_1204' title='bbox 974 2172 1028 2199; x_wconf 91' lang='lat' dir='ltr'>quo</span> <span class='ocrx_word' id='word_1_1205' title='bbox 1037 2163 1160 2198; x_wconf 86' lang='lat' dir='ltr'>disputat,</span> <span class='ocrx_word' id='word_1_1206' title='bbox 1168 2162 1231 2202; x_wconf 83' lang='lat' dir='ltr'>quid</span> <span class='ocrx_word' id='word_1_1207' title='bbox 1245 2163 1274 2188; x_wconf 84' lang='lat' dir='ltr'>lit</span> <span class='ocrx_word' id='word_1_1208' title='bbox 1282 2163 1328 2188; x_wconf 87' lang='lat' dir='ltr'>Fe·</span> <span class='ocrx_word' id='word_1_1209' title='bbox 1389 2171 1412 2194; x_wconf 88' lang='lat'>2,</span> <span class='ocrx_word' id='word_1_1210' title='bbox 1426 2169 1454 2196; x_wconf 91' lang='grc'>17</span> <span class='ocrx_word' id='word_1_1211' title='bbox 1475 2161 1579 2194; x_wconf 64' lang='lat' dir='ltr'>Qubus</span> <span class='ocrx_word' id='word_1_1212' title='bbox 1592 2160 1716 2194; x_wconf 82' lang='lat' dir='ltr'>paruula,</span> <span class='ocrx_word' id='word_1_1213' title='bbox 1736 2160 1778 2187; x_wconf 85' lang='lat' dir='ltr'>sed</span> <span class='ocrx_word' id='word_1_1214' title='bbox 1791 2161 1885 2188; x_wconf 83' lang='lat' dir='ltr'>fcstiua</span> <span class='ocrx_word' id='word_1_1215' title='bbox 1897 2172 1956 2189; x_wconf 77' lang='lat' dir='ltr'>area</span> <span class='ocrx_word' id='word_1_1216' title='bbox 1970 2163 2124 2191; x_wconf 89' lang='lat' dir='ltr'>includitur.</span> <span class='ocrx_word' id='word_1_1217' title='bbox 2195 2165 2263 2191; x_wconf 86' lang='lat' dir='ltr'>Ter.</span> <span class='ocrx_word' id='word_1_1218' title='bbox 2281 2165 2391 2200; x_wconf 82' lang='lat' dir='ltr'>Adelph.</span> <span class='ocrx_word' id='word_1_1219' title='bbox 2403 2173 2429 2197; x_wconf 80' lang='lat'>2,</span> <span class='ocrx_word' id='word_1_1220' title='bbox 2474 2175 2479 2185; x_wconf 69' lang='lat'>¹</span> 
     </span>
    </p>
   </div>
   <div class='ocr_carea' id='block_1_10' title="bbox 289 2195 2471 2306">
    <p class='ocr_par' dir='ltr' id='par_1_14' title="bbox 289 2195 2471 2306">
     <span class='ocr_line' id='line_1_61' title="bbox 290 2195 2471 2240; baseline -0.002 -9"><span class='ocrx_word' id='word_1_1221' title='bbox 290 2205 356 2240; x_wconf 81' lang='lat' dir='ltr'>stra,</span> <span class='ocrx_word' id='word_1_1222' title='bbox 376 2205 447 2239; x_wconf 88' lang='lat' dir='ltr'>quod</span> <span class='ocrx_word' id='word_1_1223' title='bbox 460 2205 495 2230; x_wconf 88' lang='lat' dir='ltr'>est</span> <span class='ocrx_word' id='word_1_1224' title='bbox 508 2204 604 2229; x_wconf 90' lang='lat' dir='ltr'>ostium</span> <span class='ocrx_word' id='word_1_1225' title='bbox 618 2201 793 2228; x_wconf 87' lang='lat' dir='ltr'>minusculum</span> <span class='ocrx_word' id='word_1_1226' title='bbox 808 2201 837 2226; x_wconf 86' lang='grc'>111</span> <span class='ocrx_word' id='word_1_1227' title='bbox 848 2199 979 2239; x_wconf 78' lang='lat' dir='ltr'>sacrario,</span> <span class='ocrx_word' id='word_1_1228' title='bbox 997 2208 1050 2233; x_wconf 91' lang='lat' dir='ltr'>quo</span> <span class='ocrx_word' id='word_1_1229' title='bbox 1064 2198 1148 2226; x_wconf 86' lang='lat' dir='ltr'>verbo</span> <span class='ocrx_word' id='word_1_1230' title='bbox 1162 2205 1241 2224; x_wconf 89' lang='lat' dir='ltr'>etiam</span> <span class='ocrx_word' id='word_1_1231' title='bbox 1251 2198 1328 2223; x_wconf 78' lang='lat' dir='ltr'>Enni·</span> <span class='ocrx_word' id='word_1_1232' title='bbox 1390 2206 1412 2229; x_wconf 84' lang='lat'>3,</span> <span class='ocrx_word' id='word_1_1233' title='bbox 1425 2202 1439 2236; x_wconf 65' lang='grc' dir='ltr'><strong>β</strong></span> <span class='ocrx_word' id='word_1_1234' title='bbox 1460 2196 1532 2228; x_wconf 85' lang='lat' dir='ltr'>Q1id</span> <span class='ocrx_word' id='word_1_1235' title='bbox 1547 2195 1577 2221; x_wconf 82' lang='lat' dir='ltr'>sit</span> <span class='ocrx_word' id='word_1_1236' title='bbox 1591 2197 1600 2221; x_wconf 76' lang='lat'>3</span> <span class='ocrx_word' id='word_1_1237' title='bbox 1636 2195 1710 2221; x_wconf 88' lang='lat' dir='ltr'>illius</span> <span class='ocrx_word' id='word_1_1238' title='bbox 1733 2204 1813 2230; x_wconf 81' lang='lat' dir='ltr'>opera</span> <span class='ocrx_word' id='word_1_1239' title='bbox 1833 2197 1895 2227; x_wconf 83' lang='lat' dir='ltr'>Syre</span> <span class='ocrx_word' id='word_1_1240' title='bbox 1907 2207 1975 2224; x_wconf 87' lang='lat' dir='ltr'>nunc</span> <span class='ocrx_word' id='word_1_1241' title='bbox 1990 2199 2070 2232; x_wconf 90' lang='lat' dir='ltr'>viuo,</span> <span class='ocrx_word' id='word_1_1242' title='bbox 2086 2200 2211 2227; x_wconf 81' lang='lat' dir='ltr'>festiuum</span> <span class='ocrx_word' id='word_1_1243' title='bbox 2225 2202 2318 2235; x_wconf 87' lang='lat' dir='ltr'>Caput.</span> <span class='ocrx_word' id='word_1_1244' title='bbox 2383 2201 2425 2235; x_wconf 71' lang='lat' dir='ltr'>Li·</span> <span class='ocrx_word' id='word_1_1245' title='bbox 2468 2202 2471 2206; x_wconf 92' lang='lat'>&#39;</span> 
     </span>
     <span class='ocr_line' id='line_1_62' title="bbox 289 2230 2422 2273; baseline -0.002 -7"><span class='ocrx_word' id='word_1_1246' title='bbox 289 2250 318 2267; x_wconf 85' lang='lat' dir='ltr'>us</span> <span class='ocrx_word' id='word_1_1247' title='bbox 332 2241 390 2266; x_wconf 86' lang='lat' dir='ltr'>vsus</span> <span class='ocrx_word' id='word_1_1248' title='bbox 404 2240 446 2266; x_wconf 83' lang='lat' dir='ltr'>est.</span> <span class='ocrx_word' id='word_1_1249' title='bbox 483 2240 524 2265; x_wconf 76' lang='lat' dir='ltr'>Si.-</span> <span class='ocrx_word' id='word_1_1250' title='bbox 536 2242 684 2273; x_wconf 72' lang='lat' dir='ltr'>intcrprctes</span> <span class='ocrx_word' id='word_1_1251' title='bbox 695 2236 821 2273; x_wconf 73' lang='lat' dir='ltr'>legendum</span> <span class='ocrx_word' id='word_1_1252' title='bbox 833 2238 929 2271; x_wconf 70' lang='lat' dir='ltr'>censent</span> <span class='ocrx_word' id='word_1_1253' title='bbox 941 2238 969 2261; x_wconf 82' lang='lat' dir='ltr'>in</span> <span class='ocrx_word' id='word_1_1254' title='bbox 984 2235 1066 2260; x_wconf 88' lang='lat' dir='ltr'>Plaut.</span> <span class='ocrx_word' id='word_1_1255' title='bbox 1080 2235 1135 2261; x_wconf 87' lang='lat' dir='ltr'>Cas.</span> <span class='ocrx_word' id='word_1_1256' title='bbox 1148 2243 1168 2266; x_wconf 87' lang='lat'>1,</span> <span class='ocrx_word' id='word_1_1257' title='bbox 1182 2243 1199 2264; x_wconf 86' lang='grc'>1,</span> <span class='ocrx_word' id='word_1_1258' title='bbox 1207 2243 1244 2268; x_wconf 91' lang='lat'>44</span> <span class='ocrx_word' id='word_1_1259' title='bbox 1260 2234 1330 2260; x_wconf 87' lang='lat' dir='ltr'>Con·</span> <span class='ocrx_word' id='word_1_1260' title='bbox 1389 2233 1444 2271; x_wconf 75' lang='lat' dir='ltr'>bris</span> <span class='ocrx_word' id='word_1_1261' title='bbox 1458 2240 1499 2257; x_wconf 88' lang='lat' dir='ltr'>me</span> <span class='ocrx_word' id='word_1_1262' title='bbox 1514 2230 1630 2269; x_wconf 68' lang='lat' dir='ltr'>dele&amp;0‚</span> <span class='ocrx_word' id='word_1_1263' title='bbox 1650 2239 1764 2271; x_wconf 76' lang='lat' dir='ltr'>quorum</span> <span class='ocrx_word' id='word_1_1264' title='bbox 1778 2230 1864 2257; x_wconf 88' lang='lat' dir='ltr'>habeo</span> <span class='ocrx_word' id='word_1_1265' title='bbox 1878 2233 1952 2258; x_wconf 87' lang='lat' dir='ltr'>Antii</span> <span class='ocrx_word' id='word_1_1266' title='bbox 1965 2233 2210 2268; x_wconf 61' lang='lat' dir='ltr'>festiuamssopiam</span> <span class='ocrx_word' id='word_1_1267' title='bbox 2236 2236 2292 2261; x_wconf 87' lang='lat' dir='ltr'>Cic.</span> <span class='ocrx_word' id='word_1_1268' title='bbox 2305 2237 2389 2269; x_wconf 57' lang='lat' dir='ltr'>Ama,</span> <span class='ocrx_word' id='word_1_1269' title='bbox 2398 2236 2422 2263; x_wconf 83' lang='lat'>6.</span> 
     </span>
     <span class='ocr_line' id='line_1_63' title="bbox 289 2265 2421 2306; baseline -0.01 -4"><span class='ocrx_word' id='word_1_1270' title='bbox 289 2275 393 2302; x_wconf 73' lang='lat' dir='ltr'>cludere</span> <span class='ocrx_word' id='word_1_1271' title='bbox 408 2276 435 2300; x_wconf 88' lang='grc'>111</span> <span class='ocrx_word' id='word_1_1272' title='bbox 449 2274 554 2300; x_wconf 86' lang='lat' dir='ltr'>festram</span> <span class='ocrx_word' id='word_1_1273' title='bbox 569 2274 690 2300; x_wconf 81' lang='lat' dir='ltr'>firmiter.</span> <span class='ocrx_word' id='word_1_1274' title='bbox 727 2271 799 2298; x_wconf 72' lang='lat' dir='ltr'>Adde</span> <span class='ocrx_word' id='word_1_1275' title='bbox 811 2271 846 2298; x_wconf 81' lang='lat' dir='ltr'>ad</span> <span class='ocrx_word' id='word_1_1276' title='bbox 858 2272 883 2297; x_wconf 81' lang='lat' dir='ltr'>h.</span> <span class='ocrx_word' id='word_1_1277' title='bbox 895 2272 912 2296; x_wconf 90' lang='lat' dir='ltr'>l.</span> <span class='ocrx_word' id='word_1_1278' title='bbox 948 2270 1016 2306; x_wconf 82' lang='lat' dir='ltr'>Lips.</span> <span class='ocrx_word' id='word_1_1279' title='bbox 1030 2269 1105 2296; x_wconf 55' lang='lat' dir='ltr'>Eleo.</span> <span class='ocrx_word' id='word_1_1280' title='bbox 1119 2280 1142 2300; x_wconf 86' lang='lat'>2,</span> <span class='ocrx_word' id='word_1_1281' title='bbox 1155 2280 1180 2303; x_wconf 86' lang='lat'>15</span> <span class='ocrx_word' id='word_1_1282' title='bbox 1188 2276 1216 2304; x_wconf 91' lang='lat' dir='ltr'>p.</span> <span class='ocrx_word' id='word_1_1283' title='bbox 1227 2278 1264 2303; x_wconf 80' lang='lat'>53.</span> <span class='ocrx_word' id='word_1_1284' title='bbox 1390 2268 1452 2293; x_wconf 88' lang='lat' dir='ltr'>Dies</span> <span class='ocrx_word' id='word_1_1285' title='bbox 1465 2265 1573 2291; x_wconf 82' lang='lat' dir='ltr'>festinus</span> <span class='ocrx_word' id='word_1_1286' title='bbox 1586 2275 1640 2291; x_wconf 84' lang='lat' dir='ltr'>mox</span> <span class='ocrx_word' id='word_1_1287' title='bbox 1655 2265 1755 2292; x_wconf 80' lang='lat' dir='ltr'>dabitur</span> <span class='ocrx_word' id='word_1_1288' title='bbox 1768 2275 1797 2291; x_wconf 77' lang='lat' dir='ltr'>ex</span> <span class='ocrx_word' id='word_1_1289' title='bbox 1811 2267 1916 2293; x_wconf 87' lang='lat' dir='ltr'>Donato</span> <span class='ocrx_word' id='word_1_1290' title='bbox 1928 2267 1980 2293; x_wconf 83' lang='lat' dir='ltr'>vid.</span> <span class='ocrx_word' id='word_1_1291' title='bbox 2002 2274 2207 2296; x_wconf 58' lang='lat' dir='ltr'>FESTlvffl-AS⁴</span> <span class='ocrx_word' id='word_1_1292' title='bbox 2280 2270 2421 2298; x_wconf 46' lang='lat' dir='ltr'>Filimat-</span> 
     </span>
    </p>
   </div>
   <div class='ocr_carea' id='block_1_11' title="bbox 289 2301 2454 2381">
    <p class='ocr_par' dir='ltr' id='par_1_15' title="bbox 289 2301 2454 2381">
     <span class='ocr_line' id='line_1_64' title="bbox 324 2301 2422 2343; baseline -0.001 -7"><span class='ocrx_word' id='word_1_1293' title='bbox 324 2318 340 2337; x_wconf 72' lang='lat' dir='ltr'>r</span> <span class='ocrx_word' id='word_1_1294' title='bbox 350 2317 365 2336; x_wconf 73' lang='grc' dir='ltr'>Ε</span> <span class='ocrx_word' id='word_1_1295' title='bbox 375 2317 387 2335; x_wconf 79' lang='lat' dir='ltr'>s</span> <span class='ocrx_word' id='word_1_1296' title='bbox 397 2317 418 2336; x_wconf 85' lang='lat' dir='ltr'>T</span> <span class='ocrx_word' id='word_1_1297' title='bbox 429 2311 516 2341; x_wconf 67' lang='grc' dir='ltr'>ῦςΑ,</span> <span class='ocrx_word' id='word_1_1298' title='bbox 535 2318 573 2336; x_wconf 86' lang='lat' dir='ltr'>ae.</span> <span class='ocrx_word' id='word_1_1299' title='bbox 595 2309 614 2335; x_wconf 90' lang='lat' dir='ltr'>f.</span> <span class='ocrx_word' id='word_1_1300' title='bbox 652 2307 780 2343; x_wconf 63' lang='grc' dir='ltr'>[κάρφος]</span> <span class='ocrx_word' id='word_1_1301' title='bbox 817 2308 920 2333; x_wconf 79' lang='lat' dir='ltr'>Dicitur</span> <span class='ocrx_word' id='word_1_1302' title='bbox 937 2307 1045 2332; x_wconf 78' lang='lat' dir='ltr'>Arboris</span> <span class='ocrx_word' id='word_1_1303' title='bbox 1063 2307 1186 2336; x_wconf 73' lang='lat' dir='ltr'>nouenae,</span> <span class='ocrx_word' id='word_1_1304' title='bbox 1207 2311 1230 2331; x_wconf 80' lang='lat' dir='ltr'>ct</span> <span class='ocrx_word' id='word_1_1305' title='bbox 1249 2306 1329 2329; x_wconf 87' lang='lat' dir='ltr'>cuius·</span> <span class='ocrx_word' id='word_1_1306' title='bbox 1342 2305 1377 2329; x_wconf 90' lang='lat'>60</span> <span class='ocrx_word' id='word_1_1307' title='bbox 1391 2310 1439 2335; x_wconf 89' lang='lat' dir='ltr'>pro</span> <span class='ocrx_word' id='word_1_1308' title='bbox 1453 2301 1544 2341; x_wconf 76' lang='lat' dir='ltr'>Flacco</span> <span class='ocrx_word' id='word_1_1309' title='bbox 1559 2310 1596 2333; x_wconf 87' lang='lat'>91.</span> <span class='ocrx_word' id='word_1_1310' title='bbox 1642 2336 1648 2340; x_wconf 43' lang='grc' dir='ltr'>Ι</span> <span class='ocrx_word' id='word_1_1311' title='bbox 1665 2301 1756 2340; x_wconf 27' lang='grc' dir='ltr'>ι11101110</span> <span class='ocrx_word' id='word_1_1312' title='bbox 1776 2301 1895 2341; x_wconf 44' lang='lat' dir='ltr'>Idem-de</span> <span class='ocrx_word' id='word_1_1313' title='bbox 1907 2303 1981 2329; x_wconf 88' lang='lat' dir='ltr'>Orat.</span> <span class='ocrx_word' id='word_1_1314' title='bbox 1994 2311 2018 2333; x_wconf 84' lang='lat'>2,</span> <span class='ocrx_word' id='word_1_1315' title='bbox 2033 2311 2094 2338; x_wconf 86' lang='lat'>277.</span> <span class='ocrx_word' id='word_1_1316' title='bbox 2147 2304 2229 2330; x_wconf 86' lang='lat' dir='ltr'>Plaut.</span> <span class='ocrx_word' id='word_1_1317' title='bbox 2243 2306 2361 2340; x_wconf 81' lang='lat' dir='ltr'>Pseud.5,</span> <span class='ocrx_word' id='word_1_1318' title='bbox 2371 2314 2422 2339; x_wconf 84' lang='lat'>1,9</span> 
     </span>
     <span class='ocr_line' id='line_1_65' title="bbox 289 2335 2454 2381; baseline -0.006 0"><span class='ocrx_word' id='word_1_1319' title='bbox 289 2346 392 2381; x_wconf 58' lang='lat' dir='ltr'>questui</span> <span class='ocrx_word' id='word_1_1320' title='bbox 400 2346 518 2380; x_wconf 68' lang='lat' dir='ltr'>pullulas,</span> <span class='ocrx_word' id='word_1_1321' title='bbox 530 2343 627 2379; x_wconf 75' lang='lat' dir='ltr'>stipula</span> <span class='ocrx_word' id='word_1_1322' title='bbox 640 2346 698 2369; x_wconf 69' lang='lat' dir='ltr'>item</span> <span class='ocrx_word' id='word_1_1323' title='bbox 719 2342 794 2375; x_wconf 67' lang='lat' dir='ltr'>(Ulul-</span> <span class='ocrx_word' id='word_1_1324' title='bbox 806 2344 1042 2371; x_wconf 70' lang='lat' dir='ltr'>FESTVCAmvs)</span> <span class='ocrx_word' id='word_1_1325' title='bbox 1061 2340 1185 2373; x_wconf 75' lang='lat' dir='ltr'>etfimilcs</span> <span class='ocrx_word' id='word_1_1326' title='bbox 1201 2341 1328 2364; x_wconf 73' lang='lat' dir='ltr'>minutiae.</span> <span class='ocrx_word' id='word_1_1327' title='bbox 1391 2338 1428 2362; x_wconf 89' lang='lat' dir='ltr'>Ita</span> <span class='ocrx_word' id='word_1_1328' title='bbox 1442 2345 1543 2371; x_wconf 82' lang='lat' dir='ltr'>magnis</span> <span class='ocrx_word' id='word_1_1329' title='bbox 1557 2335 1696 2362; x_wconf 79' lang='lat' dir='ltr'>munditiis</span> <span class='ocrx_word' id='word_1_1330' title='bbox 1710 2336 1784 2369; x_wconf 84' lang='lat' dir='ltr'>digni</span> <span class='ocrx_word' id='word_1_1331' title='bbox 1797 2336 1899 2370; x_wconf 84' lang='lat' dir='ltr'>habiti,</span> <span class='ocrx_word' id='word_1_1332' title='bbox 1919 2345 1997 2373; x_wconf 79' lang='lat' dir='ltr'>atquc</span> <span class='ocrx_word' id='word_1_1333' title='bbox 2010 2340 2082 2365; x_wconf 90' lang='lat' dir='ltr'>Loco</span> <span class='ocrx_word' id='word_1_1334' title='bbox 2101 2337 2198 2364; x_wconf 82' lang='lat' dir='ltr'>festino</span> <span class='ocrx_word' id='word_1_1335' title='bbox 2217 2339 2310 2367; x_wconf 83' lang='lat' dir='ltr'>festiue</span> <span class='ocrx_word' id='word_1_1336' title='bbox 2331 2340 2426 2376; x_wconf 85' lang='lat' dir='ltr'>accepti</span> <span class='ocrx_word' id='word_1_1337' title='bbox 2452 2371 2454 2381; x_wconf 68' lang='lat'><em>,</em></span> 
     </span>
    </p>
   </div>
   <div class='ocr_carea' id='block_1_12' title="bbox 287 2372 2455 2664">
    <p class='ocr_par' dir='ltr' id='par_1_16' title="bbox 287 2372 2455 2664">
     <span class='ocr_line' id='line_1_66' title="bbox 289 2372 2455 2412; baseline -0.002 -6"><span class='ocrx_word' id='word_1_1338' title='bbox 289 2383 309 2406; x_wconf 87' lang='lat' dir='ltr'>A</span> <span class='ocrx_word' id='word_1_1339' title='bbox 325 2383 426 2408; x_wconf 79' lang='lat' dir='ltr'>Fenore</span> <span class='ocrx_word' id='word_1_1340' title='bbox 441 2380 539 2406; x_wconf 67' lang='lat' dir='ltr'>deducit</span> <span class='ocrx_word' id='word_1_1341' title='bbox 552 2379 639 2406; x_wconf 86' lang='lat' dir='ltr'>Festus</span> <span class='ocrx_word' id='word_1_1342' title='bbox 649 2399 656 2409; x_wconf 85' lang='lat'>‚</span> <span class='ocrx_word' id='word_1_1343' title='bbox 682 2379 740 2404; x_wconf 65' lang='lat' dir='ltr'>Vae.</span> <span class='ocrx_word' id='word_1_1344' title='bbox 755 2378 847 2403; x_wconf 83' lang='lat' dir='ltr'>Fenus.</span> <span class='ocrx_word' id='word_1_1345' title='bbox 891 2375 949 2401; x_wconf 57' lang='lat' dir='ltr'>Vitl.</span> <span class='ocrx_word' id='word_1_1346' title='bbox 970 2381 1031 2401; x_wconf 77' lang='lat' dir='ltr'>FEo</span> <span class='ocrx_word' id='word_1_1347' title='bbox 1045 2382 1068 2400; x_wconf 78' lang='lat' dir='ltr'>et</span> <span class='ocrx_word' id='word_1_1348' title='bbox 1081 2377 1157 2401; x_wconf 85' lang='lat' dir='ltr'>Iocum</span> <span class='ocrx_word' id='word_1_1349' title='bbox 1170 2373 1246 2403; x_wconf 85' lang='lat' dir='ltr'>Festi,</span> <span class='ocrx_word' id='word_1_1350' title='bbox 1262 2382 1328 2407; x_wconf 74' lang='lat' dir='ltr'>quem</span> <span class='ocrx_word' id='word_1_1351' title='bbox 1392 2373 1487 2399; x_wconf 84' lang='lat' dir='ltr'>snmus.</span> <span class='ocrx_word' id='word_1_1352' title='bbox 1583 2373 1615 2398; x_wconf 83' lang='lat' dir='ltr'>Et</span> <span class='ocrx_word' id='word_1_1353' title='bbox 1626 2372 1685 2397; x_wconf 91' lang='lat' dir='ltr'>Mil.</span> <span class='ocrx_word' id='word_1_1354' title='bbox 1700 2380 1721 2403; x_wconf 90' lang='lat'>2,</span> <span class='ocrx_word' id='word_1_1355' title='bbox 1736 2380 1756 2402; x_wconf 90' lang='lat'>1,</span> <span class='ocrx_word' id='word_1_1356' title='bbox 1770 2379 1783 2404; x_wconf 79' lang='grc' dir='ltr'>ς</span> <span class='ocrx_word' id='word_1_1357' title='bbox 1818 2372 1896 2398; x_wconf 84' lang='grc' dir='ltr'>Ν11112</span> <span class='ocrx_word' id='word_1_1358' title='bbox 1916 2383 1967 2408; x_wconf 89' lang='lat' dir='ltr'>qua</span> <span class='ocrx_word' id='word_1_1359' title='bbox 1985 2373 2106 2400; x_wconf 67' lang='lat' dir='ltr'>afl‘edistis</span> <span class='ocrx_word' id='word_1_1360' title='bbox 2124 2373 2196 2399; x_wconf 79' lang='lat' dir='ltr'>causa</span> <span class='ocrx_word' id='word_1_1361' title='bbox 2207 2373 2235 2400; x_wconf 89' lang='lat' dir='ltr'>in</span> <span class='ocrx_word' id='word_1_1362' title='bbox 2242 2375 2344 2401; x_wconf 66' lang='lat' dir='ltr'>‘festino</span> <span class='ocrx_word' id='word_1_1363' title='bbox 2355 2377 2428 2412; x_wconf 75' lang='lat' dir='ltr'>Loqo</span> <span class='ocrx_word' id='word_1_1364' title='bbox 2452 2383 2455 2394; x_wconf 76' lang='lat'>³</span> 
     </span>
     <span class='ocr_line' id='line_1_67' title="bbox 287 2406 2425 2445; baseline -0.001 -4"><span class='ocrx_word' id='word_1_1365' title='bbox 287 2418 372 2443; x_wconf 74' lang='lat' dir='ltr'>:lamus</span> <span class='ocrx_word' id='word_1_1366' title='bbox 388 2419 417 2442; x_wconf 60' lang='lat' dir='ltr'>in¹</span> <span class='ocrx_word' id='word_1_1367' title='bbox 430 2422 566 2443; x_wconf 64' lang='lat' dir='ltr'>POEst,</span> <span class='ocrx_word' id='word_1_1368' title='bbox 637 2413 769 2440; x_wconf 89' lang='lat' dir='ltr'>Columel.</span> <span class='ocrx_word' id='word_1_1369' title='bbox 783 2417 871 2445; x_wconf 76' lang='lat'>8,13,7</span> <span class='ocrx_word' id='word_1_1370' title='bbox 891 2411 938 2436; x_wconf 85' lang='grc' dir='ltr'>Ρ21·</span> <span class='ocrx_word' id='word_1_1371' title='bbox 953 2419 1018 2444; x_wconf 91' lang='lat' dir='ltr'>quos</span> <span class='ocrx_word' id='word_1_1372' title='bbox 1032 2409 1159 2441; x_wconf 86' lang='lat' dir='ltr'>festucae,</span> <span class='ocrx_word' id='word_1_1373' title='bbox 1179 2408 1330 2442; x_wconf 84' lang='lat' dir='ltr'>surculique</span> <span class='ocrx_word' id='word_1_1374' title='bbox 1391 2407 1558 2434; x_wconf 87' lang='lat' dir='ltr'>Comoediai.</span> <span class='ocrx_word' id='word_1_1375' title='bbox 1628 2406 1697 2432; x_wconf 90' lang='lat' dir='ltr'>Ludi</span> <span class='ocrx_word' id='word_1_1376' title='bbox 1727 2407 1808 2433; x_wconf 85' lang='lat' dir='ltr'>Plaut.</span> <span class='ocrx_word' id='word_1_1377' title='bbox 1831 2408 1914 2435; x_wconf 80' lang='lat' dir='ltr'>calin.</span> <span class='ocrx_word' id='word_1_1378' title='bbox 1937 2418 1964 2442; x_wconf 93' lang='lat'>4,</span> <span class='ocrx_word' id='word_1_1379' title='bbox 1990 2417 2011 2440; x_wconf 84' lang='grc'>1,</span> <span class='ocrx_word' id='word_1_1380' title='bbox 2033 2417 2058 2435; x_wconf 88' lang='lat'>2.</span> <span class='ocrx_word' id='word_1_1381' title='bbox 2130 2409 2196 2434; x_wconf 87' lang='lat' dir='ltr'>Puer</span> <span class='ocrx_word' id='word_1_1382' title='bbox 2222 2409 2277 2435; x_wconf 85' lang='lat' dir='ltr'>Cic.</span> <span class='ocrx_word' id='word_1_1383' title='bbox 2292 2411 2344 2437; x_wconf 87' lang='lat' dir='ltr'>Att.</span> <span class='ocrx_word' id='word_1_1384' title='bbox 2359 2419 2378 2443; x_wconf 91' lang='lat'>1,</span> <span class='ocrx_word' id='word_1_1385' title='bbox 2392 2419 2425 2437; x_wconf 85' lang='lat'>12.</span> 
     </span>
     <span class='ocr_line' id='line_1_68' title="bbox 288 2442 2427 2485; baseline -0.003 -7"><span class='ocrx_word' id='word_1_1386' title='bbox 288 2453 315 2478; x_wconf 84' lang='lat' dir='ltr'>in</span> <span class='ocrx_word' id='word_1_1387' title='bbox 329 2452 436 2478; x_wconf 90' lang='lat' dir='ltr'>auiariis</span> <span class='ocrx_word' id='word_1_1388' title='bbox 452 2451 538 2485; x_wconf 84' lang='lat' dir='ltr'>paffim</span> <span class='ocrx_word' id='word_1_1389' title='bbox 551 2449 689 2485; x_wconf 81' lang='lat' dir='ltr'>spargendi</span> <span class='ocrx_word' id='word_1_1390' title='bbox 702 2449 774 2478; x_wconf 86' lang='lat' dir='ltr'>suut,</span> <span class='ocrx_word' id='word_1_1391' title='bbox 795 2453 823 2473; x_wconf 80' lang='lat' dir='ltr'>vt</span> <span class='ocrx_word' id='word_1_1392' title='bbox 835 2446 960 2480; x_wconf 86' lang='lat' dir='ltr'>colligere</span> <span class='ocrx_word' id='word_1_1393' title='bbox 975 2445 1065 2479; x_wconf 74' lang='lat' dir='ltr'>pollini</span> <span class='ocrx_word' id='word_1_1394' title='bbox 1078 2454 1152 2475; x_wconf 84' lang='lat' dir='ltr'>aues,</span> <span class='ocrx_word' id='word_1_1395' title='bbox 1173 2444 1271 2479; x_wconf 87' lang='lat' dir='ltr'>quibus</span> <span class='ocrx_word' id='word_1_1396' title='bbox 1290 2444 1329 2469; x_wconf 87' lang='lat' dir='ltr'>ni-</span> <span class='ocrx_word' id='word_1_1397' title='bbox 1393 2443 1465 2470; x_wconf 91' lang='lat' dir='ltr'>Idem</span> <span class='ocrx_word' id='word_1_1398' title='bbox 1478 2443 1530 2470; x_wconf 83' lang='lat' dir='ltr'>Off.</span> <span class='ocrx_word' id='word_1_1399' title='bbox 1546 2452 1566 2475; x_wconf 79' lang='lat'>1,</span> <span class='ocrx_word' id='word_1_1400' title='bbox 1582 2446 1625 2471; x_wconf 88' lang='lat'>108</span> <span class='ocrx_word' id='word_1_1401' title='bbox 1645 2443 1684 2468; x_wconf 89' lang='lat' dir='ltr'>De</span> <span class='ocrx_word' id='word_1_1402' title='bbox 1698 2442 1804 2468; x_wconf 86' lang='lat' dir='ltr'>Graecis</span> <span class='ocrx_word' id='word_1_1403' title='bbox 1817 2450 1905 2469; x_wconf 88' lang='lat' dir='ltr'>autem</span> <span class='ocrx_word' id='word_1_1404' title='bbox 1921 2443 2024 2471; x_wconf 88' lang='lat' dir='ltr'>dulcem</span> <span class='ocrx_word' id='word_1_1405' title='bbox 2037 2450 2062 2470; x_wconf 89' lang='lat' dir='ltr'>et</span> <span class='ocrx_word' id='word_1_1406' title='bbox 2074 2444 2204 2476; x_wconf 75' lang='lat' dir='ltr'>facetum,</span> <span class='ocrx_word' id='word_1_1407' title='bbox 2223 2444 2362 2480; x_wconf 85' lang='lat' dir='ltr'>festiuique</span> <span class='ocrx_word' id='word_1_1408' title='bbox 2376 2446 2427 2472; x_wconf 83' lang='lat' dir='ltr'>sci·-</span> 
     </span>
     <span class='ocr_line' id='line_1_69' title="bbox 288 2478 2427 2516; baseline -0.004 -2"><span class='ocrx_word' id='word_1_1409' title='bbox 288 2488 335 2514; x_wconf 89' lang='lat' dir='ltr'>dos</span> <span class='ocrx_word' id='word_1_1410' title='bbox 349 2479 505 2513; x_wconf 76' lang='lat' dir='ltr'>construant.</span> <span class='ocrx_word' id='word_1_1411' title='bbox 608 2486 673 2511; x_wconf 85' lang='lat' dir='ltr'>Plin.</span> <span class='ocrx_word' id='word_1_1412' title='bbox 687 2493 713 2516; x_wconf 90' lang='grc'>9,</span> <span class='ocrx_word' id='word_1_1413' title='bbox 729 2493 756 2510; x_wconf 92' lang='grc'>10</span> <span class='ocrx_word' id='word_1_1414' title='bbox 793 2482 929 2509; x_wconf 86' lang='lat' dir='ltr'>Feminam</span> <span class='ocrx_word' id='word_1_1415' title='bbox 943 2482 1042 2507; x_wconf 88' lang='lat' dir='ltr'>coitum</span> <span class='ocrx_word' id='word_1_1416' title='bbox 1055 2480 1164 2514; x_wconf 84' lang='lat' dir='ltr'>fugere,</span> <span class='ocrx_word' id='word_1_1417' title='bbox 1181 2481 1263 2506; x_wconf 92' lang='lat' dir='ltr'>donec</span> <span class='ocrx_word' id='word_1_1418' title='bbox 1277 2488 1331 2505; x_wconf 90' lang='lat' dir='ltr'>mas</span> <span class='ocrx_word' id='word_1_1419' title='bbox 1344 2479 1375 2510; x_wconf 79' lang='grc'>65</span> <span class='ocrx_word' id='word_1_1420' title='bbox 1393 2479 1487 2506; x_wconf 77' lang='lat' dir='ltr'>monis.</span> <span class='ocrx_word' id='word_1_1421' title='bbox 1604 2478 1715 2513; x_wconf 84' lang='lat' dir='ltr'>Compar.</span> <span class='ocrx_word' id='word_1_1422' title='bbox 1749 2478 1877 2505; x_wconf 91' lang='lat' dir='ltr'>Titulum</span> <span class='ocrx_word' id='word_1_1423' title='bbox 1890 2479 2055 2506; x_wconf 87' lang='lat' dir='ltr'>festiuiorern</span> <span class='ocrx_word' id='word_1_1424' title='bbox 2078 2479 2230 2513; x_wconf 70' lang='lat' dir='ltr'>excogitasse</span> <span class='ocrx_word' id='word_1_1425' title='bbox 2256 2480 2321 2506; x_wconf 87' lang='lat' dir='ltr'>Plin.</span> <span class='ocrx_word' id='word_1_1426' title='bbox 2345 2481 2427 2515; x_wconf 78' lang='lat' dir='ltr'>praef.</span> 
     </span>
     <span class='ocr_line' id='line_1_70' title="bbox 290 2513 2429 2556; baseline -0.004 -7"><span class='ocrx_word' id='word_1_1427' title='bbox 290 2523 413 2549; x_wconf 85' lang='lat' dir='ltr'>festucam</span> <span class='ocrx_word' id='word_1_1428' title='bbox 428 2522 544 2556; x_wconf 87' lang='lat' dir='ltr'>aliquam</span> <span class='ocrx_word' id='word_1_1429' title='bbox 560 2521 680 2555; x_wconf 88' lang='lat' dir='ltr'>imponat</span> <span class='ocrx_word' id='word_1_1430' title='bbox 692 2520 806 2545; x_wconf 85' lang='lat' dir='ltr'>auersae.</span> <span class='ocrx_word' id='word_1_1431' title='bbox 878 2516 950 2543; x_wconf 87' lang='lat' dir='ltr'>Idem</span> <span class='ocrx_word' id='word_1_1432' title='bbox 965 2521 998 2545; x_wconf 83' lang='lat'>18,</span> <span class='ocrx_word' id='word_1_1433' title='bbox 1012 2524 1044 2550; x_wconf 84' lang='lat'>27</span> <span class='ocrx_word' id='word_1_1434' title='bbox 1063 2517 1131 2542; x_wconf 89' lang='lat' dir='ltr'>Cum</span> <span class='ocrx_word' id='word_1_1435' title='bbox 1145 2515 1227 2541; x_wconf 86' lang='lat' dir='ltr'>herba</span> <span class='ocrx_word' id='word_1_1436' title='bbox 1242 2523 1330 2541; x_wconf 86' lang='lat' dir='ltr'>creue-</span> <span class='ocrx_word' id='word_1_1437' title='bbox 1392 2516 1443 2549; x_wconf 92' lang='lat' dir='ltr'>Op.</span> <span class='ocrx_word' id='word_1_1438' title='bbox 1545 2513 1640 2548; x_wconf 73' lang='lat' dir='ltr'>Superi.</span> <span class='ocrx_word' id='word_1_1439' title='bbox 1676 2513 1757 2539; x_wconf 83' lang='lat' dir='ltr'>Plaut.</span> <span class='ocrx_word' id='word_1_1440' title='bbox 1770 2514 1845 2547; x_wconf 85' lang='lat' dir='ltr'>Epid.</span> <span class='ocrx_word' id='word_1_1441' title='bbox 1858 2522 1879 2549; x_wconf 78' lang='grc' dir='ltr'>ς,</span> <span class='ocrx_word' id='word_1_1442' title='bbox 1896 2524 1914 2546; x_wconf 96' lang='grc'>1,</span> <span class='ocrx_word' id='word_1_1443' title='bbox 1928 2523 1956 2549; x_wconf 91' lang='lat'>17</span> <span class='ocrx_word' id='word_1_1444' title='bbox 1977 2517 2065 2549; x_wconf 88' lang='lat' dir='ltr'>Vsque</span> <span class='ocrx_word' id='word_1_1445' title='bbox 2077 2514 2110 2542; x_wconf 87' lang='lat' dir='ltr'>ab</span> <span class='ocrx_word' id='word_1_1446' title='bbox 2129 2514 2273 2549; x_wconf 83' lang='lat' dir='ltr'>vnguiculo</span> <span class='ocrx_word' id='word_1_1447' title='bbox 2295 2514 2328 2542; x_wconf 87' lang='lat' dir='ltr'>ad</span> <span class='ocrx_word' id='word_1_1448' title='bbox 2352 2515 2429 2550; x_wconf 88' lang='lat' dir='ltr'>capil-</span> 
     </span>
     <span class='ocr_line' id='line_1_71' title="bbox 287 2548 2429 2590; baseline -0.004 -5"><span class='ocrx_word' id='word_1_1449' title='bbox 287 2560 324 2585; x_wconf 86' lang='lat' dir='ltr'>rit</span> <span class='ocrx_word' id='word_1_1450' title='bbox 336 2559 364 2584; x_wconf 92' lang='lat' dir='ltr'>in</span> <span class='ocrx_word' id='word_1_1451' title='bbox 379 2558 512 2584; x_wconf 80' lang='lat' dir='ltr'>festucam.</span> <span class='ocrx_word' id='word_1_1452' title='bbox 599 2558 666 2582; x_wconf 74' lang='lat' dir='ltr'>Hinc</span> <span class='ocrx_word' id='word_1_1453' title='bbox 680 2554 795 2590; x_wconf 74' lang='lat' dir='ltr'>adagium</span> <span class='ocrx_word' id='word_1_1454' title='bbox 801 2552 902 2589; x_wconf 80' lang='lat' dir='ltr'>sacrum</span> <span class='ocrx_word' id='word_1_1455' title='bbox 911 2572 919 2584; x_wconf 91' lang='lat'>,</span> <span class='ocrx_word' id='word_1_1456' title='bbox 941 2552 988 2577; x_wconf 79' lang='lat' dir='ltr'>Per</span> <span class='ocrx_word' id='word_1_1457' title='bbox 1002 2550 1103 2577; x_wconf 86' lang='lat' dir='ltr'>trabem</span> <span class='ocrx_word' id='word_1_1458' title='bbox 1114 2550 1185 2576; x_wconf 88' lang='lat' dir='ltr'>oculi</span> <span class='ocrx_word' id='word_1_1459' title='bbox 1199 2550 1239 2576; x_wconf 85' lang='lat' dir='ltr'>sui</span> <span class='ocrx_word' id='word_1_1460' title='bbox 1253 2550 1330 2575; x_wconf 83' lang='lat' dir='ltr'>festu-</span> <span class='ocrx_word' id='word_1_1461' title='bbox 1394 2550 1451 2576; x_wconf 88' lang='lat' dir='ltr'>lum</span> <span class='ocrx_word' id='word_1_1462' title='bbox 1482 2550 1612 2576; x_wconf 88' lang='lat' dir='ltr'>summum</span> <span class='ocrx_word' id='word_1_1463' title='bbox 1634 2548 1669 2574; x_wconf 90' lang='lat' dir='ltr'>est</span> <span class='ocrx_word' id='word_1_1464' title='bbox 1690 2549 1858 2575; x_wconf 83' lang='lat' dir='ltr'>festiuissima.</span> <span class='ocrx_word' id='word_1_1465' title='bbox 1930 2550 2117 2585; x_wconf 85' lang='lat' dir='ltr'>Aristophanes</span> <span class='ocrx_word' id='word_1_1466' title='bbox 2128 2570 2136 2582; x_wconf 94' lang='lat'><em>‚</em></span> <span class='ocrx_word' id='word_1_1467' title='bbox 2155 2550 2239 2577; x_wconf 88' lang='lat' dir='ltr'>homo</span> <span class='ocrx_word' id='word_1_1468' title='bbox 2255 2550 2429 2578; x_wconf 74' lang='lat' dir='ltr'>festiuiffimus</span> 
     </span>
     <span class='ocr_line' id='line_1_72' title="bbox 289 2584 2431 2620; baseline -0.005 0"><span class='ocrx_word' id='word_1_1469' title='bbox 289 2603 348 2620; x_wconf 79' lang='lat' dir='ltr'>cam</span> <span class='ocrx_word' id='word_1_1470' title='bbox 359 2594 467 2620; x_wconf 86' lang='lat' dir='ltr'>alterius</span> <span class='ocrx_word' id='word_1_1471' title='bbox 479 2592 531 2619; x_wconf 86' lang='lat' dir='ltr'>niti</span> <span class='ocrx_word' id='word_1_1472' title='bbox 544 2600 636 2619; x_wconf 85' lang='lat' dir='ltr'>eruere</span> <span class='ocrx_word' id='word_1_1473' title='bbox 657 2591 769 2617; x_wconf 87' lang='lat' dir='ltr'>Hieron.</span> <span class='ocrx_word' id='word_1_1474' title='bbox 788 2609 794 2615; x_wconf 95' lang='lat'>.</span> <span class='ocrx_word' id='word_1_1475' title='bbox 812 2608 818 2614; x_wconf 89' lang='lat'>.</span> <span class='ocrx_word' id='word_1_1476' title='bbox 840 2608 846 2614; x_wconf 90' lang='lat'>.</span> <span class='ocrx_word' id='word_1_1477' title='bbox 918 2586 1024 2613; x_wconf 80' lang='lat' dir='ltr'>Festuca</span> <span class='ocrx_word' id='word_1_1478' title='bbox 1045 2586 1109 2618; x_wconf 83' lang='lat' dir='ltr'>item</span> <span class='ocrx_word' id='word_1_1479' title='bbox 1132 2587 1222 2612; x_wconf 88' lang='lat' dir='ltr'>Auena</span> <span class='ocrx_word' id='word_1_1480' title='bbox 1246 2585 1330 2610; x_wconf 86' lang='lat' dir='ltr'>inanis</span> <span class='ocrx_word' id='word_1_1481' title='bbox 1392 2585 1460 2611; x_wconf 89' lang='lat' dir='ltr'>Gell.</span> <span class='ocrx_word' id='word_1_1482' title='bbox 1475 2585 1555 2618; x_wconf 85' lang='lat' dir='ltr'>praef.</span> <span class='ocrx_word' id='word_1_1483' title='bbox 1570 2585 1620 2619; x_wconf 85' lang='lat' dir='ltr'>Op.</span> <span class='ocrx_word' id='word_1_1484' title='bbox 1690 2584 1720 2610; x_wconf 87' lang='lat' dir='ltr'>Id</span> <span class='ocrx_word' id='word_1_1485' title='bbox 1743 2584 1779 2610; x_wconf 85' lang='lat' dir='ltr'>est</span> <span class='ocrx_word' id='word_1_1486' title='bbox 1804 2584 2010 2618; x_wconf 83' lang='lat' dir='ltr'>festiuiffimum,</span> <span class='ocrx_word' id='word_1_1487' title='bbox 2028 2585 2102 2620; x_wconf 90' lang='lat' dir='ltr'>quod</span> <span class='ocrx_word' id='word_1_1488' title='bbox 2120 2585 2212 2612; x_wconf 86' lang='lat' dir='ltr'>adiicit</span> <span class='ocrx_word' id='word_1_1489' title='bbox 2230 2592 2322 2613; x_wconf 85' lang='lat' dir='ltr'>orator</span> <span class='ocrx_word' id='word_1_1490' title='bbox 2347 2587 2431 2620; x_wconf 81' lang='lat' dir='ltr'>Qiu.</span> 
     </span>
     <span class='ocr_line' id='line_1_73' title="bbox 291 2620 1540 2664; baseline -0.008 -9"><span class='ocrx_word' id='word_1_1491' title='bbox 291 2629 356 2655; x_wconf 83' lang='lat' dir='ltr'>Plin.</span> <span class='ocrx_word' id='word_1_1492' title='bbox 371 2634 404 2659; x_wconf 82' lang='lat'>18,</span> <span class='ocrx_word' id='word_1_1493' title='bbox 422 2636 459 2663; x_wconf 86' lang='lat'>17.</span> <span class='ocrx_word' id='word_1_1494' title='bbox 655 2624 676 2664; x_wconf 58' lang='lat' dir='ltr'><strong>ff</strong></span> <span class='ocrx_word' id='word_1_1495' title='bbox 697 2635 712 2652; x_wconf 75' lang='lat'>2</span> <span class='ocrx_word' id='word_1_1496' title='bbox 748 2624 853 2651; x_wconf 71' lang='lat' dir='ltr'>Festum</span> <span class='ocrx_word' id='word_1_1497' title='bbox 866 2632 956 2658; x_wconf 79' lang='lat' dir='ltr'>quoquc</span> <span class='ocrx_word' id='word_1_1498' title='bbox 968 2621 1095 2647; x_wconf 71' lang='lat' dir='ltr'>dicebatur</span> <span class='ocrx_word' id='word_1_1499' title='bbox 1114 2622 1203 2656; x_wconf 80' lang='lat' dir='ltr'>Virga,</span> <span class='ocrx_word' id='word_1_1500' title='bbox 1211 2629 1281 2655; x_wconf 84' lang='lat' dir='ltr'>quam</span> <span class='ocrx_word' id='word_1_1501' title='bbox 1289 2620 1330 2655; x_wconf 84' lang='lat' dir='ltr'>so-</span> <span class='ocrx_word' id='word_1_1502' title='bbox 1390 2620 1445 2646; x_wconf 66' lang='lat' dir='ltr'>Stil.</span> <span class='ocrx_word' id='word_1_1503' title='bbox 1465 2622 1497 2652; x_wconf 85' lang='lat'>6,</span> <span class='ocrx_word' id='word_1_1504' title='bbox 1518 2629 1540 2651; x_wconf 88' lang='grc'>3.</span> 
     </span>
    </p>
   </div>
   <div class='ocr_carea' id='block_1_13' title="bbox 289 2647 2445 2832">
    <p class='ocr_par' dir='ltr' id='par_1_17' title="bbox 289 2647 2445 2832">
     <span class='ocr_line' id='line_1_74' title="bbox 289 2647 2443 2695; baseline -0.005 -4"><span class='ocrx_word' id='word_1_1505' title='bbox 289 2664 371 2691; x_wconf 70' lang='lat' dir='ltr'>lebant</span> <span class='ocrx_word' id='word_1_1506' title='bbox 384 2665 489 2690; x_wconf 73' lang='lat' dir='ltr'>Romani</span> <span class='ocrx_word' id='word_1_1507' title='bbox 502 2664 604 2687; x_wconf 69' lang='lat' dir='ltr'>iniicere</span> <span class='ocrx_word' id='word_1_1508' title='bbox 617 2664 644 2686; x_wconf 84' lang='lat' dir='ltr'>in</span> <span class='ocrx_word' id='word_1_1509' title='bbox 657 2668 746 2695; x_wconf 80' lang='lat' dir='ltr'>corpus</span> <span class='ocrx_word' id='word_1_1510' title='bbox 759 2663 823 2689; x_wconf 73' lang='lat' dir='ltr'>cius,</span> <span class='ocrx_word' id='word_1_1511' title='bbox 839 2668 908 2694; x_wconf 79' lang='lat' dir='ltr'>quem</span> <span class='ocrx_word' id='word_1_1512' title='bbox 920 2657 1125 2684; x_wconf 68' lang='lat' dir='ltr'>manumittebant</span> <span class='ocrx_word' id='word_1_1513' title='bbox 1133 2676 1141 2688; x_wconf 89' lang='lat'>,</span> <span class='ocrx_word' id='word_1_1514' title='bbox 1154 2657 1225 2692; x_wconf 60' lang='lat' dir='ltr'>strui</span> <span class='ocrx_word' id='word_1_1515' title='bbox 1240 2666 1246 2680; x_wconf 96' lang='lat'><em>:</em></span> <span class='ocrx_word' id='word_1_1516' title='bbox 1272 2664 1331 2690; x_wconf 75' lang='lat' dir='ltr'>quae</span> <span class='ocrx_word' id='word_1_1517' title='bbox 1340 2664 1375 2691; x_wconf 89' lang='lat'>70</span> <span class='ocrx_word' id='word_1_1518' title='bbox 1429 2662 1445 2681; x_wconf 85' lang='lat' dir='ltr'>F</span> <span class='ocrx_word' id='word_1_1519' title='bbox 1455 2661 1470 2680; x_wconf 80' lang='lat' dir='ltr'>F.</span> <span class='ocrx_word' id='word_1_1520' title='bbox 1480 2662 1492 2682; x_wconf 86' lang='lat' dir='ltr'>S</span> <span class='ocrx_word' id='word_1_1521' title='bbox 1501 2661 1522 2680; x_wconf 91' lang='lat' dir='ltr'>T</span> <span class='ocrx_word' id='word_1_1522' title='bbox 1532 2662 1540 2681; x_wconf 88' lang='lat'>1</span> <span class='ocrx_word' id='word_1_1523' title='bbox 1549 2661 1570 2679; x_wconf 93' lang='lat' dir='ltr'>V</span> <span class='ocrx_word' id='word_1_1524' title='bbox 1579 2652 1591 2681; x_wconf 72' lang='lat'>‘1⁴</span> <span class='ocrx_word' id='word_1_1525' title='bbox 1601 2661 1622 2680; x_wconf 87' lang='grc' dir='ltr'><strong>Τ</strong></span> <span class='ocrx_word' id='word_1_1526' title='bbox 1632 2661 1654 2681; x_wconf 84' lang='grc' dir='ltr'>Α</span> <span class='ocrx_word' id='word_1_1527' title='bbox 1662 2662 1674 2681; x_wconf 87' lang='lat' dir='ltr'>s</span> <span class='ocrx_word' id='word_1_1528' title='bbox 1683 2675 1692 2687; x_wconf 82' lang='lat'>,</span> <span class='ocrx_word' id='word_1_1529' title='bbox 1712 2654 1768 2681; x_wconf 66' lang='lat' dir='ltr'>atis.</span> <span class='ocrx_word' id='word_1_1530' title='bbox 1788 2654 1807 2680; x_wconf 94' lang='lat' dir='ltr'>f.</span> <span class='ocrx_word' id='word_1_1531' title='bbox 1843 2655 2022 2690; x_wconf 66' lang='grc' dir='ltr'>[ἔντραπελία]</span> <span class='ocrx_word' id='word_1_1532' title='bbox 2059 2656 2204 2682; x_wconf 78' lang='lat' dir='ltr'>Iucundilas</span> <span class='ocrx_word' id='word_1_1533' title='bbox 2217 2663 2241 2683; x_wconf 76' lang='lat' dir='ltr'>et</span> <span class='ocrx_word' id='word_1_1534' title='bbox 2251 2657 2350 2683; x_wconf 81' lang='lat' dir='ltr'>laetitia</span> <span class='ocrx_word' id='word_1_1535' title='bbox 2360 2647 2443 2692; x_wconf 38' lang='lat' dir='ltr'>quing·</span> 
     </span>
     <span class='ocr_line' id='line_1_75' title="bbox 291 2688 2444 2730; baseline -0.004 -5"><span class='ocrx_word' id='word_1_1536' title='bbox 291 2702 364 2725; x_wconf 74' lang='lat' dir='ltr'>etiam</span> <span class='ocrx_word' id='word_1_1537' title='bbox 375 2697 499 2725; x_wconf 63' lang='lat' dir='ltr'>Vindim</span> <span class='ocrx_word' id='word_1_1538' title='bbox 513 2696 654 2727; x_wconf 75' lang='lat' dir='ltr'>dicebatur,</span> <span class='ocrx_word' id='word_1_1539' title='bbox 673 2695 770 2730; x_wconf 77' lang='lat' dir='ltr'>eoquod</span> <span class='ocrx_word' id='word_1_1540' title='bbox 783 2695 901 2720; x_wconf 77' lang='lat' dir='ltr'>hominem</span> <span class='ocrx_word' id='word_1_1541' title='bbox 914 2693 1025 2719; x_wconf 65' lang='lat' dir='ltr'>libertati</span> <span class='ocrx_word' id='word_1_1542' title='bbox 1038 2692 1156 2718; x_wconf 76' lang='lat' dir='ltr'>vindicet.</span> <span class='ocrx_word' id='word_1_1543' title='bbox 1198 2691 1254 2717; x_wconf 81' lang='lat' dir='ltr'>Vid.</span> <span class='ocrx_word' id='word_1_1544' title='bbox 1267 2690 1332 2723; x_wconf 70' lang='lat' dir='ltr'>Vnst.</span> <span class='ocrx_word' id='word_1_1545' title='bbox 1393 2690 1449 2717; x_wconf 86' lang='lat' dir='ltr'>dam</span> <span class='ocrx_word' id='word_1_1546' title='bbox 1461 2693 1487 2716; x_wconf 87' lang='lat' dir='ltr'>in</span> <span class='ocrx_word' id='word_1_1547' title='bbox 1500 2688 1586 2716; x_wconf 58' lang='lat' dir='ltr'>ditiis.</span> <span class='ocrx_word' id='word_1_1548' title='bbox 1621 2690 1702 2717; x_wconf 85' lang='lat' dir='ltr'>Plaut.</span> <span class='ocrx_word' id='word_1_1549' title='bbox 1717 2691 1791 2724; x_wconf 87' lang='lat' dir='ltr'>Capt.</span> <span class='ocrx_word' id='word_1_1550' title='bbox 1805 2698 1833 2723; x_wconf 90' lang='lat'>4,</span> <span class='ocrx_word' id='word_1_1551' title='bbox 1848 2698 1874 2722; x_wconf 91' lang='lat'>1,</span> <span class='ocrx_word' id='word_1_1552' title='bbox 1888 2699 1900 2722; x_wconf 86' lang='grc'>3</span> <span class='ocrx_word' id='word_1_1553' title='bbox 1922 2690 2042 2722; x_wconf 77' lang='lat' dir='ltr'>Ludum,</span> <span class='ocrx_word' id='word_1_1554' title='bbox 2060 2692 2167 2724; x_wconf 88' lang='lat' dir='ltr'>iocum,</span> <span class='ocrx_word' id='word_1_1555' title='bbox 2190 2692 2375 2725; x_wconf 83' lang='lat' dir='ltr'>festiuitatem,</span> <span class='ocrx_word' id='word_1_1556' title='bbox 2396 2692 2412 2718; x_wconf 92' lang='lat' dir='ltr'>f</span> <span class='ocrx_word' id='word_1_1557' title='bbox 2429 2695 2444 2706; x_wconf 66' lang='lat'>&#39;²</span> 
     </span>
     <span class='ocr_line' id='line_1_76' title="bbox 293 2701 2445 2832; baseline -0.006 -72"><span class='ocrx_word' id='word_1_1558' title='bbox 293 2736 353 2760; x_wconf 61' lang='lat' dir='ltr'>Lux.</span> <span class='ocrx_word' id='word_1_1559' title='bbox 369 2734 471 2772; x_wconf 46' lang='lat' dir='ltr'>Etyma</span> <span class='ocrx_word' id='word_1_1560' title='bbox 486 2733 525 2758; x_wconf 79' lang='lat' dir='ltr'>vrl</span> <span class='ocrx_word' id='word_1_1561' title='bbox 537 2732 656 2757; x_wconf 80' lang='lat' dir='ltr'>Politian.</span> <span class='ocrx_word' id='word_1_1562' title='bbox 671 2729 809 2765; x_wconf 70' lang='lat' dir='ltr'>Miscellan.</span> <span class='ocrx_word' id='word_1_1563' title='bbox 824 2738 845 2753; x_wconf 92' lang='lat' dir='ltr'>c.</span> <span class='ocrx_word' id='word_1_1564' title='bbox 860 2734 899 2759; x_wconf 82' lang='lat'>98.</span> <span class='ocrx_word' id='word_1_1565' title='bbox 970 2728 1051 2753; x_wconf 89' lang='lat' dir='ltr'>Plaut.</span> <span class='ocrx_word' id='word_1_1566' title='bbox 1067 2727 1125 2753; x_wconf 90' lang='lat' dir='ltr'>Mil.</span> <span class='ocrx_word' id='word_1_1567' title='bbox 1139 2737 1167 2761; x_wconf 90' lang='lat'>4,</span> <span class='ocrx_word' id='word_1_1568' title='bbox 1182 2735 1200 2758; x_wconf 88' lang='lat'>1,</span> <span class='ocrx_word' id='word_1_1569' title='bbox 1216 2734 1240 2759; x_wconf 81' lang='lat'>15</span> <span class='ocrx_word' id='word_1_1570' title='bbox 1260 2726 1333 2759; x_wconf 78' lang='lat' dir='ltr'>Qud</span> <span class='ocrx_word' id='word_1_1571' title='bbox 1393 2727 1462 2757; x_wconf 86' lang='lat' dir='ltr'>rias,</span> <span class='ocrx_word' id='word_1_1572' title='bbox 1482 2734 1620 2761; x_wconf 90' lang='lat' dir='ltr'>pompam,</span> <span class='ocrx_word' id='word_1_1573' title='bbox 1639 2728 1777 2762; x_wconf 77' lang='lat' dir='ltr'>coniungit.</span> <span class='ocrx_word' id='word_1_1574' title='bbox 1848 2726 1921 2752; x_wconf 88' lang='lat' dir='ltr'>Idem</span> <span class='ocrx_word' id='word_1_1575' title='bbox 1937 2726 2019 2752; x_wconf 80' lang='lat' dir='ltr'>Calin.</span> <span class='ocrx_word' id='word_1_1576' title='bbox 2034 2735 2055 2759; x_wconf 87' lang='grc'>3,</span> <span class='ocrx_word' id='word_1_1577' title='bbox 2067 2737 2087 2760; x_wconf 81' lang='lat'>3,</span> <span class='ocrx_word' id='word_1_1578' title='bbox 2101 2736 2131 2761; x_wconf 81' lang='lat'>14</span> <span class='ocrx_word' id='word_1_1579' title='bbox 2171 2727 2243 2761; x_wconf 62' lang='lat' dir='ltr'>Qud</span> <span class='ocrx_word' id='word_1_1580' title='bbox 2255 2728 2310 2761; x_wconf 66' lang='lat' dir='ltr'>agis</span> <span class='ocrx_word' id='word_1_1581' title='bbox 2323 2736 2380 2754; x_wconf 67' lang='lat' dir='ltr'>mea</span> <span class='ocrx_word' id='word_1_1582' title='bbox 2393 2701 2445 2832; x_wconf 59' lang='lat' dir='ltr'>fg?</span> 
     </span>
    </p>
   </div>
   <div class='ocr_carea' id='block_1_14' title="bbox 292 2761 2453 2937">
    <p class='ocr_par' dir='ltr' id='par_1_18' title="bbox 292 2761 2453 2937">
     <span class='ocr_line' id='line_1_77' title="bbox 293 2761 2419 2802; baseline -0.001 -9"><span class='ocrx_word' id='word_1_1583' title='bbox 293 2778 323 2795; x_wconf 82' lang='lat' dir='ltr'>ea</span> <span class='ocrx_word' id='word_1_1584' title='bbox 337 2770 346 2794; x_wconf 79' lang='lat'>3</span> <span class='ocrx_word' id='word_1_1585' title='bbox 383 2777 494 2802; x_wconf 77' lang='lat' dir='ltr'>ingenua</span> <span class='ocrx_word' id='word_1_1586' title='bbox 509 2778 514 2792; x_wconf 94' lang='lat'>:</span> <span class='ocrx_word' id='word_1_1587' title='bbox 550 2775 582 2792; x_wconf 90' lang='lat' dir='ltr'>an</span> <span class='ocrx_word' id='word_1_1588' title='bbox 597 2765 695 2791; x_wconf 80' lang='lat' dir='ltr'>festuca</span> <span class='ocrx_word' id='word_1_1589' title='bbox 709 2763 792 2793; x_wconf 58' lang='lat' dir='ltr'>facia,</span> <span class='ocrx_word' id='word_1_1590' title='bbox 813 2764 887 2788; x_wconf 87' lang='lat' dir='ltr'>serua</span> <span class='ocrx_word' id='word_1_1591' title='bbox 900 2772 932 2788; x_wconf 88' lang='lat' dir='ltr'>an</span> <span class='ocrx_word' id='word_1_1592' title='bbox 947 2762 1031 2788; x_wconf 82' lang='lat' dir='ltr'>libera</span> <span class='ocrx_word' id='word_1_1593' title='bbox 1045 2763 1079 2788; x_wconf 81' lang='lat' dir='ltr'>est</span> <span class='ocrx_word' id='word_1_1594' title='bbox 1094 2764 1102 2788; x_wconf 78' lang='lat'>3</span> <span class='ocrx_word' id='word_1_1595' title='bbox 1180 2761 1253 2796; x_wconf 62' lang='lat' dir='ltr'>Quid</span> <span class='ocrx_word' id='word_1_1596' title='bbox 1266 2762 1332 2788; x_wconf 87' lang='lat' dir='ltr'>Pers.</span> <span class='ocrx_word' id='word_1_1597' title='bbox 1394 2761 1494 2788; x_wconf 82' lang='lat' dir='ltr'>stiuitas</span> <span class='ocrx_word' id='word_1_1598' title='bbox 1509 2763 1517 2787; x_wconf 69' lang='grc' dir='ltr'><strong><em>ζ</em></strong></span> <span class='ocrx_word' id='word_1_1599' title='bbox 1587 2761 1655 2788; x_wconf 87' lang='lat' dir='ltr'>Ter.</span> <span class='ocrx_word' id='word_1_1600' title='bbox 1673 2762 1737 2788; x_wconf 83' lang='lat' dir='ltr'>Eun.</span> <span class='ocrx_word' id='word_1_1601' title='bbox 1751 2770 1775 2793; x_wconf 73' lang='grc' dir='ltr'>ς,</span> <span class='ocrx_word' id='word_1_1602' title='bbox 1789 2769 1814 2794; x_wconf 82' lang='grc'>9,</span> <span class='ocrx_word' id='word_1_1603' title='bbox 1828 2767 1852 2791; x_wconf 85' lang='lat'>18</span> <span class='ocrx_word' id='word_1_1604' title='bbox 1874 2762 1914 2787; x_wconf 86' lang='lat' dir='ltr'>An</span> <span class='ocrx_word' id='word_1_1605' title='bbox 1928 2761 2062 2788; x_wconf 86' lang='lat' dir='ltr'>fortunam</span> <span class='ocrx_word' id='word_1_1606' title='bbox 2074 2763 2231 2797; x_wconf 84' lang='lat' dir='ltr'>collaudem,</span> <span class='ocrx_word' id='word_1_1607' title='bbox 2249 2769 2295 2788; x_wconf 82' lang='lat' dir='ltr'>etc.</span> <span class='ocrx_word' id='word_1_1608' title='bbox 2331 2772 2364 2789; x_wconf 87' lang='lat' dir='ltr'>an</span> <span class='ocrx_word' id='word_1_1609' title='bbox 2377 2773 2419 2790; x_wconf 87' lang='lat' dir='ltr'>me</span> 
     </span>
     <span class='ocr_line' id='line_1_78' title="bbox 293 2796 2443 2835; baseline -0.001 -6"><span class='ocrx_word' id='word_1_1610' title='bbox 293 2811 315 2835; x_wconf 82' lang='grc' dir='ltr'>ς,</span> <span class='ocrx_word' id='word_1_1611' title='bbox 329 2808 357 2833; x_wconf 85' lang='lat'>88</span> <span class='ocrx_word' id='word_1_1612' title='bbox 375 2803 491 2834; x_wconf 74' lang='lat' dir='ltr'>dixerat,</span> <span class='ocrx_word' id='word_1_1613' title='bbox 511 2801 637 2829; x_wconf 66' lang='lat' dir='ltr'>Vindicta</span> <span class='ocrx_word' id='word_1_1614' title='bbox 650 2800 785 2834; x_wconf 88' lang='lat' dir='ltr'>postquam</span> <span class='ocrx_word' id='word_1_1615' title='bbox 799 2807 870 2824; x_wconf 83' lang='lat' dir='ltr'>meus</span> <span class='ocrx_word' id='word_1_1616' title='bbox 884 2807 898 2824; x_wconf 88' lang='lat' dir='ltr'>a</span> <span class='ocrx_word' id='word_1_1617' title='bbox 911 2804 1030 2832; x_wconf 89' lang='lat' dir='ltr'>praetore</span> <span class='ocrx_word' id='word_1_1618' title='bbox 1043 2797 1128 2823; x_wconf 83' lang='lat' dir='ltr'>receffi</span> <span class='ocrx_word' id='word_1_1619' title='bbox 1143 2807 1148 2822; x_wconf 80' lang='lat' dir='ltr'><em>z</em></span> <span class='ocrx_word' id='word_1_1620' title='bbox 1184 2797 1250 2823; x_wconf 89' lang='lat' dir='ltr'>illud</span> <span class='ocrx_word' id='word_1_1621' title='bbox 1266 2797 1332 2824; x_wconf 90' lang='lat' dir='ltr'>ibid.</span> <span class='ocrx_word' id='word_1_1622' title='bbox 1393 2797 1473 2831; x_wconf 90' lang='lat' dir='ltr'>patris</span> <span class='ocrx_word' id='word_1_1623' title='bbox 1487 2796 1656 2823; x_wconf 85' lang='lat' dir='ltr'>festiuitatem</span> <span class='ocrx_word' id='word_1_1624' title='bbox 1671 2804 1696 2823; x_wconf 88' lang='lat' dir='ltr'>et</span> <span class='ocrx_word' id='word_1_1625' title='bbox 1710 2797 1864 2823; x_wconf 83' lang='lat' dir='ltr'>facilitatem</span> <span class='ocrx_word' id='word_1_1626' title='bbox 1879 2798 1887 2823; x_wconf 79' lang='lat'>3</span> <span class='ocrx_word' id='word_1_1627' title='bbox 1922 2797 2057 2824; x_wconf 86' lang='lat' dir='ltr'>Festiuitas</span> <span class='ocrx_word' id='word_1_1628' title='bbox 2072 2798 2133 2832; x_wconf 76' lang='lat' dir='ltr'>(dit</span> <span class='ocrx_word' id='word_1_1629' title='bbox 2144 2799 2279 2829; x_wconf 87' lang='lat' dir='ltr'>Donatus)</span> <span class='ocrx_word' id='word_1_1630' title='bbox 2294 2798 2323 2824; x_wconf 87' lang='lat' dir='ltr'>in</span> <span class='ocrx_word' id='word_1_1631' title='bbox 2342 2798 2443 2826; x_wconf 50' lang='lat' dir='ltr'>dietis*</span> 
     </span>
     <span class='ocr_line' id='line_1_79' title="bbox 292 2831 2437 2872; baseline -0.001 -7"><span class='ocrx_word' id='word_1_1632' title='bbox 292 2849 317 2865; x_wconf 92' lang='lat' dir='ltr'>v.</span> <span class='ocrx_word' id='word_1_1633' title='bbox 333 2845 376 2872; x_wconf 77' lang='lat'>173</span> <span class='ocrx_word' id='word_1_1634' title='bbox 397 2841 433 2864; x_wconf 81' lang='lat' dir='ltr'>ita</span> <span class='ocrx_word' id='word_1_1635' title='bbox 446 2838 558 2868; x_wconf 81' lang='lat' dir='ltr'>indicat,</span> <span class='ocrx_word' id='word_1_1636' title='bbox 576 2842 606 2862; x_wconf 86' lang='lat' dir='ltr'>vt</span> <span class='ocrx_word' id='word_1_1637' title='bbox 628 2836 765 2862; x_wconf 67' lang='lat' dir='ltr'>libertatem</span> <span class='ocrx_word' id='word_1_1638' title='bbox 788 2832 859 2867; x_wconf 65' lang='lat' dir='ltr'>ineffi‘</span> <span class='ocrx_word' id='word_1_1639' title='bbox 880 2833 965 2866; x_wconf 80' lang='lat' dir='ltr'>dicat,</span> <span class='ocrx_word' id='word_1_1640' title='bbox 983 2833 1047 2859; x_wconf 90' lang='lat' dir='ltr'>Non</span> <span class='ocrx_word' id='word_1_1641' title='bbox 1068 2833 1097 2859; x_wconf 91' lang='lat' dir='ltr'>in</span> <span class='ocrx_word' id='word_1_1642' title='bbox 1114 2831 1223 2863; x_wconf 76' lang='lat' dir='ltr'>festuca,</span> <span class='ocrx_word' id='word_1_1643' title='bbox 1253 2832 1334 2859; x_wconf 72' lang='grc'>116101</span> <span class='ocrx_word' id='word_1_1644' title='bbox 1350 2839 1382 2867; x_wconf 77' lang='lat'>75</span> <span class='ocrx_word' id='word_1_1645' title='bbox 1393 2832 1514 2858; x_wconf 87' lang='lat' dir='ltr'>Facilitas</span> <span class='ocrx_word' id='word_1_1646' title='bbox 1527 2833 1634 2858; x_wconf 87' lang='lat' dir='ltr'>veroin</span> <span class='ocrx_word' id='word_1_1647' title='bbox 1647 2833 1736 2858; x_wconf 89' lang='lat' dir='ltr'>animo</span> <span class='ocrx_word' id='word_1_1648' title='bbox 1748 2838 1774 2859; x_wconf 87' lang='lat' dir='ltr'>et</span> <span class='ocrx_word' id='word_1_1649' title='bbox 1786 2831 1870 2858; x_wconf 67' lang='lat' dir='ltr'>factis.</span> <span class='ocrx_word' id='word_1_1650' title='bbox 1904 2833 2098 2866; x_wconf 75' lang='lat' dir='ltr'>Festiuitatem,</span> <span class='ocrx_word' id='word_1_1651' title='bbox 2121 2833 2247 2860; x_wconf 86' lang='lat' dir='ltr'>laetitiam</span> <span class='ocrx_word' id='word_1_1652' title='bbox 2262 2844 2267 2858; x_wconf 74' lang='grc' dir='ltr'><em>τ</em></span> <span class='ocrx_word' id='word_1_1653' title='bbox 2303 2840 2332 2860; x_wconf 85' lang='lat' dir='ltr'>vt</span> <span class='ocrx_word' id='word_1_1654' title='bbox 2352 2833 2437 2864; x_wconf 61' lang='lat' dir='ltr'>Festi?</span> 
     </span>
     <span class='ocr_line' id='line_1_80' title="bbox 293 2867 2431 2909; baseline -0.001 -10"><span class='ocrx_word' id='word_1_1655' title='bbox 293 2882 373 2909; x_wconf 85' lang='lat' dir='ltr'>quam</span> <span class='ocrx_word' id='word_1_1656' title='bbox 387 2873 465 2899; x_wconf 66' lang='lat' dir='ltr'>iaftet</span> <span class='ocrx_word' id='word_1_1657' title='bbox 478 2874 589 2907; x_wconf 86' lang='lat' dir='ltr'>ineptus.</span> <span class='ocrx_word' id='word_1_1658' title='bbox 1395 2877 1444 2894; x_wconf 90' lang='lat' dir='ltr'>vus</span> <span class='ocrx_word' id='word_1_1659' title='bbox 1463 2867 1518 2893; x_wconf 88' lang='lat' dir='ltr'>dies</span> <span class='ocrx_word' id='word_1_1660' title='bbox 1533 2867 1577 2893; x_wconf 88' lang='lat' dir='ltr'>est.</span> <span class='ocrx_word' id='word_1_1661' title='bbox 1659 2868 1715 2894; x_wconf 86' lang='lat' dir='ltr'>Cic.</span> <span class='ocrx_word' id='word_1_1662' title='bbox 1729 2867 1760 2893; x_wconf 92' lang='lat' dir='ltr'>de</span> <span class='ocrx_word' id='word_1_1663' title='bbox 1774 2867 1843 2894; x_wconf 89' lang='lat' dir='ltr'>Clar.</span> <span class='ocrx_word' id='word_1_1664' title='bbox 1858 2868 1932 2894; x_wconf 88' lang='lat' dir='ltr'>Orat.</span> <span class='ocrx_word' id='word_1_1665' title='bbox 1946 2876 1992 2903; x_wconf 90' lang='lat'>177</span> <span class='ocrx_word' id='word_1_1666' title='bbox 2011 2869 2160 2895; x_wconf 85' lang='lat' dir='ltr'>Festiuitate</span> <span class='ocrx_word' id='word_1_1667' title='bbox 2178 2868 2261 2902; x_wconf 83' lang='lat' dir='ltr'>igitur</span> <span class='ocrx_word' id='word_1_1668' title='bbox 2275 2874 2301 2894; x_wconf 88' lang='grc'>21</span> <span class='ocrx_word' id='word_1_1669' title='bbox 2313 2869 2431 2904; x_wconf 63' lang='lat' dir='ltr'>facetiis,</span> 
     </span>
     <span class='ocr_line' id='line_1_81' title="bbox 335 2902 2453 2937; baseline -0 -3"><span class='ocrx_word' id='word_1_1670' title='bbox 335 2915 350 2934; x_wconf 70' lang='lat'>1³</span> <span class='ocrx_word' id='word_1_1671' title='bbox 364 2915 378 2934; x_wconf 79' lang='grc' dir='ltr'>Ε</span> <span class='ocrx_word' id='word_1_1672' title='bbox 387 2916 400 2936; x_wconf 84' lang='lat' dir='ltr'>s</span> <span class='ocrx_word' id='word_1_1673' title='bbox 409 2916 430 2936; x_wconf 83' lang='lat' dir='ltr'>T</span> <span class='ocrx_word' id='word_1_1674' title='bbox 441 2916 459 2935; x_wconf 80' lang='lat' dir='ltr'>v</span> <span class='ocrx_word' id='word_1_1675' title='bbox 468 2915 484 2935; x_wconf 86' lang='lat' dir='ltr'><strong>c</strong></span> <span class='ocrx_word' id='word_1_1676' title='bbox 493 2915 513 2933; x_wconf 83' lang='lat' dir='ltr'>v</span> <span class='ocrx_word' id='word_1_1677' title='bbox 522 2913 567 2934; x_wconf 63' lang='lat' dir='ltr'>[A</span> <span class='ocrx_word' id='word_1_1678' title='bbox 577 2927 583 2937; x_wconf 93' lang='lat'><strong>‚</strong></span> <span class='ocrx_word' id='word_1_1679' title='bbox 601 2916 639 2933; x_wconf 81' lang='lat' dir='ltr'>ae.</span> <span class='ocrx_word' id='word_1_1680' title='bbox 664 2906 683 2932; x_wconf 91' lang='lat' dir='ltr'>f.</span> <span class='ocrx_word' id='word_1_1681' title='bbox 703 2905 803 2931; x_wconf 88' lang='lat' dir='ltr'>Dimin.</span> <span class='ocrx_word' id='word_1_1682' title='bbox 839 2903 933 2930; x_wconf 86' lang='lat' dir='ltr'>Pallad.</span> <span class='ocrx_word' id='word_1_1683' title='bbox 949 2911 972 2936; x_wconf 76' lang='grc' dir='ltr'>ς,</span> <span class='ocrx_word' id='word_1_1684' title='bbox 985 2908 1007 2934; x_wconf 87' lang='lat'>8.</span> <span class='ocrx_word' id='word_1_1685' title='bbox 1397 2910 1441 2929; x_wconf 78' lang='lat' dir='ltr'>etc.</span> <span class='ocrx_word' id='word_1_1686' title='bbox 1526 2902 1675 2935; x_wconf 74' lang='lat' dir='ltr'>Festiuitas,</span> <span class='ocrx_word' id='word_1_1687' title='bbox 1699 2903 1834 2937; x_wconf 85' lang='lat' dir='ltr'>splendor,</span> <span class='ocrx_word' id='word_1_1688' title='bbox 1850 2904 2037 2931; x_wconf 88' lang='lat' dir='ltr'>concinnitudo</span> <span class='ocrx_word' id='word_1_1689' title='bbox 2049 2904 2078 2930; x_wconf 87' lang='lat' dir='ltr'>in</span> <span class='ocrx_word' id='word_1_1690' title='bbox 2090 2909 2195 2929; x_wconf 84' lang='lat' dir='ltr'>oratore</span> <span class='ocrx_word' id='word_1_1691' title='bbox 2214 2905 2268 2930; x_wconf 86' lang='lat' dir='ltr'>Cic.</span> <span class='ocrx_word' id='word_1_1692' title='bbox 2282 2903 2314 2930; x_wconf 88' lang='lat' dir='ltr'>de</span> <span class='ocrx_word' id='word_1_1693' title='bbox 2327 2906 2453 2937; x_wconf 41' lang='lat' dir='ltr'>inuentffi</span> 
     </span>
    </p>
   </div>
   <div class='ocr_carea' id='block_1_15' title="bbox 297 2938 2479 3049">
    <p class='ocr_par' dir='ltr' id='par_1_19' title="bbox 297 2938 2479 3049">
     <span class='ocr_line' id='line_1_82' title="bbox 333 2938 2479 2973; baseline -0.002 -3"><span class='ocrx_word' id='word_1_1694' title='bbox 333 2950 351 2970; x_wconf 74' lang='lat' dir='ltr'>F</span> <span class='ocrx_word' id='word_1_1695' title='bbox 363 2950 380 2970; x_wconf 79' lang='grc' dir='ltr'><strong><em>Ε</em></strong></span> <span class='ocrx_word' id='word_1_1696' title='bbox 392 2951 405 2971; x_wconf 88' lang='lat' dir='ltr'>s</span> <span class='ocrx_word' id='word_1_1697' title='bbox 414 2952 434 2970; x_wconf 90' lang='lat' dir='ltr'>T</span> <span class='ocrx_word' id='word_1_1698' title='bbox 445 2945 491 2971; x_wconf 62' lang='lat' dir='ltr'>Vc</span> <span class='ocrx_word' id='word_1_1699' title='bbox 501 2950 520 2970; x_wconf 88' lang='grc' dir='ltr'>Ο</span> <span class='ocrx_word' id='word_1_1700' title='bbox 530 2963 536 2973; x_wconf 91' lang='grc'>,</span> <span class='ocrx_word' id='word_1_1701' title='bbox 557 2947 608 2969; x_wconf 62' lang='lat' dir='ltr'>fite·</span> <span class='ocrx_word' id='word_1_1702' title='bbox 630 2940 722 2968; x_wconf 67' lang='lat' dir='ltr'>rcHius</span> <span class='ocrx_word' id='word_1_1703' title='bbox 741 2947 757 2966; x_wconf 84' lang='lat' dir='ltr'>F</span> <span class='ocrx_word' id='word_1_1704' title='bbox 767 2948 795 2967; x_wconf 75' lang='lat'>18</span> <span class='ocrx_word' id='word_1_1705' title='bbox 805 2947 826 2966; x_wconf 88' lang='lat' dir='ltr'>T</span> <span class='ocrx_word' id='word_1_1706' title='bbox 835 2946 854 2965; x_wconf 74' lang='lat' dir='ltr'>V</span> <span class='ocrx_word' id='word_1_1707' title='bbox 863 2946 880 2965; x_wconf 90' lang='lat' dir='ltr'>C</span> <span class='ocrx_word' id='word_1_1708' title='bbox 889 2947 917 2966; x_wconf 83' lang='lat' dir='ltr'>O·</span> <span class='ocrx_word' id='word_1_1709' title='bbox 931 2948 956 2966; x_wconf 83' lang='lat' dir='ltr'>v·</span> <span class='ocrx_word' id='word_1_1710' title='bbox 965 2948 991 2965; x_wconf 83' lang='lat' dir='ltr'>v·</span> <span class='ocrx_word' id='word_1_1711' title='bbox 1397 2947 1417 2971; x_wconf 89' lang='lat'>1,</span> <span class='ocrx_word' id='word_1_1712' title='bbox 1429 2945 1468 2970; x_wconf 74' lang='lat'>23.</span> <span class='ocrx_word' id='word_1_1713' title='bbox 1540 2938 1666 2972; x_wconf 84' lang='lat' dir='ltr'>Perpetua</span> <span class='ocrx_word' id='word_1_1714' title='bbox 1685 2939 1758 2965; x_wconf 87' lang='lat' dir='ltr'>Idem</span> <span class='ocrx_word' id='word_1_1715' title='bbox 1772 2938 1803 2965; x_wconf 89' lang='lat' dir='ltr'>de</span> <span class='ocrx_word' id='word_1_1716' title='bbox 1816 2939 1890 2965; x_wconf 87' lang='lat' dir='ltr'>Orat.</span> <span class='ocrx_word' id='word_1_1717' title='bbox 1904 2948 1925 2970; x_wconf 77' lang='lat'>2,</span> <span class='ocrx_word' id='word_1_1718' title='bbox 1937 2947 1993 2965; x_wconf 84' lang='lat'>210.</span> <span class='ocrx_word' id='word_1_1719' title='bbox 2064 2938 2146 2964; x_wconf 92' lang='lat' dir='ltr'>Abuti</span> <span class='ocrx_word' id='word_1_1720' title='bbox 2163 2939 2316 2966; x_wconf 86' lang='lat' dir='ltr'>insolentius</span> <span class='ocrx_word' id='word_1_1721' title='bbox 2331 2941 2431 2967; x_wconf 79' lang='lat' dir='ltr'>festini·</span> <span class='ocrx_word' id='word_1_1722' title='bbox 2478 2959 2479 2965; x_wconf 67' lang='grc'>.</span> 
     </span>
     <span class='ocr_line' id='line_1_83' title="bbox 334 2973 2431 3009; baseline -0.002 -3"><span class='ocrx_word' id='word_1_1723' title='bbox 334 2982 429 3006; x_wconf 71' lang='grc' dir='ltr'>ΡἜςΤ</span> <span class='ocrx_word' id='word_1_1724' title='bbox 439 2986 458 3005; x_wconf 90' lang='lat' dir='ltr'>v</span> <span class='ocrx_word' id='word_1_1725' title='bbox 469 2985 486 3005; x_wconf 87' lang='lat' dir='ltr'>C</span> <span class='ocrx_word' id='word_1_1726' title='bbox 498 2986 519 3005; x_wconf 85' lang='lat' dir='ltr'>A</span> <span class='ocrx_word' id='word_1_1727' title='bbox 529 2986 546 3005; x_wconf 80' lang='lat' dir='ltr'>R</span> <span class='ocrx_word' id='word_1_1728' title='bbox 556 2986 564 3004; x_wconf 92' lang='lat'>1</span> <span class='ocrx_word' id='word_1_1729' title='bbox 574 2985 594 3003; x_wconf 85' lang='lat' dir='ltr'>v</span> <span class='ocrx_word' id='word_1_1730' title='bbox 604 2985 616 3004; x_wconf 89' lang='lat' dir='ltr'>s</span> <span class='ocrx_word' id='word_1_1731' title='bbox 626 2998 634 3009; x_wconf 88' lang='lat'>,</span> <span class='ocrx_word' id='word_1_1732' title='bbox 653 2985 681 3008; x_wconf 89' lang='lat' dir='ltr'>a,</span> <span class='ocrx_word' id='word_1_1733' title='bbox 700 2985 753 3004; x_wconf 90' lang='lat' dir='ltr'>um.</span> <span class='ocrx_word' id='word_1_1734' title='bbox 774 2975 834 3002; x_wconf 86' lang='lat' dir='ltr'>Adi.</span> <span class='ocrx_word' id='word_1_1735' title='bbox 871 2975 939 3001; x_wconf 84' lang='lat' dir='ltr'>Gell.</span> <span class='ocrx_word' id='word_1_1736' title='bbox 956 2984 995 3005; x_wconf 82' lang='lat'>20,</span> <span class='ocrx_word' id='word_1_1737' title='bbox 1007 2983 1024 3008; x_wconf 89' lang='lat'>9</span> <span class='ocrx_word' id='word_1_1738' title='bbox 1039 2981 1102 3002; x_wconf 77' lang='lat' dir='ltr'>exer.</span> <span class='ocrx_word' id='word_1_1739' title='bbox 1120 2974 1223 3001; x_wconf 89' lang='lat' dir='ltr'>Idcirco</span> <span class='ocrx_word' id='word_1_1740' title='bbox 1236 2973 1334 3000; x_wconf 84' lang='lat' dir='ltr'>Ennius</span> <span class='ocrx_word' id='word_1_1741' title='bbox 1396 2973 1492 3001; x_wconf 88' lang='lat' dir='ltr'>tatibus</span> <span class='ocrx_word' id='word_1_1742' title='bbox 1511 2973 1566 2999; x_wconf 87' lang='lat' dir='ltr'>Cic.</span> <span class='ocrx_word' id='word_1_1743' title='bbox 1581 2974 1609 2999; x_wconf 88' lang='lat' dir='ltr'>in</span> <span class='ocrx_word' id='word_1_1744' title='bbox 1623 2974 1696 3000; x_wconf 85' lang='lat' dir='ltr'>Orat.</span> <span class='ocrx_word' id='word_1_1745' title='bbox 1712 2977 1766 3009; x_wconf 84' lang='lat'>176.</span> <span class='ocrx_word' id='word_1_1746' title='bbox 1836 2975 1978 3008; x_wconf 84' lang='lat' dir='ltr'>Imaginem</span> <span class='ocrx_word' id='word_1_1747' title='bbox 1993 2974 2115 3008; x_wconf 87' lang='lat' dir='ltr'>antiquae</span> <span class='ocrx_word' id='word_1_1748' title='bbox 2129 2979 2154 2999; x_wconf 88' lang='lat' dir='ltr'>et</span> <span class='ocrx_word' id='word_1_1749' title='bbox 2164 2975 2317 3001; x_wconf 82' lang='lat' dir='ltr'>vernaculae</span> <span class='ocrx_word' id='word_1_1750' title='bbox 2331 2975 2431 3002; x_wconf 83' lang='lat' dir='ltr'>festini-</span> 
     </span>
     <span class='ocr_line' id='line_1_84' title="bbox 297 3008 2451 3049; baseline -0.002 -7"><span class='ocrx_word' id='word_1_1751' title='bbox 297 3015 441 3049; x_wconf 79' lang='lat' dir='ltr'>fignificare</span> <span class='ocrx_word' id='word_1_1752' title='bbox 454 3014 544 3041; x_wconf 84' lang='lat' dir='ltr'>volens</span> <span class='ocrx_word' id='word_1_1753' title='bbox 558 3013 672 3042; x_wconf 87' lang='lat' dir='ltr'>bellum,</span> <span class='ocrx_word' id='word_1_1754' title='bbox 690 3021 760 3044; x_wconf 89' lang='lat' dir='ltr'>non,</span> <span class='ocrx_word' id='word_1_1755' title='bbox 779 3017 808 3038; x_wconf 91' lang='lat' dir='ltr'>vt</span> <span class='ocrx_word' id='word_1_1756' title='bbox 823 3010 855 3037; x_wconf 87' lang='lat' dir='ltr'>ad</span> <span class='ocrx_word' id='word_1_1757' title='bbox 868 3012 1018 3037; x_wconf 88' lang='lat' dir='ltr'>Praetorem</span> <span class='ocrx_word' id='word_1_1758' title='bbox 1033 3010 1140 3036; x_wconf 86' lang='lat' dir='ltr'>solitum</span> <span class='ocrx_word' id='word_1_1759' title='bbox 1154 3011 1199 3042; x_wconf 86' lang='lat' dir='ltr'>est,</span> <span class='ocrx_word' id='word_1_1760' title='bbox 1208 3010 1334 3044; x_wconf 83' lang='lat' dir='ltr'>legitimis</span> <span class='ocrx_word' id='word_1_1761' title='bbox 1349 3013 1380 3039; x_wconf 91' lang='lat'>80</span> <span class='ocrx_word' id='word_1_1762' title='bbox 1397 3009 1457 3036; x_wconf 87' lang='lat' dir='ltr'>tatis</span> <span class='ocrx_word' id='word_1_1763' title='bbox 1471 3008 1498 3034; x_wconf 92' lang='lat' dir='ltr'>in</span> <span class='ocrx_word' id='word_1_1764' title='bbox 1512 3008 1602 3042; x_wconf 87' lang='lat' dir='ltr'>aliquo</span> <span class='ocrx_word' id='word_1_1765' title='bbox 1616 3010 1753 3043; x_wconf 81' lang='lat' dir='ltr'>agnoscere</span> <span class='ocrx_word' id='word_1_1766' title='bbox 1774 3009 1846 3035; x_wconf 88' lang='lat' dir='ltr'>Idem</span> <span class='ocrx_word' id='word_1_1767' title='bbox 1860 3009 1931 3035; x_wconf 87' lang='lat' dir='ltr'>Fam.</span> <span class='ocrx_word' id='word_1_1768' title='bbox 1945 3017 1972 3041; x_wconf 89' lang='grc'>9,</span> <span class='ocrx_word' id='word_1_1769' title='bbox 1986 3015 2019 3040; x_wconf 78' lang='grc' dir='ltr'>ις.</span> <span class='ocrx_word' id='word_1_1770' title='bbox 2089 3009 2256 3043; x_wconf 84' lang='lat' dir='ltr'>Festiuitate‚</span> <span class='ocrx_word' id='word_1_1771' title='bbox 2275 3016 2300 3036; x_wconf 89' lang='grc'>21</span> <span class='ocrx_word' id='word_1_1772' title='bbox 2313 3012 2451 3038; x_wconf 54' lang='lat' dir='ltr'>venusta-2</span> 
     </span>
    </p>
   </div>
   <div class='ocr_carea' id='block_1_16' title="bbox 290 3042 2453 3259">
    <p class='ocr_par' dir='ltr' id='par_1_20' title="bbox 294 3042 2453 3084">
     <span class='ocr_line' id='line_1_85' title="bbox 294 3042 2453 3084; baseline -0.001 -7"><span class='ocrx_word' id='word_1_1773' title='bbox 294 3050 460 3080; x_wconf 68' lang='lat' dir='ltr'>atffionibus,</span> <span class='ocrx_word' id='word_1_1774' title='bbox 478 3058 563 3084; x_wconf 87' lang='lat' dir='ltr'>neque</span> <span class='ocrx_word' id='word_1_1775' title='bbox 575 3058 604 3075; x_wconf 77' lang='lat' dir='ltr'>ex</span> <span class='ocrx_word' id='word_1_1776' title='bbox 617 3051 670 3074; x_wconf 77' lang='lat' dir='ltr'>iure</span> <span class='ocrx_word' id='word_1_1777' title='bbox 683 3057 755 3074; x_wconf 80' lang='lat' dir='ltr'>manu</span> <span class='ocrx_word' id='word_1_1778' title='bbox 769 3046 920 3081; x_wconf 74' lang='lat' dir='ltr'>consertum,</span> <span class='ocrx_word' id='word_1_1779' title='bbox 940 3046 983 3072; x_wconf 86' lang='lat' dir='ltr'>sed</span> <span class='ocrx_word' id='word_1_1780' title='bbox 997 3045 1083 3078; x_wconf 87' lang='lat' dir='ltr'>bello,</span> <span class='ocrx_word' id='word_1_1781' title='bbox 1107 3046 1232 3081; x_wconf 87' lang='lat' dir='ltr'>ferroque</span> <span class='ocrx_word' id='word_1_1782' title='bbox 1246 3052 1271 3072; x_wconf 89' lang='lat' dir='ltr'>et</span> <span class='ocrx_word' id='word_1_1783' title='bbox 1290 3055 1335 3072; x_wconf 88' lang='lat' dir='ltr'>ve·</span> <span class='ocrx_word' id='word_1_1784' title='bbox 1394 3051 1419 3071; x_wconf 89' lang='grc'>12</span> <span class='ocrx_word' id='word_1_1785' title='bbox 1433 3044 1572 3070; x_wconf 75' lang='grc' dir='ltr'>2011111ηᾶ3</span> <span class='ocrx_word' id='word_1_1786' title='bbox 1585 3045 1625 3070; x_wconf 89' lang='lat' dir='ltr'>vis</span> <span class='ocrx_word' id='word_1_1787' title='bbox 1638 3045 1741 3071; x_wconf 90' lang='lat' dir='ltr'>dicendi</span> <span class='ocrx_word' id='word_1_1788' title='bbox 1760 3045 1816 3071; x_wconf 87' lang='lat' dir='ltr'>Cic.</span> <span class='ocrx_word' id='word_1_1789' title='bbox 1829 3044 1861 3071; x_wconf 86' lang='lat' dir='ltr'>de</span> <span class='ocrx_word' id='word_1_1790' title='bbox 1873 3045 1945 3071; x_wconf 89' lang='lat' dir='ltr'>Orat.</span> <span class='ocrx_word' id='word_1_1791' title='bbox 1960 3053 1978 3076; x_wconf 85' lang='lat'>1,</span> <span class='ocrx_word' id='word_1_1792' title='bbox 1986 3051 2044 3076; x_wconf 82' lang='lat'>243.</span> <span class='ocrx_word' id='word_1_1793' title='bbox 2115 3045 2247 3072; x_wconf 86' lang='lat' dir='ltr'>Sermonis</span> <span class='ocrx_word' id='word_1_1794' title='bbox 2259 3042 2429 3075; x_wconf 72' lang='lat' dir='ltr'>festiuitater&#39;u&#39;</span> <span class='ocrx_word' id='word_1_1795' title='bbox 2452 3059 2453 3063; x_wconf 54' lang='lat'>¹</span> 
     </span>
    </p>

    <p class='ocr_par' dir='ltr' id='par_1_21' title="bbox 296 3079 2099 3120">
     <span class='ocr_line' id='line_1_86' title="bbox 296 3079 2099 3120; baseline -0.004 -7"><span class='ocrx_word' id='word_1_1796' title='bbox 296 3095 325 3112; x_wconf 89' lang='lat' dir='ltr'>ra</span> <span class='ocrx_word' id='word_1_1797' title='bbox 339 3086 368 3112; x_wconf 88' lang='lat' dir='ltr'>vi</span> <span class='ocrx_word' id='word_1_1798' title='bbox 380 3092 458 3120; x_wconf 84' lang='lat' dir='ltr'>atque</span> <span class='ocrx_word' id='word_1_1799' title='bbox 473 3085 567 3115; x_wconf 87' lang='lat' dir='ltr'>solida,</span> <span class='ocrx_word' id='word_1_1800' title='bbox 588 3083 659 3119; x_wconf 90' lang='lat' dir='ltr'>quod</span> <span class='ocrx_word' id='word_1_1801' title='bbox 672 3082 779 3109; x_wconf 85' lang='lat' dir='ltr'>videtur</span> <span class='ocrx_word' id='word_1_1802' title='bbox 790 3082 881 3108; x_wconf 77' lang='lat' dir='ltr'>dixiffe</span> <span class='ocrx_word' id='word_1_1803' title='bbox 900 3082 1037 3108; x_wconf 86' lang='lat' dir='ltr'>conferens</span> <span class='ocrx_word' id='word_1_1804' title='bbox 1058 3082 1114 3107; x_wconf 90' lang='lat' dir='ltr'>vim</span> <span class='ocrx_word' id='word_1_1805' title='bbox 1133 3082 1206 3108; x_wconf 85' lang='lat' dir='ltr'>illam</span> <span class='ocrx_word' id='word_1_1806' title='bbox 1225 3081 1333 3107; x_wconf 87' lang='lat' dir='ltr'>ciuilem</span> <span class='ocrx_word' id='word_1_1807' title='bbox 1398 3080 1475 3107; x_wconf 88' lang='lat' dir='ltr'>debet</span> <span class='ocrx_word' id='word_1_1808' title='bbox 1487 3079 1583 3105; x_wconf 86' lang='lat' dir='ltr'>habere</span> <span class='ocrx_word' id='word_1_1809' title='bbox 1597 3081 1714 3106; x_wconf 85' lang='lat' dir='ltr'>narratio</span> <span class='ocrx_word' id='word_1_1810' title='bbox 1732 3080 1808 3106; x_wconf 64' lang='lat' dir='ltr'>Auel.</span> <span class='ocrx_word' id='word_1_1811' title='bbox 1821 3079 1853 3105; x_wconf 89' lang='lat' dir='ltr'>ad</span> <span class='ocrx_word' id='word_1_1812' title='bbox 1865 3080 1960 3106; x_wconf 88' lang='lat' dir='ltr'>Heren.</span> <span class='ocrx_word' id='word_1_1813' title='bbox 1974 3087 1992 3110; x_wconf 90' lang='grc'>1,</span> <span class='ocrx_word' id='word_1_1814' title='bbox 2008 3087 2031 3110; x_wconf 85' lang='grc'>13</span> <span class='ocrx_word' id='word_1_1815' title='bbox 2047 3088 2067 3105; x_wconf 90' lang='lat' dir='ltr'>c.</span> <span class='ocrx_word' id='word_1_1816' title='bbox 2078 3084 2099 3109; x_wconf 89' lang='lat'>8.</span> 
     </span>
    </p>

    <p class='ocr_par' dir='ltr' id='par_1_22' title="bbox 295 3114 2429 3155">
     <span class='ocr_line' id='line_1_87' title="bbox 295 3114 2429 3155; baseline -0.002 -7"><span class='ocrx_word' id='word_1_1817' title='bbox 295 3128 321 3148; x_wconf 88' lang='lat' dir='ltr'>et</span> <span class='ocrx_word' id='word_1_1818' title='bbox 336 3121 515 3151; x_wconf 82' lang='lat' dir='ltr'>festucariam,</span> <span class='ocrx_word' id='word_1_1819' title='bbox 534 3129 601 3155; x_wconf 87' lang='lat' dir='ltr'>quae</span> <span class='ocrx_word' id='word_1_1820' title='bbox 613 3119 696 3146; x_wconf 88' lang='lat' dir='ltr'>verbo</span> <span class='ocrx_word' id='word_1_1821' title='bbox 710 3118 856 3148; x_wconf 85' lang='lat' dir='ltr'>diceretur,</span> <span class='ocrx_word' id='word_1_1822' title='bbox 875 3126 929 3143; x_wconf 89' lang='lat' dir='ltr'>non</span> <span class='ocrx_word' id='word_1_1823' title='bbox 942 3126 1009 3151; x_wconf 88' lang='lat' dir='ltr'>quae</span> <span class='ocrx_word' id='word_1_1824' title='bbox 1024 3126 1100 3143; x_wconf 88' lang='lat' dir='ltr'>manu</span> <span class='ocrx_word' id='word_1_1825' title='bbox 1121 3117 1211 3149; x_wconf 81' lang='lat' dir='ltr'>fieret,</span> <span class='ocrx_word' id='word_1_1826' title='bbox 1229 3126 1288 3143; x_wconf 87' lang='lat' dir='ltr'>cum</span> <span class='ocrx_word' id='word_1_1827' title='bbox 1305 3117 1333 3143; x_wconf 90' lang='lat' dir='ltr'>vi</span> <span class='ocrx_word' id='word_1_1828' title='bbox 1432 3121 1448 3142; x_wconf 75' lang='lat' dir='ltr'>F</span> <span class='ocrx_word' id='word_1_1829' title='bbox 1458 3121 1494 3141; x_wconf 76' lang='lat' dir='ltr'>Es</span> <span class='ocrx_word' id='word_1_1830' title='bbox 1504 3122 1524 3141; x_wconf 89' lang='lat' dir='ltr'>T</span> <span class='ocrx_word' id='word_1_1831' title='bbox 1536 3115 1577 3140; x_wconf 80' lang='lat' dir='ltr'>iv</span> <span class='ocrx_word' id='word_1_1832' title='bbox 1588 3121 1612 3140; x_wconf 74' lang='lat'>12.</span> <span class='ocrx_word' id='word_1_1833' title='bbox 1633 3115 1700 3140; x_wconf 87' lang='lat' dir='ltr'>Adu.</span> <span class='ocrx_word' id='word_1_1834' title='bbox 1736 3115 1871 3152; x_wconf 70' lang='grc' dir='ltr'>[τερπνῶς]</span> <span class='ocrx_word' id='word_1_1835' title='bbox 1905 3114 1959 3141; x_wconf 89' lang='lat' dir='ltr'>Cic.</span> <span class='ocrx_word' id='word_1_1836' title='bbox 1974 3115 2010 3147; x_wconf 80' lang='lat' dir='ltr'>Q</span> <span class='ocrx_word' id='word_1_1837' title='bbox 2022 3115 2102 3141; x_wconf 82' lang='lat' dir='ltr'>Fratr.</span> <span class='ocrx_word' id='word_1_1838' title='bbox 2116 3124 2140 3147; x_wconf 93' lang='lat'>2,</span> <span class='ocrx_word' id='word_1_1839' title='bbox 2155 3124 2180 3148; x_wconf 75' lang='lat'>1,-</span> <span class='ocrx_word' id='word_1_1840' title='bbox 2197 3117 2363 3151; x_wconf 78' lang='lat' dir='ltr'>Qiamquam</span> <span class='ocrx_word' id='word_1_1841' title='bbox 2377 3126 2391 3144; x_wconf 86' lang='lat' dir='ltr'>a</span> <span class='ocrx_word' id='word_1_1842' title='bbox 2403 3123 2429 3147; x_wconf 71' lang='lat' dir='ltr'>te</span> 
     </span>
    </p>

    <p class='ocr_par' dir='ltr' id='par_1_23' title="bbox 295 3149 2431 3190">
     <span class='ocr_line' id='line_1_88' title="bbox 295 3149 2431 3190; baseline -0.004 -7"><span class='ocrx_word' id='word_1_1843' title='bbox 295 3156 392 3184; x_wconf 88' lang='lat' dir='ltr'>bellica</span> <span class='ocrx_word' id='word_1_1844' title='bbox 406 3163 430 3183; x_wconf 88' lang='lat' dir='ltr'>et</span> <span class='ocrx_word' id='word_1_1845' title='bbox 444 3162 559 3183; x_wconf 85' lang='lat' dir='ltr'>cruenta.</span> <span class='ocrx_word' id='word_1_1846' title='bbox 595 3155 705 3190; x_wconf 72' lang='lat' dir='ltr'>Respicit</span> <span class='ocrx_word' id='word_1_1847' title='bbox 716 3154 750 3180; x_wconf 86' lang='lat' dir='ltr'>ad</span> <span class='ocrx_word' id='word_1_1848' title='bbox 760 3153 883 3179; x_wconf 90' lang='lat' dir='ltr'>festucam</span> <span class='ocrx_word' id='word_1_1849' title='bbox 892 3152 917 3187; x_wconf 89' lang='lat' dir='ltr'><em>s</em></span> <span class='ocrx_word' id='word_1_1850' title='bbox 933 3152 1066 3186; x_wconf 84' lang='lat' dir='ltr'>stipulam,</span> <span class='ocrx_word' id='word_1_1851' title='bbox 1081 3162 1151 3188; x_wconf 83' lang='lat' dir='ltr'>quam</span> <span class='ocrx_word' id='word_1_1852' title='bbox 1160 3156 1337 3188; x_wconf 76' lang='lat' dir='ltr'>promittentes</span> <span class='ocrx_word' id='word_1_1853' title='bbox 1395 3151 1477 3178; x_wconf 70' lang='grc'>3813111</span> <span class='ocrx_word' id='word_1_1854' title='bbox 1490 3149 1613 3176; x_wconf 87' lang='lat' dir='ltr'>fabellam</span> <span class='ocrx_word' id='word_1_1855' title='bbox 1627 3150 1708 3177; x_wconf 83' lang='lat' dir='ltr'>video</span> <span class='ocrx_word' id='word_1_1856' title='bbox 1721 3151 1769 3176; x_wconf 77' lang='lat' dir='ltr'>effe</span> <span class='ocrx_word' id='word_1_1857' title='bbox 1782 3150 1884 3181; x_wconf 81' lang='lat' dir='ltr'>festiue,</span> <span class='ocrx_word' id='word_1_1858' title='bbox 1899 3149 1971 3175; x_wconf 88' lang='lat' dir='ltr'>nullo</span> <span class='ocrx_word' id='word_1_1859' title='bbox 1985 3149 2065 3176; x_wconf 88' lang='lat' dir='ltr'>modo</span> <span class='ocrx_word' id='word_1_1860' title='bbox 2080 3150 2199 3184; x_wconf 85' lang='lat' dir='ltr'>probaui.</span> <span class='ocrx_word' id='word_1_1861' title='bbox 2272 3153 2431 3181; x_wconf 67' lang='lat' dir='ltr'>Conrexinm</span> 
     </span>
    </p>

    <p class='ocr_par' dir='ltr' id='par_1_24' title="bbox 290 3184 2428 3259">
     <span class='ocr_line' id='line_1_89' title="bbox 290 3184 2428 3229; baseline -0.002 -10"><span class='ocrx_word' id='word_1_1862' title='bbox 290 3193 443 3229; x_wconf 73' lang='lat' dir='ltr'>sollemniter</span> <span class='ocrx_word' id='word_1_1863' title='bbox 448 3192 620 3228; x_wconf 80' lang='lat' dir='ltr'>frangebant,</span> <span class='ocrx_word' id='word_1_1864' title='bbox 638 3200 653 3216; x_wconf 89' lang='lat' dir='ltr'>a</span> <span class='ocrx_word' id='word_1_1865' title='bbox 665 3199 712 3225; x_wconf 85' lang='lat' dir='ltr'>qua</span> <span class='ocrx_word' id='word_1_1866' title='bbox 726 3187 795 3215; x_wconf 59' lang='lat' dir='ltr'>dicia</span> <span class='ocrx_word' id='word_1_1867' title='bbox 810 3187 943 3222; x_wconf 85' lang='lat' dir='ltr'>stipulatio</span> <span class='ocrx_word' id='word_1_1868' title='bbox 962 3186 1004 3220; x_wconf 65' lang='lat' dir='ltr'>qsl.</span> <span class='ocrx_word' id='word_1_1869' title='bbox 1350 3188 1379 3218; x_wconf 77' lang='lat'>85</span> <span class='ocrx_word' id='word_1_1870' title='bbox 1395 3187 1488 3213; x_wconf 65' lang='lat' dir='ltr'>festine</span> <span class='ocrx_word' id='word_1_1871' title='bbox 1502 3186 1602 3212; x_wconf 87' lang='lat' dir='ltr'>crimen</span> <span class='ocrx_word' id='word_1_1872' title='bbox 1622 3186 1676 3212; x_wconf 90' lang='lat' dir='ltr'>Cic.</span> <span class='ocrx_word' id='word_1_1873' title='bbox 1691 3195 1739 3220; x_wconf 89' lang='lat' dir='ltr'>pro</span> <span class='ocrx_word' id='word_1_1874' title='bbox 1755 3185 1842 3212; x_wconf 90' lang='lat' dir='ltr'>Deiot.</span> <span class='ocrx_word' id='word_1_1875' title='bbox 1856 3193 1891 3217; x_wconf 87' lang='lat'>19.</span> <span class='ocrx_word' id='word_1_1876' title='bbox 1971 3184 2063 3212; x_wconf 87' lang='lat' dir='ltr'>Dicere</span> <span class='ocrx_word' id='word_1_1877' title='bbox 2076 3186 2144 3213; x_wconf 81' lang='lat' dir='ltr'>belle</span> <span class='ocrx_word' id='word_1_1878' title='bbox 2156 3193 2181 3213; x_wconf 86' lang='lat' dir='ltr'>et</span> <span class='ocrx_word' id='word_1_1879' title='bbox 2194 3187 2286 3214; x_wconf 75' lang='lat' dir='ltr'>festiue</span> <span class='ocrx_word' id='word_1_1880' title='bbox 2311 3188 2384 3215; x_wconf 87' lang='lat' dir='ltr'>Idem</span> <span class='ocrx_word' id='word_1_1881' title='bbox 2395 3189 2428 3215; x_wconf 82' lang='lat' dir='ltr'>de</span> 
     </span>
     <span class='ocr_line' id='line_1_90' title="bbox 334 3219 2428 3259; baseline -0.002 -5"><span class='ocrx_word' id='word_1_1882' title='bbox 334 3234 350 3254; x_wconf 83' lang='lat' dir='ltr'>F</span> <span class='ocrx_word' id='word_1_1883' title='bbox 360 3235 376 3254; x_wconf 80' lang='grc' dir='ltr'><strong><em>Ε</em></strong></span> <span class='ocrx_word' id='word_1_1884' title='bbox 386 3234 398 3253; x_wconf 84' lang='lat' dir='ltr'>S</span> <span class='ocrx_word' id='word_1_1885' title='bbox 407 3234 428 3253; x_wconf 88' lang='grc' dir='ltr'><strong>Τ</strong></span> <span class='ocrx_word' id='word_1_1886' title='bbox 438 3235 457 3254; x_wconf 83' lang='lat' dir='ltr'>v</span> <span class='ocrx_word' id='word_1_1887' title='bbox 467 3235 480 3254; x_wconf 86' lang='lat' dir='ltr'>s</span> <span class='ocrx_word' id='word_1_1888' title='bbox 489 3247 495 3258; x_wconf 95' lang='lat'>‚</span> <span class='ocrx_word' id='word_1_1889' title='bbox 520 3236 550 3259; x_wconf 89' lang='lat' dir='ltr'>a,</span> <span class='ocrx_word' id='word_1_1890' title='bbox 574 3235 628 3252; x_wconf 89' lang='lat' dir='ltr'>um.</span> <span class='ocrx_word' id='word_1_1891' title='bbox 664 3225 722 3251; x_wconf 84' lang='lat' dir='ltr'>Adi.</span> <span class='ocrx_word' id='word_1_1892' title='bbox 758 3225 891 3259; x_wconf 44' lang='lat' dir='ltr'>[s‘oqmrog</span> <span class='ocrx_word' id='word_1_1893' title='bbox 911 3223 1065 3259; x_wconf 67' lang='grc' dir='ltr'>ἔσρτοίσιμος]</span> <span class='ocrx_word' id='word_1_1894' title='bbox 1101 3223 1270 3249; x_wconf 83' lang='lat' dir='ltr'>Sollemniter</span> <span class='ocrx_word' id='word_1_1895' title='bbox 1283 3223 1334 3249; x_wconf 85' lang='grc'>132-</span> <span class='ocrx_word' id='word_1_1896' title='bbox 1394 3223 1468 3249; x_wconf 87' lang='lat' dir='ltr'>Orat.</span> <span class='ocrx_word' id='word_1_1897' title='bbox 1483 3231 1505 3254; x_wconf 87' lang='grc'>3,</span> <span class='ocrx_word' id='word_1_1898' title='bbox 1519 3229 1564 3247; x_wconf 88' lang='grc'>100</span> <span class='ocrx_word' id='word_1_1899' title='bbox 1577 3230 1598 3247; x_wconf 89' lang='grc'>2.</span> <span class='ocrx_word' id='word_1_1900' title='bbox 1607 3223 1647 3247; x_wconf 83' lang='grc'>26.</span> <span class='ocrx_word' id='word_1_1901' title='bbox 1735 3221 1880 3247; x_wconf 79' lang='lat' dir='ltr'>Diffoluere</span> <span class='ocrx_word' id='word_1_1902' title='bbox 1892 3219 1983 3246; x_wconf 86' lang='lat' dir='ltr'>festiue</span> <span class='ocrx_word' id='word_1_1903' title='bbox 1998 3221 2099 3256; x_wconf 86' lang='lat' dir='ltr'>aliquid</span> <span class='ocrx_word' id='word_1_1904' title='bbox 2134 3222 2190 3248; x_wconf 88' lang='lat' dir='ltr'>Cic.</span> <span class='ocrx_word' id='word_1_1905' title='bbox 2205 3223 2237 3249; x_wconf 90' lang='lat' dir='ltr'>de</span> <span class='ocrx_word' id='word_1_1906' title='bbox 2250 3223 2339 3251; x_wconf 82' lang='lat' dir='ltr'>Diuin.</span> <span class='ocrx_word' id='word_1_1907' title='bbox 2352 3233 2378 3259; x_wconf 84' lang='lat'>2,</span> <span class='ocrx_word' id='word_1_1908' title='bbox 2391 3232 2428 3257; x_wconf 73' lang='lat'>35.</span> 
     </span>
    </p>
   </div>
   <div class='ocr_carea' id='block_1_17' title="bbox 297 3254 2452 3508">
    <p class='ocr_par' dir='ltr' id='par_1_25' title="bbox 297 3254 2452 3508">
     <span class='ocr_line' id='line_1_91' title="bbox 297 3254 2429 3296; baseline -0.002 -9"><span class='ocrx_word' id='word_1_1909' title='bbox 297 3268 353 3289; x_wconf 83' lang='lat' dir='ltr'>tum</span> <span class='ocrx_word' id='word_1_1910' title='bbox 369 3269 395 3290; x_wconf 80' lang='lat' dir='ltr'>et</span> <span class='ocrx_word' id='word_1_1911' title='bbox 408 3263 532 3289; x_wconf 77' lang='lat' dir='ltr'>feriatum</span> <span class='ocrx_word' id='word_1_1912' title='bbox 547 3260 688 3295; x_wconf 83' lang='lat' dir='ltr'>fignificat,</span> <span class='ocrx_word' id='word_1_1913' title='bbox 705 3264 787 3296; x_wconf 68' lang='lat' dir='ltr'>inquit</span> <span class='ocrx_word' id='word_1_1914' title='bbox 806 3259 911 3286; x_wconf 86' lang='lat' dir='ltr'>Nonius</span> <span class='ocrx_word' id='word_1_1915' title='bbox 921 3264 983 3291; x_wconf 77' lang='lat'>3,18.</span> <span class='ocrx_word' id='word_1_1916' title='bbox 1002 3264 1074 3293; x_wconf 71' lang='lat' dir='ltr'>atque</span> <span class='ocrx_word' id='word_1_1917' title='bbox 1087 3259 1121 3284; x_wconf 86' lang='lat' dir='ltr'>ad</span> <span class='ocrx_word' id='word_1_1918' title='bbox 1137 3258 1200 3284; x_wconf 75' lang='lat' dir='ltr'>diem</span> <span class='ocrx_word' id='word_1_1919' title='bbox 1213 3262 1334 3293; x_wconf 68' lang='lat' dir='ltr'>pertinet.</span> <span class='ocrx_word' id='word_1_1920' title='bbox 1396 3257 1497 3284; x_wconf 86' lang='lat' dir='ltr'>Tradit</span> <span class='ocrx_word' id='word_1_1921' title='bbox 1511 3256 1603 3282; x_wconf 88' lang='lat' dir='ltr'>festiue</span> <span class='ocrx_word' id='word_1_1922' title='bbox 1616 3256 1743 3283; x_wconf 88' lang='lat' dir='ltr'>elementa</span> <span class='ocrx_word' id='word_1_1923' title='bbox 1759 3254 1884 3291; x_wconf 88' lang='lat' dir='ltr'>loquendi</span> <span class='ocrx_word' id='word_1_1924' title='bbox 1898 3255 2041 3282; x_wconf 68' lang='lat' dir='ltr'>Dialeffica</span> <span class='ocrx_word' id='word_1_1925' title='bbox 2062 3258 2117 3283; x_wconf 90' lang='lat' dir='ltr'>Cic.</span> <span class='ocrx_word' id='word_1_1926' title='bbox 2132 3258 2210 3284; x_wconf 81' lang='lat' dir='ltr'>Acad.</span> <span class='ocrx_word' id='word_1_1927' title='bbox 2224 3268 2252 3290; x_wconf 88' lang='lat'>4,</span> <span class='ocrx_word' id='word_1_1928' title='bbox 2266 3267 2297 3291; x_wconf 79' lang='lat'>92</span> <span class='ocrx_word' id='word_1_1929' title='bbox 2384 3261 2429 3287; x_wconf 88' lang='lat' dir='ltr'>Su.</span> 
     </span>
     <span class='ocr_line' id='line_1_92' title="bbox 298 3290 2451 3335; baseline -0.002 -9"><span class='ocrx_word' id='word_1_1930' title='bbox 298 3299 365 3326; x_wconf 78' lang='lat' dir='ltr'>Festi</span> <span class='ocrx_word' id='word_1_1931' title='bbox 377 3302 459 3335; x_wconf 77' lang='lat' dir='ltr'>itaque</span> <span class='ocrx_word' id='word_1_1932' title='bbox 475 3297 528 3324; x_wconf 88' lang='lat' dir='ltr'>dies</span> <span class='ocrx_word' id='word_1_1933' title='bbox 544 3298 592 3323; x_wconf 85' lang='lat' dir='ltr'>Dis</span> <span class='ocrx_word' id='word_1_1934' title='bbox 607 3296 702 3326; x_wconf 87' lang='lat' dir='ltr'>dicati,</span> <span class='ocrx_word' id='word_1_1935' title='bbox 718 3302 747 3321; x_wconf 85' lang='lat' dir='ltr'>vt</span> <span class='ocrx_word' id='word_1_1936' title='bbox 759 3299 796 3321; x_wconf 89' lang='lat' dir='ltr'>ait</span> <span class='ocrx_word' id='word_1_1937' title='bbox 809 3294 927 3321; x_wconf 85' lang='lat' dir='ltr'>Macrob.</span> <span class='ocrx_word' id='word_1_1938' title='bbox 944 3303 962 3323; x_wconf 92' lang='lat'>1,</span> <span class='ocrx_word' id='word_1_1939' title='bbox 976 3296 1030 3323; x_wconf 90' lang='lat'>16‚1</span> <span class='ocrx_word' id='word_1_1940' title='bbox 1051 3294 1177 3328; x_wconf 82' lang='lat' dir='ltr'>inquibus</span> <span class='ocrx_word' id='word_1_1941' title='bbox 1190 3294 1336 3329; x_wconf 66' lang='lat' dir='ltr'>vethcrifi-</span> <span class='ocrx_word' id='word_1_1942' title='bbox 1395 3295 1458 3329; x_wconf 79' lang='lat' dir='ltr'>perl.</span> <span class='ocrx_word' id='word_1_1943' title='bbox 1494 3292 1562 3319; x_wconf 89' lang='lat' dir='ltr'>Gell.</span> <span class='ocrx_word' id='word_1_1944' title='bbox 1577 3300 1602 3324; x_wconf 91' lang='lat'>9,</span> <span class='ocrx_word' id='word_1_1945' title='bbox 1617 3300 1641 3322; x_wconf 74' lang='grc' dir='ltr'>ις</span> <span class='ocrx_word' id='word_1_1946' title='bbox 1654 3298 1717 3317; x_wconf 71' lang='lat' dir='ltr'>extr.</span> <span class='ocrx_word' id='word_1_1947' title='bbox 1739 3293 1823 3326; x_wconf 86' lang='lat' dir='ltr'>Atque</span> <span class='ocrx_word' id='word_1_1948' title='bbox 1843 3290 1881 3316; x_wconf 87' lang='lat' dir='ltr'>ibi</span> <span class='ocrx_word' id='word_1_1949' title='bbox 1902 3291 2032 3324; x_wconf 85' lang='lat' dir='ltr'>Iulianus,</span> <span class='ocrx_word' id='word_1_1950' title='bbox 2049 3293 2224 3325; x_wconf 83' lang='lat' dir='ltr'>festiuissime,</span> <span class='ocrx_word' id='word_1_1951' title='bbox 2246 3294 2339 3321; x_wconf 86' lang='lat' dir='ltr'>Nolite</span> <span class='ocrx_word' id='word_1_1952' title='bbox 2351 3303 2435 3329; x_wconf 24' lang='lat' dir='ltr'>quae-¹</span> <span class='ocrx_word' id='word_1_1953' title='bbox 2450 3309 2451 3313; x_wconf 68' lang='lat'><em>=</em></span> 
     </span>
     <span class='ocr_line' id='line_1_93' title="bbox 299 3325 2452 3367; baseline -0.001 -7"><span class='ocrx_word' id='word_1_1954' title='bbox 299 3337 339 3360; x_wconf 83' lang='lat' dir='ltr'>cia</span> <span class='ocrx_word' id='word_1_1955' title='bbox 357 3334 407 3360; x_wconf 69' lang='lat' dir='ltr'>diis</span> <span class='ocrx_word' id='word_1_1956' title='bbox 428 3333 611 3367; x_wconf 74' lang='lat' dir='ltr'>offerebantur,</span> <span class='ocrx_word' id='word_1_1957' title='bbox 631 3333 671 3357; x_wconf 76' lang='lat' dir='ltr'>vel</span> <span class='ocrx_word' id='word_1_1958' title='bbox 689 3332 769 3365; x_wconf 63' lang='lat' dir='ltr'>epulae</span> <span class='ocrx_word' id='word_1_1959' title='bbox 786 3330 983 3361; x_wconf 63' lang='lat' dir='ltr'>celebrabantur,</span> <span class='ocrx_word' id='word_1_1960' title='bbox 1000 3329 1040 3354; x_wconf 68' lang='lat' dir='ltr'>vel</span> <span class='ocrx_word' id='word_1_1961' title='bbox 1051 3329 1104 3354; x_wconf 79' lang='lat' dir='ltr'>ludi</span> <span class='ocrx_word' id='word_1_1962' title='bbox 1118 3331 1144 3354; x_wconf 84' lang='lat' dir='ltr'>in</span> <span class='ocrx_word' id='word_1_1963' title='bbox 1157 3329 1270 3355; x_wconf 69' lang='lat' dir='ltr'>honorem</span> <span class='ocrx_word' id='word_1_1964' title='bbox 1283 3330 1335 3355; x_wconf 75' lang='lat' dir='ltr'>dco-</span> <span class='ocrx_word' id='word_1_1965' title='bbox 1396 3338 1472 3360; x_wconf 88' lang='lat' dir='ltr'>rere,</span> <span class='ocrx_word' id='word_1_1966' title='bbox 1493 3327 1588 3363; x_wconf 90' lang='lat' dir='ltr'>inquit.</span> <span class='ocrx_word' id='word_1_1967' title='bbox 1658 3327 1731 3353; x_wconf 84' lang='lat' dir='ltr'>Idem</span> <span class='ocrx_word' id='word_1_1968' title='bbox 1746 3336 1780 3359; x_wconf 89' lang='grc'>13,</span> <span class='ocrx_word' id='word_1_1969' title='bbox 1794 3337 1813 3361; x_wconf 83' lang='lat'>4</span> <span class='ocrx_word' id='word_1_1970' title='bbox 1831 3325 2013 3360; x_wconf 83' lang='lat' dir='ltr'>Olympiadem</span> <span class='ocrx_word' id='word_1_1971' title='bbox 2025 3328 2187 3355; x_wconf 82' lang='lat' dir='ltr'>festiuissime</span> <span class='ocrx_word' id='word_1_1972' title='bbox 2200 3329 2352 3364; x_wconf 78' lang='lat' dir='ltr'>rescripfiffe</span> <span class='ocrx_word' id='word_1_1973' title='bbox 2365 3331 2429 3365; x_wconf 84' lang='lat' dir='ltr'>legi·</span> <span class='ocrx_word' id='word_1_1974' title='bbox 2450 3355 2452 3358; x_wconf 77' lang='grc'>,</span> 
     </span>
     <span class='ocr_line' id='line_1_94' title="bbox 298 3362 1625 3403; baseline -0.007 -7"><span class='ocrx_word' id='word_1_1975' title='bbox 298 3379 352 3395; x_wconf 84' lang='lat' dir='ltr'>rum</span> <span class='ocrx_word' id='word_1_1976' title='bbox 360 3369 469 3403; x_wconf 56' lang='lat' dir='ltr'>ftfbant,</span> <span class='ocrx_word' id='word_1_1977' title='bbox 488 3370 528 3395; x_wconf 78' lang='lat' dir='ltr'>vel</span> <span class='ocrx_word' id='word_1_1978' title='bbox 546 3374 610 3394; x_wconf 71' lang='lat' dir='ltr'>certe</span> <span class='ocrx_word' id='word_1_1979' title='bbox 623 3367 708 3403; x_wconf 77' lang='lat' dir='ltr'>feriar</span> <span class='ocrx_word' id='word_1_1980' title='bbox 721 3366 916 3401; x_wconf 56' lang='lat' dir='ltr'>observabantur.</span> <span class='ocrx_word' id='word_1_1981' title='bbox 953 3365 1033 3391; x_wconf 87' lang='lat' dir='ltr'>Plaut.</span> <span class='ocrx_word' id='word_1_1982' title='bbox 1048 3364 1137 3390; x_wconf 83' lang='lat' dir='ltr'>Aulul.</span> <span class='ocrx_word' id='word_1_1983' title='bbox 1153 3373 1173 3393; x_wconf 71' lang='lat' dir='ltr'>a,</span> <span class='ocrx_word' id='word_1_1984' title='bbox 1187 3369 1244 3393; x_wconf 86' lang='lat' dir='ltr'>8,1o</span> <span class='ocrx_word' id='word_1_1985' title='bbox 1258 3365 1333 3390; x_wconf 79' lang='lat' dir='ltr'>Festo</span> <span class='ocrx_word' id='word_1_1986' title='bbox 1346 3371 1381 3395; x_wconf 90' lang='lat'>90</span> <span class='ocrx_word' id='word_1_1987' title='bbox 1395 3374 1452 3391; x_wconf 89' lang='lat' dir='ltr'>mus</span> <span class='ocrx_word' id='word_1_1988' title='bbox 1467 3362 1625 3390; x_wconf 78' lang='lat' dir='ltr'>Alexandro.</span> 
     </span>
     <span class='ocr_line' id='line_1_95' title="bbox 299 3390 2452 3439; baseline -0.002 -8"><span class='ocrx_word' id='word_1_1989' title='bbox 299 3405 342 3431; x_wconf 90' lang='lat' dir='ltr'>dic</span> <span class='ocrx_word' id='word_1_1990' title='bbox 356 3405 373 3430; x_wconf 86' lang='grc'>11</span> <span class='ocrx_word' id='word_1_1991' title='bbox 389 3404 452 3439; x_wconf 87' lang='lat' dir='ltr'>quid</span> <span class='ocrx_word' id='word_1_1992' title='bbox 466 3403 616 3439; x_wconf 87' lang='lat' dir='ltr'>prodegeris</span> <span class='ocrx_word' id='word_1_1993' title='bbox 625 3423 633 3435; x_wconf 93' lang='lat'>,</span> <span class='ocrx_word' id='word_1_1994' title='bbox 650 3402 766 3437; x_wconf 85' lang='lat' dir='ltr'>profesto</span> <span class='ocrx_word' id='word_1_1995' title='bbox 779 3410 854 3435; x_wconf 81' lang='lat' dir='ltr'>egere</span> <span class='ocrx_word' id='word_1_1996' title='bbox 866 3401 957 3431; x_wconf 76' lang='lat' dir='ltr'>liceat,</span> <span class='ocrx_word' id='word_1_1997' title='bbox 982 3399 1028 3425; x_wconf 86' lang='lat' dir='ltr'>nili</span> <span class='ocrx_word' id='word_1_1998' title='bbox 1049 3399 1203 3433; x_wconf 81' lang='lat' dir='ltr'>peperceris.</span> <span class='ocrx_word' id='word_1_1999' title='bbox 1275 3400 1335 3425; x_wconf 90' lang='lat' dir='ltr'>Liu.</span> <span class='ocrx_word' id='word_1_2000' title='bbox 1433 3407 1448 3426; x_wconf 73' lang='lat'>12</span> <span class='ocrx_word' id='word_1_2001' title='bbox 1458 3406 1474 3425; x_wconf 83' lang='grc' dir='ltr'><strong>Ε</strong></span> <span class='ocrx_word' id='word_1_2002' title='bbox 1484 3407 1496 3426; x_wconf 84' lang='lat' dir='ltr'>S</span> <span class='ocrx_word' id='word_1_2003' title='bbox 1506 3405 1527 3425; x_wconf 88' lang='lat' dir='ltr'>T</span> <span class='ocrx_word' id='word_1_2004' title='bbox 1538 3398 1592 3425; x_wconf 81' lang='lat' dir='ltr'>ivi</span> <span class='ocrx_word' id='word_1_2005' title='bbox 1603 3403 1624 3423; x_wconf 87' lang='lat' dir='ltr'>&#39;r</span> <span class='ocrx_word' id='word_1_2006' title='bbox 1635 3403 1650 3422; x_wconf 84' lang='lat' dir='ltr'>E</span> <span class='ocrx_word' id='word_1_2007' title='bbox 1659 3404 1687 3423; x_wconf 85' lang='lat' dir='ltr'>R.</span> <span class='ocrx_word' id='word_1_2008' title='bbox 1713 3396 1779 3423; x_wconf 87' lang='lat' dir='ltr'>Adu.</span> <span class='ocrx_word' id='word_1_2009' title='bbox 1813 3399 1939 3432; x_wconf 77' lang='lat' dir='ltr'>antiquum</span> <span class='ocrx_word' id='word_1_2010' title='bbox 1955 3404 2004 3432; x_wconf 83' lang='lat' dir='ltr'>pro</span> <span class='ocrx_word' id='word_1_2011' title='bbox 2032 3396 2132 3432; x_wconf 67' lang='lat' dir='ltr'>Festiuc.</span> <span class='ocrx_word' id='word_1_2012' title='bbox 2170 3399 2288 3426; x_wconf 86' lang='lat' dir='ltr'>Naeuius</span> <span class='ocrx_word' id='word_1_2013' title='bbox 2301 3396 2431 3433; x_wconf 56' lang='lat' dir='ltr'>Geminis}</span> <span class='ocrx_word' id='word_1_2014' title='bbox 2450 3390 2452 3407; x_wconf 44' lang='grc' dir='ltr'>ι</span> 
     </span>
     <span class='ocr_line' id='line_1_96' title="bbox 300 3431 2451 3479; baseline -0 -15"><span class='ocrx_word' id='word_1_2015' title='bbox 300 3448 323 3470; x_wconf 87' lang='grc'>2,</span> <span class='ocrx_word' id='word_1_2016' title='bbox 404 3460 410 3466; x_wconf 92' lang='grc'>.</span> <span class='ocrx_word' id='word_1_2017' title='bbox 446 3441 494 3466; x_wconf 87' lang='lat' dir='ltr'>His</span> <span class='ocrx_word' id='word_1_2018' title='bbox 508 3445 587 3467; x_wconf 77' lang='lat' dir='ltr'>COSS.</span> <span class='ocrx_word' id='word_1_2019' title='bbox 601 3437 676 3465; x_wconf 87' lang='lat' dir='ltr'>aedes</span> <span class='ocrx_word' id='word_1_2020' title='bbox 689 3438 799 3464; x_wconf 84' lang='lat' dir='ltr'>Saturno</span> <span class='ocrx_word' id='word_1_2021' title='bbox 812 3436 896 3463; x_wconf 88' lang='lat' dir='ltr'>dicata</span> <span class='ocrx_word' id='word_1_2022' title='bbox 912 3447 917 3461; x_wconf 91' lang='lat'>:</span> <span class='ocrx_word' id='word_1_2023' title='bbox 952 3435 1097 3461; x_wconf 84' lang='lat' dir='ltr'>Saturnalia</span> <span class='ocrx_word' id='word_1_2024' title='bbox 1112 3434 1243 3461; x_wconf 81' lang='lat' dir='ltr'>institutus</span> <span class='ocrx_word' id='word_1_2025' title='bbox 1256 3435 1335 3460; x_wconf 67' lang='lat' dir='ltr'>festus</span> <span class='ocrx_word' id='word_1_2026' title='bbox 1396 3437 1421 3462; x_wconf 93' lang='lat' dir='ltr'>O</span> <span class='ocrx_word' id='word_1_2027' title='bbox 1434 3435 1528 3461; x_wconf 87' lang='lat' dir='ltr'>domus</span> <span class='ocrx_word' id='word_1_2028' title='bbox 1543 3439 1627 3468; x_wconf 88' lang='lat' dir='ltr'>parata</span> <span class='ocrx_word' id='word_1_2029' title='bbox 1641 3432 1763 3467; x_wconf 83' lang='lat' dir='ltr'>pulchrae</span> <span class='ocrx_word' id='word_1_2030' title='bbox 1777 3431 1894 3470; x_wconf 77' lang='lat' dir='ltr'>familiae</span> <span class='ocrx_word' id='word_1_2031' title='bbox 1908 3433 2043 3460; x_wconf 80' lang='lat' dir='ltr'>festiuiter.</span> <span class='ocrx_word' id='word_1_2032' title='bbox 2085 3436 2122 3462; x_wconf 80' lang='lat' dir='ltr'>Ex</span> <span class='ocrx_word' id='word_1_2033' title='bbox 2136 3435 2229 3461; x_wconf 85' lang='lat' dir='ltr'>Nonio</span> <span class='ocrx_word' id='word_1_2034' title='bbox 2242 3443 2274 3468; x_wconf 87' lang='grc'>11,</span> <span class='ocrx_word' id='word_1_2035' title='bbox 2293 3443 2330 3463; x_wconf 85' lang='grc'>10.</span> <span class='ocrx_word' id='word_1_2036' title='bbox 2373 3437 2428 3463; x_wconf 79' lang='lat' dir='ltr'>Hoc</span> <span class='ocrx_word' id='word_1_2037' title='bbox 2450 3434 2451 3479; x_wconf 68' lang='grc'>1</span> 
     </span>
     <span class='ocr_line' id='line_1_97' title="bbox 301 3466 2233 3508; baseline -0.002 -9"><span class='ocrx_word' id='word_1_2038' title='bbox 301 3474 330 3499; x_wconf 86' lang='lat' dir='ltr'>di</span> <span class='ocrx_word' id='word_1_2039' title='bbox 347 3483 366 3499; x_wconf 84' lang='lat' dir='ltr'>s.</span> <span class='ocrx_word' id='word_1_2040' title='bbox 420 3475 486 3501; x_wconf 81' lang='lat' dir='ltr'>Festi</span> <span class='ocrx_word' id='word_1_2041' title='bbox 499 3475 554 3501; x_wconf 87' lang='lat' dir='ltr'>dies</span> <span class='ocrx_word' id='word_1_2042' title='bbox 566 3480 594 3501; x_wconf 88' lang='lat' dir='ltr'>vt</span> <span class='ocrx_word' id='word_1_2043' title='bbox 606 3472 700 3508; x_wconf 83' lang='lat' dir='ltr'>agendi</span> <span class='ocrx_word' id='word_1_2044' title='bbox 713 3472 761 3498; x_wconf 86' lang='lat' dir='ltr'>lint</span> <span class='ocrx_word' id='word_1_2045' title='bbox 772 3472 864 3498; x_wconf 88' lang='lat' dir='ltr'>villico</span> <span class='ocrx_word' id='word_1_2046' title='bbox 876 3472 943 3497; x_wconf 75' lang='lat' dir='ltr'>docet</span> <span class='ocrx_word' id='word_1_2047' title='bbox 955 3470 1060 3497; x_wconf 92' lang='lat' dir='ltr'>Colum.</span> <span class='ocrx_word' id='word_1_2048' title='bbox 1076 3479 1109 3502; x_wconf 89' lang='grc'>11,</span> <span class='ocrx_word' id='word_1_2049' title='bbox 1124 3478 1188 3502; x_wconf 89' lang='lat'>1,19.</span> <span class='ocrx_word' id='word_1_2050' title='bbox 1259 3471 1337 3496; x_wconf 86' lang='lat' dir='ltr'>Exer-</span> <span class='ocrx_word' id='word_1_2051' title='bbox 1395 3473 1519 3506; x_wconf 76' lang='lat' dir='ltr'>imprimis</span> <span class='ocrx_word' id='word_1_2052' title='bbox 1529 3466 1661 3496; x_wconf 64' lang='lat' dir='ltr'>delebimus</span> <span class='ocrx_word' id='word_1_2053' title='bbox 1674 3466 1707 3501; x_wconf 73' lang='lat' dir='ltr'>est</span> <span class='ocrx_word' id='word_1_2054' title='bbox 1719 3466 1834 3493; x_wconf 82' lang='lat' dir='ltr'>Gellius:</span> <span class='ocrx_word' id='word_1_2055' title='bbox 1868 3468 1919 3494; x_wconf 78' lang='lat' dir='ltr'>vid.</span> <span class='ocrx_word' id='word_1_2056' title='bbox 1936 3478 1956 3501; x_wconf 93' lang='lat'>1,</span> <span class='ocrx_word' id='word_1_2057' title='bbox 1970 3477 1982 3495; x_wconf 88' lang='lat'><em>2</em></span> <span class='ocrx_word' id='word_1_2058' title='bbox 1996 3475 2020 3495; x_wconf 72' lang='lat' dir='ltr'>et</span> <span class='ocrx_word' id='word_1_2059' title='bbox 2032 3477 2074 3496; x_wconf 88' lang='lat'>22.</span> <span class='ocrx_word' id='word_1_2060' title='bbox 2113 3476 2148 3503; x_wconf 81' lang='grc'>18,</span> <span class='ocrx_word' id='word_1_2061' title='bbox 2162 3475 2176 3500; x_wconf 90' lang='lat'>8</span> <span class='ocrx_word' id='word_1_2062' title='bbox 2189 3476 2233 3496; x_wconf 82' lang='lat' dir='ltr'>etc.</span> 
     </span>
    </p>
   </div>
   <div class='ocr_carea' id='block_1_18' title="bbox 302 3505 2445 3718">
    <p class='ocr_par' dir='ltr' id='par_1_26' title="bbox 302 3505 2413 3578">
     <span class='ocr_line' id='line_1_98' title="bbox 302 3505 2413 3542; baseline -0.003 -8"><span class='ocrx_word' id='word_1_2063' title='bbox 302 3517 330 3534; x_wconf 90' lang='lat' dir='ltr'>ce</span> <span class='ocrx_word' id='word_1_2064' title='bbox 346 3517 360 3533; x_wconf 93' lang='lat' dir='ltr'>e</span> <span class='ocrx_word' id='word_1_2065' title='bbox 374 3517 440 3542; x_wconf 86' lang='lat' dir='ltr'>quae</span> <span class='ocrx_word' id='word_1_2066' title='bbox 455 3510 557 3537; x_wconf 86' lang='lat' dir='ltr'>licitum</span> <span class='ocrx_word' id='word_1_2067' title='bbox 571 3510 600 3536; x_wconf 84' lang='lat' dir='ltr'>fit</span> <span class='ocrx_word' id='word_1_2068' title='bbox 613 3509 705 3536; x_wconf 90' lang='lat' dir='ltr'>diebus</span> <span class='ocrx_word' id='word_1_2069' title='bbox 717 3508 788 3534; x_wconf 83' lang='lat' dir='ltr'>festis</span> <span class='ocrx_word' id='word_1_2070' title='bbox 802 3507 912 3541; x_wconf 76' lang='lat' dir='ltr'>disputat</span> <span class='ocrx_word' id='word_1_2071' title='bbox 927 3506 997 3532; x_wconf 85' lang='lat' dir='ltr'>Idem</span> <span class='ocrx_word' id='word_1_2072' title='bbox 1010 3515 1033 3536; x_wconf 84' lang='lat'>2,</span> <span class='ocrx_word' id='word_1_2073' title='bbox 1047 3514 1089 3538; x_wconf 86' lang='lat'>22,</span> <span class='ocrx_word' id='word_1_2074' title='bbox 1104 3514 1122 3531; x_wconf 88' lang='lat'>1.</span> <span class='ocrx_word' id='word_1_2075' title='bbox 1194 3505 1261 3531; x_wconf 49' lang='lat' dir='ltr'>Adii.</span> <span class='ocrx_word' id='word_1_2076' title='bbox 1282 3507 1337 3532; x_wconf 90' lang='lat' dir='ltr'>Ma·</span> <span class='ocrx_word' id='word_1_2077' title='bbox 2407 3508 2413 3520; x_wconf 72' lang='lat'>⁸</span> 
     </span>
     <span class='ocr_line' id='line_1_99' title="bbox 304 3541 2058 3578; baseline -0.002 -10"><span class='ocrx_word' id='word_1_2078' title='bbox 304 3543 376 3569; x_wconf 89' lang='lat' dir='ltr'>crob.</span> <span class='ocrx_word' id='word_1_2079' title='bbox 391 3544 439 3569; x_wconf 84' lang='lat' dir='ltr'>Sat.</span> <span class='ocrx_word' id='word_1_2080' title='bbox 452 3553 472 3575; x_wconf 89' lang='grc'>3,</span> <span class='ocrx_word' id='word_1_2081' title='bbox 486 3555 504 3575; x_wconf 77' lang='lat'>3.</span> <span class='ocrx_word' id='word_1_2082' title='bbox 576 3544 674 3571; x_wconf 79' lang='lat' dir='ltr'>Fundus</span> <span class='ocrx_word' id='word_1_2083' title='bbox 687 3547 786 3578; x_wconf 70' lang='lat' dir='ltr'>verique</span> <span class='ocrx_word' id='word_1_2084' title='bbox 815 3543 889 3576; x_wconf 84' lang='lat' dir='ltr'>Virg.</span> <span class='ocrx_word' id='word_1_2085' title='bbox 902 3542 997 3574; x_wconf 89' lang='lat' dir='ltr'>Georg.</span> <span class='ocrx_word' id='word_1_2086' title='bbox 1015 3550 1038 3571; x_wconf 87' lang='lat'>1,</span> <span class='ocrx_word' id='word_1_2087' title='bbox 1054 3544 1099 3570; x_wconf 87' lang='lat'>268</span> <span class='ocrx_word' id='word_1_2088' title='bbox 1139 3541 1243 3574; x_wconf 71' lang='lat' dir='ltr'>Quippe</span> <span class='ocrx_word' id='word_1_2089' title='bbox 1257 3542 1336 3567; x_wconf 87' lang='lat' dir='ltr'>etiam</span> <span class='ocrx_word' id='word_1_2090' title='bbox 1349 3544 1381 3570; x_wconf 81' lang='lat'>95</span> <span class='ocrx_word' id='word_1_2091' title='bbox 1779 3541 1802 3571; x_wconf 91' lang='lat' dir='ltr'>F</span> <span class='ocrx_word' id='word_1_2092' title='bbox 1903 3543 1929 3573; x_wconf 79' lang='lat' dir='ltr'>E</span> <span class='ocrx_word' id='word_1_2093' title='bbox 2024 3542 2058 3573; x_wconf 89' lang='lat' dir='ltr'>T</span> 
     </span>
    </p>

    <p class='ocr_par' dir='ltr' id='par_1_27' title="bbox 304 3577 2445 3718">
     <span class='ocr_line' id='line_1_100' title="bbox 304 3577 2438 3612; baseline 0 -10"><span class='ocrx_word' id='word_1_2094' title='bbox 304 3578 375 3603; x_wconf 80' lang='lat' dir='ltr'>fest1s</span> <span class='ocrx_word' id='word_1_2095' title='bbox 391 3579 516 3612; x_wconf 87' lang='lat' dir='ltr'>quaedam</span> <span class='ocrx_word' id='word_1_2096' title='bbox 530 3589 650 3607; x_wconf 82' lang='lat' dir='ltr'>exercere</span> <span class='ocrx_word' id='word_1_2097' title='bbox 663 3578 754 3605; x_wconf 87' lang='lat' dir='ltr'>diebus</span> <span class='ocrx_word' id='word_1_2098' title='bbox 790 3579 835 3604; x_wconf 85' lang='lat' dir='ltr'>Fas</span> <span class='ocrx_word' id='word_1_2099' title='bbox 849 3584 874 3603; x_wconf 91' lang='lat' dir='ltr'>et</span> <span class='ocrx_word' id='word_1_2100' title='bbox 888 3577 945 3603; x_wconf 86' lang='lat' dir='ltr'>iura</span> <span class='ocrx_word' id='word_1_2101' title='bbox 965 3577 1064 3607; x_wconf 85' lang='lat' dir='ltr'>linunt,</span> <span class='ocrx_word' id='word_1_2102' title='bbox 1081 3583 1126 3602; x_wconf 72' lang='lat' dir='ltr'>etc.</span> <span class='ocrx_word' id='word_1_2103' title='bbox 1199 3577 1261 3603; x_wconf 79' lang='lat' dir='ltr'>Sunt</span> <span class='ocrx_word' id='word_1_2104' title='bbox 1274 3581 1337 3603; x_wconf 79' lang='lat' dir='ltr'>enim</span> <span class='ocrx_word' id='word_1_2105' title='bbox 2433 3603 2438 3610; x_wconf 34' lang='grc'>7</span> 
     </span>
     <span class='ocr_line' id='line_1_101' title="bbox 304 3610 2426 3655; baseline 0 -17"><span class='ocrx_word' id='word_1_2106' title='bbox 304 3614 386 3648; x_wconf 66' lang='lat' dir='ltr'>plina.</span> <span class='ocrx_word' id='word_1_2107' title='bbox 501 3616 613 3655; x_wconf 68' lang='lat' dir='ltr'>Mctaph.</span> <span class='ocrx_word' id='word_1_2108' title='bbox 648 3615 729 3641; x_wconf 86' lang='lat' dir='ltr'>Plaut.</span> <span class='ocrx_word' id='word_1_2109' title='bbox 743 3613 826 3640; x_wconf 82' lang='lat' dir='ltr'>Calin.</span> <span class='ocrx_word' id='word_1_2110' title='bbox 844 3622 862 3642; x_wconf 83' lang='lat'>1,</span> <span class='ocrx_word' id='word_1_2111' title='bbox 876 3621 911 3645; x_wconf 89' lang='lat'>49</span> <span class='ocrx_word' id='word_1_2112' title='bbox 928 3612 989 3638; x_wconf 83' lang='lat' dir='ltr'>Sine</span> <span class='ocrx_word' id='word_1_2113' title='bbox 1003 3611 1097 3637; x_wconf 87' lang='lat' dir='ltr'>amabo</span> <span class='ocrx_word' id='word_1_2114' title='bbox 1110 3617 1135 3637; x_wconf 90' lang='lat' dir='ltr'>te</span> <span class='ocrx_word' id='word_1_2115' title='bbox 1147 3612 1244 3639; x_wconf 83' lang='lat' dir='ltr'>amari.</span> <span class='ocrx_word' id='word_1_2116' title='bbox 1263 3621 1336 3638; x_wconf 90' lang='lat' dir='ltr'>meus</span> <span class='ocrx_word' id='word_1_2117' title='bbox 1436 3617 1454 3638; x_wconf 79' lang='lat' dir='ltr'>F</span> <span class='ocrx_word' id='word_1_2118' title='bbox 1464 3618 1527 3638; x_wconf 83' lang='lat' dir='ltr'>ETi</span> <span class='ocrx_word' id='word_1_2119' title='bbox 1538 3617 1559 3637; x_wconf 79' lang='grc' dir='ltr'><strong>Α</strong></span> <span class='ocrx_word' id='word_1_2120' title='bbox 1568 3615 1584 3635; x_wconf 85' lang='lat'>1.</span> <span class='ocrx_word' id='word_1_2121' title='bbox 1598 3616 1645 3641; x_wconf 80' lang='lat'>18,</span> <span class='ocrx_word' id='word_1_2122' title='bbox 1664 3611 1702 3636; x_wconf 83' lang='lat' dir='ltr'>ita</span> <span class='ocrx_word' id='word_1_2123' title='bbox 1714 3613 1791 3642; x_wconf 79' lang='lat' dir='ltr'>enim,</span> <span class='ocrx_word' id='word_1_2124' title='bbox 1809 3620 1855 3636; x_wconf 82' lang='lat' dir='ltr'>non</span> <span class='ocrx_word' id='word_1_2125' title='bbox 1872 3617 1888 3637; x_wconf 77' lang='lat' dir='ltr'>F</span> <span class='ocrx_word' id='word_1_2126' title='bbox 1899 3617 1941 3638; x_wconf 83' lang='lat' dir='ltr'>EC</span> <span class='ocrx_word' id='word_1_2127' title='bbox 1950 3619 1959 3637; x_wconf 87' lang='lat'>1</span> <span class='ocrx_word' id='word_1_2128' title='bbox 1968 3618 1989 3638; x_wconf 83' lang='grc' dir='ltr'>Α</span> <span class='ocrx_word' id='word_1_2129' title='bbox 1999 3617 2016 3638; x_wconf 87' lang='lat'>1.</span> <span class='ocrx_word' id='word_1_2130' title='bbox 2030 3618 2039 3638; x_wconf 91' lang='lat'>1</span> <span class='ocrx_word' id='word_1_2131' title='bbox 2050 3618 2063 3638; x_wconf 86' lang='lat' dir='ltr'>s</span> <span class='ocrx_word' id='word_1_2132' title='bbox 2078 3610 2342 3646; x_wconf 68' lang='lat' dir='ltr'>ffscribendum‚vcl</span> <span class='ocrx_word' id='word_1_2133' title='bbox 2353 3612 2426 3641; x_wconf 57' lang='lat' dir='ltr'>Gras-</span> 
     </span>
     <span class='ocr_line' id='line_1_102' title="bbox 307 3645 2425 3682; baseline 0 -8"><span class='ocrx_word' id='word_1_2134' title='bbox 307 3649 385 3674; x_wconf 65' lang='lat' dir='ltr'>fetlus</span> <span class='ocrx_word' id='word_1_2135' title='bbox 398 3648 460 3674; x_wconf 84' lang='lat' dir='ltr'>dies.</span> <span class='ocrx_word' id='word_1_2136' title='bbox 554 3650 574 3674; x_wconf 75' lang='lat' dir='ltr'>&#39;I</span> <span class='ocrx_word' id='word_1_2137' title='bbox 586 3659 621 3674; x_wconf 81' lang='lat' dir='ltr'>er.</span> <span class='ocrx_word' id='word_1_2138' title='bbox 637 3651 700 3676; x_wconf 71' lang='lat' dir='ltr'>I-Iun.</span> <span class='ocrx_word' id='word_1_2139' title='bbox 716 3659 736 3681; x_wconf 76' lang='grc'>3,</span> <span class='ocrx_word' id='word_1_2140' title='bbox 750 3658 772 3682; x_wconf 79' lang='grc' dir='ltr'>ς,</span> <span class='ocrx_word' id='word_1_2141' title='bbox 786 3658 812 3675; x_wconf 87' lang='lat'>12</span> <span class='ocrx_word' id='word_1_2142' title='bbox 831 3650 855 3675; x_wconf 94' lang='lat' dir='ltr'>O</span> <span class='ocrx_word' id='word_1_2143' title='bbox 870 3647 948 3674; x_wconf 85' lang='lat' dir='ltr'>festus</span> <span class='ocrx_word' id='word_1_2144' title='bbox 962 3647 1016 3673; x_wconf 90' lang='lat' dir='ltr'>dics</span> <span class='ocrx_word' id='word_1_2145' title='bbox 1030 3646 1159 3673; x_wconf 90' lang='lat' dir='ltr'>hominis:</span> <span class='ocrx_word' id='word_1_2146' title='bbox 1193 3647 1277 3673; x_wconf 87' lang='lat' dir='ltr'>amice</span> <span class='ocrx_word' id='word_1_2147' title='bbox 1291 3648 1337 3674; x_wconf 83' lang='lat' dir='ltr'>sal-</span> <span class='ocrx_word' id='word_1_2148' title='bbox 1399 3650 1423 3674; x_wconf 87' lang='lat' dir='ltr'>ci</span> <span class='ocrx_word' id='word_1_2149' title='bbox 1436 3648 1495 3674; x_wconf 81' lang='lat' dir='ltr'>libri</span> <span class='ocrx_word' id='word_1_2150' title='bbox 1502 3645 1625 3682; x_wconf 77' lang='lat' dir='ltr'>suadent,</span> <span class='ocrx_word' id='word_1_2151' title='bbox 1644 3648 1670 3670; x_wconf 82' lang='lat' dir='ltr'>in</span> <span class='ocrx_word' id='word_1_2152' title='bbox 1692 3645 1776 3680; x_wconf 87' lang='lat' dir='ltr'>quibus</span> <span class='ocrx_word' id='word_1_2153' title='bbox 1791 3647 1906 3673; x_wconf 49' lang='lat' dir='ltr'>Fetiales.</span> <span class='ocrx_word' id='word_1_2154' title='bbox 1935 3645 2102 3681; x_wconf 71' lang='grc' dir='ltr'>[εἰρηνοδὶκαι,</span> <span class='ocrx_word' id='word_1_2155' title='bbox 2120 3648 2260 3681; x_wconf 60' lang='grc' dir='ltr'>εἰρηνοποιοί,</span> <span class='ocrx_word' id='word_1_2156' title='bbox 2281 3656 2323 3674; x_wconf 83' lang='lat' dir='ltr'>aut</span> <span class='ocrx_word' id='word_1_2157' title='bbox 2341 3646 2425 3675; x_wconf 64' lang='grc' dir='ltr'><em>σκεδά-</em></span> 
     </span>
     <span class='ocr_line' id='line_1_103' title="bbox 307 3680 2445 3718; baseline -0 -9"><span class='ocrx_word' id='word_1_2158' title='bbox 307 3693 349 3709; x_wconf 85' lang='lat' dir='ltr'>vc.</span> <span class='ocrx_word' id='word_1_2159' title='bbox 423 3684 554 3714; x_wconf 87' lang='lat' dir='ltr'>Donatus,</span> <span class='ocrx_word' id='word_1_2160' title='bbox 571 3685 594 3709; x_wconf 90' lang='lat' dir='ltr'>O</span> <span class='ocrx_word' id='word_1_2161' title='bbox 610 3685 688 3710; x_wconf 77' lang='lat' dir='ltr'>fellus</span> <span class='ocrx_word' id='word_1_2162' title='bbox 701 3686 771 3716; x_wconf 82' lang='lat' dir='ltr'>dics,</span> <span class='ocrx_word' id='word_1_2163' title='bbox 792 3686 886 3711; x_wconf 87' lang='lat' dir='ltr'>Vtrum</span> <span class='ocrx_word' id='word_1_2164' title='bbox 900 3683 963 3717; x_wconf 84' lang='lat' dir='ltr'>quia</span> <span class='ocrx_word' id='word_1_2165' title='bbox 984 3683 1057 3708; x_wconf 86' lang='lat' dir='ltr'>causa</span> <span class='ocrx_word' id='word_1_2166' title='bbox 1079 3682 1113 3708; x_wconf 87' lang='lat' dir='ltr'>est</span> <span class='ocrx_word' id='word_1_2167' title='bbox 1138 3682 1196 3708; x_wconf 82' lang='lat' dir='ltr'>festi</span> <span class='ocrx_word' id='word_1_2168' title='bbox 1219 3691 1247 3709; x_wconf 85' lang='lat' dir='ltr'>ac</span> <span class='ocrx_word' id='word_1_2169' title='bbox 1274 3683 1337 3709; x_wconf 88' lang='lat' dir='ltr'>laeti</span> <span class='ocrx_word' id='word_1_2170' title='bbox 1399 3684 1485 3718; x_wconf 75' lang='grc' dir='ltr'><strong><em>φοροι]</em></strong></span> <span class='ocrx_word' id='word_1_2171' title='bbox 1519 3680 1740 3713; x_wconf 62' lang='grc' dir='ltr'>ειίαηι,φετια’λης,</span> <span class='ocrx_word' id='word_1_2172' title='bbox 1757 3681 1895 3713; x_wconf 45' lang='lat' dir='ltr'>mmmm,</span> <span class='ocrx_word' id='word_1_2173' title='bbox 1913 3683 1953 3708; x_wconf 82' lang='lat' dir='ltr'>vel</span> <span class='ocrx_word' id='word_1_2174' title='bbox 1963 3681 2087 3716; x_wconf 74' lang='grc' dir='ltr'>φητωίλιω</span> <span class='ocrx_word' id='word_1_2175' title='bbox 2110 3681 2225 3709; x_wconf 80' lang='lat' dir='ltr'>dicuntur</span> <span class='ocrx_word' id='word_1_2176' title='bbox 2240 3694 2246 3708; x_wconf 86' lang='lat'>.·</span> <span class='ocrx_word' id='word_1_2177' title='bbox 2281 3685 2320 3710; x_wconf 72' lang='lat' dir='ltr'>vel</span> <span class='ocrx_word' id='word_1_2178' title='bbox 2338 3693 2425 3718; x_wconf 70' lang='lat' dir='ltr'>etymo-</span> <span class='ocrx_word' id='word_1_2179' title='bbox 2443 3686 2445 3689; x_wconf 88' lang='grc'><strong>“</strong></span> 
     </span>
    </p>
   </div>
   <div class='ocr_carea' id='block_1_19' title="bbox 303 3715 2432 3956">
    <p class='ocr_par' dir='ltr' id='par_1_28' title="bbox 303 3715 2432 3955">
     <span class='ocr_line' id='line_1_104' title="bbox 309 3715 2426 3755; baseline -0 -10"><span class='ocrx_word' id='word_1_2180' title='bbox 309 3718 363 3745; x_wconf 80' lang='lat' dir='ltr'>diei</span> <span class='ocrx_word' id='word_1_2181' title='bbox 377 3719 386 3744; x_wconf 78' lang='lat'><em>3</em></span> <span class='ocrx_word' id='word_1_2182' title='bbox 420 3726 451 3744; x_wconf 83' lang='lat' dir='ltr'>an</span> <span class='ocrx_word' id='word_1_2183' title='bbox 466 3718 528 3751; x_wconf 86' lang='lat' dir='ltr'>quia</span> <span class='ocrx_word' id='word_1_2184' title='bbox 540 3718 593 3751; x_wconf 86' lang='lat' dir='ltr'>ipse</span> <span class='ocrx_word' id='word_1_2185' title='bbox 612 3725 695 3745; x_wconf 81' lang='lat' dir='ltr'>tantus</span> <span class='ocrx_word' id='word_1_2186' title='bbox 708 3720 745 3749; x_wconf 82' lang='lat' dir='ltr'>lit,</span> <span class='ocrx_word' id='word_1_2187' title='bbox 760 3726 872 3753; x_wconf 84' lang='lat' dir='ltr'>quantus</span> <span class='ocrx_word' id='word_1_2188' title='bbox 885 3719 921 3745; x_wconf 88' lang='lat' dir='ltr'>est</span> <span class='ocrx_word' id='word_1_2189' title='bbox 934 3718 1012 3744; x_wconf 83' lang='lat' dir='ltr'>festus</span> <span class='ocrx_word' id='word_1_2190' title='bbox 1025 3717 1079 3743; x_wconf 82' lang='lat' dir='ltr'>dies</span> <span class='ocrx_word' id='word_1_2191' title='bbox 1095 3719 1104 3743; x_wconf 78' lang='lat'>3</span> <span class='ocrx_word' id='word_1_2192' title='bbox 1141 3719 1194 3743; x_wconf 86' lang='lat' dir='ltr'>Hoc</span> <span class='ocrx_word' id='word_1_2193' title='bbox 1202 3725 1277 3752; x_wconf 80' lang='lat' dir='ltr'>puto,</span> <span class='ocrx_word' id='word_1_2194' title='bbox 1297 3726 1392 3745; x_wconf 82' lang='lat' dir='ltr'>vo-ioo</span> <span class='ocrx_word' id='word_1_2195' title='bbox 1399 3720 1466 3754; x_wconf 84' lang='lat' dir='ltr'>logia</span> <span class='ocrx_word' id='word_1_2196' title='bbox 1478 3727 1493 3743; x_wconf 90' lang='lat' dir='ltr'>a</span> <span class='ocrx_word' id='word_1_2197' title='bbox 1506 3717 1600 3747; x_wconf 85' lang='lat' dir='ltr'>fando,</span> <span class='ocrx_word' id='word_1_2198' title='bbox 1615 3725 1668 3740; x_wconf 84' lang='lat' dir='ltr'>cum</span> <span class='ocrx_word' id='word_1_2199' title='bbox 1676 3715 1729 3748; x_wconf 73' lang='lat' dir='ltr'>jint</span> <span class='ocrx_word' id='word_1_2200' title='bbox 1742 3724 1850 3744; x_wconf 69' lang='lat' dir='ltr'>oratores</span> <span class='ocrx_word' id='word_1_2201' title='bbox 1863 3717 1978 3752; x_wconf 82' lang='lat' dir='ltr'>quidam,</span> <span class='ocrx_word' id='word_1_2202' title='bbox 1997 3717 2184 3753; x_wconf 77' lang='lat' dir='ltr'>farisbllemnia</span> <span class='ocrx_word' id='word_1_2203' title='bbox 2197 3719 2271 3746; x_wconf 73' lang='lat' dir='ltr'>uerba</span> <span class='ocrx_word' id='word_1_2204' title='bbox 2286 3722 2352 3744; x_wconf 67' lang='lat' dir='ltr'>inti-r</span> <span class='ocrx_word' id='word_1_2205' title='bbox 2369 3728 2426 3755; x_wconf 76' lang='lat' dir='ltr'>gen-</span> 
     </span>
     <span class='ocr_line' id='line_1_105' title="bbox 307 3751 2427 3789; baseline -0 -9"><span class='ocrx_word' id='word_1_2206' title='bbox 307 3755 355 3781; x_wconf 77' lang='lat' dir='ltr'>lut</span> <span class='ocrx_word' id='word_1_2207' title='bbox 372 3755 564 3783; x_wconf 77' lang='lat' dir='ltr'>Grammaticus,</span> <span class='ocrx_word' id='word_1_2208' title='bbox 584 3753 657 3786; x_wconf 67' lang='lat' dir='ltr'>ipsius</span> <span class='ocrx_word' id='word_1_2209' title='bbox 665 3756 830 3788; x_wconf 65' lang='lat' dir='ltr'>praefi-utiam</span> <span class='ocrx_word' id='word_1_2210' title='bbox 843 3756 888 3782; x_wconf 81' lang='lat' dir='ltr'>hoc</span> <span class='ocrx_word' id='word_1_2211' title='bbox 901 3752 991 3789; x_wconf 76' lang='lat' dir='ltr'>efficere</span> <span class='ocrx_word' id='word_1_2212' title='bbox 1000 3773 1008 3784; x_wconf 96' lang='lat'>,</span> <span class='ocrx_word' id='word_1_2213' title='bbox 1025 3753 1089 3788; x_wconf 79' lang='lat' dir='ltr'>quod</span> <span class='ocrx_word' id='word_1_2214' title='bbox 1100 3752 1164 3787; x_wconf 71' lang='lat' dir='ltr'>fhlet</span> <span class='ocrx_word' id='word_1_2215' title='bbox 1177 3752 1260 3788; x_wconf 84' lang='lat' dir='ltr'>festus</span> <span class='ocrx_word' id='word_1_2216' title='bbox 1277 3753 1339 3786; x_wconf 72' lang='lat' dir='ltr'>dies,</span> <span class='ocrx_word' id='word_1_2217' title='bbox 1397 3759 1434 3780; x_wconf 75' lang='lat' dir='ltr'>tes</span> <span class='ocrx_word' id='word_1_2218' title='bbox 1447 3751 1511 3787; x_wconf 69' lang='lat' dir='ltr'>ruffi.</span> <span class='ocrx_word' id='word_1_2219' title='bbox 1548 3753 1650 3777; x_wconf 79' lang='lat' dir='ltr'>Interim</span> <span class='ocrx_word' id='word_1_2220' title='bbox 1662 3751 1769 3778; x_wconf 68' lang='lat' dir='ltr'>fecialis</span> <span class='ocrx_word' id='word_1_2221' title='bbox 1781 3751 1814 3784; x_wconf 68' lang='lat' dir='ltr'>est</span> <span class='ocrx_word' id='word_1_2222' title='bbox 1826 3756 1853 3778; x_wconf 84' lang='lat' dir='ltr'>in</span> <span class='ocrx_word' id='word_1_2223' title='bbox 1865 3753 1938 3779; x_wconf 78' lang='lat' dir='ltr'>libris</span> <span class='ocrx_word' id='word_1_2224' title='bbox 1947 3755 2070 3787; x_wconf 74' lang='lat' dir='ltr'>plerisque</span> <span class='ocrx_word' id='word_1_2225' title='bbox 2082 3763 2090 3777; x_wconf 94' lang='lat'><em>:</em></span> <span class='ocrx_word' id='word_1_2226' title='bbox 2126 3760 2149 3778; x_wconf 78' lang='lat' dir='ltr'>et</span> <span class='ocrx_word' id='word_1_2227' title='bbox 2160 3755 2279 3780; x_wconf 66' lang='lat' dir='ltr'>retentum</span> <span class='ocrx_word' id='word_1_2228' title='bbox 2299 3763 2387 3789; x_wconf 81' lang='lat' dir='ltr'>quoque</span> <span class='ocrx_word' id='word_1_2229' title='bbox 2400 3756 2427 3779; x_wconf 86' lang='lat' dir='ltr'>in</span> 
     </span>
     <span class='ocr_line' id='line_1_106' title="bbox 306 3785 2426 3823; baseline -0.001 -8"><span class='ocrx_word' id='word_1_2230' title='bbox 306 3790 459 3815; x_wconf 72' lang='lat' dir='ltr'>hilaritatem</span> <span class='ocrx_word' id='word_1_2231' title='bbox 467 3794 545 3823; x_wconf 83' lang='lat' dir='ltr'>puta,</span> <span class='ocrx_word' id='word_1_2232' title='bbox 562 3789 659 3822; x_wconf 67' lang='lat' dir='ltr'>epulas,</span> <span class='ocrx_word' id='word_1_2233' title='bbox 678 3790 746 3814; x_wconf 73' lang='lat' dir='ltr'>ludos</span> <span class='ocrx_word' id='word_1_2234' title='bbox 762 3795 806 3815; x_wconf 78' lang='lat' dir='ltr'>etc.</span> <span class='ocrx_word' id='word_1_2235' title='bbox 877 3791 918 3817; x_wconf 86' lang='lat' dir='ltr'>Sic</span> <span class='ocrx_word' id='word_1_2236' title='bbox 932 3795 1019 3816; x_wconf 81' lang='lat' dir='ltr'>contra</span> <span class='ocrx_word' id='word_1_2237' title='bbox 1033 3787 1158 3822; x_wconf 60' lang='grc' dir='ltr'>ἀποφράς,</span> <span class='ocrx_word' id='word_1_2238' title='bbox 1180 3789 1244 3823; x_wconf 80' lang='lat' dir='ltr'>quod</span> <span class='ocrx_word' id='word_1_2239' title='bbox 1255 3798 1338 3815; x_wconf 68' lang='lat' dir='ltr'>nomen</span> <span class='ocrx_word' id='word_1_2240' title='bbox 1398 3789 1468 3814; x_wconf 85' lang='lat' dir='ltr'>Liuio</span> <span class='ocrx_word' id='word_1_2241' title='bbox 1483 3785 1664 3813; x_wconf 68' lang='lat' dir='ltr'>Drakenborch.</span> <span class='ocrx_word' id='word_1_2242' title='bbox 1704 3789 1785 3823; x_wconf 73' lang='lat' dir='ltr'>Neque</span> <span class='ocrx_word' id='word_1_2243' title='bbox 1798 3788 1931 3814; x_wconf 67' lang='lat' dir='ltr'>audiendus</span> <span class='ocrx_word' id='word_1_2244' title='bbox 1942 3789 1982 3814; x_wconf 78' lang='lat' dir='ltr'>hic</span> <span class='ocrx_word' id='word_1_2245' title='bbox 1996 3786 2027 3819; x_wconf 71' lang='lat' dir='ltr'>est</span> <span class='ocrx_word' id='word_1_2246' title='bbox 2042 3787 2137 3820; x_wconf 72' lang='lat' dir='ltr'>Festus,</span> <span class='ocrx_word' id='word_1_2247' title='bbox 2159 3789 2267 3815; x_wconf 83' lang='lat' dir='ltr'>Fetiales</span> <span class='ocrx_word' id='word_1_2248' title='bbox 2279 3798 2292 3814; x_wconf 90' lang='lat' dir='ltr'>a</span> <span class='ocrx_word' id='word_1_2249' title='bbox 2307 3788 2426 3815; x_wconf 77' lang='lat' dir='ltr'>feriendo</span> 
     </span>
     <span class='ocr_line' id='line_1_107' title="bbox 304 3820 2432 3859; baseline -0 -9"><span class='ocrx_word' id='word_1_2250' title='bbox 304 3824 369 3850; x_wconf 73' lang='lat' dir='ltr'>diem</span> <span class='ocrx_word' id='word_1_2251' title='bbox 382 3831 479 3856; x_wconf 73' lang='lat' dir='ltr'>atrum,</span> <span class='ocrx_word' id='word_1_2252' title='bbox 497 3823 748 3858; x_wconf 78' lang='lat' dir='ltr'>inauspicatumqucfi</span> <span class='ocrx_word' id='word_1_2253' title='bbox 767 3823 867 3857; x_wconf 75' lang='lat' dir='ltr'>nificat,</span> <span class='ocrx_word' id='word_1_2254' title='bbox 884 3827 1018 3851; x_wconf 80' lang='lat' dir='ltr'>conuicium</span> <span class='ocrx_word' id='word_1_2255' title='bbox 1030 3821 1062 3856; x_wconf 82' lang='lat' dir='ltr'>cst</span> <span class='ocrx_word' id='word_1_2256' title='bbox 1080 3826 1107 3848; x_wconf 85' lang='lat' dir='ltr'>in</span> <span class='ocrx_word' id='word_1_2257' title='bbox 1121 3824 1255 3856; x_wconf 73' lang='lat' dir='ltr'>hominem,</span> <span class='ocrx_word' id='word_1_2258' title='bbox 1269 3828 1340 3850; x_wconf 74' lang='lat' dir='ltr'>cuius</span> <span class='ocrx_word' id='word_1_2259' title='bbox 1399 3822 1481 3853; x_wconf 70' lang='lat' dir='ltr'>dieti,</span> <span class='ocrx_word' id='word_1_2260' title='bbox 1498 3820 1564 3855; x_wconf 87' lang='lat' dir='ltr'>apud</span> <span class='ocrx_word' id='word_1_2261' title='bbox 1579 3820 1626 3847; x_wconf 85' lang='lat' dir='ltr'>hos</span> <span class='ocrx_word' id='word_1_2262' title='bbox 1639 3821 1709 3848; x_wconf 87' lang='lat' dir='ltr'>enim</span> <span class='ocrx_word' id='word_1_2263' title='bbox 1724 3822 1785 3849; x_wconf 83' lang='lat' dir='ltr'>belli</span> <span class='ocrx_word' id='word_1_2264' title='bbox 1800 3824 1920 3858; x_wconf 86' lang='lat' dir='ltr'>pacisque</span> <span class='ocrx_word' id='word_1_2265' title='bbox 1933 3822 2065 3849; x_wconf 84' lang='lat' dir='ltr'>faciendae</span> <span class='ocrx_word' id='word_1_2266' title='bbox 2079 3823 2119 3848; x_wconf 83' lang='lat' dir='ltr'>ius</span> <span class='ocrx_word' id='word_1_2267' title='bbox 2132 3823 2175 3850; x_wconf 85' lang='lat' dir='ltr'>est.</span> <span class='ocrx_word' id='word_1_2268' title='bbox 2233 3826 2316 3859; x_wconf 71' lang='lat' dir='ltr'>Neque</span> <span class='ocrx_word' id='word_1_2269' title='bbox 2332 3826 2432 3859; x_wconf 74' lang='lat' dir='ltr'>etymon&#39;</span> 
     </span>
     <span class='ocr_line' id='line_1_108' title="bbox 304 3833 2426 3896; baseline 0 -11"><span class='ocrx_word' id='word_1_2270' title='bbox 304 3860 355 3895; x_wconf 79' lang='lat' dir='ltr'>ipse</span> <span class='ocrx_word' id='word_1_2271' title='bbox 369 3857 524 3894; x_wconf 81' lang='lat' dir='ltr'>occursusfit</span> <span class='ocrx_word' id='word_1_2272' title='bbox 536 3859 595 3883; x_wconf 74' lang='lat' dir='ltr'>mali</span> <span class='ocrx_word' id='word_1_2273' title='bbox 608 3862 695 3884; x_wconf 81' lang='lat' dir='ltr'>ominis</span> <span class='ocrx_word' id='word_1_2274' title='bbox 709 3833 789 3891; x_wconf 62' lang='lat' dir='ltr'>inffar</span> <span class='ocrx_word' id='word_1_2275' title='bbox 802 3858 977 3894; x_wconf 69' lang='lat' dir='ltr'>defiigiendut,</span> <span class='ocrx_word' id='word_1_2276' title='bbox 996 3868 1042 3896; x_wconf 85' lang='lat' dir='ltr'>quo</span> <span class='ocrx_word' id='word_1_2277' title='bbox 1050 3859 1176 3894; x_wconf 71' lang='lat' dir='ltr'>praesente</span> <span class='ocrx_word' id='word_1_2278' title='bbox 1188 3860 1254 3885; x_wconf 83' lang='lat' dir='ltr'>nihil</span> <span class='ocrx_word' id='word_1_2279' title='bbox 1265 3860 1339 3886; x_wconf 83' lang='lat' dir='ltr'>bonae</span> <span class='ocrx_word' id='word_1_2280' title='bbox 1392 3856 1533 3892; x_wconf 79' lang='lat' dir='ltr'>probabile,</span> <span class='ocrx_word' id='word_1_2281' title='bbox 1553 3862 1576 3881; x_wconf 79' lang='lat' dir='ltr'>et</span> <span class='ocrx_word' id='word_1_2282' title='bbox 1587 3858 1647 3882; x_wconf 68' lang='lat' dir='ltr'>male</span> <span class='ocrx_word' id='word_1_2283' title='bbox 1659 3867 1698 3883; x_wconf 75' lang='lat' dir='ltr'>res</span> <span class='ocrx_word' id='word_1_2284' title='bbox 1710 3858 1762 3893; x_wconf 72' lang='lat' dir='ltr'>ipsi</span> <span class='ocrx_word' id='word_1_2285' title='bbox 1773 3859 1866 3893; x_wconf 72' lang='lat' dir='ltr'>finita,</span> <span class='ocrx_word' id='word_1_2286' title='bbox 1885 3858 1931 3892; x_wconf 72' lang='lat' dir='ltr'>nisi</span> <span class='ocrx_word' id='word_1_2287' title='bbox 1943 3858 2028 3884; x_wconf 76' lang='lat' dir='ltr'>facere</span> <span class='ocrx_word' id='word_1_2288' title='bbox 2043 3857 2140 3885; x_wconf 71' lang='lat' dir='ltr'>bellum</span> <span class='ocrx_word' id='word_1_2289' title='bbox 2155 3866 2197 3884; x_wconf 76' lang='lat' dir='ltr'>aut</span> <span class='ocrx_word' id='word_1_2290' title='bbox 2211 3868 2298 3892; x_wconf 89' lang='lat' dir='ltr'>pacem</span> <span class='ocrx_word' id='word_1_2291' title='bbox 2312 3860 2426 3895; x_wconf 68' lang='lat' dir='ltr'>adsolant</span> 
     </span>
     <span class='ocr_line' id='line_1_109' title="bbox 303 3890 2426 3955; baseline -0 -33"><span class='ocrx_word' id='word_1_2292' title='bbox 303 3895 382 3929; x_wconf 75' lang='lat' dir='ltr'>reifit</span> <span class='ocrx_word' id='word_1_2293' title='bbox 388 3892 567 3931; x_wconf 60' lang='lat' dir='ltr'>fiiscipiendum</span> <span class='ocrx_word' id='word_1_2294' title='bbox 581 3899 625 3919; x_wconf 76' lang='lat' dir='ltr'>etc.</span> <span class='ocrx_word' id='word_1_2295' title='bbox 660 3893 726 3921; x_wconf 67' lang='lat' dir='ltr'>Add—</span> <span class='ocrx_word' id='word_1_2296' title='bbox 750 3899 947 3921; x_wconf 72' lang='lat' dir='ltr'>FrsriviTAS.</span> <span class='ocrx_word' id='word_1_2297' title='bbox 1048 3893 1137 3922; x_wconf 88' lang='lat' dir='ltr'>lustin.</span> <span class='ocrx_word' id='word_1_2298' title='bbox 1150 3899 1188 3927; x_wconf 84' lang='lat'>38,</span> <span class='ocrx_word' id='word_1_2299' title='bbox 1203 3902 1234 3929; x_wconf 83' lang='lat'>7,</span> <span class='ocrx_word' id='word_1_2300' title='bbox 1246 3897 1262 3921; x_wconf 80' lang='lat'>6</span> <span class='ocrx_word' id='word_1_2301' title='bbox 1281 3895 1336 3921; x_wconf 86' lang='lat' dir='ltr'>Ma·</span> <span class='ocrx_word' id='word_1_2302' title='bbox 1347 3901 1391 3928; x_wconf 78' lang='lat'>105</span> <span class='ocrx_word' id='word_1_2303' title='bbox 1392 3892 1528 3928; x_wconf 84' lang='lat' dir='ltr'>formulam</span> <span class='ocrx_word' id='word_1_2304' title='bbox 1541 3897 1564 3917; x_wconf 76' lang='lat' dir='ltr'>et</span> <span class='ocrx_word' id='word_1_2305' title='bbox 1571 3890 1645 3927; x_wconf 63' lang='lat' dir='ltr'>signa</span> <span class='ocrx_word' id='word_1_2306' title='bbox 1658 3900 1757 3920; x_wconf 77' lang='lat' dir='ltr'>externa</span> <span class='ocrx_word' id='word_1_2307' title='bbox 1769 3894 1914 3929; x_wconf 72' lang='lat' dir='ltr'>reseramus.</span> <span class='ocrx_word' id='word_1_2308' title='bbox 1950 3892 2086 3921; x_wconf 80' lang='lat' dir='ltr'>Audiamus</span> <span class='ocrx_word' id='word_1_2309' title='bbox 2095 3897 2181 3928; x_wconf 79' lang='lat' dir='ltr'>potius</span> <span class='ocrx_word' id='word_1_2310' title='bbox 2194 3895 2265 3921; x_wconf 80' lang='lat' dir='ltr'>Non.</span> <span class='ocrx_word' id='word_1_2311' title='bbox 2282 3903 2318 3927; x_wconf 91' lang='lat'>12,</span> <span class='ocrx_word' id='word_1_2312' title='bbox 2331 3903 2362 3928; x_wconf 79' lang='lat'>43</span> <span class='ocrx_word' id='word_1_2313' title='bbox 2378 3894 2426 3955; x_wconf 61' lang='grc'>52-</span> 
     </span>
    </p>

    <p class='ocr_par' dir='ltr' id='par_1_29' title="bbox 1976 3935 2427 3956">
     <span class='ocr_line' id='line_1_110' title="bbox 1976 3935 2427 3956; baseline -0.004 0"><span class='ocrx_word' id='word_1_2314' title='bbox 1976 3943 1983 3951; x_wconf 52' lang='lat'>⁸</span> <span class='ocrx_word' id='word_1_2315' title='bbox 2356 3936 2376 3956; x_wconf 73' lang='lat' dir='ltr'>ss</span> <span class='ocrx_word' id='word_1_2316' title='bbox 2402 3935 2427 3954; x_wconf 70' lang='grc' dir='ltr'>ΕΙ</span> 
     </span>
    </p>
   </div>
  </div>
 </body>
</html>
