2479 4225
72 202 172 255 ,¹137
493 186 510 227 1
601 186 645 227 N
739 185 767 226 S
890 231 897 237 ,
1595 191 1611 232 1
1687 192 1733 232 N
1811 196 1837 236 S
2165 209 2241 253 1¹38

92 277 183 305 dicum
196 278 221 304 se
233 275 377 304 inscribere
389 281 564 303 monumento
583 276 630 303 suo
649 275 716 302 Plin.
731 283 775 307 29,
791 283 810 315 1ἶ
881 273 997 314 .Νο,1111.·11,
1009 272 1137 315 inscripsit
1196 277 1260 305 haec
1280 284 1305 306 et
1322 279 1512 315 multigenera,
1529 280 1691 309 terrestrium
1710 281 1900 318 volucrumque
1919 285 1982 313 vita.
2054 288 2112 315 Alia
2126 296 2238 323 pennata

91 314 196 340 sacrum
209 312 331 339 semiusto
345 312 433 347 stipite
459 313 556 339 Lucan.
572 316 596 351 8,
611 320 671 345 792.
735 311 825 351 'Notis
837 309 1058 349 lapis'mscrtptu's
1075 311 1137 350 ,Τι-
1196 320 1225 340 vt
1240 323 1298 348 apes
1308 335 1316 347 ,
1335 314 1386 341 alia
1401 323 1512 350 vti-oque
1526 318 1623 351 modo,
1644 323 1670 344 vt
1682 317 1825 344 formicae.-
1846 321 1931 353 aliqua
1945 330 1970 348 et
1983 323 2074 357 pennis
2093 332 2118 350 ct
2131 325 2239 359 pedibu·

92 348 158 376 bun.
177 357 195 380 1,
210 357 231 381 3,
245 357 282 381 54.
353 348 477 375 Isocrates
490 346 681 388 enirn-librum,
695 354 744 386 qui
757 344 960 386 Panathenaicus
973 344 1136 377 inscribitur,
1196 350 1326 376 carentia:
1352 351 1410 377 iure
1427 353 1517 378 onmia
1537 352 1632 379 inse6h
1652 352 1778 387 appellata
1792 353 1823 379 ab
1837 354 1957 382 incisuris
1992 366 2057 392 quae
2073 368 2139 385 nunc
2153 361 2240 387 cerui.

92 390 188 419 quarto
201 390 226 410 ct
239 384 409 418 nonagesimo
428 391 499 409 anno
512 382 747 422 scripsissedieitur
764 382 822 408 Cic.
835 379 868 406 de
881 379 981 419 Seneft.
994 389 1026 412 13.
1064 382 1135 408 Idem
1196 393 1256 410 cum
1272 385 1341 417 loco,
1359 395 1426 412 nunc
1440 387 1576 420 μῦθοι-11111
1590 395 1668 423 atque
1681 388 1750 420 alui,
1769 389 1914 422 praeciucla
1930 378 2043 425 scp’arant
2058 394 2173 421 membra
2205 403 2242 422 te-

91 419 176 458 Tusc,
190 427 211 448 1,
226 425 258 453 ς7
286 420 317 445 In
335 419 384 446 illo
396 418 478 451 libro,
500 426 549 453 qui
567 417 722 445 inscribitur
734 417 869 457 Memnon.
899 449 904 454 ,
941 415 997 455 Cic.
1014 417 1065 442 Att.
1084 419 1110 449 6,
1124 426 1135 457 ξ
1157 425 1170 450 ς
1197 420 1244 445 nui
1258 420 1337 447 modo
1352 421 1433 447 fistula
1446 422 1622 450 cohaerentia.
1677 423 1816 457 Aliquibus
1830 432 1894 449 vero
1907 433 1959 451 non
1973 432 2025 452 tota
2040 429 2151 456 incisura
2177 417 2240 458 ’eam

92 456 131 488 Q
143 455 240 481 Cicero
259 463 324 488 puer
341 454 422 489 legit,
435 460 464 481 vt
484 454 596 489 opinor,
609 457 635 479 et
655 458 724 478 certe
744 461 758 478 e
769 450 1048 492 'istolanrmscriptam
1067 459 1137 486 patri
1196 455 1328 482 ambiente
1343 465 1420 491 ruga,
1437 457 1477 482 sed
1494 458 1520 483 in
1534 460 1594 484 aluo
1609 464 1652 485 aut
1667 459 1776 492 superne
1791 454 1890 486 tantum
1906 459 2049 488 imbricatis
2063 465 2142 491 nexili
2154 451 2241 492 ’verte-

91 490 154 516 fue:
174 490 239 516 solet
253 491 326 519 enim
339 490 454 524 aperire,
473 488 554 524 idque
566 488 598 515 dc
613 497 673 514 meo
687 487 755 514 confi
767 495 803 518 10,
817 485 835 512 si
849 484 914 520 quid
926 485 996 512 forte
1009 490 1049 519 nt,
1063 487 1136 521 quod
1197 489 1263 523 bris,
1276 498 1319 516 etr.
1391 491 1491 518 Ibidem
1513 502 1533 519 c.
1549 501 1575 523 28
1591 501 1631 528 pr.
1662 493 1824 521 lust-&orum
1844 495 1970 528 quaedam
1986 495 2058 521 binas>
2074 507 2167 526 uerunt
2181 510 2241 534 pen-

91 533 109 552 o
129 533 159 551 us
177 524 206 551 sit
221 526 291 553 sciri.
363 526 452 552 Puluis
471 524 625 551 inscribitur
641 522 712 549 hasta
727 522 802 557 Virg.
816 521 880 547 Aen.
894 528 917 560 -1,
935 526 983 554 482
1003 522 1032 562 df·
1049 523 1136 549 Troilo
1196 534 1258 558 nas,
1278 533 1306 552 vt
1320 529 1437 556 museae3
1462 528 1586 560 quaedam
1608 535 1760 563 quaternas,
1780 535 1808 556 vt
1827 537 1900 562 apes:
1919 520 2118 559 membranifee
2138 536 2241 562 cicadae

138 564 207 596 equis
219 561 276 598 sicis
294 568 403 598 raptato.
475 561 534 587 Sen.
547 559 579 585 de
594 559 656 586 Vita
668 559 743 586 beata
763 565 790 583 12
821 555 967 598 Inscribunt
987 557 1080 584 deinde
1099 559 1136 585 sa-
1196 561 1302 587 volant:
1322 569 1458 595 quaternas
1472 562 1577 595 habent,
1598 565 1771 604 quacjculeis
1788 565 1814 591 in
1826 565 1888 591 aluo
1899 574 2045 593 armantur:
2065 569 2164 596 nullum
2197 564 2242 596 cui.

89 595 220 630 pientiam
235 596 327 630 vitiis,
341 594 522 623 abscondenda
538 594 704 630 profitentur.
723 595 742 619 i.
762 594 834 619 Dant
850 591 902 617 illis
915 594 1056 628 saplentiue
1075 597 1136 620 eitu-
1151 602 1179 619 ¹0
1196 596 1277 622 telum
1291 597 1319 622 in
1333 606 1390 631 ore,
1409 598 1528 632 pluribus
1540 607 1617 632 quam
1632 598 1701 625 binis
1714 599 1819 627 aduolat
1832 601 1934 634 pennis,
1953 608 1996 627 etc.
2010 602 2071 636 sum
2083 604 2145 628 enim
2157 591 2242 639 siluro,

90 632 150 658 tum.
187 631 228 659 Sic
241 631 274 660 de
287 632 421 659 Breuitate
435 631 508 658 vitae
528 651 534 657 .
556 650 562 656 .
585 650 591 656 .
618 628 763 656 Inscribere
776 627 838 654 deos
852 625 936 653 vitiis.
973 628 1055 654 Ouid.
1070 630 1139 658 Met.
1235 639 1276 658 IN
1287 638 1300 658 s
1314 632 1431 659 sensi
1443 640 1458 659 1.
1469 641 1478 660 1
1491 640 1504 659 s
1515 656 1523 668 ‚
1545 643 1568 660 c.
1606 634 1666 660 Adi.
1704 633 1826 669 [ἔτυμος]
1863 637 1939 667 ‚Quod
1950 636 2032 671 secari
2049 644 2073 662 et
2091 638 2174 664 diuidi
2194 649 2241 665 non

91 674 128 699 15,
145 675 188 693 120
196 667 285 704 supra.
355 667 420 693 Plin.
436 672 471 700 13,
486 676 498 699 3
519 666 548 693 de
562 665 672 701 operibus
685 662 800 696 rusticis,
813 671 873 700 quaa
892 661 1065 690 traHuuerant
1078 666 1137 691 olim
1192 667 1284 702 potest,
1301 669 1384 701 quales
1392 668 1453 703 sunt
1467 670 1548 695 atomi.
1618 669 1748 702 Qninetil.
1763 679 1784 705 ετ,
1802 681 1823 702 17
1851 665 1935 697 Νἶὴὶ
1953 671 2076 705 quidem,
2094 674 2140 706 qui
2155 674 2243 707 ignem

84 705 218 738 princip&
229 705 300 735 viri,
317 704 350 729 At
363 711 433 729 nunc
451 702 544 729 eadem
563 701 608 728 illa
619 699 703 738 vincli
718 697 810 733 pedes,
824 697 960 724 damnatae
974 706 1085 731 manus,
1095 700 1135 726 in-
1196 708 1240 728 aut
1256 711 1358 736 aquam,
1376 709 1419 730 aut
1431 710 1544 737 quatuor
1558 704 1700 737 clementa,
1720 711 1763 731 aut
1777 714 1887 740 corpora
1902 707 2051 734 insecabilia
2064 709 2113 734 ess'e
2141 717 2171 734 ex
2186 708 2244 742 qui-

90 738 180 772 scripti
196 738 291 765 Vultus
311 745 441 765 exercent.
514 734 556 770 13st
574 742 598 763 et
609 734 713 772 forense
731 734 842 774 verbum,
860 731 1005 774 significans
1026 735 1087 761 idem
1107 744 1137 762 ac
1197 736 1245 763 bus
1259 747 1299 764 res
1312 747 1405 764 omnes
1417 739 1524 765 initium
1538 739 1672 772 duxerint,
1690 740 1803 766 tradunt.
1861 741 1934 767 Idem
1949 750 1970 775 3,
1985 751 2005 775 3.
2049 730 2122 778 Confi
2134 744 2242 770 Vitruu.

89 773 261 810 Subscribcrc,
283 775 323 800 ve!
341 774 481 810 Accusare.-
512 771 574 798 Vide
593 772 612 797 I.
624 771 671 799 vlt.
692 771 722 797 C.
743 769 775 796 de
793 770 912 796 Iniuriis.
965 770 1052 797 Rufin.
1067 771 1136 798 Hist.
1152 776 1175 803 ¹5
1196 781 1219 804 2,
1235 782 1256 799 2.
1327 774 1385 800 Seu.
1400 774 1477 808 Epist.
1492 781 1536 804 ug.
1607 774 1723 802 Laetam.
1738 775 1769 801 de
1782 777 1823 802 Ira
1838 776 1888 802 Dei
1907 786 1927 804 c.
1941 786 1956 810 9
1969 784 1993 803 et
2011 786 2046 805 10.
2118 780 2151 805 Et
2164 779 2244 807 Mart.

90 808 158 835 Eccl.
174 816 196 835 11
222 809 364 843 Inscriptus
376 808 408 842 :Ji
423 807 560 844 accusatus.
1196 807 1297 842 Capell.
1314 816 1340 842 7.

128 849 136 868 1
148 850 285 871 NSCRIP
295 852 316 871 T
327 850 346 870 v
359 852 389 876 s,
409 852 438 875 a,
457 852 512 869 um.
543 842 638 869 Partic.
674 839 918 876 [ἐπιγεγραμμένος]
957 842 1080 872 Notans,
1095 840 1136 867 de-
1232 849 1242 869 1
1254 849 1273 867 N
1287 849 1300 868 s
1314 849 1384 870 FCT
1394 849 1405 870 1
1417 850 1437 870 o
1447 865 1454 877 ,
1475 845 1543 871 onis.
1570 845 1588 871 f.
1635 844 1702 872 Gell.
1716 851 1751 878 18,
1764 853 1779 878 9
1801 845 1909 879 Antiqui
1923 847 2086 874 narrationes
2099 848 2244 876 sermones-

82 877 216 916 seriptut;
237 886 266 907 vt
279 879 405 914 Lapides,
418 878 503 909 Libri,
516 885 562 905 etc.
605 877 662 904 Vid.
676 877 745 903 motio
760 879 788 902 in
807 881 967 902 xNSCRtnO.
1040 877 1099 902 Liu.
1113 886 1135 909 2,
1195 887 1247 913 que
1261 878 1418 906 inseffiones
1430 879 1601 914 appellarunt.
1643 881 1698 906 Vid.
1713 890 1767 906 mox
1789 888 1829 908 IN
1838 888 1850 907 s
1860 888 1876 908 Ε
1886 888 1935 918 QV
1944 888 1971 908 Ε.

90 923 120 948 4¹
141 921 206 942 exer.
238 915 348 949 Signum
367 914 428 942 inde
446 914 547 940 foetum
565 913 628 945 csse,
647 918 673 939 et
689 912 860 946 inscriptum,
879 910 915 936 Ex
937 911 1016 938 Callia
1030 912 1135 938 familia
1232 921 1242 940 1
1254 920 1276 939 N
1287 921 1325 940 SE
1335 920 1352 940 C
1363 921 1385 940 'r
1395 922 1413 940 ν
1424 921 1440 941 R
1453 921 1472 941 A
1483 935 1491 947 ,
1511 924 1549 941 ae.
1574 916 1594 942 f.
1647 916 1768 949 incisura.
1822 918 1880 943 Sen.
1895 918 1997 950 Qut-st.
2012 918 2072 945 Nat.
2086 928 2104 952 1,
2120 928 2134 953 7
2159 919 2244 947 Toti-

89 949 189 977 datum.
259 950 336 977 Serui
356 949 491 984 inscripti:
511 952 530 975 i.
554 949 631 985 Signo
648 946 729 980 inusto
747 949 830 986 nota-ti
849 945 913 972 Plin.
933 955 972 979 22,
991 955 1014 979 3.
1057 947 1134 983 Conf.
1149 956 1180 974 20
1194 948 1254 975 dem
1267 949 1390 976 redderet
1408 951 1548 984 (virgula)
1568 951 1632 977 soles
1646 958 1710 984 quot
1724 951 1815 977 babuit
1830 952 1979 979 insco'turas.

89 985 160 1012 Gell.
181 993 220 1021 17,
232 994 257 1018 9.
328 985 445 1012 Μαι-1131.
459 990 483 1017 8,
496 991 528 1019 75
551 985 675 1017 Qiatuor
691 983 811 1016 inscripti
830 982 968 1016 portabant
986 982 1041 1008 vile
1058 984 1135 1009 cada·
1232 991 1242 1010 1
1253 991 1275 1011 N
1284 991 1296 1010 s
1306 991 1322 1012 Ε
1331 991 1348 1011 C
1360 991 1381 1012 ¹r
1394 991 1414 1012 o
1424 992 1459 1019 R,
1479 987 1528 1013 ari.
1571 988 1627 1012 νηί.
1648 993 1658 1012 1
1667 993 1689 1012 Ν
1701 992 1714 1011 s
1725 993 1740 1012 1-ῑ
1750 993 1770 1019 Q
1781 993 1801 1012 v
1812 993 1832 1013 0
1844 994 1872 1014 R,

89 1029 153 1054 ver,
169 1024 188 1048 i,
203 1020 244 1055 sti
263 1027 324 1047 mate
343 1024 434 1048 notati,
471 1020 544 1056 conf.
560 1022 585 1046 E.
605 1020 688 1046 Vinci.
704 1020 764 1044 Not.
778 1017 812 1044 ad
825 1018 921 1043 Auson.
939 1027 964 1052 p.
979 1026 1040 1053 207.
1092 1020 1135 1045 In·
1232 1027 1295 1047 INS
1306 1027 1322 1047 Ε
1337 1026 1356 1047 D
1368 1021 1421 1047 AT
1433 1027 1453 1048 ν
1465 1027 1498 1054 s,
1519 1031 1549 1054 a,
1573 1030 1626 1047 um.
1655 1021 1712 1047 Adi.
1748 1020 1890 1057 [ἄπαυςος]
1928 1024 1983 1049 Non
1999 1022 2102 1058 l'evdatnr,
2121 1025 2245 1051 tui-bulen,

87 1057 237 1091 scriptaque
276 1065 321 1082 eus
335 1057 383 1091 qui
398 1056 505 1090 nauigat
519 1055 597 1087 alno,
616 1057 634 1081 i.
648 1051 726 1090 pista
737 1053 799 1080 Stat.
816 1052 907 1079 Theb.
921 1058 943 1085 Β,
957 1061 1014 1088 270.
1042 1055 1135 1089 Nempe
1195 1062 1248 1087 tus,
1269 1064 1402 1082 commotu5.
1475 1057 1603 1083 Laudatur
1621 1056 1677 1083 Cic.
1693 1056 1720 1081 in
1735 1057 1824 1083 Partit.
1840 1067 1864 1089 77
1886 1067 1908 1084 c.
1923 1067 1949 1083 22
1979 1059 2113 1092 Simulque
2132 1060 2244 1088 altitudo

88 1092 225 1124 Scribere,
239 1099 268 1118 vt
290 1092 388 1126 γράφων
415 1095 487 1118 etiam
509 1090 543 1123 est
560 1093 675 1126 pingere.
823 1086 845 1125 ff
866 1097 881 1114 2
919 1089 1039 1122 substant.
1064 1090 1133 1116 Gell.
1195 1090 1276 1116 animi
1297 1091 1326 1117 in
1346 1091 1476 1125 capiendis
1497 1091 1691 1125 incommodis,
1711 1098 1736 1118 et
1757 1092 1872 1117 maxime
1891 1094 2014 1126 iniuriis,
2033 1101 2058 1120 et
2074 1104 2152 1121 omne
2171 1096 2246 1129 quod

87 1127 172 1161 praef.
192 1128 243 1162 Op.
258 1136 275 1159 9
307 1126 365 1161 post
383 1127 479 1153 indices
496 1126 614 1153 librorum
630 1125 713 1159 plures
730 1130 941 1156 commemoratos,
964 1125 994 1150 Et
1007 1124 1135 1159 quaedam
1151 1126 1179 1153 25
1195 1126 1231 1152 est
1245 1126 1301 1152 eius
1314 1127 1427 1160 generis,
1445 1135 1533 1160 graue,
1546 1127 1691 1153 insedatum
1704 1132 1730 1152 et
1742 1125 1932 1155 turbulentum.
1987 1130 2036 1154 Sed
2045 1131 2155 1157 Lambin.
2170 1132 2245 1158 Grut.

87 1162 140 1188 3113
155 1163 277 1197 inscripta
290 1163 371 1189 nimis
387 1162 490 1197 lepich,
510 1161 658 1195 multasque
672 1160 794 1193 prorsum
808 1160 995 1186 concinnitates
1014 1160 1134 1187 redolen-
1198 1162 1281 1187 Gron„
1294 1162 1396 1195 Graue,
1416 1162 1547 1195 sedatum,
1568 1171 1622 1188 non
1636 1161 1827 1188 turbulentum.

87 1197 134 1223 tia.
291 1195 312 1233 ff
334 1206 347 1230 3
394 1200 453 1225 Non
466 1197 588 1233 firiptus.
622 1195 708 1231 Lucil.
727 1194 795 1229 apud
814 1195 888 1222 Non.
906 1204 928 1226 1,
951 1198 996 1228 169
1026 1196 1135 1223 Faciunt
1234 1203 1320 1223 INSE
1333 1203 1353 1224 1)
1365 1196 1519 1230 ABfLIS,
1540 1207 1562 1224 e.
1600 1197 1658 1223 Adi.
1700 1199 1767 1223 Vnde
2221 1221 2226 1227 ,

86 1231 175 1265 idem,
188 1231 259 1267 quod
272 1232 330 1265 illi,
355 1234 403 1267 qui
416 1233 569 1267 inscriptum
581 1239 596 1257 e
608 1237 688 1265 portu
702 1236 842 1265 exportant
855 1230 1016 1269 clanculum,
1029 1240 1061 1258 ne
1076 1240 1135 1266 por·
1232 1238 1243 1258 1
1253 1239 1275 1258 N
1284 1239 1296 1257 s
1307 1239 1323 1258 E
1332 1238 1380 1258 DA
1389 1238 1405 1258 Β
1417 1239 1453 1259 11.
1465 1239 1504 1259 1T
1513 1239 1529 1258 E
1539 1239 1566 1259 R.
1599 1232 1665 1259 Adu.
1700 1231 1850 1269 [ἁπαῦςως]
1886 1232 1990 1259 Lucret.
2003 1234 2028 1267 6,
2043 1242 2096 1267 ¹¹74
2117 1234 2247 1262 Insedabi-

85 1268 188 1294 (orium
204 1267 275 1295 dent.
313 1270 418 1304 Oportet
424 1268 524 1304 scilicet
532 1265 652 1302 profiteri
666 1265 808 1298 dominum,
826 1265 914 1292 deinde
926 1267 1036 1302 jer-ibere
1052 1270 1135 1302 porti·
1196 1267 1258 1294 liter
1272 1267 1324 1293 fitis
1338 1268 1410 1294 arida
1424 1276 1536 1302 corpora
1550 1269 1671 1294 mersans.

84 1308 180 1335 torem,
196 1305 258 1338 quid
270 1311 411 1339 exportetur
425 1309 473 1330 etc.
509 1304 595 1329 Varro
609 1301 641 1327 de
655 1302 686 1327 R.
700 1302 732 1328 R.
746 1310 771 1332 2,
786 1310 796 1328 1
821 1302 864 1328 Ne
885 1302 901 1328 fi
918 1302 1071 1337 inscriptum
1091 1312 1132 1337 pe·
1146 1307 1179 1332 30
1232 1310 1242 1329 1
1252 1310 1273 1329 N
1283 1309 1295 1328 S
1305 1309 1322 1328 Ε
1333 1309 1352 1329 D
1362 1310 1389 1335 1,
1408 1303 1537 1330 insessum.
1580 1304 1636 1329 VM.
1657 1308 1791 1329 1NS1D1=3
1802 1308 1834 1330 0.
2124 1312 2129 1318 ’-

85 1347 131 1364 cus
149 1339 267 1373 pauerit,
285 1339 343 1373 lege
358 1339 486 1365 Censoria
505 1338 654 1364 committat
674 1336 795 1364 multam.
868 1337 989 1371 Inscripti
1008 1338 1134 1365 maleficii
1233 1344 1244 1364 1
1254 1345 1276 1364 N
1286 1344 1298 1364 S
1309 1344 1326 1364 Ε
1338 1337 1441 1365 DV⁹LV
1452 1345 1481 1369 s,
1500 1347 1530 1371 a,
1548 1347 1604 1364 um.
1651 1337 1731 1364 Glofl]
1748 1338 1794 1364 Gr.
1809 1339 1863 1364 Lat.
1878 1337 2026 1372 ἂσπᾶδαςκ,
2046 1339 2190 1367 insedulus.

84 1373 157 1401 36110
170 1377 198 1400 in
212 1375 309 1409 schola,
326 1374 501 1400 stellionatum
516 1374 615 1409 insoro
627 1371 767 1409 fignificat,
781 1378 811 1398 vt
823 1370 926 1406 ostendit
939 1374 1021 1399 Came.
1036 1374 1094 1409 Obsz
1109 1384 1137 1409 9,
1234 1380 1244 1399 1
1254 1381 1277 1400 N
1288 1379 1301 1400 s
1314 1381 1363 1400 EM
1374 1372 1419 1400 i‘N
1431 1380 1467 1405 O,
1487 1378 1540 1400 arc.
1575 1374 1719 1408 [ἒνσπείρω]
1755 1373 1876 1407 lusci-ere.
1913 1373 1981 1400 Gell.
1997 1384 2030 1408 19,
2045 1384 2056 1403 ς
2081 1376 2136 1407 Qui
2150 1384 2247 1410 aquam

85 1418 121 1441 13-
158 1410 279 1444 Inscripti
294 1409 419 1435 maleficii
432 1408 463 1435 sit
478 1407 549 1435 38110
561 1410 601 1435 lex
616 1408 822 1440 declamatorum,
836 1418 861 1435 v.
875 1418 899 1444 g.
920 1409 977 1435 Scn.
993 1409 1053 1436 Exc.
1065 1411 1135 1436 Con·
1195 1408 1314 1436 niualem
1327 1408 1448 1443 frugibus
1468 1410 1526 1435 sane
1544 1415 1570 1435 et
1582 1408 1721 1435 arboribus
1740 1408 1878 1434 fecundam
1898 1408 2011 1444 diceret,
2032 1410 2073 1436 sed
2093 1410 2247 1437 hominibus

82 1450 156 1472 trou.
170 1454 191 1478 ς,
205 1453 224 1471 1.
261 1444 393 1477 Quinctil.
404 1445 477 1472 Decl.
490 1452 538 1477 232
549 1451 572 1470 et
586 1452 639 1477 344
658 1444 700 1470 vbi
716 1443 770 1469 vid.
784 1444 917 1470 Aer-odam.
929 1454 959 1471 ac
977 1452 1035 1478 370.
1082 1446 1136 1480 Ap·
1195 1451 1260 1478 potu
1280 1445 1367 1471 nimio
1384 1445 1543 1472 insalubrem
1564 1445 1629 1477 effe,
1650 1443 1736 1471 tabem
1756 1450 1782 1470 et
1800 1444 1909 1471 morbos
1929 1444 2020 1471 sensim
2039 1452 2117 1479 atque
2135 1446 2163 1472 in
2175 1446 2247 1473 diem

77 1486 156 1542 giret
174 1488 254 1506 autem
276 1481 433 1514 inscriptum
452 1483 539 1506 vocari
557 1477 683 1513 ἄγραφον,
704 1478 761 1513 lege
780 1488 835 1505 non
855 1480 1087 1514 comprehensum,
1106 1486 1136 1506 vt
1151 1482 1180 1509 35
1196 1480 1302 1514 longam
1317 1480 1460 1508 visceribus
1474 1479 1639 1506 inseminare.

110 1515 155 1541 ecl.
170 1522 219 1550 370
233 1515 330 1542 Fabius
344 1520 382 1542 air
393 1536 401 1549 ,
420 1515 484 1551 quod
503 1523 639 1549 nunquam
658 1514 771 1540 timuere
791 1515 914 1541 maiores.
952 1517 1020 1541 Hinc
1034 1517 1134 1542 Cuiacio
1233 1522 1242 1541 1
1255 1522 1277 1541 N
1289 1522 1301 1541 S
1310 1521 1326 1542 E
1336 1522 1360 1541 Μ
1370 1522 1380 1541 1
1389 1522 1412 1542 Ν
1424 1522 1443 1541 Α
1455 1523 1476 1542 Τ
1485 1523 1507 1542 ν
1516 1522 1546 1548 S,
1564 1524 1594 1548 a,
1614 1523 1668 1542 um.
1704 1514 1773 1540 Part.
1821 1514 1930 1540 Vitruu.
1943 1523 2064 1549 prooem.
2077 1520 2091 1545 8
2110 1515 2201 1543 Terra
2215 1524 2247 1542 ex

80 1557 107 1577 et
119 1551 226 1577 Aerodm
240 1551 383 1577 aut-'toribus
402 1559 451 1577 non
468 1550 581 1576 dubitaui
600 1549 731 1583 Qiintffil.
746 1557 772 1584 7,
787 1562 809 1581 4,
824 1553 850 1582 36
873 1554 911 1576 ita
929 1551 1011 1582 edm-c,
1029 1552 1134 1578 Praeter
1194 1551 1345 1577 caelestium
1360 1550 1488 1578 imbrium
1501 1548 1721 1584 conceptionibus
1735 1549 1897 1576 inseminata.
1935 1551 2006 1582 conf.
2024 1550 2123 1577 Arnob.
2137 1560 2149 1576 2
2170 1561 2195 1585 p.
2208 1560 2247 1584 93.

79 1584 147 1613 haec
161 1586 297 1621 finguntur
311 1587 339 1612 in
353 1586 449 1612 scholis
469 1592 495 1611 et
510 1585 630 1619 inscripti
649 1587 735 1622 (vulg.
751 1585 858 1619 scripti)
873 1586 997 1612 maleficii
1017 1585 1135 1622 quaestio·
1232 1593 1242 1612 1
1255 1593 1277 1612 N
1290 1593 1362 1613 SEM
1371 1592 1441 1613 1TA
1451 1593 1474 1614 Τ
1486 1593 1497 1613 1
1508 1593 1528 1614 0
1540 1607 1549 1620 ,
1569 1586 1638 1612 onis.
1666 1585 1687 1612 f.
1722 1586 1839 1620 [ἀνοδίας]
1876 1584 1957 1611 Gloss.
1970 1587 2024 1612 Lat.
2038 1586 2086 1612 Gr.
2107 1587 2249 1621 vbisemita

81 1631 142 1654 nes,
161 1622 190 1648 in
203 1622 301 1656 quibus
315 1628 360 1648 aut
372 1621 423 1648 hoc
443 1621 596 1656 quaeritur,
610 1629 642 1646 an
657 1620 781 1655 scriptum
797 1621 843 1648 lit?
869 1628 914 1647 aut
928 1621 978 1648 hoc
988 1642 994 1654 ,
1009 1630 1041 1648 an
1054 1622 1134 1649 male·
1194 1618 1244 1647 ”031
1258 1621 1300 1657 est.

82 1657 176 1683 ficium
190 1657 239 1683 sit?
259 1666 320 1684 raro
334 1664 486 1691 Vtrumque.
524 1658 593 1682 Hinc
604 1656 757 1692 intelligitur
771 1657 836 1682 illud
848 1657 957 1684 Senecae
966 1658 1026 1684 ΕΠ,
1039 1659 1132 1684 Contr.
1145 1660 1183 1684 40
1233 1663 1243 1682 1
1252 1664 1275 1683 N
1284 1663 1297 1683 s
1306 1663 1323 1683 Ε
1334 1663 1358 1683 N
1370 1663 1387 1684 Ε
1396 1662 1408 1683 S
1419 1662 1438 1684 C
1447 1663 1467 1683 Ο
1476 1677 1484 1689 ,
1501 1655 1530 1682 ui
1541 1676 1550 1688 ,
1570 1656 1624 1682 ere.
1660 1655 1839 1690 [ἓγγηρᾶσκυ]
1875 1652 2015 1687 Diutiffime
2029 1655 2172 1688 immorari,
2191 1664 2250 1689 qua-

81 1700 96 1726 3
110 1692 193 1727 praef.
210 1702 234 1726 p.
246 1698 294 1726 428
321 1692 425 1719 Deinde
438 1692 518 1719 libuit
529 1692 656 1718 Ciceroni
669 1691 701 1717 de
714 1692 804 1718 Cestio
818 1698 829 1725 (
841 1692 967 1718 Ciceronis
980 1693 1083 1727 absurdo
1096 1693 1136 1719 ob·
1190 1691 1262 1726 fique
1275 1693 1301 1717 in
1315 1702 1341 1718 eo
1354 1700 1458 1717 aetatem
1471 1691 1623 1725 consumere,
1643 1698 1666 1716 et
1677 1691 1834 1725 senemfieri.
1904 1689 2035 1721 anetil.
2051 1699 2087 1722 1ο,
2099 1699 2109 1721 3
2135 1690 2250 1724 Singulis

81 1725 241 1764 erebiatore)
254 1729 282 1754 in
296 1728 358 1755 foro
373 1728 530 1755 satisfacere.
566 1727 684 1753 Subinde
701 1727 793 1753 nemius
809 1736 871 1753 eum
886 1728 913 1753 in
929 1729 969 1754 ius
987 1728 1019 1754 ad
1033 1734 1137 1762 praeto·
1197 1727 1334 1753 aEiionum
1346 1726 1465 1762 partibus
1479 1726 1646 1751 insenescere.
1717 1724 1805 1750 Libris
1827 1724 2063 1763 escurisinsenuit
2090 1725 2156 1750 Hor.
2171 1725 2250 1760 Epist.

82 1772 142 1791 rem
155 1772 238 1790 voco:
259 1769 285 1790 et
299 1773 359 1790 cum
379 1769 508 1798 quantum
528 1763 652 1789 volebam
671 1763 794 1789 iocorum
814 1763 1054 1798 conuitiorumque
1073 1764 1138 1789 effu·
1196 1770 1220 1793 2,
1231 1771 1253 1794 2,
1266 1768 1304 1791 82.
1376 1761 1468 1788 Tacit.
1481 1761 1550 1786 Ann.
1563 1769 1591 1792 4,
1604 1762 1628 1793 6,
1640 1761 1657 1785 6
1689 1760 1779 1791 Quum
1793 1758 1926 1793 plerisque
1940 1759 2034 1785 iisdem
2047 1759 2170 1794 Negotiis
2182 1761 2251 1787 inse-

81 1798 189 1833 diffem,
203 1799 349 1833 postulaui,
364 1805 393 1826 vt
407 1806 514 1833 praetor
533 1807 631 1824 nomen
651 1798 707 1824 eius
726 1799 856 1832 reciperet
871 1798 928 1832 lege
947 1799 1011 1831 (illa
1027 1797 1138 1832 fissia-ia,
1196 1798 1340 1822 nest-erent.

80 1837 124 1860 cui
135 1835 225 1861 Romae
239 1844 286 1860 non
298 1842 353 1861 erat
367 1835 456 1868 locus)
470 1833 591 1866 inscripti
605 1833 739 1859 maleficii.
780 1832 889 1867 sTanta
905 1833 946 1858 illi
967 1832 1136 1865 perturbatio
1148 1833 1183 1858 45
1235 1837 1298 1856 INS
1309 1835 1396 1856 ENSI
1406 1834 1422 1855 B
1431 1827 1445 1855 ἲ
1454 1835 1471 1855 L
1481 1835 1492 1855 1
1501 1835 1530 1863 S,
1550 1837 1573 1855 e.
1610 1827 1670 1855 Adi.
1706 1828 1883 1863 [aramme]
1919 1830 1997 1865 Qud
2007 1838 2054 1854 non
2061 1828 2248 1865 sentim'potest.

78 1868 133 1895 fluit
146 1869 261 1902 (homini
292 1867 436 1900 cholastmo,
450 1874 473 1894 et
493 1871 521 1893 in
541 1866 715 1893 declamatorio
727 1867 812 1901 solum
822 1874 893 1900 opere
909 1864 1021 1896 iaH'oto,
1034 1875 1088 1892 cum
1102 1869 1137 1892 ri·
1198 1864 1266 1891 Gell.
1283 1874 1316 1897 17,
1331 1874 1359 1890 10
1384 1864 1563 1891 Incnarrabile
1583 1864 1632 1890 esse
1648 1864 1685 1891 ait
1701 1870 1727 1890 et
1741 1863 1934 1898 propemodum
1947 1864 2104 1891 insensibile.
2177 1866 2250 1892 Mor.

78 1902 135 1930 dere
146 1905 219 1930 talem
227 1870 417 1939 postulationem
426 1901 527 1937 poffet)
540 1908 568 1927 vt
575 1901 776 1928 aduocationem
786 1906 897 1934 peteret,
910 1900 1001 1936 (quafi
1013 1901 1082 1937 serio
1096 1910 1137 1928 res
1195 1899 1244 1925 bus
1270 1901 1325 1927 Ser.
1337 1901 1494 1927 Sammonic.
1519 1909 1553 1931 34.
1750 1897 1772 1934 fl
1798 1907 1812 1924 z
1857 1899 1914 1933 Qi
1930 1908 1976 1924 non
1984 1899 2071 1933 sentit.
2129 1900 2248 1928 La&ant.

77 1939 216 1976 ageretur)
238 1938 341 1966 Deinde
360 1938 392 1964 ad
411 1939 526 1964 alterum.
545 1942 695 1971 praetorem
714 1935 812 1968 eduxi,
826 1943 852 1963 et
871 1936 970 1970 ingrati
991 1936 1134 1970 postulaui,
1197 1944 1220 1967 7,
1234 1945 1254 1967 3,
1270 1945 1283 1966 7
1312 1935 1383 1962 Nam
1404 1935 1420 1960 si
1442 1935 1504 1960 haec
1523 1933 1630 1965 omnia,
1648 1941 1716 1966 quae
1734 1934 1869 1962 videmus,
1892 1933 1942 1971 Dei
1963 1934 2081 1961 membra
2100 1936 2172 1967 sunt;
2193 1937 2248 1963 iam

79 1978 150 2000 cuius
167 1977 284 2001 criminis
302 1973 378 2009 ipsius
397 1982 489 2009 quoque
508 1981 557 1998 non
577 1972 682 1999 dahamr
701 1971 769 1998 αὲἶὶο
781 1972 888 2004 Romae,
900 1971 949 2006 rufi
967 1974 995 1997 in
1014 1973 1058 1997 illo
1070 1971 1135 2006 foro
1196 1969 1354 1995 insensibilis
1375 1969 1407 1995 ab
1427 1969 1468 1995 his
1486 1968 1656 1997 constituitur
1672 1967 1749 1996 dens;
1770 1968 1896 2001 quoniam
1917 1969 2035 1996 membra
2053 1971 2125 1996 sensu
2145 1978 2250 2004 carent;

77 2009 254 2036 declamatorio
263 2029 272 2042 ,
292 2017 341 2035 etc.
1148 2006 1180 2032 50
1196 2009 1221 2029 et
1235 2004 1365 2037 mortalis,
1381 1999 1511 2038 'quoniam
1525 2003 1646 2029 videmus
1658 2003 1775 2031 membra
1789 2004 1836 2029 esse
1849 2004 1982 2031 mortalia.
2054 2006 2094 2031 Sic
2106 2005 2249 2034 simulacta

116 2052 126 2071 1
139 2051 160 2072 Ν
174 2051 188 2071 s
201 2050 219 2071 C
232 2050 251 2070 R
266 2051 301 2070 11³
311 2050 333 2069 ‘r
344 2050 352 2069 1
363 2049 382 2069 0
393 2063 400 2076 ,
419 2042 488 2069 onis.
514 2041 534 2068 f.
572 2038 732 2074 [ἔπυγςαφιέ]
760 2040 835 2065 Modo
851 2040 960 2073 Titulus,
975 2042 1042 2066 modo
1056 2041 1134 2067 Nota.
1195 2046 1268 2064 vocat
1282 2040 1354 2066 Vana
1367 2044 1392 2065 et
1405 2038 1564 2065 insensibilia
1581 2047 1601 2070 1,
1616 2047 1658 2071 20,
1676 2047 1711 2065 22.
1748 2040 1780 2064 Et
1796 2041 1822 2070 6,
1837 2048 1867 2070 13,
1882 2048 1912 2069 ¹3·

78 2080 194 2107 Statuam
208 2088 267 2106 cum
281 2078 452 2112 inscriptione
467 2076 597 2112 praeclara
612 2075 753 2102 decernere
773 2075 830 2102 Cic.
839 2074 905 2101 Phil.
915 2083 938 2106 ¹3
954 2083 1011 2108 c.4.
1067 2076 1134 2102 Plin.
1231 2079 1374 2101 INSENs
1385 2082 1395 2101 1
1407 2080 1442 2100 ιι
1452 2081 1481 2109 s,
1502 2083 1526 2100 e.
1563 2073 1622 2100 Adi.
1660 2073 1830 2107 [ὰνιίἐὶητος]
1870 2075 1947 2101 Idem.
2001 2074 2105 2103 Lucret.
2122 2084 2144 2110 2,
2160 2078 2211 2110 864

77 2124 119 2149 29,
134 2123 144 2142 1
168 2115 239 2141 Hinc
259 2115 305 2141 illa
326 2114 441 2140 infelicis
462 2111 631 2138 monumenti
651 2110 790 2145 inscriptio
808 2110 906 2137 Turba
924 2110 948 2136 se
967 2110 1133 2138 medicorum
1511 2125 1516 2129 -
1562 2123 1609 2128 —-
1627 2108 1728 2134 necesse
1746 2108 1781 2134 est

76 2150 190 2185 periisse.
284 2150 357 2177 Idem
372 2158 393 2181 7,
409 2155 436 2179 523
461 2147 565 2174 Indicio
585 2146 636 2173 erit
656 2145 744 2172 tabula
761 2145 866 2180 antiqui
883 2145 951 2172 aeris
968 2155 1027 2172 cum
1042 2146 1132 2172 inscri-
1371 2144 1409 2170 Ex
1428 2143 1593 2169 insensilibus
1610 2149 1697 2170 tamen
1712 2143 1803 2169 omnia
1823 2143 1966 2172 confiteare

77 2187 170 2221 ptione
185 2185 240 2213 tali.
334 2183 540 2219 Inscriptiones,
561 2189 668 2216 propter
687 2188 749 2215 quas
764 2181 949 2206 vadimonium
962 2180 1045 2206 deseri
1060 2179 1133 2214 pofflt
1150 2181 1179 2207 ¹55
1372 2179 1512 2212 Principiis
1532 2178 1658 2205 constare.

76 2222 145 2249 Plin.
162 2221 244 2256 praef.
257 2230 282 2256 p.
290 2229 312 2254 5,
327 2229 335 2247 1
356 2221 438 2246 Hard.
512 2217 699 2251 Inscriptiones
713 2216 820 2244 frontis,
837 2222 884 2250 pro
895 2215 1055 2248 stigmatibus
1073 2215 1145 2240 Sem*
1195 2212 1268 2240 Idem
1283 2217 1328 2245 887
1352 2213 1390 2240 Ex
1408 2213 1570 2240 insensilibus
1587 2214 1615 2240 ni
1628 2213 1716 2240 credas
1730 2213 1818 2240 sensile
1831 2214 1915 2249 gigni.

77 2256 110 2283 de
124 2257 166 2282 Ira
181 2267 202 2291 3,
216 2266 235 2289 3.
272 2255 346 2285 Confi
366 2256 436 2282 Suet.
449 2253 532 2287 Calig.
548 2262 569 2278 c.
585 2261 622 2282 27.
694 2250 792 2276 Patere.
808 2258 830 2282 ε,
844 2256 889 2279 104
915 2248 1005 2282 quue
1021 2249 1132 2275 nomine
1230 2255 1240 2274 1
1251 2254 1401 2275 NSENSA
1412 2255 1434 2275 T
1446 2255 1483 2276 10
1493 2269 1501 2282 ‚
1521 2249 1591 2276 onis.
1617 2249 1637 2276 f.
1692 2250 1750 2276 Vet.
1764 2251 1861 2284 interp.
1875 2251 1945 2277 Iren.
1959 2250 2043 2284 praes.
2057 2258 2076 2279 1.

78 2292 181 2319 decreta
193 2292 219 2318 ei
231 2300 291 2318 cum
312 2285 488 2324 speciosislima
506 2286 677 2320 inscriptione
691 2287 803 2318 operum
817 2290 971 2309 ornamenta
986 2284 1133 2317 triumpha·
1231 2290 1241 2309 1
1252 2291 1271 2309 N
1285 2290 1297 2309 S
1306 2290 1322 2310 E
1332 2290 1355 2310 Ν
1366 2291 1378 2310 s
1387 2291 1409 2310 A
1418 2291 1439 2311 T
1448 2291 1468 2312 v
1479 2291 1491 2311 s
1500 2305 1508 2317 ,
1528 2293 1542 2312 a
1552 2305 1561 2318 ,
1580 2293 1634 2311 um.
1672 2284 1732 2311 Adi.
1778 2284 1913 2318 Augustin.
1923 2285 1955 2311 de
1969 2286 2060 2312 Genes.
2075 2283 2106 2311 ad
2120 2285 2172 2314 Lit.
2184 2295 2204 2319 3,
2213 2294 2245 2315 ¹2.

76 2327 123 2354 113.
194 2326 332 2361 Αιτιψιιίο,
357 2323 562 2357 inscriptionum
577 2320 664 2347 libelli
683 2319 789 2354 leian.
802 2319 844 2346 l.2
858 2316 881 2355 §.
896 2325 909 2348 8
930 2318 960 2344 ad
974 2318 1024 2353 leg.
1036 2319 1086 2346 Iul.
1101 2319 1132 2346 de
1193 2318 1313 2346 Tertull.
1325 2319 1357 2345 de
1369 2320 1480 2347 Praescr.
1495 2329 1517 2347 e.
1530 2329 1567 2352 27.
1610 2321 1641 2345 Et
1653 2321 1710 2345 adu.
1728 2320 1808 2345 Marc.
1821 2330 1843 2352 4,
1857 2328 1893 2350 43.
1950 2321 2060 2355 Vulgata
2081 2321 2137 2348 Gal.
2151 2331 2172 2354 3,
2188 2331 2206 2349 1.

75 2361 195 2390 Adulter.
229 2360 304 2393 Confi
321 2358 393 2385 Alex.
410 2360 476 2391 Imp.
490 2357 539 2391 leg.
553 2365 564 2388 3
585 2355 653 2382 Cod.
1145 2355 1181 2380 60
1232 2360 1244 2380 1
1255 2361 1279 2380 N
1288 2361 1300 2380 s
1311 2361 1359 2381 EN
1369 2361 1442 2382 SVA
1451 2362 1484 2381 L1
1493 2361 1505 2381 s
1514 2376 1522 2387 ,
1542 2364 1565 2381 e.
1603 2354 1662 2381 Adi.
1707 2354 1848 2381 Cassiodor.
1862 2355 1939 2390 Epist.
1953 2365 1979 2389 z,
1991 2366 2028 2389 40
2052 2357 2141 2383 Tanta
2154 2358 2193 2384 vis
2207 2357 2244 2384 est

113 2404 123 2422 1
134 2403 155 2423 N
168 2403 181 2423 s
190 2401 207 2422 c
218 2402 235 2421 R
246 2401 278 2421 11²
290 2401 312 2422 T
327 2401 337 2421 1
350 2401 367 2421 L
378 2402 388 2420 1
400 2400 414 2420 s
426 2414 434 2426 ,
459 2402 482 2419 e.
519 2392 579 2418 Adi.
626 2389 749 2417 Diomed.
763 2389 881 2416 Gramm.
893 2397 919 2423 p.
933 2396 972 2421 4¹3
997 2389 1060 2416 Vox
1071 2398 1133 2416 eon·
1193 2390 1410 2423 tonneruentiae,
1430 2397 1459 2416 vt
1476 2399 1533 2416 rem
1549 2389 1722 2416 insensualem
1740 2390 1831 2423 sponte
1843 2391 1868 2417 se
1881 2400 1990 2418 mouere
2004 2392 2092 2425 faciat,
2112 2392 2174 2427 quia
2187 2393 2245 2419 eius

22 2450 27 2456 ι
65 2432 131 2461 >fusa
145 2431 180 2458 est
192 2429 355 2465 inscriptilis‚
370 2430 461 2464 scribi,
478 2427 560 2453 literis
574 2426 709 2459 explicari,
726 2434 773 2450 non
786 2424 868 2460 potest.
1192 2424 1289 2451 sociam
1303 2425 1400 2451 constat
1413 2426 1546 2459 agitatam.

115 2474 158 2494 tN
171 2473 184 2493 s
195 2473 212 2493 c
224 2473 243 2492 R
258 2474 268 2492 1
281 2472 296 2491 r
308 2471 329 2490 T
339 2471 360 2490 v
369 2471 388 2489 R
398 2470 434 2495 A,
454 2471 494 2488 ae.
515 2461 535 2487 f.
573 2460 692 2487 Tertull.
706 2461 766 2487 adu.
776 2460 878 2486 Valent.
899 2468 921 2486 c.
934 2468 964 2492 30
989 2459 1079 2487 Nobis
1092 2459 1139 2495 111-7
1232 2466 1242 2485 1
1253 2467 1276 2486 N
1285 2465 1345 2487 sar
1355 2467 1377 2487 A
1391 2467 1410 2486 R
1422 2465 1469 2486 AB
1481 2466 1490 2485 1
1502 2458 1570 2487 1.1“T
1579 2466 1596 2486 Ε
1606 2465 1637 2488 n.
1674 2459 1740 2486 Adu.
1777 2460 1895 2488 Macrob.
1910 2461 1937 2487 ἰη
1951 2462 2040 2489 Somn.
2056 2462 2123 2497 Scip.
2141 2472 2148 2489 1
2165 2472 2185 2489 c.
2196 2463 2242 2490 vlt.

73 2503 204 2537 scriptura
217 2500 297 2527 huin,
308 2499 436 2532 semini&
453 2498 473 2523 i,
487 2497 575 2531 regula
587 2496 644 2520 huic
652 2495 742 2529 senoni
754 2495 919 2530 pruesm-Ipta.
1148 2496 1157 2509 ¹
1191 2494 1314 2528 Singula,
1341 2503 1411 2529 quae*
1428 2495 1636 2530 inseparabiliter
1657 2495 1777 2521 inuoluta
1798 2505 1887 2522 rerum
1907 2497 2035 2523 neceintas
2054 2497 2084 2523 in
2103 2499 2128 2524 se
2146 2498 2244 2525 vinxit.

111 2546 122 2565 1
133 2544 155 2563 N
166 2536 180 2564 θ’·
193 2543 211 2563 c
223 2542 242 2562 R
251 2537 273 2562 V
282 2541 303 2561 T
312 2541 332 2561 Ο
342 2541 361 2561 R
370 2554 379 2567 ,
400 2534 448 2559 ari.
502 2530 619 2558 Macrob.
632 2531 735 2558 Saturn.
747 2538 775 2566 7,
788 2539 797 2556 1
828 2530 854 2556 Si
873 2530 988 2557 Homeri
1005 2529 1130 2557 latentem
1142 2533 1174 2564 65
1192 2529 1308 2556 Laciant.
1323 2539 1346 2563 3,
1360 2541 1378 2557 11
1404 2531 1617 2564 Inscparabiliter
1635 2539 1761 2557 connexa.

51 2594 55 2599 .
74 2572 242 2609 prudentiam
257 2569 406 2597 inscruteris
420 2568 508 2595 altius.
1228 2573 1237 2591 1
1248 2572 1291 2592 NS
1302 2572 1319 2592 Ε
1329 2573 1345 2592 Ρ
1354 2573 1376 2592 Α
1385 2572 1404 2592 R
1416 2573 1437 2592 A
1446 2573 1462 2593 Β
1472 2566 1482 2592 i
1494 2573 1510 2592 L
1522 2574 1530 2593 1
1543 2573 1556 2593 s
1565 2588 1575 2602 ‚
1595 2575 1617 2592 e.
1655 2565 1714 2591 Adi.
1769 2566 1827 2592 sen.
1841 2566 1920 2601 Epist.
1940 2572 1968 2601 ες
1993 2567 2024 2593 Et
2040 2567 2128 2595 11111813
2140 2568 2242 2603 semper

21 2618 26 2622 ’
113 2616 123 2634 1
133 2614 154 2633 N
165 2614 177 2634 S
187 2614 203 2634 C
213 2613 262 2633 RV
272 2612 294 2633 Τ
305 2612 327 2632 Α
337 2611 354 2631 Β
366 2610 461 2638 HAS,
485 2613 507 2632 e.
549 2603 608 2630 Adi.
652 2600 862 2635 [ι’κνεξερεῦνκτος]
903 2601 980 2636 Qud
993 2599 1130 2634 scrutando
1190 2600 1236 2633 est,
1257 2607 1335 2633 atque
1349 2602 1536 2637 inseparabilis.
1593 2601 1664 2627 Idem
1681 2601 1745 2626 ibid.
1761 2607 1805 2631 118.
1863 2603 1934 2636 Cunf.
1952 2602 2028 2637 Apul.
2043 2604 2106 2629 Met.
2121 2613 2137 2636 9
2158 2613 2183 2638 p.
2199 2613 2242 2636 224

69 2643 136 2681 satis
149 2641 259 2677 cognosci
270 2651 317 2667 non
328 2639 412 2676 potest.
476 2640 586 2674 Prosper
599 2638 630 2664 de
644 2638 740 2672 Ingrat.
755 2646 777 2662 c.
788 2638 826 2668 36.
864 2636 970 2670 August.
980 2636 1059 2670 Epist.
1074 2637 1130 2663 106.
1191 2636 1282 2663 Sidon.
1297 2636 1375 2670 Epist.
1390 2647 1414 2670 9,
1429 2646 1456 2669 9.
1528 2636 1652 2671 Cyprian.
1666 2636 1745 2671 Epist.
1761 2646 1779 2670 1,
1794 2646 1811 2664 ι.
1906 2639 2016 2673 Compar.
2037 2639 2242 2673 inseparabilior

76 2679 178 2708 Nouat.
193 2677 276 2704 Trin.
298 2685 319 2703 c.
332 2681 354 2706 8.
1191 2671 1316 2698 Trinitas
1343 2673 1408 2707 Aug.
1423 2673 1455 2698 de
1468 2671 1551 2699 Trin.
1565 2682 1597 2702 ις,
1610 2680 1648 2704 23.

70 2709 74 2712 '
113 2721 122 2739 1
132 2720 155 2740 N
164 2719 178 2739 s
187 2719 204 2740 c
213 2718 235 2739 v
246 2718 287 2741 U.
298 2718 333 2744 o,
358 2709 392 2745 pfl
401 2731 410 2744 ‚
428 2715 519 2744 ptum,
539 2709 593 2735 ere.
629 2708 804 2740 [dynamis-w,
825 2703 958 2740 ἐφγλύφω]
996 2707 1130 2741 Sculpendo
1142 2713 1179 2742 7ο
1227 2714 1238 2733 1
1248 2713 1315 2735 NsE
1326 2714 1341 2734 P
1353 2714 1376 2735 A
1389 2714 1408 2734 R
1420 2714 1442 2734 A
1453 2714 1468 2734 B
1480 2714 1490 2734 1
1500 2714 1595 2734 1.1ΤΑ
1608 2714 1622 2735 s
1632 2727 1641 2740 ,
1662 2707 1719 2733 atis.
1745 2706 1764 2733 s.
1821 2708 1887 2743 Aug.
1902 2707 1967 2735 ibid.
1984 2715 2026 2744 pr.
2063 2710 2097 2735 Et
2116 2708 2194 2744 Epist.
2209 2718 2242 2744 29

75 2749 216 2784 imprimere
233 2749 365 2773 literarum
384 2747 427 2771 vel
440 2745 506 2770 alias
518 2745 624 2779 figuras.
698 2741 841 2768 Diomedes
862 2750 869 2766 1
890 2750 914 2775 p.
929 2751 971 2774 374
990 2741 1047 2776 post
1061 2741 1130 2768 med.
1191 2748 1216 2768 et
1235 2745 1291 2773 268.

73 2793 150 2816 negat
163 2783 258 2817 Sculpo
271 2782 373 2807 verbum
386 2780 440 2815 effi,
453 2780 501 2814 sed
512 2790 527 2805 a
541 2779 632 2813 Scalpo
645 2777 758 2803 deriuari
773 2776 910 2811 Insculpo‚
930 2783 959 2801 vt
973 2787 988 2802 a
1007 2777 1078 2803 calco
1092 2777 1131 2802 in·
1226 2785 1315 2805 INSE
1326 2784 1342 2804 Ρ
1357 2784 1378 2805 Α
1390 2783 1410 2804 R
1421 2784 1442 2804 A
1455 2784 1477 2805 T
1487 2785 1508 2805 v
1518 2784 1547 2812 s,
1567 2786 1597 2811 a,
1614 2786 1668 2805 um.
1696 2777 1756 2806 Adi.
1793 2778 1912 2805 Tertull.
1926 2778 1985 2806 adu.
1999 2779 2073 2805 Prax.
2092 2788 2113 2806 c.
2126 2788 2143 2813 9
2162 2786 2184 2805 ct
2205 2785 2241 2809 18.

75 2813 161 2850 culco,
173 2827 218 2846 etc.
256 2819 304 2843 Sed
315 2817 369 2843 vid.
388 2821 401 2841 S
413 2822 430 2842 c
443 2822 465 2841 A
474 2821 490 2841 L
502 2821 517 2840 P
529 2821 559 2841 ο.
612 2815 740 2839 Caeterum
753 2813 856 2838 variare
871 2813 947 2837 libros·
958 2812 1033 2838 etiam
1046 2813 1073 2837 in
1087 2813 1130 2838 hoc
1226 2820 1237 2839 1
1246 2821 1268 2840 N
1279 2820 1292 2840 s
1303 2821 1321 2841 E
1330 2821 1345 2840 t>
1355 2820 1376 2839 Τ
1386 2820 1407 2839 V
1421 2820 1434 2840 S
1447 2835 1454 2846 ‚
1476 2823 1504 2846 a,
1520 2823 1575 2840 um.
1612 2813 1672 2840 Adi.
1710 2814 1728 2839 i.
1746 2814 1841 2848 septus.
1899 2815 1976 2841 Hunc
1995 2816 2123 2848 inseptum
2139 2815 2241 2849 ingenti

76 2858 166 2884 verim,
183 2863 205 2879 et
214 2853 338 2888 flm‘iuare
356 2852 425 2877 inter
439 2850 554 2885 inscalpo
575 2857 598 2875 et
618 2848 753 2882 insculpo,
772 2846 932 2887 obseruatum.
994 2847 1048 2873 Vid.
1064 2856 1091 2874 v.
1101 2856 1130 2882 g.
1191 2849 1306 2880 quodam
1325 2856 1350 2876 et
1368 2849 1547 2885 inexplicabili
1569 2856 1648 2875 muro
1675 2849 1732 2875 Sen.
1747 2849 1779 2875 de
1798 2849 1886 2875 Benef.
1900 2860 1921 2883 4,
1934 2858 1969 2883 ¹9·
2042 2850 2129 2876 Festus
2148 2857 2241 2884 tamen,

74 2891 175 2916 Bunem.
197 2891 231 2913 an'
254 2888 370 2914 Laciant.
390 2886 515 2913 Phoenic.
536 2894 571 2916 ¹53
602 2892 673 2918 quem
702 2883 812 2909 dedimus
844 2892 871 2908 m
897 2890 938 2909 ΙΝ
950 2888 963 2909 s
974 2889 991 2910 C
1003 2889 1024 2910 A
1036 2888 1053 2908 L
1067 2889 1082 2908 Ρ
1096 2889 1127 2909 ο.
1145 2883 1176 2912 75
1191 2882 1211 2920 ᾖ
1231 2893 1248 2911 2.
1284 2885 1427 2919 Inseptum,
1445 2894 1498 2911 non
1513 2885 1627 2920 septum:
1646 2884 1758 2919 ponitur
1770 2891 1795 2911 et
1810 2893 1859 2918 pro
1872 2893 1926 2911 non
1937 2884 2111 2913 aedificatum.
2152 2887 2242 2913 Verum

49 2926 51 2928 ’
75 2925 188 2952 Gemma
201 2923 370 2957 insculpenda
390 2922 406 2948 l.
422 2930 444 2953 ¹3
464 2919 514 2957 §·>'
534 2921 566 2947 D.
580 2918 686 2947 Locati.
778 2917 847 2944 Plin.
860 2918 937 2952 Epist.
950 2924 972 2951 8,
986 2920 1003 2944 6
1029 2918 1129 2944 Placuit
1189 2927 1267 2946 monet
1280 2920 1382 2954 Salmas.
1395 2923 1430 2946 acl
1441 2921 1570 2955 Spartian.
1590 2929 1615 2954 p.
1628 2929 1649 2951 31
1672 2928 1725 2946 non
1736 2919 1855 2955 posteriue
1869 2922 1994 2946 delendum
2009 2921 2063 2954 qffi’.

73 2969 135 2987 aere
148 2960 242 2994 signari
257 2967 348 2984 omncs
363 2957 480 2983 honores
493 2954 685 2982 fastidiosissimi
702 2952 844 2987 mancipii,
863 2962 982 2988 quosque
996 2953 1128 2988 repudias·
1229 2961 1239 2981 1
1253 2961 1275 2981 N
1287 2962 1299 2981 S
1308 2962 1324 2981 Ε
1336 2961 1352 2981 P
1364 2961 1380 2981 Ε
1389 2961 1406 2981 L
1416 2963 1427 2982 1
1436 2961 1452 2982 B
1462 2963 1473 2983 1
1485 2962 1501 2981 L
1512 2962 1523 2982 1
1535 2963 1564 2990 S,
1589 2964 1612 2982 e.
1649 2954 1708 2981 Adi.
1744 2963 1792 2990 vt,
1811 2955 1985 2991 Insepelibilis
2006 2955 2123 2983 stultitia.
2181 2956 2240 2983 Vid.

74 2996 128 3027 set,
147 3002 276 3030 quosque⁷
295 2991 468 3026 quantulisad
485 2992 652 3017 decernentes
666 2989 795 3024 pertinet,
814 2989 934 3023 gessisset,
953 2989 1034 3015 incisa
1049 2995 1074 3015 et
1087 2989 1128 3015 in·
1191 2990 1286 3026 Erasm.
1307 2992 1390 3025 Adng.

41 3022 46 3028 Χ
74 3031 172 3065 sculpta
190 3030 249 3063 sunt
268 3029 397 3062 publicis,
416 3027 583 3060 aeternisque
601 3025 788 3052 monumentis.
893 3024 1003 3057 Qun&
1026 3034 1043 3058 1,
1059 3034 1078 3057 1,
1094 3031 1127 3058 27
1226 3033 1236 3052 1
1248 3033 1270 3052 Ν
1285 3021 1349 3053 sk?
1361 3032 1383 3051 v
1396 3030 1446 3052 L'r
1459 3031 1520 3061 VS,
1539 3035 1568 3060 a,
1588 3035 1643 3053 um.
1668 3024 1727 3052 Adi.
1764 3023 1911 3060 [ἔθη-τος]
1947 3027 2005 3052 Non
2018 3025 2134 3060 sepultus.
2180 3025 2238 3052 Cic.

74 3066 140 3093 Non
154 3063 249 3092 inutile
262 3064 329 3098 erit,
349 3065 448 3090 Literas
460 3062 570 3089 tabellae
588 3069 666 3096 quam
685 3060 785 3093 optime
805 3059 932 3094 insculpi,
951 3065 979 3086 vt
999 3068 1045 3094 per
1065 3059 1126 3086 illos
1140 3065 1174 3091 80
1187 3069 1237 3095 pro
1259 3061 1354 3088 Milon.
1374 3070 1396 3088 e.
1409 3070 1433 3094 33
1459 3061 1593 3095 Frangetis
1612 3063 1739 3097 impetum
1758 3062 1832 3094 viui,
1852 3062 1924 3087 cuius
1943 3061 1989 3087 vix
2007 3061 2134 3087 {instinctis
2154 3061 2238 3087 furias

75 3101 150 3127 velut
165 3101 247 3127 sulcos
259 3099 368 3126 ducatur
379 3099 460 3125 stilus.
533 3096 652 3124 Nomina
666 3095 764 3122 tesseris
790 3095 880 3122 Iustin.
895 3105 915 3130 3,
928 3103 950 3128 ς,
967 3103 1007 3121 10.
1079 3096 1127 3122 Ρο-
1187 3096 1328 3131 insepulti?
1431 3097 1503 3123 Idem
1523 3097 1600 3124 Catil.
1616 3108 1639 3132 4,
1654 3106 1671 3124 11
1691 3106 1712 3123 c.
1727 3099 1744 3123 6
1772 3097 1861 3123 Cerno
1875 3097 1965 3122 animo
1979 3096 2103 3130 sepultam
2117 3096 2239 3130 patriam,

75 3135 157 3162 stibus
171 3144 270 3162 cornua
290 3135 370 3162 Ouid.
385 3135 447 3161 Met.
463 3141 498 3166 ις,
511 3136 570 3160 620.
641 3131 707 3164 Saxo
720 3130 821 3164 aliquid
842 3131 910 3168 i-Ior.
925 3131 1006 3158 Serm.
1019 3139 1043 3164 2,
1050 3138 1125 3164 3‚90.
1187 3132 1295 3159 miseros
1307 3137 1384 3165 atque
1398 3131 1542 3167 insepultos
1556 3142 1663 3159 aceruos
1678 3133 1787 3158 ciuium.
1883 3132 1924 3158 Ne
1938 3131 1996 3164 quis
2010 3131 2152 3166 insepultus
2166 3132 2238 3163 esset,

74 3171 200 3198 Tumulo
214 3170 330 3205 elogium
343 3169 497 3204 insculpliss'e
523 3169 591 3195 Suet.
605 3167 675 3194 Clar.
689 3167 806 3193 Gramm.
821 3175 840 3199 1,
854 3175 885 3193 12.
1188 3175 1280 3193 natura
1295 3167 1428 3202 prospexit
1456 3169 1515 3195 Sen.
1528 3169 1573 3203 Ep.
1588 3177 1620 3201 92
1632 3175 1697 3194 extr.
1768 3166 1903 3193 Proiicere
1917 3166 2059 3200 insepultos
2090 3166 2149 3193 Liu.
2163 3175 2202 3199 29,
2211 3175 2237 3200 9.

113 3212 175 3233 1NS
185 3211 201 3232 C
212 3213 233 3231 v
243 3212 259 3231 1.
269 3213 284 3232 Ρ
294 3213 315 3233 'r
325 3213 346 3232 v
357 3213 371 3232 s
380 3227 388 3239 ‚
417 3215 447 3237 a,
466 3214 520 3232 um.
558 3202 650 3230 Partic.
698 3201 757 3228 Liu.
771 3210 796 3238 2,
813 3210 838 3234 33
865 3201 968 3228 Foedus
983 3210 1041 3228 cum
1055 3200 1125 3229 Lati..
1187 3202 1308 3230 Membra
1335 3204 1401 3230 Hor.
1415 3204 1497 3237 Epod.
1511 3211 1534 3237 ς,
1546 3214 1587 3237 99.
1661 3203 1744 3234 Mors,
1766 3203 1811 3228 Vln'
1823 3210 1922 3228 arcetur
1929 3202 2060 3236 sepultura
2073 3202 2109 3233 is,
2126 3201 2236 3236 quisup-

74 3241 128 3274 nis,
141 3241 263 3267 columna
275 3249 354 3268 aenea
367 3241 535 3275 insculptum,
549 3243 723 3265 monumento
735 3237 780 3270 est,
800 3237 951 3264 Postumum
965 3237 1122 3263 Cominium
1141 3242 1171 3272 85
1183 3238 1259 3272 plicia
1274 3238 1309 3274 est
1319 3238 1422 3274 offellus
1440 3240 1500 3267 Sen.
1514 3239 1544 3265 dc
1552 3238 1709 3272 Tranquill.
1724 3237 1793 3263 vitae
1809 3247 1841 3268 14.
1882 3253 1885 3257 s
1912 3238 1987 3264 Pater
2005 3236 2149 3271 insepultus
2174 3238 2235 3263 Sen.

74 3278 177 3305 bellum
188 3275 279 3310 gestisse
293 3285 351 3303 curu
364 3277 474 3303 Volscis.
546 3275 602 3301 Cic.
616 3273 648 3299 de
661 3274 697 3300 N.
708 3274 740 3299 D.
754 3282 775 3306 ²,
787 3283 811 3299 12
830 3283 850 3301 c.
862 3282 880 3306 4
906 3272 1037 3299 Omnibus
1052 3273 1124 3298 enim
1186 3273 1277 3300 Theb.
1298 3275 1315 3300 s.
1332 3284 1349 3300 1.
1457 3275 1512 3302 Cic.
1528 3274 1641 3308 Philipp.
1655 3283 1673 3306 1,
1686 3282 1698 3304 5
1717 3281 1740 3299 c.
1755 3282 1767 3298 2
1800 3272 1871 3299 Nam
1887 3281 1967 3307 qumn
1983 3273 2096 3306 serperet
2118 3272 2145 3298 in
2168 3272 2234 3298 vrbe

28 3314 29 3317 ’
75 3314 198 3341 innatum
211 3311 256 3343 est,
275 3317 300 3336 et
314 3312 341 3337 in
355 3312 445 3338 animo
457 3310 526 3346 quasi
541 3309 706 3343 insculptum,
728 3309 776 3335 esse
789 3308 861 3335 deos.
932 3307 1005 3334 Idem
1021 3307 1098 3335 Acad.
1109 3317 1123 3339 4
1186 3308 1323 3336 infinitum
1341 3309 1455 3342 malum,
1476 3310 1556 3342 idque
1573 3314 1691 3335 manaret
1703 3308 1730 3334 in
1745 3308 1800 3333 dies
1818 3308 1908 3334 latius:
1929 3307 2063 3341 iidemque
2082 3307 2186 3334 bustum
2205 3307 2234 3333 in

32 3348 44 3359 '⁷
76 3358 98 3376 e.
113 3358 122 3375 1
136 3355 202 3374 extr.
229 3348 264 3372 Vt
278 3345 361 3373 literis
376 3347 564 3381 consignamus,
584 3354 650 3378 quae
667 3345 845 3371 monumentis
858 3343 981 3370 mandare
992 3343 1124 3377 voltlmtts,
1186 3344 1249 3371 foro
1265 3346 1390 3379 facerent,
1410 3347 1455 3378 qui
1470 3345 1542 3371 illam
1557 3344 1711 3377 insepultam
1726 3344 1883 3377 sepulturam
1899 3343 2054 3376 effecerant,
2074 3350 2120 3370 etc.
2177 3343 2236 3368 Cae-

76 3384 109 3411 sic
123 3383 168 3410 ille
189 3381 337 3415 QLucullus)
357 3381 386 3408 in
396 3383 486 3409 animo
500 3390 540 3408 res
553 3381 691 3414 insculptas
703 3380 823 3407 habebat.
879 3380 965 3406 Sortes
977 3379 1007 3405 in
1024 3378 1124 3405 robore
1179 3379 1248 3414 saris
1256 3380 1337 3413 funus
1349 3388 1421 3406 vocat
1434 3380 1590 3414 Insepultam
1604 3379 1780 3414 sepulturam,
1797 3385 1926 3414 propterea
1945 3380 2009 3412 quod
2023 3380 2118 3412 raptim
2139 3387 2167 3403 ac
2179 3384 2234 3402 tur-

73 3418 218 3452 insculptae
233 3417 377 3451 prist-arum
390 3416 524 3444 literarum
538 3417 606 3443 notis
626 3417 682 3442 Cic.
691 3415 722 3441 de
736 3416 798 3442 Diu.
815 3424 826 3441 2
841 3425 864 3442 c.
876 3424 908 3446 41.
988 3414 1054 3440 Plin.
1065 3417 1102 3446 36,
1111 3423 1124 3445 5
1135 3422 1171 3448 90
1185 3415 1290 3449 bidente,
1309 3425 1357 3441 non
1367 3425 1430 3441 more
1443 3414 1660 3449 modoquefac'lum
1672 3421 1733 3442 erat.
1805 3414 1942 3449 Sepultura
1953 3413 2167 3448 autemsgnificat
2179 3414 2233 3438 Hu-

32 3473 33 3476 =
75 3456 141 3483 Sunt
156 3461 226 3479 certe
238 3452 383 3479 etiamnum
398 3451 426 3477 in
439 3453 620 3479 columnarum
641 3451 717 3485 spiris
737 3450 863 3486 insculpta
878 3448 1016 3476 nominum
1029 3458 1123 3476 eorum
1184 3451 1326 3483 mationem,
1346 3458 1418 3484 atque
1435 3451 1512 3477 anum
1530 3449 1606 3485 ipsum
1614 3449 1763 3484 sepeliendi:
1785 3449 1864 3475 sunus
1883 3450 1963 3481 alias,
1983 3455 2007 3473 et
2017 3455 2093 3483 prope
2106 3447 2233 3483 exsequias

24 3491 34 3502 ⁵
74 3488 240 3524 argumenta,
256 3495 330 3521 rana,
347 3489 426 3521 at'que
439 3487 541 3516 lacerta.
576 3488 622 3514 Al.
638 3486 772 3521 Inscalpta.
851 3485 922 3512 Idem
937 3492 963 3518 7,
976 3494 1007 3511 20
1026 3485 1056 3511 Et
1071 3485 1123 3512 alia
1183 3485 1257 3519 ipsas,
1278 3492 1309 3511 vt
1321 3487 1362 3512 hoc
1375 3487 1422 3510 laco
1458 3493 1481 3511 et
1498 3484 1530 3511 de
1542 3484 1634 3520 Legib.
1648 3493 1672 3517 2,
1687 3487 1716 3515 56
1742 3484 1800 3510 Nec
1812 3484 1844 3511 de
1857 3484 1958 3511 mortui
1972 3483 2058 3516 laude,
2078 3482 2126 3510 nisi
2141 3483 2169 3509 in
2184 3491 2232 3518 pu-

30 3523 50 3553 ζ’·
74 3525 189 3552 mirifica
202 3524 287 3550 facere
297 3543 304 3554 7
325 3530 390 3555 quae
404 3522 530 3556 insculpta
544 3528 717 3550 monumento
733 3521 788 3548 eius
802 3521 958 3555 spetf’tantur.
1053 3520 1123 3547 Suet.
1182 3520 1259 3547 blicis
1273 3520 1411 3555 sepulturis
1425 3507 1477 3546 dici
1492 3520 1595 3547 licebat.

38 3587 39 3590 ,
73 3561 178 3589 Neron.
193 3568 256 3591 041,
267 3561 280 3584 6
299 3557 458 3591 Insculptum
471 3564 643 3586 monumento
656 3558 769 3585 militem
778 3553 893 3590 Gallum,
901 3555 934 3582 ab
945 3555 1035 3590 equite
1043 3556 1122 3582 Rom.
1219 3563 1230 3582 1
1240 3563 1262 3583 N
1271 3563 1283 3582 s
1292 3563 1309 3583 Ε
1318 3561 1371 3595 Qv
1385 3560 1402 3581 Ε
1412 3573 1420 3585 ,
1458 3556 1502 3581 vel
1527 3563 1536 3582 1
1548 3562 1572 3590 N
1582 3562 1595 3582 s
1605 3561 1622 3582 Ε
1634 3560 1652 3582 c
1663 3561 1690 3582 Ε.
1745 3551 1863 3589 [ἔννεπε]
1916 3554 1981 3586 Dic,
1998 3562 2090 3580 nari-m
2116 3553 2147 3579 ab
2161 3552 2232 3581 Inse-

74 3595 222 3632 0ppress⁴um
235 3593 305 3620 trahi
318 3592 446 3620 crinibus-
1134 3597 1166 3624 93
1182 3600 1247 3625 quo,
1267 3593 1310 3617 vel
1319 3599 1348 3617 vt
1361 3591 1440 3617 Velio
1455 3591 1548 3626 Longo
1563 3592 1631 3625 apud
1643 3589 1710 3617 Gell.
1725 3596 1758 3622 18,
1771 3598 1795 3623 9.
1816 3589 1895 3623 magis
1905 3589 2009 3624 placuit,
2029 3589 2127 3615 Inseco.
2164 3589 2231 3614 Hinc

22 3645 29 3662 ,r
43 3657 46 3659 .
113 3638 125 3658 1
136 3638 160 3658 N
171 3637 185 3657 S
197 3629 239 3657 lic
248 3636 268 3656 O
278 3649 286 3662 ‚
305 3628 398 3662 secui,
409 3627 523 3660 sest'fflm,
543 3631 596 3655 Ere·
633 3629 766 3663 [ἒντέμνω]
805 3629 890 3654 Secare
910 3636 940 3652 ex
952 3632 1039 3660 parte,
1058 3624 1122 3650 ‘'nst'-
1181 3626 1326 3653 Inseeendo
1339 3635 1370 3652 ex
1384 3626 1495 3658 Catone,
1514 3635 1536 3653 et
1550 3627 1636 3653 Insece
1650 3626 1724 3652 Musa
1745 3635 1775 3650 ex
1788 3625 1875 3651 Ennio
1888 3624 1983 3657 refert,
1999 3625 2044 3657 qui
2056 3624 2142 3650 dedita
2155 3630 2228 3657 opera

23 3667 35 3698 ξ’
69 3674 130 3703 pere
150 3667 244 3703 secare.
316 3662 447 3690 Columel.
460 3670 494 3695 12,
509 3670 544 3697 47
573 3664 687 3697 Quidam
701 3664 801 3691 oliuam
815 3673 869 3690 non
883 3660 1058 3693 contundunt,
1077 3660 1121 3687 sed
1182 3662 1224 3687 hoc
1235 3663 1335 3688 verbum
1349 3662 1457 3694 trat‘lat,
1475 3669 1499 3687 et
1512 3662 1606 3688 omnino
1616 3661 1736 3686 videndus
1747 3659 1779 3695 est
1791 3667 1839 3686 tito
1853 3660 1932 3695 capite
1947 3659 2016 3687 Gell.
2031 3665 2065 3692 18,
2079 3668 2104 3693 9.
2157 3658 2226 3696 Adi(-

73 3688 147 3729 acutii
158 3700 287 3728 arundine
301 3699 424 3725 insecant.
501 3697 573 3724 Idem
591 3708 620 3731 4,
641 3709 664 3730 1ς
695 3700 822 3733 Sequente
837 3697 930 3725 deinde
944 3705 1014 3724 anno
1027 3696 1122 3722 inseca-
1181 3697 1276 3723 Insecis
1291 3699 1359 3731 apud
1376 3696 1440 3723 Fert.
1497 3696 1568 3729 Confi
1583 3695 1635 3730 Bos.
1649 3697 1683 3720 ad
1693 3695 1749 3721 Cic.
1763 3695 1813 3721 Att.
1828 3703 1846 3728 1,
1863 3699 1887 3721 16
1908 3704 1933 3730 p.
1949 3704 1990 3724 103
2011 3696 2100 3720 Graeu.
2150 3691 2227 3716 Nobis

73 3743 118 3765 tur
131 3737 251 3773 superior
264 3744 324 3770 pars
339 3740 494 3761 curnamrae
508 3741 589 3767 vsque
600 3734 632 3761 ad
645 3735 795 3762 medullam.
1174 3731 1242 3765 satis
1255 3731 1286 3767 est
1296 3739 1383 3766 ponere
1397 3742 1427 3757 ex
1442 3730 1516 3757 Gellio
1530 3731 1616 3765 vasus
1627 3730 1723 3763 Ennii,
1744 3731 1830 3756 Insere
1847 3731 1936 3765 Musa,
1955 3738 2032 3757 manu
2046 3730 2226 3767 Romanorum

28 3793 30 3795 ,
110 3781 121 3800 1
132 3779 156 3798 N
170 3779 183 3799 s
193 3777 266 3799 ECT
276 3777 296 3797 v
308 3777 321 3796 S
332 3791 341 3804 ‚
365 3778 396 3799 a,
419 3777 474 3794 um-
511 3767 603 3794 Partic.
620 3768 623 3771 ’
638 3769 805 3804 [ἒμπςιῷεῖς]
841 3769 908 3796 Ρ1111.
921 3777 959 3800 10,
976 3773 1007 3801 37
1040 3764 1369 3801 Q10d1001nduperator,
1402 3767 1480 3799 Quod
1502 3767 1612 3800 quisque
1632 3766 1659 3791 in
1679 3765 1750 3792 bello
1770 3765 1840 3800 gessit
1857 3775 1917 3792 cum
1931 3775 1992 3800 rege
2005 3764 2134 3802 Philippo·
2192 3760 2225 3784 13:

70 3813 139 3835 turo
152 3807 257 3834 inseetis
269 3806 369 3832 alarum
383 3803 500 3830 articulis
514 3802 643 3836 quaesiere
657 3805 748 3839 aliqui,
768 3815 833 3839 non,
851 3812 897 3831 etc.
969 3803 1065 3828 Dentes
1080 3802 1120 3827 in·
1179 3802 1253 3828 Liuii
1268 3802 1424 3834 Andronici,
1443 3803 1486 3836 qui
1497 3802 1602 3835 primum
1616 3800 1734 3834 Odyffi’ae
1746 3801 1889 3836 versum-sir.-
1901 3802 2018 3831 reddidit,
2037 3799 2130 3835 Virum
2144 3793 2224 3833 mihi,

32 3850 35 3856 ⁴
72 3843 137 3870 sceti
151 3842 257 3878 pe&ine
278 3841 360 3868 Ouid.
375 3840 437 3867 Met.
453 3840 478 3872 6,
493 3843 530 3868 58.
549 3840 579 3863 de
593 3845 661 3872 opere
674 3841 765 3867 textili.
964 3836 985 3876 ff
1006 3845 1022 3863 2
1076 3837 1118 3864 1n-
1180 3838 1328 3869 camoena,
1347 3838 1432 3863 insece
1445 3831 1586 3863 versutuin.
1657 3835 1766 3863 Catonis
1779 3838 1883 3872 denique
1895 3837 1969 3862 verba
1978 3835 2051 3868 sunt:
2086 3829 2223 3857 Emsmodl

73 3877 142 3904 see‘ta
167 3876 276 3912 [ἔντομα
287 3879 359 3910 ζῶα]
382 3884 459 3910 genus
473 3873 634 3905 animalium,
654 3874 681 3897 de
694 3883 738 3906 quo
752 3877 881 3901 audiamus
897 3873 1022 3901 Plinium.
1094 3873 1118 3897 Is
1179 3872 1272 3898 scelera
1287 3872 1402 3903 nefaria,
1422 3880 1488 3906 quae
1505 3879 1592 3906 neque
1610 3869 1749 3899 insecendo
1766 3874 1929 3906 (narrando)
1947 3876 2031 3902 neque
2050 3865 2161 3900 legendo
2177 3872 2222 3890 au-

73 3913 167 3939 librum
178 3922 209 3940 10
221 3915 259 3939 ita
271 3913 337 3945 finit,
357 3912 457 3937 Verum
470 3909 502 3934 ad
515 3907 614 3934 inseeta
630 3908 801 3936 transeamus:
819 3911 882 3937 haec
896 3918 1008 3943 namque
1023 3907 1119 3934 restant
1179 3906 1305 3934 diuimus.

74 3948 214 3976 immensae
234 3943 383 3975 subtilitatis
402 3943 526 3972 animalia
545 3957 590 3964 -—-
607 3942 697 3970 deinde
714 3943 804 3972 librum
816 3955 842 3972 11
859 3947 898 3973 ita
911 3945 1016 3982 incipi't,
1033 3943 1173 3981 Multa105
1214 3949 1258 3970 ΙΝ
1269 3948 1283 3971 s
1294 3941 1374 3981 fiQv
1385 3948 1405 3970 o
1417 3948 1455 3978 a,
1474 3943 1534 3968 situs
1556 3942 1627 3976 sum,
1647 3941 1728 3977 sequi.
1764 3941 1777 3975 [
1783 3940 1913 3975 ἐφέπομαι]
1946 3939 2013 3965 Idem
2023 3933 2220 3996 fignififflslttz’ss‘

2212 3989 2221 4002 2

229 3988 316 4012 voi..
351 3982 394 4010 11.
1333 3978 1391 4013 7Ε
