2479 4225
312 214 382 252 743
725 180 1171 232 FR1'
1489 177 1542 238 J
1797 176 2472 244 FR0‹‘374'4·

404 290 430 312 et
441 284 553 311 alicuius
567 282 716 318 cupiditatis
731 278 824 314 specics
844 279 854 307 (
863 276 907 311 leg.
922 274 1050 308 speciem)
1068 274 1120 301 fine
1134 274 1186 301 fine
1206 279 1231 300 et
1245 272 1347 300 effectu.
1409 272 1532 300 Obducta
1550 272 1665 300 quenal.
1680 272 1730 298 Sat.
1743 280 1769 304 9,
1781 280 1806 298 2.
1847 272 1906 300 Vid.
1918 274 2094 308 Porreoiore,
2110 282 2156 302 etc.
2181 274 2263 311 infra.
2334 257 2444 310 PlaciQ

313 296 390 350 ἓξὲξ.
404 322 501 346 Aeacus
518 318 593 346 iubet
611 319 687 344 jum„
701 316 753 341 alea
768 312 873 340 ludere,
895 311 998 344 pertuso
1012 311 1119 336 fritillo.
1132 328 1138 330 -
1171 311 1202 336 Et
1219 310 1271 335 iam
1290 317 1348 335 coe·
1409 308 1462 334 vid.
1479 309 1560 344 paullo
1574 316 1645 340 ante,
1666 309 1789 333 Humana
1802 307 1884 334 frons.
1921 325 1927 329 -
1977 310 2101 337 Protcrua
2119 313 2213 338 Horat.
2225 312 2313 337 Carti-1.
2332 318 2359 342 2,
2372 317 2396 343 ς,
2408 313 2443 338 ιθ.

313 362 386 392 perat
397 356 529 389 fugientes
542 356 642 388 semper
653 352 900 387 tefferasquaerere,
919 351 945 372 et
957 345 1024 372 nihil
1038 346 1180 385 proficere}
1199 345 1269 371 Nam
1283 352 1349 385 quo·
1410 344 1619 386 Rigida-Lucan.
1635 352 1663 375 ε,
1683 350 1738 377 375.
1756 378 1761 382 Ι
1810 344 1928 384 Rugofa,
1953 345 2006 371 vid.
2028 346 2161 379 Rugosus,
2184 350 2211 373 in
2232 351 2350 373 RVGA.
2403 344 2444 376 So!-

313 393 362 418 fies
374 391 494 417 miffurus
507 396 562 416 erat
574 389 708 416 resonante
723 382 835 413 fritillo,
856 382 971 415 Vtraque
985 381 1111 408 sttbdut‘to
1125 380 1243 413 fugiebat
1256 381 1346 406 tessera
1411 387 1474 405 rena
1493 380 1537 406 bil.
1552 389 1573 412 3,
1587 384 1641 411 298.
1710 379 1826 412 Setigera
1845 387 1903 413 apri
1922 379 1984 406 Stat.
1998 380 2094 406 Theb.
2107 386 2136 413 8,
2150 390 2199 414 532.
2216 385 2225 397 ι’
2271 381 2359 407 Setosa
2377 371 2444 408 laetffl

313 427 412 457 fundo,
428 433 473 452 etc.
524 426 617 458 pyrgus
625 441 632 453 ,
647 417 795 445 *Turricula
814 414 846 449 est
859 419 928 442 intus
940 415 1198 449 cocht'eatimflrubia,
1216 422 1245 441 vt
1259 422 1346 441 temere
1372 420 1387 446 ς
1412 414 1465 440 oris
1479 415 1572 441 Horat.
1586 416 1666 440 Serm.
1681 422 1700 445 ι,
1715 417 1787 451 5³5¹·
1868 411 2005 441 solicitam
2017 416 2166 450 explicuere
2179 417 2296 443 frontem
2308 414 2347 442 Id.
2361 415 2456 447 Carini*

312 462 422 489 dmolml·
435 463 483 488 mll-
507 462 547 486 vel
557 450 782 490 ,fig-raefim'motu
794 451 868 487 infra
876 451 1009 487 prosiliant
1021 455 1047 477 in
1061 451 1195 478 alueolum
1208 450 1233 486 s.
1247 450 1346 476 forum.
1410 457 1432 480 3,
1445 458 1486 483 29,
1501 453 1536 476 16.
1594 450 1709 483 Spatiosa
1729 449 1811 475 Ouid.
1824 450 1890 476 Met.
1905 459 1925 482 3,
1940 460 1979 476 20.
2035 451 2180 477 quenibus
2201 452 2237 478 est
2250 452 2360 478 Tenera
2372 451 2444 480 fron‘b

313 498 447 528 fritillus,
463 481 545 530 piculi
562 490 654 523 instar,
675 494 704 513 vt
717 487 834 514 diximus.
889 489 978 514 Minus
996 494 1109 513 accurate
1129 495 1184 521 crgo
1199 485 1346 520 Porphyrio
1409 484 1466 510 Sen.
1481 486 1526 519 Ep.
1541 494 1571 512 ιι.
1606 484 1674 511 Adii.
1689 485 1761 511 Non.
1775 493 1797 517 2,
1811 492 1864 517 350.
1935 486 2042 512 Tenuis
2062 487 2155 513 Horat.
2170 487 2257 514 Carm.
2274 496 2294 519 1,
2307 494 2343 518 33,
2357 493 2370 518 5
2393 487 2445 514 lat&

312 537 340 560 n'n
359 532 421 560 iliud
434 533 523 557 Horat.
538 528 616 552 Scrm.
630 532 655 554 2,
670 531 695 557 7,
709 530 737 557 17
761 523 879 549 Mitteret
894 523 922 549 in
934 524 1056 557 Pyrgum.
1112 523 1238 555 pyrgum,
1255 524 1347 556 inquit,
1405 519 1506 553 puellae.
1576 521 1674 546 Torua
1693 520 1792 554 Virgil.
1808 522 1873 546 Aen.
1885 529 1908 553 3,
1923 523 1980 552 636.
2062 522 2163 548 Tristis
2183 521 2291 548 Tibull.
2311 530 2344 553 2,
2363 529 2386 553 3,
2407 519 2452 556 3‘2i.

313 569 384 603 quod
397 576 444 593 nos
457 562 580 591 fritillum
594 559 722 590 dicimus,
741 567 794 592 quo
811 558 945 585 conie8me
965 559 1084 590 telierae,
1104 558 1269 591 agitataeque
1286 556 1347 582 mit·
1408 555 1519 594 Trunca
1530 556 1600 582 tauri
1613 554 1693 581 Ouid.
1708 557 1772 582 Met.
1785 564 1811 588 9,
1826 564 1844 581 1.
1914 555 2041 583 Turbida
2059 557 2116 583 Sen.
2130 556 2239 592 Hippoi.
2258 557 2276 583 s.
2289 566 2315 590 4.
2371 556 2443 583 Tur÷

312 610 411 630 tuntur.
464 594 564 624 Reffius
576 592 690 626 dixiffi’t,
711 595 807 627 Pyrgus
821 593 891 620 idem
906 594 1027 628 praestat,
1046 593 1111 629 qnod
1123 591 1249 620 Fritillus.
1304 592 1347 617 Iu·
1368 605 1397 624 10
1408 589 1469 624 gida
1482 591 1605 617 cornibus
1620 592 1809 618 Horat.Carm.
1824 600 1845 623 3,
1859 599 1893 623 13,
1906 601 1934 625 4.
2002 592 2139 618 Verislima
2151 593 2240 619 fronte
2251 600 2346 619 verum
2359 591 2445 619 dicere
2458 612 2461 618 .

311 647 370 665 ven.
385 638 432 662 Sat.
446 642 482 664 14,
498 639 510 662 ς
538 644 583 649 —
608 631 744 664 paruoque
762 629 852 655 eadem
866 635 956 655 mouet
971 638 1042 655 arma
1054 628 1159 655 fritillo.
1213 627 1348 653 Scholiast.
1409 625 1465 651 Cic.
1485 634 1532 660 pro
1548 627 1636 652 Rabir.
1652 625 1717 652 Post.
1736 634 1770 659 35.
1842 626 1964 658 Vrbana‚
1989 624 2022 659 est
2043 628 2162 660 Fiducia,
2187 634 2210 654 ec
2222 627 2324 662 petendi
2343 626 2447 658 audacia

311 671 427 700 Fritillus
444 666 516 700 pyxis
535 673 643 695 cornea,
665 665 713 699 qui
727 664 804 690 fimus
822 664 934 698 [φιμὸς]
954 664 1052 691 dicitur
1064 665 1170 691 Graece.
1209 663 1348 689 Fritinnire
1407 661 1502 700 Horat.
1516 661 1593 696 Epist.
1610 671 1628 692 1,
1641 671 1665 694 9,
1682 669 1712 686 ιι.
1821 665 1825 668 “
1907 659 1928 699 fl
1949 670 1962 693 3
1999 662 2125 689 Formulae
2141 663 2274 698 quaedam:
2309 663 2392 689 Frons
2404 661 2460 694 ⁰4¹7

310 716 371 735 aues
388 705 509 731 dicuntur
524 700 652 734 strepere,
671 706 717 726 aut
735 700 835 725 sonare.
893 700 969 734 Apud
983 701 1105 735 antiquos
1125 700 1154 725 in
1166 707 1248 725 cornu
1261 699 1348 724 mitte·
1408 697 1502 730 cipitio
1517 698 1593 731 prior
1613 697 1648 722 cst
1667 697 1733 722 Cato
1745 697 1777 723 R.
1792 697 1823 723 R.
1843 706 1866 723 c.
1880 706 1908 730 4.
1977 698 2104 725 Frontem
2120 697 2224 725 domini
2247 698 2303 732 plus
2322 696 2446 732 prodesse&

310 743 371 770 bant
387 738 502 767 tess'eraS,
518 742 708 770 morientesque
722 734 876 761 fundebant.
913 736 981 761 Haec
993 735 1058 762 bene.
1102 735 1196 762 Nollem
1203 733 1348 770 fitbiunxis-
1408 740 1487 766 quant
1498 733 1670 766 occipitium,
1688 740 1742 758 non
1754 732 1921 760 mentiuntur
1934 732 1999 758 Plin.
2014 738 2049 765 ιε,
2064 740 2085 765 ς.
2155 735 2178 760 A
2191 734 2279 760 fronte
2292 732 2373 759 Ouid.
2380 733 2449 760 Met&

321 784 358 802 et:
382 778 426 799 aut
445 771 570 798 fritillum
591 779 701 806 pyrgum
721 770 798 796 dixit.
849 771 888 796 De
923 780 951 796 uo
965 770 1046 797 eadem
1059 769 1221 807 obseruanda,
1241 775 1299 803 quae
1321 772 1348 794 in
1368 780 1394 807 [ς
1409 775 1428 798 1,
1441 774 1483 801 173
1504 768 1577 794 Plebs
1593 767 1693 793 habitat
1707 767 1810 794 diuersa
1823 768 1906 800 locis,
1926 777 1941 794 a
1955 768 2045 795 fronte
2059 774 2179 803 potentes
2212 768 2370 796 Caelicolae.
2422 768 2455 800 ᾧ

307 809 499 844 Porphyrionem
512 807 581 832 modo
595 806 664 833 dic‘l'a
672 806 744 842 fient.
780 805 901 831 Turricu
914 814 938 837 a,
950 805 976 840 s.
989 805 1155 841 Pyrgusstat.
1192 807 1230 832 De
1243 804 1348 831 Fritillo
1407 803 1512 835 fronte,
1533 812 1546 829 a
1559 810 1643 837 tergo,
1660 812 1673 828 a
1688 803 1812 829 lateribus
1829 803 1915 830 teneri
1930 804 1986 829 Cic.
1999 804 2111 838 Philipp.
2125 814 2147 836 ς,
2160 813 2198 836 32.
2268 805 2290 830 A
2303 803 2449 834 frontibus,

306 849 395 872 iterum
414 843 472 870 Seu.
492 843 519 868 in
534 842 610 876 Apol.
624 841 731 877 subfin.
754 842 863 875 Vosque
882 840 909 866 iu
923 841 1031 874 primis,
1052 842 1099 876 qui
1119 841 1237 867 concusso
1256 848 1348 874 magna
1402 842 1452 873 pro
1464 839 1588 874 Afronte
1605 838 1696 864 lustin.
1713 847 1733 870 1,
1749 840 1771 868 6,
1787 847 1818 864 11.
1875 839 1981 865 Frontis
1992 840 2065 866 nulla
2079 839 2142 865 fides
2155 841 2247 866 quen.
2262 847 2287 871 2,
2301 844 2323 869 8.
2364 837 2461 870 Onidg.

305 879 413 915 parastis
427 878 498 904 lucra
512 877 619 903 fritillo.
670 875 760 903 Sidon.
773 875 889 910 Apollin.
898 876 977 910 Epist.
991 885 1017 909 2,
1030 885 1046 909 9
1066 877 1118 903 Hic
1132 877 1201 902 inter
1213 875 1350 902 aleatoria-
1408 873 1440 899 de
1448 874 1511 900 Arte
1519 875 1578 900 Ani.
1588 876 1663 906 1,463
1683 874 1731 899 Sed
1745 873 1841 900 lateant
1854 874 1935 907 vires,
1944 883 1992 901 nec
2005 875 2036 901 sis
2052 875 2080 901 in
2092 875 2181 902 fronte
2195 875 2315 901 disertus.
2363 874 2455 902 From.v

303 924 364 943 rum
382 922 481 940 vocum
500 912 703 947 competitiones
722 912 846 946 frequens
863 911 1049 945 crepitantium
1068 912 1226 938 fritillorum
1248 911 1349 937 tessera·
1407 909 1494 935 nostra
1508 910 1607 944 populo
1619 909 1758 935 conueniat
1772 910 1830 935 Sen.
1867 929 1874 936 .
1912 929 1920 936 .
1957 930 1964 937 .
2037 912 2135 937 Fronte
2148 919 2181 936 an
2193 916 2290 942 mente,
2309 909 2334 936 h.
2342 918 2363 935 e.
2375 903 2457 942 υιιΙιὶίζΙ

305 957 417 984 rumque
435 948 555 982 strepitus
568 948 734 974 audiebatur.
786 946 901 974 Martial.
915 956 943 979 4,
957 955 987 980 14
1009 947 1078 974 Dum
1092 947 1187 974 blanda
1200 955 1279 981 vagus
1292 946 1348 972 alea
1363 956 1398 974 20
1408 953 1440 969 an
1453 947 1541 971 milmo.
1579 945 1634 971 Cic.
1650 946 1702 971 Att.
1718 954 1745 977 4,
1762 953 1791 977 ¹4
1810 945 1948 979 Pompeius
1961 946 2062 979 fremit,
2082 946 2218 980 queritur,
2238 946 2335 972 Scauro
2348 943 2442 976 studes

305 984 451 1012 December
484 984 594 1010 Incertis
616 984 689 1010 sonat
709 982 771 1009 hinc
791 989 816 1009 ct
836 982 898 1009 hinc
916 982 1029 1009 fritillis.
1095 985 1127 1010 Et
1147 991 1175 1016 5,
1195 987 1223 1016 83
1248 982 1348 1008 Blando
1408 979 1451 1005 sed
1465 987 1553 1006 vtrum
1570 981 1658 1017 fronte
1673 989 1706 1006 an
1722 987 1826 1013 mente,
1843 981 1988 1007 dubitatur.
2153 979 2174 1018 fl
2196 990 2215 1014 4
2256 981 2335 1008 Verba
2349 987 2373 1006 et
2385 981 2406 1006 P
2452 990 2461 1014 η

305 1021 373 1049 male
395 1018 514 1054 proditus
533 1019 633 1046 fritillo
668 1033 711 1039 --
749 1018 863 1044 Aleator.
1407 1017 1516 1050 ticipia:
1553 1016 1673 1042 Adduffla
1693 1016 1782 1048 frons,
1804 1017 1891 1052 jeuera
1917 1016 2014 1043 Lucan.
2035 1016 2068 1043 ad
2086 1017 2172 1043 Pison.
2196 1021 2247 1046 128.
2328 1015 2457 1050 Aequam}

344 1061 591 1087 FRITINN10‚
615 1058 662 1081 Ire.
699 1055 803 1089 Proprie
824 1053 853 1079 cie
869 1055 952 1079 auium
970 1053 1046 1089 pullis·
1063 1053 1172 1086 dicitur,
1191 1062 1245 1080 cum
1262 1061 1347 1079 canere
1407 1049 1511 1083 fronte,
1539 1057 1565 1077 et
1584 1051 1710 1078 concordi
1729 1060 1835 1078 currere
1856 1052 1933 1078 freno
1951 1052 1997 1078 Sil.
2016 1055 2060 1083 16,
2080 1058 2129 1084 381.
2235 1050 2366 1083 Astrffita,
2390 1054 2418 1077 ui

304 1095 429 1126 incipiunt
442 1092 538 1115 minuta
556 1097 580 1115 et
593 1092 735 1124 interrupta
749 1098 814 1115 voce.
853 1089 924 1115 Non.
938 1097 959 1123 1,
971 1097 995 1115 21
1018 1099 1046 1115 ex
1060 1089 1196 1120 Varrone,
1216 1089 1247 1114 Et
1261 1088 1347 1122 pullos
1409 1092 1431 1111 A
1441 1094 1454 1113 S
1466 1091 1488 1112 Τ
1499 1093 1518 1113 R
1527 1094 1536 1112 1
1545 1094 1567 1112 N
1577 1094 1597 1113 G
1607 1094 1634 1113 0.
1704 1087 1832 1113 Attollere
1847 1087 1965 1114 frontem
1983 1088 2043 1114 Stat.
2051 1087 2142 1114 Theb.
2156 1097 2183 1122 4,
2196 1095 2251 1119 307.
2293 1085 2401 1119 Qun&
2414 1093 2426 1113 ι
2443 1084 2461 1108 'lv

305 1127 408 1162 peperit
427 1125 614 1152 fritinnientes.
685 1124 786 1151 Λιιὸὶοι·
798 1123 960 1151 Philomelae
978 1124 1050 1150 habet
1063 1127 1173 1160 primam
1188 1122 1348 1159 produciam,
1361 1130 1393 1155 25
1405 1129 1429 1152 3,
1443 1126 1483 1155 78.
1535 1122 1652 1148 Caedere
1666 1122 1783 1149 frontem
1797 1122 1869 1149 Idem
1884 1131 1906 1157 2,
1920 1131 1956 1148 12.
2035 1124 2180 1157 Caperare,
2199 1123 2252 1149 vid.
2266 1121 2291 1148 h.
2303 1131 2330 1148 v.
2376 1122 2417 1148 Co
2434 1120 2461 1157 3.)

303 1173 330 1190 v.
344 1170 373 1195 35
395 1160 521 1188 Fritinuit
535 1169 611 1187 rauca
628 1160 725 1186 cicada.
784 1159 828 1186 Ad
840 1160 949 1185 homines
961 1159 1067 1196 det'nseu
1078 1167 1167 1195 pueros
1180 1159 1347 1194 tramfertur.
1408 1163 1517 1183 currunt
1530 1158 1611 1184 nubes
1626 1158 1758 1184 frontibus
1772 1158 1885 1185 aduersis
1899 1159 2003 1184 Lucret.
2013 1160 2039 1191 6,
2054 1161 2103 1184 116.
2196 1159 2301 1185 Petron.
2316 1165 2354 1190 132
2374 1155 2460 1191 Qfflss

303 1199 391 1238 Epigr.
405 1197 490 1223 Senec.
509 1196 577 1231 apud
595 1195 689 1222 Pithos.
710 1205 734 1229 p.
749 1204 779 1228 4¹
811 1195 839 1220 ile
858 1195 947 1221 Marco
960 1194 1057 1231 filiolo,
1082 1195 1122 1221 Sic
1140 1195 1212 1221 dulci
1231 1195 1347 1226 Marcus,
1407 1200 1449 1217 me
1468 1192 1587 1226 spectatis
1599 1193 1748 1220 Constri&a
1762 1194 1867 1226 fronte,
1888 1195 2022 1220 Catones?
2093 1194 2242 1227 Contegere
2259 1194 2350 1220 fronte
2364 1198 2390 1218 et
2406 1192 2461 1229 si}

303 1241 351 1268 qui
371 1241 439 1258 nunc
459 1233 579 1258 sermone
598 1230 725 1258 fritinnit.
771 1230 829 1257 Vazi.
851 1231 924 1257 Non.
943 1239 963 1265 1,
983 1239 1010 1257 21
1035 1233 1106 1257 cuius
1117 1232 1195 1257 locum
1214 1229 1300 1256 damus
1318 1233 1346 1255 in
1407 1228 1536 1262 percilio,
1551 1237 1605 1255 non
1618 1229 1719 1263 pudore
1734 1235 1759 1255 et
1775 1230 1947 1264 temperantia
1966 1229 2022 1255 Cic.
2037 1228 2068 1255 de
2081 1229 2202 1255 Prouinc.
2217 1229 2294 1255 Cons.
2310 1233 2332 1258 8.
2379 1228 2400 1254 C
2414 1229 2429 1235 ²

301 1275 368 1296 FR1
380 1274 446 1300 Go,
470 1276 496 1293 n.
515 1275 539 1293 2.
1406 1262 1504 1290 tractae
1523 1264 1589 1291 seria
1609 1265 1706 1291 frontis
1725 1266 1819 1291 Horat.
1832 1266 1914 1292 Serm.
1928 1273 1954 1300 2,
1973 1273 1998 1297 2,
2014 1272 2062 1298 123.
2132 1264 2296 1291 Contrahere
2316 1264 2403 1291 fronte
2452 1274 2458 1285 ι

339 1310 356 1330 Ἐ
368 1310 433 1330 RIV
443 1300 463 1330 ὅ
472 1310 555 1334 Lvs,
582 1310 609 1333 a,
636 1311 690 1327 uni.
728 1300 789 1328 Adi.
826 1302 839 1335 [
848 1298 974 1334 ἐτιδανᾶς]
1021 1302 1096 1331 Vilis,
1115 1303 1235 1333 minutus,
1255 1299 1347 1325 nullius
1360 1309 1392 1333 30
1405 1301 1424 1325 i.
1436 1300 1535 1335 Rugare
1554 1300 1611 1326 Cic.
1625 1309 1674 1334 pro
1688 1300 1792 1328 Cluent.
1807 1309 1841 1335 72.
1861 1309 1882 1326 c.
1897 1303 1938 1326 26.
1966 1311 1969 1312 ⁷
2010 1299 2148 1326 Conuerfis
2162 1299 2296 1326 frontibus
2310 1299 2416 1326 incurru
2448 1311 2451 1324 ι

295 1342 386 1376 pretii.
424 1340 527 1373 Etymon
540 1338 626 1363 damus
647 1347 672 1363 n.
687 1345 709 1364 2.
755 1337 821 1363 Plin.
836 1345 862 1371 7,
876 1344 892 1370 7
912 1337 940 1362 de
952 1340 1108 1373 generatione
1120 1336 1226 1361 hominis
1238 1336 1347 1370 loquens,
1405 1335 1477 1361 tauri
1495 1335 1591 1369 Virgil.
1606 1337 1670 1361 Aen.
1687 1344 1723 1366 12,
1741 1344 1791 1368 717.
1877 1334 1959 1362 Ouid.
1975 1336 2039 1362 l-lcr.
2054 1344 2094 1367 ει,
2116 1340 2158 1367 1⁶3
2190 1335 2300 1362 Proiicit
2319 1335 2373 1369 ipse
2390 1334 2406 1360 s
2427 1332 2448 1343 ”“’

301 1375 425 1405 Miseret,
443 1380 522 1408 atque
536 1374 616 1399 etiam
628 1372 722 1407 pudet,
742 1372 920 1399 aestimantem
937 1380 1016 1406 quam
1030 1371 1060 1397 fit
1073 1371 1174 1397 friuola
1187 1371 1346 1397 animalium
1403 1369 1522 1396 Dedutfia
1537 1371 1626 1397 fronte
1639 1380 1758 1397 coronas.
1828 1371 1977 1397 Demittere
1997 1370 2129 1404 Quinetil.
2144 1379 2176 1403 11,
2190 1379 2213 1403 3,
2225 1376 2267 1405 78.
2336 1370 2419 1399 Idem,

301 1409 477 1445 superbissimi
489 1410 582 1443 origo,
602 1417 684 1443 quum
698 1407 854 1442 plerumque
867 1407 974 1433 abortus
989 1408 1063 1433 causa
1083 1406 1127 1433 fiat
1140 1406 1209 1433 odor
1226 1415 1240 1433 a
1260 1406 1343 1432 lucer·
1405 1414 1439 1438 13,
1455 1414 1478 1431 11
1505 1406 1584 1432 Toto
1607 1415 1719 1440 corpore
1741 1405 1894 1433 enitendum
1908 1417 1914 1432 :
1947 1411 1972 1432 et
1991 1413 2020 1432 vt
2034 1406 2067 1432 tic
2084 1406 2215 1438 dixerim,
2238 1405 2347 1432 Dii-ceta
2359 1405 2412 1434 fro'
2450 1406 2453 1408 ’

301 1455 395 1473 narum
409 1445 547 1472 exstinfm.
602 1443 757 1476 Friuolum,
773 1451 822 1479 pro
840 1444 937 1478 Fragili
957 1449 979 1469 et
999 1444 1099 1477 infirma
1118 1442 1200 1475 dixit,
1225 1448 1249 1467 et
1267 1443 1345 1468 veluti
1403 1441 1572 1475 pugnandum
1591 1442 1642 1472 est,
1661 1447 1690 1467 vt
1704 1447 1757 1467 tota
1777 1444 1842 1466 acies
1859 1439 1943 1474 nostra
1959 1445 2008 1467 toti
2024 1444 2088 1467 aciei
2102 1439 2186 1474 hostili
2205 1441 2313 1476 opposita
2325 1439 2383 1474 fit(
2449 1462 2456 1468 .

303 1480 419 1509 friabili.
475 1482 542 1507 Nam
561 1481 583 1505 ἐκ
595 1479 749 1511 Friuolum,
767 1489 783 1505 a
797 1478 869 1505 verbo
882 1479 945 1504 Frio
959 1476 1052 1504 dietum
1067 1488 1114 1503 non
1127 1480 1249 1503 immerito
1262 1475 1345 1510 exrsti-
1361 1487 1390 1514 35
1404 1475 1535 1509 Qinffil,
1549 1485 1574 1508 2,
1588 1485 1622 1508 13,
1636 1485 1648 1508 3
1674 1476 1702 1501 de
1717 1479 1783 1505 acie,
1802 1475 1876 1508 Qid
1888 1476 1961 1502 enim
1975 1476 1992 1501 si
2007 1476 2151 1510 praecipias
2165 1477 2330 1510 imperatori,
2344 1485 2398 1511 quo
2443 1502 2445 1505 ,

301 1523 400 1548 matur,
418 1516 447 1542 id
460 1515 492 1549 esi
507 1522 618 1546 contero,
635 1517 778 1541 commimm.
851 1514 916 1540 Plin.
931 1521 962 1548 7,
977 1522 1002 1547 53
1029 1513 1166 1540 Friuolum
1186 1512 1259 1539 dietu
1269 1533 1277 1545 ‚
1297 1518 1342 1538 etc.
1403 1513 1487 1538 aciem
1499 1511 1625 1543 instruet,
1645 1517 1673 1537 vt
1685 1511 1784 1544 dirigat
1797 1510 1928 1542 frontem,
1946 1519 2045 1537 cornua
2058 1512 2183 1545 vtrinque
2195 1517 2360 1545 promoueat,
2372 1516 2421 1547 equ
2446 1527 2451 1530 -

302 1551 434 1586 Qinc‘til.
452 1560 489 1586 10,
502 1561 523 1583 7,
537 1560 562 1577 ιι
583 1551 721 1577 Friuolum
736 1557 762 1576 et
775 1550 905 1576 scenicum
919 1549 962 1575 est.
1033 1549 1102 1575 Gell.
1120 1556 1159 1582 ις,
1178 1557 1208 1580 30
1235 1547 1342 1582 Oppido
1404 1553 1441 1572 tes
1454 1555 1502 1581 pro
1512 1547 1646 1572 'cornibus
1659 1546 1728 1572 locet
1744 1547 1753 1572 ἔ
1824 1547 1918 1572 Exarat
1931 1546 2049 1572 frontem
2062 1546 2133 1580 rugis
2147 1546 2265 1573 seneetns
2283 1545 2442 1581 HorJEpod'.

322 1597 382 1613 uam
397 1586 462 1613 fiunt
475 1587 503 1612 in
518 1587 654 1613 literarum
667 1586 840 1612 ostentatione
855 1586 937 1619 inepti
950 1590 976 1611 et
989 1584 1094 1611 friuoli.
1166 1584 1239 1610 Idem
1253 1586 1280 1609 16
1288 1603 1294 1614 ,
1316 1592 1343 1610 12
1404 1587 1428 1614 8,
1442 1591 1469 1614 4-
1535 1582 1687 1616 Explicare,
1706 1583 1746 1608 vel
1759 1582 1928 1616 exporrigere
1941 1581 2058 1608 frontem
2070 1581 2201 1614 dicimur,
2220 1591 2300 1617 quum
2313 1581 2444 1609 hilaresci-

303 1597 440 1656 Qnaedam
453 1621 540 1647 futilia
559 1626 584 1647 et
598 1621 705 1647 friuola.
776 1621 855 1654 Apul.
870 1621 945 1655 Apol.
959 1630 983 1654 p.
999 1628 1047 1655 275
1068 1620 1193 1646 Futiliter
1205 1619 1343 1646 blatterata
1404 1626 1480 1643 mus:
1512 1617 1677 1643 Contrahcre
1695 1626 1777 1651 quum
1791 1617 1941 1651 ringimur,
1964 1616 2014 1643 hoc
2032 1617 2082 1649 est,
2102 1617 2149 1643 vbi
2162 1617 2227 1652 quid
2244 1617 2378 1644 molestum
2396 1616 2442 1643 est.

302 1667 359 1684 mox
372 1657 479 1683 Friuola
497 1662 626 1683 uocantur.
698 1656 828 1689 Qxinffil.
842 1664 869 1689 7,
888 1665 935 1688 234
956 1657 1045 1690 quue
1060 1655 1138 1681 satius
1157 1655 1210 1690 est,
1227 1655 1301 1681 omni
1318 1655 1344 1680 se
1352 1667 1389 1693 40
1404 1653 1472 1679 Ter.
1489 1652 1599 1688 Adelph.
1615 1661 1635 1685 ς,
1650 1661 1673 1685 3,
1687 1661 1723 1685 53.
1777 1653 1871 1679 Horat.
1886 1653 1974 1678 Carm.
1989 1662 2012 1685 3,
2024 1661 2067 1685 29,
2083 1655 2111 1679 16
2142 1650 2275 1680 Solicitam
2292 1652 2444 1686 explicuere

301 1692 435 1720 anteactae
450 1692 520 1718 vitae
533 1690 662 1718 abstinere
676 1691 814 1719 conuicio,
831 1700 910 1724 quam
924 1691 1027 1716 leuibus
1041 1697 1085 1717 aut
1097 1691 1213 1721 friuolis,
1231 1697 1275 1716 aut
1289 1699 1342 1716 rna-
1404 1689 1531 1715 frontem.
1603 1689 1749 1722 Exporrige
1764 1687 1881 1714 frontem
1898 1688 1967 1714 Ter.
1982 1687 2056 1714 Adel.
2074 1696 2097 1722 ς,
2114 1698 2135 1721 3,
2150 1697 2185 1721 53.
2253 1689 2394 1718 Exterere,
2405 1686 2453 1713 vet*

302 1728 399 1753 nifesto
420 1727 487 1753 falfis
507 1736 583 1753 reum
605 1727 735 1752 inccss'ere.
807 1727 912 1751 Suetou.
929 1725 1020 1751 Claud.
1046 1735 1067 1751 c.
1083 1735 1113 1758 14
1141 1726 1342 1759 Nonnunquam
1404 1724 1554 1750 Extuudere
1566 1724 1684 1749 frontem
1703 1723 1818 1750 calcibus
1837 1722 1944 1750 Phaedr.
1959 1732 1977 1754 1,
1990 1732 2028 1750 21.
2099 1725 2154 1751 Cic.
2169 1725 2222 1751 Att.
2234 1732 2254 1756 1,
2268 1732 2278 1749 1
2298 1723 2364 1757 Ruso
2376 1728 2402 1747 te
2416 1719 2447 1749 iii

301 1762 417 1788 friuolus
437 1763 587 1796 amentique
609 1762 707 1788 similis.
750 1762 808 1787 Vct.
823 1760 901 1786 Gloff.
916 1761 992 1792 κενὸς,
1012 1758 1134 1792 Quemvis.
1204 1761 1276 1786 Aura
1294 1760 1343 1785 fri·
1403 1758 1471 1789 hoc,
1491 1764 1534 1784 aut
1551 1758 1645 1790 rififfe,
1673 1765 1717 1784 aut
1736 1759 1904 1792 ingemuisse,
1929 1764 1959 1786 vt
1976 1759 2094 1785 frontem
2111 1759 2201 1786 ferias.
2248 1758 2368 1786 Videlicet
2404 1766 2419 1783 r

300 1796 364 1822 vola
375 1796 484 1822 *Phaedn
499 1804 521 1827 ς,
535 1804 553 1829 7
572 1796 652 1830 fauor
658 1797 806 1832 plebeculae.
878 1795 1029 1830 Auspicium
1038 1815 1046 1826 ,
1072 1797 1090 1820 i.
1099 1804 1188 1821 vanum
1201 1801 1224 1820 et
1239 1794 1342 1820 mendax
1403 1792 1494 1824 dolore,
1512 1799 1535 1818 et
1546 1796 1584 1818 rei
1598 1794 1760 1828 indignitate.
1798 1795 1909 1819 Gemitus
1921 1796 1984 1819 enirn
1997 1794 2102 1820 dolorem
2119 1795 2226 1825 indicat,
2240 1791 2359 1828 permistio
2368 1763 2403 1828 fl

300 1831 522 1858 Sueton.⁴Neron.
540 1839 561 1855 c.
577 1839 609 1856 ιε.
680 1831 819 1856 IaGtantiae
834 1831 861 1855 in
875 1831 962 1864 paruis
976 1830 1091 1857 friuolae
1104 1829 1213 1863 Quinctii.
1228 1838 1246 1860 1,
1258 1832 1284 1861 6,
1299 1837 1341 1855 20.
1356 1843 1389 1869 45
1402 1830 1438 1853 tis
1451 1830 1525 1853 etiam
1538 1828 1743 1862 indignationem.
1785 1828 1920 1856 Oratores,
1939 1829 1986 1862 qui
2001 1828 2117 1855 frontem
2127 1829 2239 1857 ferirent
2253 1829 2348 1856 Cicero
2361 1827 2420 1854 land

299 1866 444 1894 Insolentia
461 1864 569 1891 Phaedr.
582 1874 603 1896 3,
617 1866 642 1890 6.
714 1864 802 1890 Labor
821 1866 908 1896 Senec.
923 1865 1001 1899 Epist.
1016 1874 1049 1896 31.
1119 1866 1210 1890 Sermo
1229 1864 1343 1891 friuolus
1403 1863 1433 1888 in
1446 1863 1528 1888 Bruto
1543 1868 1606 1896 2783
1637 1861 1837 1895 Quinctilianus
1849 1863 1973 1899 'improbat
1993 1871 2026 1894 11,
2040 1872 2060 1895 3,
2075 1872 2115 1895 123
2135 1864 2200 1899 quod
2212 1865 2343 1890 scenicum
2357 1863 2386 1888 id
2395 1872 2418 1896 m

299 1908 329 1929 et
343 1900 484 1929 illiberalis
504 1899 581 1926 Auci.
601 1899 633 1925 ad
647 1900 712 1925 Her.
727 1904 762 1933 4‚'
778 1906 815 1932 17.
1011 1898 1031 1934 ‘fl
1057 1907 1073 1925 2
1109 1900 1231 1931 Friuola,
1253 1908 1341 1924 orum.
1401 1900 1443 1932 gis
1459 1897 1504 1928 lit,
1524 1906 1595 1931 quam
1607 1900 1751 1923 oratorium.
1847 1899 1927 1924 Ferre
1939 1898 2043 1933 aliquid
2056 1899 2143 1924 fronte
2162 1905 2189 1924 et
2201 1899 2276 1924 vultu
2289 1899 2383 1930 bellis,
2401 1899 2418 1924 s

299 1947 326 1964 n.
350 1938 420 1964 Plur.
457 1935 615 1971 [γρυτείρισι]
653 1934 740 1961 Festus
757 1945 762 1960 :
794 1933 918 1966 Friuola,
946 1934 1014 1959 Vasa
1032 1934 1091 1958 sunt
1111 1934 1219 1966 proprie
1238 1933 1344 1964 fictilia,
1402 1931 1505 1957 intimis
1519 1931 1632 1956 sensibus
1648 1932 1709 1965 angi
1721 1932 1777 1957 Cic.
1792 1932 1845 1957 Att.
1860 1939 1884 1964 5,
1899 1941 1935 1957 10.
2022 1932 2097 1958 Ideni
2110 1934 2166 1959 Cat.
2181 1941 2202 1963 r,
2215 1941 2246 1964 32
2263 1942 2286 1959 c.
2301 1942 2326 1966 13
2352 1934 2391 1961 Sit
2418 1936 2422 1939 ”
2438 1960 2439 1963 ,
2458 1948 2460 1955 v

300 1973 395 2008 quaffa.
431 1971 524 2003 Vnde,
542 1970 630 1996 Verba
650 1969 749 1996 friuola
769 1969 855 2001 dicia,
876 1970 952 2002 Qtae
971 1969 1058 1994 minus
1077 1969 1134 1994 sunt
1153 1967 1204 1993 fide
1221 1967 1341 1993 subnixa.
1403 1966 1530 1999 scriptum
1552 1965 1581 1991 in
1599 1965 1688 1992 fronte
1705 1966 1913 2000 vniuscuiusque
1935 1965 2020 1998 ciuis,
2040 1966 2104 2001 quid
2121 1967 2152 1993 de
2174 1967 2320 2002 Republica
2340 1966 2444 1997 sentiat}

298 2008 428 2044 leianus
445 2007 473 2033 in
487 2007 504 2032 l.
519 2006 637 2032 Solutum
658 2004 681 2040 6.
701 2005 818 2031 Solutam
843 2005 874 2030 D.
895 2006 927 2030 de
948 2004 1053 2038 l’ignor.
1071 2003 1168 2030 aetion.
1185 2004 1249 2029 Non
1269 2003 1340 2029 enim
1351 2011 1382 2038 50
1401 2000 1582 2027 Inuerecunda
1596 1997 1704 2035 Qun&
1719 2009 1740 2032 ε,
1751 2010 1778 2034 4.
1850 2002 1949 2033 Frons,
1967 2001 2058 2034 oculi,
2074 2002 2162 2029 vultus
2174 2004 2295 2038 persaepe
2307 2005 2447 2031 Mentiun-¹

301 2044 430 2071 credibile
442 2042 493 2074 est,
515 2041 564 2073 hoc
577 2038 741 2072 conuenisse,
762 2046 791 2066 vt
805 2040 836 2066 ad
851 2039 1000 2065 vniuersam
1033 2039 1165 2065 enlioneui
1181 2038 1279 2064 insulae
1292 2038 1341 2064 fri·
1402 2043 1446 2063 tut
1466 2036 1522 2062 Cic.
1538 2036 1569 2062 ad
1581 2038 1619 2070 Q
1630 2038 1713 2063 Frass'·
1729 2045 1748 2066 ¹7
1767 2046 1787 2069 ¹,
1807 2043 1829 2070 5-
1914 2037 2055 2064 Obducere
2074 2038 2207 2070 frontem,
2245 2048 2273 2065 ΥΟ
2293 2039 2440 2067 Cvmrflherfl

298 2080 363 2106 vola
374 2087 432 2105 mea
447 2083 592 2104 teneantur.
644 2078 694 2103 Hic
709 2075 816 2102 Friuola
826 2095 833 2107 ‚
849 2082 898 2110 pro
912 2074 1003 2108 Supelle
1033 2076 1063 2100 ili
1080 2077 1147 2099 tenui
1169 2081 1194 2099 et
1209 2075 1258 2100 vili
1277 2076 1341 2099 acci·
1402 2072 1534 2104 Qinffll.
1548 2080 1587 2104 10,
1600 2081 1623 2104 3.
1655 2072 1706 2098 oid.
1722 2077 1862 2098 OBDVCO.
1940 2072 2064 2100 Obdufi'ca
2076 2074 2166 2101 fronte
2183 2073 2218 2100 tri
2240 2074 2262 2100 is
2277 2075 2371 2101 queni
2386 2075 2437 2102 Sat.

295 2118 404 2150 piantur
420 2124 427 2139 :
454 2114 535 2149 qualis
550 2122 629 2139 eorum
652 2111 695 2145 effi‘
702 2112 781 2147 solet,
802 2113 843 2145 qui
860 2113 887 2135 ln
901 2110 1037 2135 coenaculis
1052 2109 1166 2135 habitant
1179 2118 1187 2132 .·
1214 2117 1259 2143 quo
1273 2108 1341 2134 modo
1401 2115 1427 2138 9,
1448 2115 1472 2132 2.
1543 2107 1666 2133 ObduSta
1685 2108 1774 2134 fronte
1793 2107 1909 2134 senchius
1927 2109 2022 2135 Horat.
2036 2109 2172 2143 Epod.13,
2189 2109 2227 2141 7.'
2281 2111 2376 2146 Aperte
2393 2109 2438 2137 vei

297 2156 323 2177 et
342 2149 401 2185 vsu:
423 2147 456 2181 est
483 2148 665 2176 quenal.-Sat.
681 2155 702 2180 ς,
717 2152 743 2179 58
780 2147 809 2172 Et
830 2154 863 2171 nc
879 2151 904 2171 te
919 2150 1034 2175 teneam,
1055 2144 1235 2169 Romanorum
1250 2142 1341 2169 onmia
1401 2140 1483 2166 odifl‘e
1501 2142 1582 2174 magis
1598 2142 1741 2176 ingenuum
1755 2143 1807 2175 est,
1826 2152 1906 2178 quam
1918 2144 2008 2170 fronte
2022 2145 2157 2171 Occultari
2169 2144 2323 2171 sententiam
2339 2145 2395 2172 Cic.
2405 2144 2440 2172 de

299 2193 392 2219 regum
427 2183 542 2210 Friuola.
596 2182 691 2217 Qubus
704 2182 786 2208 verbis
800 2187 971 2216 paupertatem
989 2188 1072 2216 regum
1088 2180 1250 2205 Romanorum
1259 2177 1340 2213 figni-
1358 2188 1386 2214 55
1401 2176 1507 2201 Amicit.
1529 2185 1549 2201 c.
1564 2181 1598 2206 18.
1668 2178 1805 2204 Ostentans
1823 2179 1939 2205 frontem
1951 2179 2040 2206 albam
2054 2181 2129 2215 Virg.
2143 2182 2208 2207 Aen.
2221 2188 2245 2214 ς,
2259 2183 2308 2215 567
2327 2180 2355 2208 de
2372 2190 2384 2208 e
2399 2182 2436 2210 1⁴:ss

292 2220 401 2257 ficauit,
419 2228 479 2255 quos
491 2221 563 2244 etiam
577 2219 690 2245 Samiolic
704 2217 769 2250 vasts
787 2217 843 2252 vsor
856 2215 899 2249 effe
918 2213 1020 2247 constat.
1094 2214 1166 2240 Idem
1187 2222 1209 2247 3,
1222 2218 1264 2246 198
1283 2215 1338 2239 Iam
1400 2211 1487 2251 Peccat
1502 2211 1576 2237 frons
1596 2211 1716 2245 pluribus
1734 2213 1875 2246 generibus
1895 2215 2027 2246 Qinc'til.
2041 2224 2061 2245 1,
2076 2224 2108 2246 11,
2130 2225 2167 2242 ιο.
2194 2215 2223 2241 de
2236 2215 2313 2251 gestu.
2377 2185 2435 2244 iq&
2478 2212 2479 2218 ¹

298 2255 402 2283 friuola
415 2254 538 2281 transfert
561 2253 701 2286 Vcaleg0n‚
721 2252 836 2279 tabulata
849 2252 897 2277 tibi
914 2252 966 2277 iam
983 2250 1060 2276 tertia
1073 2250 1184 2275 fumant.
1224 2251 1251 2275 A
1265 2250 1338 2275 Grae·
1399 2246 1496 2272 fricare
1510 2246 1640 2278 frontem,
1653 2254 1704 2309 ¹pro
1716 2249 1843 2282 Deponere
1852 2248 1970 2283 pudorem
1987 2249 2053 2275 Plin.
2068 2258 2093 2281 1,
2111 2258 2129 2276 1.
2201 2251 2242 2276 Sic
2260 2246 2432 2285 Quinfflkassss

298 2294 337 2317 cis
356 2289 473 2326 γρυταῖρια
492 2288 624 2320 dicuntur,
639 2288 666 2313 id
679 2286 712 2321 esi
729 2287 763 2313 «ni
781 2286 847 2312 κατεῖ
862 2286 902 2315 τήν
922 2287 994 2311 οἰκίαιν
1012 2285 1125 2320 σκευάρια
1139 2283 1228 2310 λεπτοί.
1271 2284 1339 2310 Vnde
1399 2290 1422 2314 3,
1442 2283 1496 2307 160.
1590 2281 1649 2308 Adu
1661 2283 1717 2309 atio
1737 2283 1877 2316 perfricuit
1895 2283 2029 2316 frontem,
2052 2293 2111 2310 nam
2133 2285 2228 2311 cecidit
2246 2286 2374 2314 alienam*
2461 2286 2473 2348 Ι

297 2333 321 2353 et
340 2326 488 2361 Grytopolae
512 2324 542 2350 ab
565 2326 600 2350 eis
621 2323 753 2356 dicuntur,
782 2325 824 2358 qui
845 2321 983 2348 huiusmodi
998 2319 1165 2356 fizpellet‘iilia
1188 2319 1320 2345 venditant
1333 2330 1341 2344 :
1400 2319 1435 2350 (Q
1449 2317 1510 2344 Nat.
1525 2327 1543 2351 4
1568 2319 1650 2352 praef.
1720 2318 1850 2344 Perfricui
1862 2319 1992 2350 frontem,
2012 2325 2038 2345 et
2057 2320 2125 2345 nihil
2140 2319 2242 2353 profeci
2261 2322 2358 2349 Caluus
2370 2325 2390 2348 a*

297 2371 358 2396 quos
370 2362 457 2386 Latine
480 2365 496 2385 F
507 2366 658 2386 RIVOLA
669 2365 754 2385 Rios
776 2357 897 2392 appellare
912 2355 1042 2391 postianm.
1080 2357 1148 2382 Hinc
1162 2355 1236 2391 forte
1254 2365 1339 2381 nomen
1362 2353 1530 2385 60Q1in6ul.
1545 2362 1571 2385 9,
1584 2362 1608 2379 2.
1679 2354 1759 2379 Periit
1774 2353 1815 2379 illi
1829 2354 1903 2380 frons
1923 2355 1989 2381 Pers.
2007 2361 2030 2387 ς,
2050 2362 2107 2387 ¹04·
2131 2356 2149 2380 i.
2162 2355 2252 2381 Pudor.
2289 2358 2345 2382 Vet.
2358 2358 2387 2383 Sc
2406 2364 2436 2383 o-
2462 2353 2471 2372 '-

295 2395 436 2431 deperditae
455 2394 538 2421 Plauti
541 2394 661 2455 ufabulae
678 2393 844 2423 Friuolaria,
861 2392 886 2428 J:
909 2391 1066 2418 Fribolaria.
1119 2390 1284 2430 Conf'Lips.
1304 2391 1339 2417 ad
1400 2388 1466 2415 liast.
1539 2388 1705 2415 porrectiore
1718 2388 1805 2415 fronte
1823 2398 1926 2415 mecum
1944 2389 2062 2424 loquaris
2082 2394 2206 2424 oportet:
2227 2390 2303 2426 Apud
2314 2391 2433 2418 Plautum

298 2432 356 2458 Sen.
371 2430 402 2456 de
413 2430 538 2464 Tranqui
589 2439 611 2455 c.
621 2437 631 2455 1
657 2429 713 2455 Nec
728 2429 795 2454 inter
808 2428 854 2453 illa
869 2427 967 2454 friuola
982 2436 1038 2453 mea
1052 2432 1106 2454 tam
1118 2426 1184 2453 altus
1199 2426 1303 2453 incedo.
1399 2424 1428 2450 in
1442 2423 1527 2450 Casin.
1541 2433 1566 2456 2,
1580 2434 1608 2458 4,
1623 2433 1641 2455 3.
1679 2426 1756 2456 Item,
1773 2423 1895 2451 Obducta
1907 2424 2004 2456 fronte,
2022 2426 2168 2459 Cori-tigata
2180 2424 2277 2457 fronte,
2291 2425 2433 2454 Contracta
2462 2442 2463 2454 ,

334 2472 352 2493 F
364 2473 384 2493 R
392 2473 402 2493 1
411 2473 430 2493 x
440 2470 459 2492 Ο
471 2472 491 2492 R
500 2472 510 2491 1
518 2471 539 2491 V
547 2470 572 2490 Μ
580 2483 590 2497 ,
627 2469 644 2490 1³
655 2470 674 2490 R
685 2471 694 2489 1
702 2471 721 2490 x
734 2470 752 2489 v
765 2469 794 2495 S,
830 2462 884 2488 vid.
905 2469 921 2489 F
930 2470 949 2489 R
959 2469 968 2488 1
978 2469 998 2489 G
1009 2469 1041 2489 O.
1399 2460 1488 2486 fronte
1498 2480 1506 2492 ,
1529 2461 1656 2493 Caper-ata
1670 2460 1759 2486 fronte
1770 2459 1874 2494 aliquid
1886 2460 1980 2487 facere.
2073 2461 2155 2487 Plaut.
2168 2459 2243 2495 Epid.
2255 2467 2278 2493 ς,
2291 2468 2312 2493 ι,
2323 2470 2336 2493 3
2352 2456 2433 2495 Cape·
2465 2470 2468 2476 ⁴

1399 2502 1455 2522 rata
1470 2495 1544 2521 frons
1559 2495 1747 2522 teneritudine.
1795 2495 1869 2530 ‚Qcod
1879 2496 1979 2530 quidam
1996 2505 2011 2523 a
2025 2496 2148 2531 Caprinis
2162 2495 2276 2522 cornibus
2287 2497 2435 2523 &ensium

686 2536 728 2567 F,
806 2535 834 2566 R
932 2536 961 2566 Ο
1353 2536 1386 2567 65
1399 2532 1494 2557 volunt.
1591 2530 1693 2556 Nubila
1711 2531 1785 2557 frons
1803 2531 1918 2557 Martial.
1932 2539 1963 2563 2,
1978 2540 2009 2557 11.
2040 2535 2081 2557 cui
2097 2534 2227 2558 contran'a
2239 2530 2318 2566 sitm,
2341 2528 2435 2559 Serena

993 2599 996 2601 Δ
1399 2566 1490 2598 frons,
1515 2566 1648 2600 Explicata
1667 2567 1750 2593 frons.
1838 2566 2000 2592 Praecine'tus
2020 2567 2148 2593 arundine
2167 2567 2286 2593 frontem
2303 2565 2383 2593 Ouid.
2397 2560 2441 2604 ᾖ(

333 2612 628 2637 FRONDAR1VS,
664 2610 935 2636 FRONDATOR,
974 2608 1185 2635 FRONDEO,
1222 2608 1338 2629 rnon-
1399 2602 1463 2627 Arte
1478 2602 1536 2626 Am.
1554 2610 1571 2631 1,
1587 2610 1637 2632 223.
1708 2603 1828 2628 fremere
1849 2601 1965 2628 frontem
1983 2610 2082 2629 corona
2101 2603 2305 2634 Lucan.2‚3,·8.

298 2648 318 2670 n
328 2651 344 2670 E
354 2650 366 2669 s
376 2649 392 2670 c
402 2648 422 2668 ο
433 2662 441 2674 ,
478 2648 496 2668 F
508 2649 527 2668 R
536 2647 557 2667 o
569 2647 590 2665 N
603 2647 621 2666 D
631 2645 651 2665 0
661 2648 673 2666 s
683 2646 704 2666 v
714 2648 741 2671 s,
777 2640 830 2665 vid.
864 2646 880 2665 r
893 2647 910 2665 n
920 2646 939 2666 o
951 2647 971 2665 N
982 2647 1010 2669 s,
1036 2639 1149 2666 frondis.
1398 2635 1505 2661 mittere
1519 2635 1621 2670 aliquid
1635 2636 1724 2662 fronte
1745 2636 1853 2669 Qiinfft.
1868 2645 1886 2667 1,
1899 2646 1927 2670 4,
1940 2646 1965 2664 2.
1989 2638 2075 2672 prima
2092 2637 2194 2664 additur
2209 2641 2236 2662 in
2254 2639 2288 2663 al.
2302 2637 2360 2664 MS.
2394 2637 2412 2664 S

334 2684 351 2704 1²
362 2685 381 2704 R
392 2683 412 2703 o
425 2685 444 2702 *J
456 2684 474 2704 D
484 2685 492 2703 1
504 2683 521 2702 c
533 2684 541 2702 1
551 2682 572 2700 V
581 2682 609 2707 s,
640 2676 715 2701 Miles
735 2677 874 2705 Romanus,
889 2675 928 2708 fic
941 2674 1039 2707 diffsus,
1064 2674 1137 2708 quod
1156 2673 1288 2708 praeclara
1301 2672 1338 2699 fa·
1398 2670 1543 2697 Hominem
1555 2671 1672 2697 liberum
1686 2677 1711 2697 et
1730 2671 1899 2706 magnificum
1913 2671 2025 2705 debere,
2039 2672 2056 2699 fi
2071 2679 2164 2708 queat,
2179 2673 2207 2699 in
2220 2672 2337 2706 primore
2350 2673 2376 2699 fr
2387 2676 2395 2702 j

295 2713 402 2745 cinora,
421 2712 582 2738 Vulturnum
596 2716 771 2741 transnatans,
791 2710 886 2735 fronde
899 2711 978 2743 capiti
992 2710 1128 2743 imposita,
1149 2709 1271 2736 aduersus
1287 2709 1338 2734 An·
1348 2715 1383 2743 70
1398 2707 1517 2733 animum
1535 2706 1633 2741 gestare
1652 2707 1729 2741 Apul.
1744 2707 1819 2741 Apol.
1839 2717 1864 2742 p.
1878 2717 1933 2741 471,
1953 2713 1966 2738 8
1990 2709 2055 2735 Flor.
2125 2709 2190 2735 Plin.
2203 2710 2221 2734 E
2242 2708 2280 2734 ist.
2294 2716 2323 2739 2,
2342 2715 2355 2740 ς

294 2748 412 2774 nibalem
426 2748 517 2774 edidit.
552 2746 619 2772 Plin.
635 2754 672 2779 17,
687 2754 705 2771 1.
741 2746 783 2772 AI.
798 2745 947 2771 Fronditus.
990 2745 1047 2771 isid.
1063 2746 1146 2781 Sigon.
1164 2744 1191 2770 de
1206 2745 1279 2770 Nom.
1292 2744 1340 2770 Ro-
1399 2748 1501 2773 tamen,
1517 2742 1564 2777 qui
1578 2751 1592 2768 a
1606 2748 1631 2768 te
1644 2741 1711 2768 hauc
1725 2743 1889 2770 seueritatem
1903 2744 1989 2778 exigo,
2004 2752 2086 2778 cogor
2097 2743 2141 2776 id,
2159 2752 2214 2778 quo
2243 2743 2378 2771 diuersum

297 2793 363 2810 man,
385 2790 413 2818 p,
433 2792 498 2816 ¹435·
1397 2777 1546 2812 postulare,
1568 2785 1598 2804 vt
1617 2778 1645 2804 in
1663 2777 1795 2813 plerisque
1814 2779 1930 2806 frontem
1945 2778 2091 2811 Rcinfflas,
2111 2782 2131 2805 i.
2146 2778 2386 2815 Ruga-seueritatis

335 2824 352 2844 F
362 2825 381 2844 R
390 2824 408 2842 0
419 2826 438 2844 N·
448 2825 459 2843 S
469 2838 477 2849 ,
497 2816 601 2843 frontis.
620 2815 639 2841 f.
663 2817 797 2850 (Antiquis
810 2818 883 2841 etium
893 2814 1030 2849 Masi-illini
1048 2816 1159 2841 Generis.
1194 2813 1248 2841 vid.
1268 2814 1337 2840 Gell.
1398 2812 1473 2838 dites.
1530 2812 1647 2839 Vallatus
1660 2814 1775 2840 frontem
1788 2814 1870 2841 radiis
1880 2815 2083 2850 Ouid.Epist.4‚
2092 2823 2143 2847 159.
2162 2815 2189 2840 de
2196 2815 2257 2841 Sole.
2378 2811 2410 2852 q*-

296 2861 332 2886 ις,
345 2862 368 2886 9.
406 2854 478 2880 Non.
488 2861 509 2884 3,
523 2857 562 2884 89.
599 2858 621 2877 et
635 2851 738 2881 Festus)
774 2846 972 2883 [fairwaushl]
1009 2852 1036 2877 A
1049 2850 1172 2877 Ferendo
1185 2849 1286 2880 dicitur,
1306 2856 1336 2876 vt
1397 2849 1494 2879 Frons,
1516 2855 1566 2884 pro
1578 2849 1729 2881 Seueritate,
1749 2853 1889 2889 grauitate,
1903 2851 2008 2886 pudore.
2056 2852 2156 2877 Praeter
2166 2850 2257 2884 plura,
2279 2857 2338 2889 quae
2355 2850 2411 2877 obit

295 2889 406 2914 nonnullt
426 2890 524 2917 volunt,
544 2886 608 2922 quod
621 2886 714 2912 indicia
727 2890 803 2912 ammi
819 2895 881 2925 prae
894 2886 922 2921 se
933 2886 1008 2921 ferat
1023 2896 1030 2910 .·
1068 2884 1101 2918 est
1121 2888 1184 2912 enim
1202 2884 1335 2917 tristitiae,
1351 2890 1383 2919 75
1400 2892 1427 2910 n.
1440 2892 1456 2910 2
1471 2890 1495 2909 el
1507 2893 1525 2916 4
1542 2885 1689 2916 attulimus,
1725 2886 1780 2911 Cic.
1793 2886 1865 2912 Fam.
1878 2895 1904 2919 9,
1919 2895 1947 2912 10
1967 2887 2016 2913 Tu
2029 2886 2095 2912 adeo
2109 2884 2177 2911 mihi
2197 2885 2324 2910 excutiam
2338 2886 2397 2911 seue
2442 2895 2443 2898 ¹
2460 2912 2461 2917 ,

295 2923 454 2956 hilaritatis,
475 2922 643 2953 clementiae,
662 2922 808 2947 seueritatis
824 2921 914 2951 index,
936 2929 964 2947 ot
978 2925 1016 2948 ait
1031 2921 1096 2947 Plin.
1112 2930 1144 2954 11,
1157 2928 1195 2956 37.
1249 2922 1335 2946 Varro
1396 2925 1475 2946 tatem
1489 2925 1605 2947 veterem
1619 2925 1705 2954 putas,
1724 2927 1752 2947 vt
1765 2918 1798 2947 tie
1813 2921 1841 2947 in
1854 2922 1916 2948 foro
1930 2921 2038 2956 quidem
2052 2919 2180 2954 reliquiae
2200 2919 2323 2954 pristinae
2337 2920 2408 2951 from
2443 2923 2461 2949 ,⁴⁸

295 2966 376 2986 tamen
391 2969 405 2986 a
419 2957 594 2985 foraminibus
608 2957 695 2992 potius
712 2957 851 2982 oculorum
873 2956 970 2982 dic'iam
990 2955 1121 2989 existimat.
1158 2955 1230 2992 Conf.
1244 2956 1335 2982 Ilidor.
1395 2955 1551 2989 appareant?
1610 2956 1692 2981 Frons
1700 2954 1849 2991 stmplt‘citer
1856 2963 1906 2996 pro
1914 2956 2008 2991 pudore
2021 2962 2045 2982 et
2056 2958 2192 2981 reuerentia
2202 2958 2315 2989 ponitur.
2350 2956 2408 2982 Mul
2446 2964 2459 2979 »ι

296 3003 328 3025 ιι,
345 3004 364 3021 ι.
420 2993 534 3021 Martial.
548 3001 588 3025 13,
611 3002 626 3019 2
653 2993 710 3018 Nec
723 2994 850 3018 matutina
870 2991 887 3017 fi
902 2992 970 3018 mihi
987 2993 1075 3020 fronte
1090 2992 1174 3018 venis.
1226 2992 1335 3018 Matuti·
1395 2991 1468 3022 sunt,
1488 2999 1554 3024 quos
1568 2990 1689 3017 liberales
1702 2991 1764 3018 facit
1783 2992 1877 3019 frontis
1897 2991 2035 3018 infirmitas
2052 2991 2138 3017 Senec.
2153 2990 2186 3017 de
2200 2990 2310 3017 Benefic.
2325 2999 2349 3022 2,
2361 3000 2381 3018 1.
2405 2993 2412 2996 “
2443 2991 2459 3017 ss

294 3038 356 3057 nam
375 3030 491 3057 frontem
508 3028 623 3063 appellat,
645 3029 736 3054 Parum
756 3028 866 3054 latiarem.
921 3029 987 3054 Nam
1004 3031 1127 3054 matutina
1138 3027 1218 3063 frons
1236 3025 1334 3060 trrstior
1389 3025 1471 3061 pudor
1484 3026 1599 3061 negandi.
1655 3028 1710 3052 Huc
1729 3027 1823 3062 referri
1839 3027 1938 3054 videtur
1958 3030 2030 3053 etiam
2048 3026 2144 3052 Lucan.
2160 3035 2192 3058 9,
2208 3034 2256 3060 207
2279 3026 2336 3053 Nec
2356 3027 2416 3053 colo
2445 3023 2461 3050 ·¹

295 3064 328 3097 esi
343 3076 350 3090 ;
386 3072 473 3091 contra
488 3062 544 3099 post
561 3073 658 3090 coenam
681 3063 830 3089 exhilarata.
915 3063 997 3089 Frons
1017 3063 1095 3097 genio
1111 3064 1189 3099 sacra
1212 3063 1284 3089 Seru.
1306 3065 1333 3088 in
1348 3065 1380 3089 80
1393 3063 1434 3094 (i.
1450 3062 1572 3097 excusatio
1585 3060 1718 3095 obtentus)
1737 3062 1861 3097 imperii,
1880 3071 1926 3089 nec
1940 3062 2014 3089 frons
2028 3062 2078 3087 erit
2093 3061 2146 3088 vlla
2161 3062 2275 3088 Senatus.
2312 3062 2360 3089 Sed
2371 3064 2409 3089 Ve
2443 3088 2445 3093 ,
2458 3060 2460 3078 Ᾰ

293 3101 393 3134 virgil.
413 3100 463 3127 Ecl.
477 3103 503 3126 6.
595 3100 676 3125 Ianua
694 3098 792 3127 animi,
811 3098 885 3124 frons
904 3098 939 3124 est
958 3099 1060 3132 QCic.
1080 3098 1111 3125 de
1132 3099 1207 3125 Petit.
1226 3097 1333 3125 Consul.
1395 3096 1480 3123 schol.
1496 3100 1552 3122 ita:
1569 3097 1651 3122 Frons
1666 3097 1771 3124 Senatus
1783 3098 1829 3130 est,
1849 3098 1867 3124 ti
1880 3098 2005 3132 cumipse
2019 3098 2138 3131 imperet,
2156 3098 2263 3124 Senatus
2275 3105 2374 3124 nomen
2385 3106 2400 3124 a
2445 3097 2450 3105 “

294 3144 326 3168 32
346 3145 367 3162 c.
383 3145 413 3163 11.
484 3137 515 3163 ln
528 3135 617 3161 fronte
630 3134 769 3161 ostentatio
783 3133 827 3166 lit,
846 3133 916 3159 intus
931 3135 1026 3160 veritas
1046 3134 1190 3160 occultetur
1208 3133 1280 3160 Idem
1301 3132 1332 3159 de
1394 3137 1488 3167 ponat,
1504 3130 1548 3158 cui
1570 3131 1595 3157 se
1613 3131 1681 3158 dicat
1699 3142 1805 3160 onmem
1819 3134 1964 3168 potentiam
1981 3132 2128 3160 reddidisse.
2186 3135 2227 3160 Ita
2239 3133 2322 3159 Frons
2333 3133 2407 3170 sueri
2437 3131 2448 3150 ⁸*

295 3172 353 3198 Fiu.
369 3180 391 3204 2,
404 3179 448 3206 77.
520 3171 576 3197 Cic.
591 3169 622 3196 ad
637 3170 732 3196 Anton.
746 3169 793 3205 fitb
806 3170 858 3195 Att.
874 3177 913 3200 14,
927 3177 951 3201 13
965 3176 1008 3204 pr.
1034 3169 1113 3202 Qtod
1128 3178 1229 3195 mecum
1243 3178 1288 3203 per
1303 3169 1333 3195 li-
1393 3177 1420 3194 υ.
1434 3177 1459 3204 g.
1475 3167 1640 3204 praescriptio
1658 3177 1705 3193 non
1718 3171 1799 3204 qualis
1813 3167 1970 3201 Εάίἑῖοιᾞνη,
1983 3168 2030 3205 fid
2046 3169 2112 3195 velut
2125 3169 2249 3200 SCrowm,
2283 3168 2330 3195 uod
2341 3179 2358 3196 a
2371 3169 2404 3196 Ca

295 3212 363 3233 teras
376 3208 445 3241 agis,
458 3206 546 3241 inquit
559 3216 564 3231 :
589 3214 667 3232 vnam
681 3205 716 3232 ob
730 3205 830 3232 causam
845 3204 950 3230 mallem
965 3213 1054 3231 coram
1066 3205 1153 3239 egiffes
1168 3216 1173 3230 :
1195 3214 1249 3231 non
1261 3204 1333 3232 enim
1387 3202 1572 3239 fhrefaffu1n‚
1590 3202 1671 3233 doci-t,
1691 3213 1716 3229 υ.
1729 3214 1754 3240 g.
1769 3205 1823 3231 Cic.
1838 3205 1908 3231 Fam.
1918 3212 1944 3236 9,
1958 3212 1982 3237 ι,-
2004 3204 2093 3240 adfin.
2209 3220 2212 3221 ν
2289 3205 2306 3230 6
2341 3205 2388 3231 Pri
2439 3198 2441 3203 ¹

296 3242 381 3268 solum
393 3251 425 3269 ex
438 3242 575 3272 oratione,
595 3240 638 3266 sed
651 3241 730 3266 etiam
743 3249 774 3266 ex
788 3239 878 3271 vultu,
895 3245 921 3266 et
934 3240 1034 3272 oculiS,
1055 3247 1079 3266 et
1094 3240 1191 3272 fronte,
1211 3247 1240 3266 vt
1252 3243 1333 3272 aiunt,
1351 3242 1379 3271 85
1386 3239 1482 3275 species
1494 3239 1575 3273 frons
1588 3236 1635 3270 est,
1652 3245 1675 3264 et
1688 3240 1808 3274 quidquid
1817 3243 1926 3276 primum
1940 3240 2155 3276 aggredientibus,
2174 3240 2372 3280 inruentibusque

296 3286 385 3304 meum
403 3286 463 3312 erga
477 3283 502 3304 te
516 3284 633 3303 amorem
648 3276 792 3310 perspicere
806 3276 934 3309 potuisses.
989 3275 1113 3302 Caeterum
1145 3275 1229 3301 adoris
1241 3278 1267 3301 in
1280 3278 1332 3310 pri·
1391 3277 1482 3301 currit.
1519 3272 1649 3307 Qiinffll.
1668 3282 1695 3306 4,
1717 3283 1734 3307 4
1761 3275 1901 3302 lntinuatio
1914 3276 2031 3309 surrepat
2044 3276 2150 3308 animis,
2166 3277 2280 3302 maxime
2293 3275 2341 3302 vbl
2352 3276 2377 3302 fr

294 3316 357 3345 mir,
376 3319 398 3339 et
417 3312 579 3348 impudentiae
591 3311 673 3347 sedem
693 3312 759 3337 velut
779 3310 821 3344 effi·
834 3311 958 3346 frontem,
978 3317 1000 3336 et
1019 3310 1112 3346 mantfe
1135 3319 1150 3336 α
1171 3311 1207 3336 ibi
1224 3313 1275 3336 eius
1294 3313 1332 3336 in-
1393 3311 1482 3336 causae
1499 3317 1552 3335 non
1565 3309 1624 3335 satis
1637 3308 1742 3336 honesta
1755 3311 1812 3339 est.⁴
1851 3311 1892 3337 Sic
1905 3312 2012 3344 Quinft.
2029 3319 2054 3346 7,
2068 3320 2087 3343 1,
2103 3313 2133 3344 56
2153 3312 2224 3337 Dura
2239 3311 2324 3345 prima
2336 3311 2423 3338 front'

296 3347 363 3374 dicia
377 3348 435 3381 iste,
448 3356 499 3374 tum
513 3347 640 3383 liful-veta,
653 3353 704 3373 tum
719 3346 865 3381 uerbafixtis
877 3344 1008 3378 ostendent.
1045 3346 1101 3373 Sint
1114 3355 1171 3381 ergo
1274 3343 1294 3382 q
1316 3354 1331 3371 2
1393 3345 1517 3379 quaestio.
1551 3344 1618 3371 Add.
1639 3344 1656 3370 l.
1673 3354 1698 3371 12
1720 3345 1746 3371 ff.
1761 3346 1793 3372 de
1807 3345 1910 3381 probat.
1981 3339 2151 3380 Qlotidianis
2166 3353 2191 3373 et
2206 3347 2234 3373 in
2251 3347 2368 3374 frontem
2388 3346 2393 3352 “

296 3383 410 3417 Epitheta
425 3394 431 3408 :
469 3385 562 3418 Aspera
576 3391 657 3409 cornu
672 3383 745 3408 frons
764 3377 843 3408 Ouid.
854 3382 915 3408 Met.
930 3391 967 3414 10,
980 3389 1038 3408 222.
1109 3381 1232 3414 Asperior
1246 3381 1331 3413 Qun·
1393 3380 1559 3407 currentibus
1572 3380 1702 3412 Quinctil.
1717 3381 1787 3407 Dccl.
1802 3389 1862 3415 247.
1932 3382 2071 3409 Pulchrum
2085 3391 2113 3408 ac
2127 3382 2251 3408 decorum
2268 3382 2296 3408 in
2310 3381 2396 3409 fronte
2441 3378 2458 3411 [ι’

298 3417 352 3443 ent.
369 3427 400 3447 ιι,
415 3428 433 3452 ι,
448 3421 484 3445 6ι.
553 3420 644 3444 quen.
659 3418 709 3444 Sat.
722 3426 752 3450 13,
767 3425 812 3449 242
831 3417 943 3450 Quando
956 3417 1053 3451 recepit
1068 3416 1187 3443 Eiectum
1204 3416 1281 3442 semel
1296 3421 1332 3442 at·
1340 3424 1375 3448 90
1391 3417 1481 3442 Tacit.
1496 3415 1557 3451 Agr.
1570 3424 1605 3447 33,
1618 3421 1638 3445 8.
1731 3417 1803 3450 Quin
1822 3417 1911 3443 inania
1926 3423 1951 3444 et
1965 3418 2081 3452 specioso
2093 3427 2122 3444 ac
2137 3417 2279 3451 decepturo
2298 3417 2361 3444 suco
2375 3417 2414 3444 ciry
2455 3428 2457 3435 ⁴

299 3452 361 3477 trita
380 3453 411 3478 dc
429 3454 518 3480 fronte
537 3453 660 3480 ruborem
675 3455 684 3480 ἒ
755 3452 860 3483 Breuis,
888 3452 940 3478 vid.
961 3459 977 3478 Β
988 3458 1115 3479 REVIS.
1186 3451 1330 3485 Castigatae
1391 3453 1498 3478 cunilita
1512 3451 1602 3477 inueni
1621 3450 1704 3484 (bona
1716 3453 1837 3485 externa)
1852 3453 1920 3479 intra
1934 3454 2002 3480 nihil
2021 3453 2144 3480 habentia
2162 3453 2248 3479 fronti
2264 3452 2348 3479 simile
2367 3452 2414 3484 Sen
2455 3449 2457 3459 ⁴

300 3486 409 3524 collecta
425 3489 548 3515 modestia
561 3489 655 3515 frontis
668 3488 833 3520 Stat.Silu.2‚
846 3496 914 3520 1,43.
969 3488 1042 3514 Dura
1079 3507 1086 3513 .
1117 3507 1124 3513 .
1162 3506 1168 3513 .
1238 3487 1332 3513 Exsan-
1393 3488 1470 3513 Cons.
1484 3487 1515 3514 ad
1529 3486 1605 3512 Helu.
1629 3495 1651 3512 c.
1666 3495 1687 3519 ς.
1729 3488 1797 3512 Hinc
1810 3488 1909 3520 Frons,
1928 3489 1963 3515 est
1977 3489 2051 3516 Aciei
2066 3489 2111 3515 illa
2126 3497 2199 3522 pars,
2219 3496 2285 3523 quae
2301 3488 2410 3515 aduersu

298 3529 356 3553 guis
367 3541 374 3551 ,
394 3524 411 3546 i.
426 3524 548 3556 impudens
561 3525 626 3550 Plin.
641 3525 731 3558 Paneg.
746 3533 767 3549 c.
779 3531 811 3555 ³5·
882 3524 975 3549 Ferrea
1013 3542 1018 3548 .
1056 3542 1062 3548 .
1100 3543 1105 3548 .
1177 3522 1259 3548 Ferox
1273 3523 1330 3549 Seu.
1391 3522 1493 3548 hollcin
1507 3521 1601 3556 spectat
1615 3522 1706 3555 Veget.
1719 3521 1751 3547 de
1765 3522 1802 3548 Re
1816 3523 1879 3551 Mil.v
1890 3532 1912 3555 3,
1928 3533 1966 3557 ¹4·
2011 3524 2078 3550 Gell.
2096 3533 2133 3556 10,
2148 3533 2173 3556 9.
2246 3524 2314 3549 Hinc
2333 3524 2388 3558 Aeq
2434 3535 2438 3542 .

299 3556 377 3594 Herc.
391 3555 441 3581 fur.
454 3559 478 3582 6.
547 3560 719 3591 Qiorundam
740 3567 831 3593 parum
850 3557 945 3584 idonea
964 3557 1000 3583 est
1018 3556 1176 3583 verecundia
1197 3558 1275 3584 rebus
1295 3559 1330 3584 ci·
1392 3558 1480 3584 fronte
1494 3558 1525 3584 ad
1539 3565 1648 3591 pugnam
1662 3556 1785 3583 accedere
1803 3559 1860 3585 Liu.
1875 3562 1912 3590 36,
1926 3569 1971 3594 44.
2023 3562 2142 3594 Aequare
2155 3560 2254 3586 frontes
2269 3558 2341 3585 Idem
2356 3553 2435 3593 ;‚38.'3-'

298 3590 411 3620 vilibus,
430 3599 496 3624 quae
512 3592 624 3619 Firmum
642 3595 756 3621 frontem
770 3593 912 3620 defiderant
932 3593 1018 3619 Scnec.
1035 3592 1066 3619 de
1079 3594 1182 3627 Tranq.
1198 3595 1246 3622 An.
1267 3603 1288 3620 c.
1303 3604 1328 3626 4.
1345 3596 1377 3624 95
1391 3593 1514 3628 Aequatis
1525 3592 1656 3618 frontibus
1671 3591 1776 3618 Tibull.
1790 3602 1816 3625 4.
1831 3603 1848 3625 1,
1864 3604 1914 3620 102.
2012 3595 2164 3622 Castrorum
2178 3594 2251 3619 frons
2272 3594 2342 3620 Caes.
2356 3592 2431 3625 Bell-¹³.
2454 3602 2455 3608 ¹

299 3626 430 3652 Generosa
450 3626 542 3651 Lucan.
556 3633 579 3657 Β,
593 3630 650 3657 680.
720 3630 798 3656 Hirta
817 3630 874 3655 Seu.
889 3628 997 3663 Hippoi.
1012 3631 1037 3654 6.
1082 3629 1126 3655 Sil.
1142 3631 1166 3659 6,
1180 3637 1215 3654 21.
1271 3629 1328 3655 Sen.
1391 3629 1474 3654 Ciuil.
1486 3637 1513 3660 3,
1533 3636 1568 3660 37.
1638 3627 1780 3654 Constituit
1801 3630 1862 3655 octo
1880 3629 2002 3657 cohortes
2022 3631 2051 3656 in
2067 3631 2155 3657 fronte
2174 3628 2272 3655 Sallust.
2287 3629 2364 3656 Catil.
2381 3623 2437 3662 592(

301 3660 333 3686 de
347 3660 457 3687 Benene.
470 3668 496 3689 2,
513 3669 536 3686 12
568 3663 679 3690 Iucunda
701 3665 773 3697 suut,
791 3674 855 3699 quae
869 3666 990 3691 Humana
1004 3664 1108 3695 fronte,
1130 3664 1197 3695 leni,
1219 3664 1329 3698 placida·
1389 3665 1420 3689 ln
1439 3664 1553 3691 frontem
1572 3661 1692 3689 statuerat
1710 3663 1819 3690 ferratos
1836 3666 1927 3692 Tacit.
1944 3666 2009 3691 Ann.
2030 3674 2059 3698 3,
2078 3668 2121 3698 46.
2193 3666 2249 3690 Vua
2267 3663 2420 3699 depugnatio

298 3704 350 3730 que
368 3695 528 3722 tribuuntur.
630 3698 761 3725 imbecilla
778 3700 907 3733 Quinctil.
920 3708 954 3731 12,
968 3707 989 3732 ς,
1003 3709 1030 3733 4.
1101 3701 1219 3733 integrae
1233 3700 1329 3726 frontis
1390 3699 1425 3725 est
1440 3699 1528 3725 fronte
1540 3698 1615 3732 longa
1630 3698 1757 3732 quadrato
1772 3701 1885 3728 exercitu
1899 3703 1989 3735 Veget.
2002 3709 2022 3732 3,
2036 3710 2075 3726 20.
2146 3699 2265 3726 Aduerfis
2278 3699 2423 3730 frontibus,
2441 3714 2444 3720 ι

299 3731 382 3773 thO
407 3731 424 3756 Ῐ-
446 3739 475 3761 ¹3
506 3730 536 3755 D.
557 3729 587 3756 de
606 3731 689 3758 testib.
725 3738 742 3759 i.
756 3735 810 3768 Jine
823 3734 942 3771 stigmate
961 3734 1048 3767 inusto.
1135 3735 1328 3768 inuerecunda,
1390 3734 1443 3761 vid.
1463 3739 1630 3761 ADVERTQ
1700 3734 1789 3761 Tacit.
1804 3735 1834 3761 in
1847 3736 1934 3771 Agric.
1956 3744 2020 3768 2235
2045 3734 2159 3765 Veritus,
2174 3744 2206 3760 ne
2220 3734 2294 3761 timul
2308 3735 2336 3761 in
2347 3735 2424 3761 fron··

299 3766 352 3793 md.
372 3774 411 3792 ιτν
422 3773 442 3791 v
454 3771 470 3791 Ε
482 3772 499 3791 R
512 3771 528 3791 Ε
538 3772 554 3791 (J
565 3772 582 3790 v
592 3773 641 3804 N-I)
652 3773 671 3791 v
681 3775 707 3806 s..
755 3803 759 3806 ι
777 3770 854 3795 Laeta
874 3770 968 3805 Virgil.
984 3771 1047 3796 Aen.
1061 3771 1087 3801 6,
1106 3772 1162 3798 862.
1234 3771 1329 3797 Laeuis
1338 3780 1384 3798 100
1391 3776 1459 3801 tem,
1478 3768 1550 3797 simul
1564 3773 1588 3794 et
1600 3767 1679 3794 latera
1693 3769 1797 3796 suorum
1812 3777 1978 3806 pugnaretur.
2013 3770 2084 3805 Conf.
2104 3769 2176 3796 Idem
2195 3779 2221 3802 33
2231 3790 2238 3802 2
2253 3775 2274 3800 8·
2344 3769 2423 3803 Vstg?
2455 3790 2456 3794 =

298 3801 370 3828 idem
386 3802 436 3827 Ecl.
452 3803 476 3829 6.
490 3808 524 3842 ξι.
595 3802 702 3839 Lucrati
721 3804 889 3837 (je-cundum)
908 3807 1007 3832 frontes
1025 3805 1104 3840 Apul.
1118 3806 1180 3831 Met.
1197 3813 1212 3837 9
1240 3815 1264 3840 p.
1278 3814 1328 3832 227.
1390 3805 1453 3830 Aen.
1465 3812 1483 3834 ι,
1494 3811 1539 3837 ¹70
1553 3803 1648 3829 Fronte
1663 3804 1707 3830 sub
1720 3806 1827 3833 aduersa
1842 3807 1953 3842 scopulis
1966 3804 2139 3841 pendentibus
2152 3811 2317 3834 antrum.etc.
2353 3804 2425 3838 Ptin„
2455 3808 2456 3812 ¹

291 3835 409 3872 stigmate
422 3842 510 3876 ηριᾳιι.
581 3836 724 3867 Mannum,
752 3838 803 3863 vid.
819 3839 897 3873 supra
919 3842 1008 3867 Frons.
1079 3841 1168 3866 Minax
1189 3842 1245 3867 Seu.
1260 3840 1326 3867 Oed.
1390 3847 1425 3870 12,
1439 3847 1455 3874 7
1476 3839 1505 3864 In
1519 3838 1605 3864 fronte
1620 3839 1722 3865 Caucafi
1739 3841 1837 3868 solibus
1851 3842 1977 3877 opposita,
1996 3840 2084 3876 gigni,
2103 3847 2148 3867 etc.
2192 3841 2248 3867 ΓΜ.
2265 3840 2370 3872 Idem4,
2381 3845 2418 3866 21.

300 3881 332 3897 ιε,
404 3872 516 3897 Muuma
539 3871 641 3910 Petron.
662 3880 682 3895 c.
698 3873 750 3896 126.
822 3874 917 3900 Moesta
934 3877 1024 3903 fronte
1044 3876 1122 3910 queri
1141 3876 1232 3902 Claud.
1248 3876 1326 3902 Cons.
1388 3874 1468 3901 Frons
1486 3873 1564 3899 fossae
1583 3874 1622 3900 vel
1640 3875 1738 3901 scrobis
1759 3876 1792 3909 est
1807 3878 1874 3904 latur
1887 3880 1993 3909 inferius
2008 3884 2031 3902 et
2043 3876 2150 3902 breuius.
2193 3876 2321 3902 Columel.
2337 3884 2364 3907 3,
2383 3880 2418 3905 ις,

299 3908 370 3933 Hon.
384 3908 410 3938 6,
421 3912 472 3947 με.
544 3906 635 3946 Mollis
654 3907 727 3945 supr-'¹
747 3906 853 3933 modum
874 3910 1002 3942 Qinetu.
1017 3913 1047 3943 6,
1061 3920 1086 3943 4.
1156 3912 1244 3938 Niuca
1265 3919 1326 3945 pen-
1387 3917 1410 3935 2.
1438 3914 1461 3934 et
1474 3917 1536 3940 4‚4‚
1551 3917 1569 3934 1·
1612 3910 1680 3944 Quae
1693 3910 1746 3944 effit
1762 3913 1843 3940 Frons
1857 3916 1883 3938 in
1898 3913 2025 3942 volumine,
2044 3910 2089 3947 ihs
2100 3911 2187 3937 mandi
2200 3910 2340 3943 occasionem
2347 3916 2418 3944 prac-

299 3942 392 3968 debant
412 3945 499 3967 “0⁰1⁰
517 3942 602 3976 ⁰³P¹¹¹¹
622 3941 700 3967 0¹¹¹d-
716 3941 778 3966 Met.
797 3950 838 3974 ¹0>
855 3949 901 3974 ¹38-
978 3946 1080 3973 Nubila
1102 3947 1217 3974 Martial.
1237 3955 1269 3979 2,
1292 3944 1424 3980 11-1o5b25
1437 3943 1516 3970 Ouid·
1532 3943 1616 3971 Trist.
1631 3954 1650 3975 ι,
1665 3955 1684 3977 1,
1700 3955 1720 3973 ιι
1742 3947 1800 3974 Nec
1814 3947 1902 3981 fragili
1915 3947 2034 3983 geminae
2049 3955 2082 3980 po
2097 3946 2183 3974 iautur
2195 3947 2298 3981 pumice
2311 3946 2416 4006 ιἰἓξῐΐῗῐ,

2354 3986 2376 4005 1r
2388 3985 2416 4003 u·
