2479 4225
295 150 367 200 643
699 144 731 183 F
806 141 839 181 E
915 138 977 177 R‘
1210 158 1212 160 ’
1765 137 1796 177 F
1883 138 1918 178 E
2003 139 2041 179 R‘
2296 147 2415 196 ‘644

294 245 341 263 nec
355 235 417 262 lima
457 242 505 260 nec
522 237 617 266 torno,
640 241 686 259 nec
699 232 726 258 id
740 240 819 265 genus
833 225 998 254 ferramentis
1010 226 1052 253 vti
1081 226 1157 261 Apul.
1170 225 1240 252 Flor.
1255 234 1267 252 2
1281 233 1325 262 pr.
1384 227 1471 262 Itaque
1480 227 1617 262 probabilis
1631 225 1664 260 est
1677 225 1834 259 εοηίεὲῗανα,
1852 227 1982 264 legentium
1993 229 2075 257 Ouid.
2089 230 2154 257 Fast.
2168 239 2188 263 1,
2201 234 2250 266 276
2273 231 2345 259 Haec
2357 232 2418 260 ado-
2453 246 2457 262 ς

295 271 384 298 Tacit.
398 254 487 296 Germ.
507 277 554 301 30,
571 278 590 302 4
624 268 740 294 Peditem
754 267 831 299 super
844 271 915 289 arma
929 262 1094 289 ferramentis
1112 271 1218 296 quoque
1230 270 1326 288 coone-
1385 262 1420 288 let
1435 263 1545 289 flammis
1559 273 1617 289 cum
1631 263 1698 289 strue
1711 263 1779 289 ferta
1792 263 1844 289 suis
1852 269 1901 298 pro
1915 265 1983 300 vulg.
1997 265 2075 292 farra.
2128 268 2248 302 Neapolis
2260 268 2347 294 laudat
2358 269 2432 302 Vct.'-‚

294 312 351 333 rant
430 304 546 331 Martial.
562 313 605 337 14,
624 306 655 335 36
688 304 853 329 Ferramenta
869 297 995 323 tonsoria.
1065 298 1139 324 Caes.
1158 298 1186 323 B.
1202 297 1234 323 G.
1249 304 1277 329 5,
1293 306 1323 330 41
1386 298 1448 332 Lap.
1484 305 1498 323 1'
1510 304 1528 324 o
1539 306 1556 325 R
1568 305 1585 325 c
1597 306 1617 325 A
1626 305 1650 324 M
1690 305 1706 324 E
1716 305 1737 324 T
1774 304 1825 324 AG
1834 305 1854 324 N
1865 306 1885 326 A
1894 306 1918 325 M
1954 307 1966 326 s
1976 307 1996 326 T
2006 306 2025 326 R
2035 307 2056 326 v
2065 309 2074 327 1
2084 307 2099 327 13
2109 308 2127 327 v
2139 309 2152 328 s
2187 308 2202 328 r.
2213 308 2234 328 T
2270 309 2286 328 r
2295 309 2367 329 ERT
2377 311 2417 332 is.
2454 308 2455 317 ¹

293 326 375 368 vlita}
387 346 433 376 pro
448 342 486 367 112,-
507 339 593 375 quibus
605 345 673 365 arra
680 337 790 373 foditur.
858 332 914 358 Cic.
927 333 1005 358 Catil.
1015 340 1038 367 33
1053 342 1081 359 10
1095 342 1116 359 c.
1130 341 1142 365 5
1164 338 1213 367 pro
1228 332 1326 359 Gladiis
1385 334 1466 359 Etiam
1478 336 1505 359 in
1522 340 1671 360 monumento
1684 334 1805 360 Fratrum
1819 334 1956 361 Arualium
1982 335 2000 368 (
2004 333 2058 369 ⁷1¹]st
2069 343 2149 362 tamen
2166 337 2208 364 hic
2222 337 2273 373 ipse
2292 336 2324 371 ⁶st
2343 339 2418 366 Velm
2454 354 2456 366 :

294 383 318 403 et
331 377 403 403 telis:
439 359 567 409 Cethegus
588 374 670 404 dixit,
688 373 714 397 se
727 371 858 396 bonorum
870 368 1090 395 ferramentorum
1109 367 1254 394 studiosum
1267 369 1324 394 effe.
1347 379 1361 406 ς
1386 369 1451 403 Iapis
1459 371 1599 404 Neapolis)
1614 376 1663 405 pro
1678 376 1691 396 s
1700 376 1721 395 T
1731 375 1748 394 R
1758 376 1778 395 v
1788 376 1795 394 1
1806 375 1849 395 13v
1862 375 1875 395 s
1899 376 1914 395 E
1924 376 1940 396 Ρ
1950 377 1989 397 Fr
2000 377 2018 396 R
2027 377 2087 397 TIS
2100 372 2150 408 legi
2162 374 2217 400 vult
2229 372 2333 406 Vrsinus
2345 373 2418 400 fimi.
2454 372 2455 376 ¹

294 413 399 438 Petron.
412 420 434 437 c.
444 419 480 444 94
512 410 608 437 Eodem
622 409 779 434 ferramento
792 403 823 429 a'd
837 409 949 430 mortem
961 405 1033 430 viam
1047 412 1153 438 quaero.
1225 403 1280 430 Cic.
1294 403 1326 430 de
1386 402 1435 429 bns
1455 411 1471 430 E
1480 411 1502 431 Τ
1530 412 1545 431 F
1554 412 1597 431 ER
1606 412 1644 431 TI
1656 412 1678 431 s.
1738 404 1797 431 Viti.
1811 405 1914 440 append.
1938 405 2038 432 Catonis
2055 409 2082 431 in
2102 416 2154 433 mm
2174 408 2279 435 editione
2299 409 2423 443 scapton·

296 447 332 474 Ν,
348 447 380 473 D,
396 455 405 472 1
444 455 473 479 19
490 455 512 472 c,
528 451 541 474 8
577 445 649 475 Qme
663 440 784 470 molitio,
804 447 870 473 quae
881 439 1054 472 ferramenta,
1074 439 1120 473 qui
1133 438 1237 470 1106105,
1259 448 1326 473 quae
1386 440 1418 464 R.
1427 440 1493 475 Rp.
1507 449 1554 472 130.
1609 440 1733 466 Caeterum
1752 440 1793 466 hic
1800 441 1927 474 ponendus
1938 439 1972 474 est
1992 443 2058 467 Iocus
2076 443 2183 469 Catonis
2204 453 2224 469 c.
2239 452 2283 476 134
2314 444 2427 471 fernum

297 466 432 509 machina}
466 482 511 516 qui
526 476 637 506 ministri
651 475 715 500 tanti
730 474 847 500 muneris
861 475 986 501 fuerunt?
1056 474 1173 509 Agrestia
1196 475 1256 500 Liu.
1266 483 1284 504 1,
1291 483 1326 506 40
1387 473 1453 507 (hoc
1465 478 1513 501 iam
1527 477 1609 502 malim
1623 484 1693 511 quam
1707 477 1725 502 F
1728 475 1842 507 erGtum,
1862 476 1925 511 quod
1938 477 1974 503 ibi
1985 476 2068 502 datum
2084 475 2117 509 tst
2136 476 2271 513 victorio)
2292 479 2353 504 Ioui
2366 488 2420 506 mo-

295 518 403 545 Sccures.
438 502 447 515 ³
478 517 570 541 Vetera
608 509 737 536 Columel.
752 518 783 542 7,
803 518 829 542 4.
911 511 1077 537 Ferramenta
1094 509 1231 536 fabrorum
1258 510 1326 536 Hor.
1387 515 1449 535 veto
1463 517 1488 536 et
1498 511 1614 538 1111161310
1635 510 1680 536 sic:
1716 511 1816 545 Iupiter
1837 517 1862 536 te
1882 510 1931 537 hoc
1951 512 2021 538 ferto
2039 512 2212 540 obmouendo
2232 514 2312 540 bonas
2333 523 2422 548 preces

297 553 375 587 Epist,
390 562 399 578 1
425 561 433 577 1
458 556 493 582 35,
561 547 757 572 Ferramentum
771 545 925 580 plumbeum
951 546 1021 573 Cael.
1037 547 1100 572 Aur.
1114 545 1200 572 Tard.
1214 554 1238 575 2,
1252 550 1328 578 4,48.
1348 555 1377 572 10
1388 553 1496 578 precor,
1516 547 1554 573 vti
1567 546 1613 572 fies
1627 546 1719 572 volens
1733 546 1862 581 propitius
1875 546 1944 572 mihi
1954 547 2100 582 liberisque
2112 549 2188 581 meis,
2207 549 2286 579 domo
2294 549 2432 577 laminae--
2448 560 2451 562 ·

302 588 360 617 Vim
381 572 425 615 Εἰς
434 572 483 612 J'wr
493 590 502 608 1
513 589 531 608 D
540 587 559 606 V
568 587 584 606 C
596 588 614 606 v
624 587 646 606 S.
1388 588 1440 614 que
1453 589 1542 614 meae,
1562 581 1658 607 maedus
1671 581 1721 608 hoc
1735 582 1806 608 ferto
1821 588 1866 608 etc.
1896 582 1958 617 sunt
1977 585 2040 608 enim
2058 583 2169 619 verbosae
2182 584 2308 619 formulae
2322 588 2423 620 plures?
2428 597 2438 612 1·

332 630 349 650 1-Ἰ
358 630 373 649 E
382 630 399 648 R
408 629 425 647 R
434 628 454 646 A
463 624 510 644 ΜΕ
520 624 539 642 Ν
549 621 570 641 Τ
579 623 601 642 Α
610 622 629 642 R
639 623 648 641 1
657 622 698 642 vs
708 635 715 646 ‚
731 615 748 641 i.
774 625 809 642 111.
846 616 953 645 Firmic.
968 625 980 649 3
990 637 998 649 ,
1011 625 1033 649 13
1048 615 1192 652 Jibfinem,
1206 614 1247 641 'In
1259 614 1327 641 Solis
1389 622 1412 641 et
1428 615 1508 642 strues
1521 617 1688 643 obmouenda
1705 619 1745 643 vel
1757 617 1964 647 commonenda,
1990 627 2045 643 cum
2067 619 2136 646 ferto
2159 620 2331 646 obmouendo
2354 626 2380 647 et
2393 621 2429 647 lim

297 667 361 686 vero
373 662 415 683 aut
427 655 514 680 Lunae
527 651 617 683 domo,
636 651 731 677 facient
744 651 869 684 aerarios,
888 652 1111 683 ferramentarios,
1129 651 1328 682 statuarios,ctc.
1388 650 1476 677 bando
1488 656 1653 682 coniungitur.
1706 652 1774 679 Add.
1788 661 1840 685 141,
1855 663 1881 686 4.
1952 652 2032 679 Ouid.
2047 654 2110 680 Fast.
2125 664 2145 687 1,
2159 658 2212 690 670
2236 656 2266 682 Et
2279 655 2337 682 date
2351 665 2423 691 paga.

334 698 399 719 FER
409 690 484 715 RVG
494 692 513 712 0
523 706 532 718 ,
552 686 612 712 i'nis.
630 686 651 713 f.
686 685 739 719 [ia's
751 684 850 722 σιδὴμ]
884 687 979 723 Rubigo
986 688 1068 723 ferri.
1108 687 1174 713 Plin.
1185 695 1228 720 23,
1243 691 1256 715 8
1282 686 1328 711 Su·
1386 687 1427 712 nis
1441 695 1525 714 annua
1540 684 1594 714 liba
1607 688 1681 713 focis.
1737 688 1791 714 MS.
1812 689 1884 714 festa.
1957 689 2030 715 Forte
2048 690 2108 724 fuit
2128 690 2206 723 ferta,
2218 698 2248 718 vt
2261 691 2423 727 suspicantur·

297 728 345 754 dor
357 726 460 757 virgae,
481 722 556 748 corni
569 721 687 753 arboris,
705 721 801 747 lamina
815 722 900 749 ferrea
913 723 1037 750 candente
1051 728 1187 757 exceptus,
1205 731 1259 748 non
1267 730 1328 747 con·
1345 728 1371 753 15
1392 723 1452 748 Viri
1466 722 1542 749 doc‘li.
1599 724 1671 759 Conf.
1690 722 1781 750 Ifidor.
1797 726 1821 754 6,
1836 732 1872 756 19.
1947 724 2014 751 Pers.
2028 733 2053 756 2,
2065 729 2098 758 48
2127 729 2249 753 Attamen
2262 727 2304 753 hic
2320 727 2386 753 extis
2398 726 2440 755 eti

295 763 391 796 tigente
403 759 491 792 ligno,
512 757 631 791 illitaque
643 756 705 783 inde
720 757 828 791 ferrugo
842 758 998 792 incipientes
1010 758 1124 785 lichenas
1138 759 1216 784 sanat.
1259 757 1326 782 Com·
1387 758 1477 792 opimo
1492 760 1596 785 vincere
1610 759 1678 784 ferto
1692 759 1816 785 Intendit.
1853 762 1871 785 i.
1897 760 1991 795 Pingui
2003 759 2066 790 libo,
2090 761 2156 796 quod
2161 769 2210 796 pro
2223 766 2288 788 omni
2294 762 2434 797 sacrificium

292 794 381 832 prestas
388 800 514 829 purpurae
528 794 594 820 color
607 792 697 853 rufus,
717 795 840 828 nigrioris
853 793 950 820 ruboris
958 814 966 825 ‚
985 793 1051 830 quast
1071 795 1174 820 violacei
1183 813 1190 825 ,
1208 791 1327 826 fimilitu-
1380 797 1464 828 ponit.
1518 795 1559 822 Sic
1571 794 1703 830 Casiubon.
1774 794 1843 821 Add.
1872 802 1885 821 s
1894 802 1915 821 T
1924 801 1943 820 R
1951 802 1972 821 V
1981 801 1997 821 E
2007 802 2019 822 s
2044 798 2072 821 in
2100 802 2112 822 S
2121 804 2142 823 T
2151 804 2170 823 R
2179 803 2199 823 V
2209 803 2229 824 Ο
2256 804 2280 824 et
2307 805 2319 824 S
2329 805 2350 825 Τ
2359 799 2445 837 qu⁴

293 831 348 856 dine
356 832 444 855 coloris
451 828 526 859 ferri,
544 828 600 853 dum
612 830 633 861 ql
658 827 824 864 rubiginofion
836 835 938 855 vocatur
944 830 1071 863 ferrugo.
1105 829 1214 864 πορφύρα
1221 829 1327 860 μέλαιναι
1387 835 1405 855 F
1413 836 1430 855 E
1438 836 1457 855 R
1468 835 1490 855 Τ
1502 837 1523 856 Α
1532 837 1550 856 R
1560 838 1568 855 1
1579 837 1597 855 1.
2426 838 2440 858 κ,

293 865 370 891 610Πῖ
383 865 438 890 Lat.
453 864 499 890 Gr.
570 863 643 897 Virg.
658 864 722 889 Aen.
737 871 763 895 9,
777 868 820 895 582
846 863 932 890 Pietas
943 874 992 891 acu
1006 864 1184 897 chlamydem,
1204 869 1230 889 et
1243 863 1328 889 ferru-
1422 871 1439 890 F
1449 870 1466 890 E
1477 871 1496 890 R
1506 872 1527 891 T
1537 873 1596 897 vs,
1614 874 1644 897 a,
1663 873 1717 891 um.
1754 864 1815 891 Adi.
1851 864 1920 891 Idem
1934 865 1998 901 quod
2013 866 2130 892 Fertilis:
2165 874 2210 901 vt,
2234 869 2310 896 Ferta
2322 868 2386 896 arua
2398 864 2439 898 effi,

291 901 352 935 gine
366 900 448 925 clarus
462 899 546 925 lbera.
605 897 653 926 Vbi
665 899 770 925 Seruius
779 918 786 931 ,
807 900 939 933 Ferrugo‚
956 903 1053 936 inquit,
1069 900 1174 927 Coloris
1187 908 1267 934 genus
1282 898 1327 930 est,
1336 908 1370 927 20
1386 897 1515 934 frugifera
1539 901 1595 927 Cic.
1609 901 1636 926 in
1650 901 1723 926 Orat.
1733 903 1773 932 163
1786 910 1807 926 c.
1816 908 1860 933 49.
1881 902 1917 926 Ex
1929 903 2030 936 mitique
2039 902 2122 929 Poeta.
2421 900 2440 943 l

292 937 338 970 qui
351 935 453 961 vicinus
466 934 502 960 est
513 941 644 969 purpurae
657 933 803 968 subnigrae.
874 936 991 962 Donatus
1003 945 1078 967 vero,
1098 936 1160 961 Alio
1174 935 1234 962 loco
1243 954 1251 967 ,
1269 934 1328 965 Ty·
1421 941 1463 961 FE
1472 943 1491 962 R
1500 942 1521 962 T
1532 943 1550 963 O
1560 943 1602 962 RE
1611 944 1623 963 s
1641 936 1708 962 ferta
1720 935 1830 962 libantes
1844 936 1922 961 Gloss'.
1936 936 2006 962 lfld..
2399 955 2403 957 -
2425 938 2441 973 ἃ,

291 972 386 1005 rioque
399 969 505 997 ardebat
519 969 619 996 murice
633 970 701 996 lena.
737 969 779 995 sed
799 969 857 996 illic
878 979 994 1005 purpura
1007 970 1146 1006 significata
1160 971 1195 996 est
1209 969 1327 996 confecta
1421 976 1461 997 PE
1471 977 1491 998 R
1501 979 1521 998 V
1530 978 1546 997 E
1559 977 1578 997 O
1588 992 1596 1004 ,
1621 978 1644 997 et
1668 978 1683 997 12
1692 978 1734 998 ER
1744 978 1789 997 vo
1798 991 1806 1003 ,
1832 972 1862 997 vi
1881 978 1904 997 et
1922 970 1986 1004 bui,
2014 976 2058 998 ere
2077 979 2100 998 et
2119 975 2171 1000 ere.
2209 974 2222 1008 [
2236 974 2293 1009 ζέω,
2314 975 2399 1010 βριίζω
2410 975 2441 1033 {s

291 1015 323 1033 ex
337 1006 454 1038 murice,
473 1005 518 1032 hic
529 1009 617 1032 autem
631 1005 793 1039 ferruginem
804 1005 872 1032 dixit
884 1007 951 1033 a'etii
965 1006 1071 1034 coloris.
1126 1007 1194 1033 Haec
1202 1007 1329 1032 Donatus.
1387 1004 1428 1031 Ab
1438 1009 1494 1042 igne
1507 1014 1621 1039 externo,
1648 1008 1688 1033 vel
1699 1007 1728 1033 ab
1745 1006 1811 1039 aestu
1828 1006 1932 1042 quodam
1949 1005 2065 1040 intestino
2078 1009 2230 1036 vehementer
2241 1011 2356 1046 misceri,
2373 1018 2416 1038 tur
2433 1041 2439 1048 ⁴

291 1042 357 1068 Plin.
371 1049 406 1074 15,
419 1050 448 1067 10
481 1040 595 1067 Vestitos
606 1040 658 1067 alia
677 1041 819 1075 ferruginis
832 1042 927 1068 tunica.
981 1042 1055 1077 Conf.
1070 1041 1220 1077 Brouckhujl
1233 1042 1266 1067 ad
1277 1041 1329 1067 Ti·
1386 1040 1458 1073 bari,
1476 1041 1575 1074 bullire,
1591 1043 1764 1078 intumescere,
1782 1043 1883 1074 laxari,
1902 1049 1948 1068 etc.
1984 1043 2049 1078 quod
2050 1044 2157 1078 proinde⁷
2163 1048 2237 1072 etiam
2250 1047 2284 1072 ad
2289 1047 2415 1083 sanguini
2439 1058 2444 1074 1¹

292 1076 356 1104 bull.
372 1085 392 1109 1,
405 1087 438 1110 4,
452 1084 491 1111 37.
565 1077 628 1102 Atra
659 1076 739 1103 Ouid.
754 1077 818 1103 Met.
833 1085 866 1110 15,
879 1082 934 1112 788.
1001 1078 1079 1104 Dulci
1097 1078 1180 1104 violas
1192 1077 1327 1110 ferrugine
1343 1079 1374 1106 25
1386 1075 1416 1102 ab
1442 1076 1535 1109 affec‘lu
1560 1078 1696 1104 vehementi
1725 1084 1815 1104 motum
1840 1078 1953 1114 ipsasque
1980 1081 2059 1104 animi
2082 1081 2283 1114 perturbationes
2305 1083 2451 1118 retertur-‘331¹‘

289 1112 377 1148 pingit
401 1111 494 1138 Claud.
510 1111 542 1138 de
555 1112 630 1151 Rape.
642 1112 759 1146 Proserp.
769 1120 792 1144 2,
806 1121 844 1144 93.
915 1112 1046 1147 Lugubris
1069 1113 1191 1139 Prudent.
1206 1112 1325 1139 Cathem.
1390 1113 1498 1146 Aequor
1509 1113 1595 1141 feruet
1626 1113 1700 1148 Virg.
1715 1114 1812 1147 Georg.
1827 1122 1847 1145 1,
1865 1121 1922 1174 323.
1993 1114 2049 1140 cor
2060 1123 2134 1141 mero
2147 1116 2235 1143 feruet
2264 1118 2346 1145 Ouid.
2360 1118 2418 1146 Fast
2436 1122 2440 1129 ·'

2431 1130 2442 1143 ,Ι-

2437 1143 2447 1155 Q

291 1157 322 1180 9,
336 1153 377 1183 78.
446 1147 516 1173 Mala
529 1147 665 1181 ferrugme
678 1156 757 1182 purus
772 1148 872 1174 animus
907 1149 1003 1174 Lucan.
1016 1149 1049 1175 ad
1062 1149 1147 1175 Pison.
1161 1157 1201 1182 95.
1272 1147 1327 1173 Ob·
1387 1155 1420 1179 2,
1440 1154 1493 1181 732.
1562 1150 1663 1183 Lingua
1676 1157 1751 1175 mero
1766 1149 1855 1176 feruet
1876 1151 1887 1175 1
1929 1148 1995 1175 ibid.
2011 1158 2042 1182 2,
2055 1157 2113 1184 737.
2207 1152 2303 1179 Feruet
2321 1154 2445 1188 vinumzt.

290 1184 362 1210 scura
386 1182 461 1217 Virg.
477 1183 572 1217 Georg.
588 1181 686 1218 1‚'467.
755 1184 894 1218 Peregrina
907 1184 1043 1219 ferrugine
1057 1185 1142 1211 clarus
1156 1190 1181 1210 et
1194 1183 1266 1211 ostro
1285 1182 1323 1209 ld.
1391 1191 1474 1216 quum
1488 1192 1519 1209 ex
1533 1185 1618 1211 musto
1630 1185 1659 1210 in
1672 1185 1764 1211 vinum
1777 1183 1866 1211 transit
1899 1184 1965 1211 Plin.
1982 1193 2028 1217 14,
2041 1194 2067 1217 9.
2154 1187 2228 1214 Mare
2247 1189 2334 1216 feruet
2353 1188 2436 1224 aquis?

291 1220 353 1245 Aen.
368 1227 402 1250 11,
416 1225 477 1252 777.
1387 1217 1467 1245 Ouid.
1482 1219 1560 1253 Epist.
1573 1225 1607 1251 18,
1620 1222 1662 1246 26.
1734 1219 1841 1254 Pelagus
1853 1220 1923 1246 aestu
1936 1221 2024 1248 feruet
2043 1221 2099 1247 Cic.
2115 1221 2146 1247 de
2159 1223 2232 1250 Orat.
2242 1232 2289 1257 155.
2361 1226 2396 1251 Ρο
2416 1211 2445 1254 a*

326 1261 343 1280 F
352 1261 368 1280 Ε
380 1259 398 1279 R
411 1260 429 1279 R
439 1259 459 1278 V
469 1259 488 1280 G
500 1261 509 1279 1
519 1260 539 1279 N
550 1259 566 1279 13
575 1259 595 1278 v
604 1261 616 1280 s
627 1273 636 1286 ,
654 1262 682 1284 a,
703 1263 757 1280 um.
792 1253 853 1280 Adi.
890 1251 1059 1289 [σιδηρσειδῆς]
1108 1254 1181 1290 Qod
1192 1252 1226 1287 est
1238 1255 1328 1280 colori:
1345 1263 1378 1287 30
1387 1258 1428 1280 tus
1442 1255 1572 1288 vertigine
1585 1256 1671 1287 feruet
1695 1255 1776 1281 Ouid.
1791 1256 1856 1281 Met.
1875 1264 1908 1286 11,
1923 1265 1980 1289 549.
2052 1257 2168 1284 Martial.
2180 1267 2211 1291 2,
2225 1262 2260 1292 64
2290 1260 2359 1288 Fora
2372 1259 2445 1294 liti-fi.

283 1289 439 1326 ferruginis.
488 1295 492 1297 ’
505 1288 571 1314 Plin.
581 1297 622 1322 29,
637 1292 654 1315 6
678 1289 709 1315 Et
721 1290 886 1323 ferrugineas
899 1290 1012 1316 maculas
1026 1289 1158 1316 habentes.
1200 1292 1238 1316 De
1249 1291 1327 1315 laccr-
1387 1289 1435 1315 bus
1449 1290 1537 1316 omnia
1551 1290 1662 1317 seruent.
1750 1292 1847 1318 Feruet
1869 1300 1936 1325 opus
1967 1291 2043 1326 Virg.
2056 1293 2120 1318 Aen.
2141 1302 2167 1325 1,
2184 1303 2248 1328 440.
2339 1297 2396 1331 Ope

288 1328 332 1351 tis.
403 1324 594 1359 Ferrugineum
609 1324 741 1357 colorem,
760 1327 844 1361 inquit
858 1325 961 1351 Nonius
978 1327 1015 1355 16,
1028 1333 1045 1360 7
1070 1327 1144 1353 Ferri
1158 1325 1267 1351 similem
1277 1325 1326 1350 effe
1386 1325 1473 1351 omnis
1485 1326 1578 1353 semita
1589 1327 1677 1353 seruet
1701 1326 1740 1352 Id.
1756 1326 1821 1353 ibid.
1835 1336 1853 1359 4
1864 1347 1871 1358 ‚
1891 1334 1954 1361 407.
2026 1329 2068 1354 Sic
2087 1329 2141 1354 loca
2162 1328 2278 1357 dicuntur
2302 1331 2392 1359 feruet
2418 1347 2437 1365 χ,

290 1360 391 1386 volunt.
430 1361 498 1386 Vere
511 1366 598 1386 autem
611 1361 786 1394 Ferrugineus
801 1360 874 1387 color
892 1361 1034 1387 Caeruleus
1049 1362 1092 1389 est.
1148 1361 1328 1395 Virg.Georg.
1386 1369 1445 1396 quae
1457 1361 1579 1388 hominum
1592 1362 1732 1388 celebritate
1737 1362 1944 1398 frequentantur.
1990 1362 2048 1389 Viti.
2064 1364 2149 1389 Burm-
2160 1364 2195 1390 ad
2205 1365 2263 1392 Val.
2276 1366 2344 1394 Flac.
2354 1377 2406 1398 1,12
2428 1390 2430 1392 .
2456 1384 2479 1396 ..ι

290 1406 325 1430 4,
339 1400 375 1427 183
407 1396 437 1421 Et
451 1395 616 1430 ferrugineos
629 1395 793 1428 hyacinthos.
868 1396 949 1422 Plaut.
964 1396 1023 1422 Mil.
1049 1404 1093 1430 (4,
1105 1406 1134 1430 4,
1148 1400 1198 1430 43)
1232 1396 1325 1422 Pallio·
1387 1397 1442 1422 Cic.
1456 1405 1505 1430 pro
1517 1398 1647 1430 Qum-38
1673 1399 1761 1431 Vsque
1774 1406 1808 1424 eo
1819 1398 1907 1424 seruet
1919 1398 2059 1432 ferturque
2072 1399 2194 1431 auaritia,
2212 1407 2241 1427 vt
2254 1401 2286 1428 de
2300 1403 2351 1429 suis
2358 1412 2388 1430 co
2466 1397 2479 1438 ‚ti

291 1432 345 1458 lum
361 1431 454 1457 habeas
467 1430 665 1465 ferrugineum,
682 1440 741 1457 nam
756 1431 778 1457 is
791 1431 863 1458 colos
874 1431 1016 1458 thalassicus
1028 1432 1071 1458 est.
1126 1434 1195 1458 Haec
1210 1432 1325 1458 Nonius.
1343 1438 1370 1464 35
1384 1431 1472 1458 modis
1484 1432 1551 1459 velit
1563 1432 1680 1467 aliquam
1694 1439 1793 1466 partem
1806 1434 1936 1460 amittere.
2006 1434 2066 1460 Leti
2077 1434 2200 1462 feruebat
2214 1445 2306 1463 amore
2337 1438 2396 1466 Sil.1
2434 1459 2436 1462 ψ

290 1466 409 1494 Αιῃίξὶιις
440 1466 531 1493 Claud.
547 1467 578 1492 de
592 1467 666 1501 Rapt.
679 1468 795 1501 Proserp.
809 1476 838 1497 7,
852 1474 908 1501 775.
976 1466 1076 1500 Cymba
1094 1468 1246 1502 ferruginea
1259 1467 1326 1493 Cha·
1386 1470 1445 1501 567.
1519 1467 1610 1494 Pee'tus
1622 1468 1750 1499 auaritia,
1767 1468 1914 1502 miseraque
1929 1468 2052 1503 cupidine
2066 1470 2154 1496 feruet
2186 1472 2252 1498 Hor.
2267 1473 2346 1507 Epist.
2361 1483 2370 1501 1
2380 1495 2388 1506 ,
2430 1490 2438 1511 ⁴.
2461 1472 2469 1484 ‘¹

291 1502 375 1529 tontis
390 1501 464 1536 Virg.
472 1503 536 1528 Aen.
544 1504 569 1534 6,
582 1511 636 1534 303.
670 1505 688 1528 i.
711 1502 812 1536 Nigra,
829 1502 921 1528 tristis:
958 1503 1072 1529 Seruius.
1143 1504 1245 1530 Nemus
1265 1503 1326 1529 Stat.
1387 1511 1419 1534 33.
1491 1502 1572 1529 Ouid.
1599 1504 1664 1529 Met.
1686 1511 1717 1535 2,
1736 1504 1788 1529 607
1830 1505 1917 1538 thue
1936 1505 2037 1530 animus
2056 1505 2158 1531 tumida
2179 1506 2298 1534 feruebat
2319 1509 2352 1536 ab
2373 1511 2399 1537 ir
2417 1513 2439 1543 ,ὓ

291 1537 382 1564 Theb.
396 1546 427 1569 2,
443 1546 474 1569 13.
510 1540 529 1564 i.
546 1537 708 1565 Horridum:
743 1537 901 1564 Laclantius.
977 1539 1151 1572 Ferrugineos
1171 1538 1326 1570 hyacinthos
1387 1537 1483 1563 Anima
1503 1538 1596 1564 affineta
1612 1539 1689 1572 capit.
1761 1539 1804 1566 Ira
1823 1545 1896 1565 totus
1913 1539 2000 1566 feruet
2033 1540 2091 1566 Sen.
2105 1541 2184 1566 Herc.
2203 1541 2256 1569 fur.
2266 1551 2302 1569 ⁴11.
2372 1545 2428 1573 Vbi

291 1573 365 1607 Virg.
380 1572 476 1606 Georg.
488 1581 521 1605 4,
540 1578 587 1604 183.
623 1580 646 1599 rt
659 1574 722 1599 Aen.
737 1576 768 1605 6,
789 1582 841 1605 303.
914 1573 1010 1599 Ausou.
1025 1574 1102 1608 Epist.
1117 1584 1160 1606 10,
1175 1576 1208 1600 62
1241 1574 1326 1600 Liuor
1386 1573 1518 1599 ferbuerit
1544 1573 1619 1607 Apic.
1634 1581 1657 1605 3,
1672 1582 1696 1599 7.
1871 1573 1892 1610 fl
1914 1583 1930 1601 2
1968 1575 2070 1601 Tertiae
2085 1577 2159 1601 etiam
2171 1579 2352 1613 coniugationis
2368 1579 2427 1614 ff,

292 1608 340 1634 vbi
365 1607 412 1634 iste
436 1613 510 1638 tuus,
541 1608 776 1643 ferrugineumque
793 1617 923 1635 venenum
953 1610 1109 1644 Opportuna
1131 1609 1184 1636 tuis
1206 1609 1327 1636 inimicat
1343 1615 1379 1639 40
1386 1607 1435 1641 ista
1451 1606 1593 1641 offendunt:
1629 1609 1697 1635 Ter.
1711 1608 1785 1635 Adel.
1800 1618 1827 1643 4,
1839 1618 1865 1641 1,
1879 1615 1905 1639 18
1937 1611 2028 1643 Qtum
2044 1609 2128 1637 feruit
2140 1613 2269 1645 maxime,
2281 1619 2334 1641 tam
2348 1615 2426 1650 placi-

292 1642 398 1677 pee'tora
411 1642 485 1668 fucis.
536 1643 594 1669 Vid.
609 1643 642 1679 JJ:
662 1642 725 1676 Vf’ff·
737 1643 772 1669 ad
789 1644 883 1670 Catull.
898 1653 922 1677 p.
936 1652 990 1678 717.
1166 1642 1186 1681 ff
1207 1653 1220 1670 2
1255 1645 1329 1679 Quod
1388 1644 1451 1670 dum
1465 1653 1544 1678 quam
1559 1653 1639 1671 ouem
1652 1643 1745 1670 reddo.
1823 1645 1898 1679 Virg.
1913 1646 2010 1679 Georg.
2026 1654 2051 1678 1,
2065 1654 2112 1679 455
2142 1648 2240 1674 01111113
2254 1654 2314 1676 tunc
2326 1651 2427 1684 pariter

286 1678 399 1714 saporem
406 1677 479 1712 ferri
488 1677 568 1705 babet.
640 1678 704 1704 Plin.
719 1686 752 1710 31,
765 1687 792 1704 10
823 1679 933 1712 Tungri
945 1680 1037 1706 ciuitas
1050 1679 1150 1706 Galliae
1164 1682 1267 1706 fontem
1281 1680 1326 1706 ha·
1386 1685 1467 1706 vento
1480 1679 1631 1714 nimbisque
1644 1679 1750 1706 videbis
1785 1680 1909 1707 Feruere.
1977 1680 2016 1708 Id.
2031 1682 2095 1708 Aen.
2109 1690 2136 1715 9,
2150 1685 2197 1715 693
2225 1685 2337 1712 Feruere
2349 1685 2427 1711 caede

294 1713 338 1740 bet
349 1713 489 1747 insignem,
517 1712 637 1746 plurimis
658 1713 738 1743 bullis
761 1713 915 1746 stillantem,
944 1715 1092 1748 ferruginei
1105 1717 1217 1750 saporis:
1253 1716 1326 1750 quod
1386 1724 1465 1741 noua.
1536 1716 1654 1750 Propert.
1668 1724 1693 1747 2,
1706 1722 1745 1745 28,
1758 1724 1776 1748 4
1806 1716 1902 1750 Incipit
1915 1722 1941 1743 et
1954 1716 2021 1743 sicco
2034 1717 2138 1745 feruere
2150 1724 2220 1745 terra
2232 1728 2301 1746 cane.
2357 1720 2428 1747 Add.

293 1749 378 1783 ipsum
391 1757 445 1774 non
458 1748 505 1774 nifi
519 1749 547 1774 in
559 1748 610 1774 fine
628 1756 704 1783 potus
717 1748 884 1782 intelligitur.
1386 1751 1426 1776 Id.
1441 1759 1464 1780 2,
1479 1756 1502 1781 8,
1516 1759 1553 1781 37.
1624 1751 1827 1785 Valer.,Argon.
1842 1759 1867 1785 7,
1881 1759 1924 1784 150
1951 1753 2038 1786 Atque
2051 1753 2149 1780 iterum
2162 1754 2271 1781 infestae
2285 1756 2310 1781 se
2322 1755 2441 1783 feruere.

291 1818 348 1844 tull.
363 1817 421 1843 adu.
437 1818 495 1843 Val.
510 1827 530 1843 c.
540 1825 565 1850 15
591 1819 686 1845 Guttae
700 1819 884 1851 bituminosae,
897 1820 1088 1853 ferruginantes
1100 1825 1125 1845 et
1138 1818 1326 1853 sulphurantes.
1387 1820 1428 1845 Sic
1441 1820 1553 1858 feruere
1566 1820 1713 1851 Leucaten,
1733 1829 1852 1858 auroque
1870 1821 1994 1854 effiilgere
2012 1823 2106 1848 fluetus
2139 1824 2212 1858 Virg.
2231 1826 2295 1851 Aen.
2316 1831 2345 1858 8,
2366 1828 2420 1862 677

328 1860 421 1879 FERR
430 1858 450 1876 V
460 1859 480 1878 G
489 1860 499 1878 1
508 1860 529 1878 Ν
538 1859 556 1879 O
565 1859 578 1879 s
589 1858 608 1878 v
618 1860 647 1884 s,
664 1862 694 1886 a,
715 1863 768 1880 um.
805 1854 864 1880 Adi.
917 1856 967 1886 Vt,
986 1855 1192 1890 Ferruginosum
1207 1854 1325 1885 ferrum,
1387 1853 1426 1880 Id.
1440 1853 1505 1880 ibid.
1520 1863 1548 1895 4,
1560 1862 1614 1886 409
1639 1855 1709 1880 Cum
1723 1855 1802 1880 litora
1816 1855 1921 1882 feruere
1936 1856 1986 1882 late
2000 1857 2172 1890 Prospiceres.
2242 1862 2326 1887 Multa
2344 1862 2373 1887 id
2389 1872 2419 1898 ge

290 1888 356 1923 apud
371 1887 460 1914 Sidon.
499 1907 506 1913 .
541 1906 548 1912 .
1387 1899 1435 1914 nus
1448 1889 1545 1924 collegn
1558 1890 1630 1915 Non.
1643 1898 1668 1921 9,
1684 1898 1703 1915 1.
1738 1893 1769 1915 it.
1785 1899 1797 1922 3
1810 1897 1833 1916 ct
1848 1898 1870 1923 5.
1907 1900 1932 1917 v.
1947 1901 1972 1927 g.
1991 1901 2019 1918 ex
2031 1893 2172 1925 Titinnio,
2190 1895 2321 1928 Sapientia
2335 1897 2418 1931 guber

327 1928 558 1953 FERRVMEN,
577 1921 637 1947 inis.
656 1930 682 1948 n.
718 1921 793 1956 Qcafi
806 1923 909 1954 elaten,
934 1921 1102 1958 iunflurafiu
1114 1926 1241 1958 ligatura,
1268 1932 1327 1957 quae
1387 1929 1464 1961 nator
1478 1930 1585 1956 torquet
1605 1932 1701 1950 nauem
1717 1933 1772 1949 non
1792 1926 1907 1951 valentia
1922 1937 1927 1951 :
1963 1928 2048 1952 Cocus
2066 1936 2189 1961 magnum
2208 1932 2301 1956 aenum
2322 1933 2441 1965 quando*

289 1958 399 1994 exferri
414 1959 571 1984 excrementis
590 1958 631 1983 vel
653 1960 787 1988 ramentis,
814 1958 855 1983 vel
877 1961 965 1993 quauis
984 1959 1036 1983 alia
1057 1961 1162 1983 materia
1176 1957 1328 1995 fieriu—solet.
1340 1965 1372 1990 50
1387 1958 1487 1996 seruit,
1504 1957 1580 1991 paula
1600 1958 1719 1983 confutat
1737 1964 1802 1984 trua.

327 1791 368 1809 FE
379 1790 397 1809 R
407 1790 454 1809 RV
464 1790 485 1809 G
496 1791 504 1809 1
515 1791 536 1809 Ν
547 1790 571 1809 Α
582 1790 605 1810 N
617 1790 644 1815 S,
662 1784 705 1810 tis.
753 1784 813 1809 Adi.
870 1785 970 1811 Ferrum
977 1784 1067 1824 sapore
1083 1784 1202 1819 referens.
1256 1784 1327 1810 Ter·
1342 1794 1375 1818 45
1387 1784 1465 1810 caede
1479 1785 1609 1810 Lacaenae
1645 1785 1747 1811 Credit.
1819 1788 1850 1812 Et
1865 1796 1891 1818 1,
1906 1795 1945 1812 121
1978 1789 2092 1814 Feruere
2115 1789 2208 1815 01111613
2228 1791 2318 1816 virum
2340 1774 2450 1934 0001111

1285 1992 1292 1996 .
1565 1993 1570 1996 .
1874 1962 1912 1985 Ex
1920 1960 2014 1992 Accio,
2036 1962 2096 1987 Heu
2110 1971 2158 1988 cor
2170 1963 2210 1989 ira
2221 1964 2304 1992 seruit
2316 1976 2430 2001 caecum.

291 1994 357 2020 Plin.
372 1995 412 2026 36,
427 2002 452 2026 23
483 1993 630 2019 Ruinarum
642 1992 714 2018 vrbis
729 2001 759 2018 ea
771 1993 886 2019 maxima
900 1993 988 2025 causa,
1014 1993 1085 2027 quod
1100 1993 1173 2019 furto
1187 1992 1264 2017 calc1s
1277 1994 1329 2017 ime
1388 1998 1502 2018 amentia
1515 2000 1605 2026 ΓδΡΙΟΓ
1619 1993 1755 2027 ferorque·
1829 1995 1865 2019 Ex
1879 1994 2008 2027 Afrani⁰³
2032 1997 2092 2022 Hoc
2105 1997 2210 2031 pmius’
2232 1999 2282 2027 ¹¹⁰⁶
2295 2011 2363 2030 ’ΠΜ
2374 2004 2428 2032 fer·

290 2030 438 2057 ferrumine
452 2030 499 2055 suo
512 2034 643 2054 caementa
650 2034 851 2062 componuntur.
888 2026 1011 2062 Difficilis
1024 2026 1057 2061 ‹st
1069 2029 1134 2054 locus
1142 2028 1244 2054 Petron.
1253 2037 1274 2053 c.
1284 2035 1328 2053 102
1387 2028 1428 2053 vit
1442 2027 1557 2059 animus,
1578 2027 1629 2053 hoc
1642 2028 1714 2054 volo.
1792 2030 1829 2055 Ex
1843 2030 2007 2063 Pomponio,
2034 2032 2134 2059 Domus
2153 2032 2217 2060 haec
2229 2035 2312 2063 seruit
2322 2039 2426 2073 flagitii.

290 2065 333 2092 vbi
345 2064 460 2100 aduersus
472 2063 595 2097 confilium
607 2069 743 2089 atramento
754 2063 958 2098 transformandi
965 2063 993 2098 sc
1007 2066 1034 2089 in
1045 2063 1194 2098 Aethiopes,
1205 2066 1244 2089 ita
1256 2065 1329 2088 etiam
1388 2065 1426 2089 Ex
1439 2064 1574 2094 Varrone,
1600 2064 1619 2090 F
1622 2072 1715 2090 eruere
1734 2064 1842 2098 piratis,
1867 2065 2015 2101 vastarique
2031 2068 2123 2095 omnia
2141 2069 2249 2098 circum.
2314 2073 2427 2108 Pompo-

290 2100 447 2136 dfspumfflr,
466 2100 548 2133 Finge
556 2118 564 2130 ‚
584 2107 631 2124 nec
644 2098 742 2124 vestem
755 2104 901 2125 atramento
914 2097 1097 2129 adhaesuram,
1121 2098 1192 2132 quod
1205 2098 1328 2131 frequen·
1388 2099 1461 2129 nius,
1482 2099 1569 2126 Facite
1582 2104 1610 2124 vt
1624 2099 1692 2133 ignis
1706 2099 1800 2125 seruat.
1872 2101 2012 2134 Afranius,
2036 2104 2142 2136 Q1anta
2161 2105 2352 2134 vociferatione
2371 2110 2424 2137 fer-

292 2142 332 2162 ter
343 2136 424 2162 etiam
436 2143 491 2161 non
504 2133 619 2162 arceffito
630 2134 777 2161 ferrumine
793 2133 923 2167 infigitur.
993 2132 1132 2159 Probabilis
1150 2133 1210 2158 mibi
1230 2132 1330 2158 videtur
1347 2143 1375 2170 53
1388 2133 1478 2172 vitur3
1513 2133 1558 2159 hei
1570 2134 1680 2160 miserae
1693 2134 1771 2161 mihi.
1843 2137 1911 2163 Haec
1930 2139 2030 2163 Nonius
2040 2146 2063 2164 et
2072 2141 2157 2174 plura.
2224 2142 2343 2170 Lucilius
2359 2144 2427 2180 apud
2454 2144 2479 2179 lq

293 2170 460 2197 Munkeriana
474 2169 616 2201 emendatio,
633 2179 680 2196 nec
694 2169 794 2196 vestem
807 2173 982 2196 atramentum
995 2167 1182 2198 adhaesurum,
1203 2176 1269 2201 quae
1277 2167 1330 2192 fre·
1388 2167 1498 2200 Qun&
1507 2176 1515 2192 1
1525 2187 1532 2198 ,
1546 2171 1578 2201 6,
1592 2173 1605 2197 8
1637 2170 1728 2195 Fer-uit
1740 2179 1807 2204 aqua
1822 2176 1847 2196 et
1861 2172 1961 2198 feruet:
1995 2173 2080 2201 seruit
2096 2184 2165 2202 nunc
2177 2176 2265 2204 feruet
2277 2177 2309 2205 ad
2320 2187 2427 2208 annum.¹
2454 2191 2455 2198 ¹
2474 2191 2479 2205 ι

293 2212 403 2240 quenter
416 2214 439 2231 e.
453 2214 478 2231 n.
492 2214 514 2231 a.
528 2205 547 2230 f.
561 2205 686 2231 inficitur.
757 2205 902 2231 Ferrumen
913 2207 995 2239 itaque
1001 2203 1088 2238 fuerit
1101 2203 1145 2229 illa
1164 2205 1205 2228 vis
1212 2208 1327 2237 penetra·
1389 2203 1472 2241 Multa
1484 2202 1519 2238 ad
1528 2203 1575 2228 hzl.
1589 2205 1694 2229 contulit
1707 2207 1733 2229 in
1746 2206 1845 2240 Reliqu.
1866 2208 1945 2232 Lucil.
1957 2217 1989 2241 9,
2004 2218 2034 2242 14
2044 2216 2072 2244 p.
2085 2215 2136 2244 46:
2171 2213 2259 2247 quibus
2279 2213 2410 2253 conficitur!
2420 2229 2428 2245 ·,

293 2242 365 2271 bllis,
399 2241 509 2274 (Graeci
522 2237 646 2265 δευσοποιᾰν
659 2241 771 2274 vocant)
808 2249 868 2275 quae
886 2246 1023 2266 atramento
1040 2238 1111 2265 hodie
1130 2246 1220 2274 quoque
1232 2247 1247 2264 a
1253 2237 1328 2273 ferro
1388 2238 1478 2263 Feruit
1492 2236 1534 2270 {sse
1542 2238 1682 2274 Praefi’nm·
1693 2242 1825 2278 temporis,
1841 2240 1927 2267 feruet
1937 2243 2040 2274 fusuri,
2060 2245 2159 2271 verbum
2176 2256 2204 2272 ue
2215 2248 2274 2273 adm
2286 2248 2329 2281 ‘fle
2339 2235 2423 2281 terna}

293 2275 383 2302 inieflo
401 2276 564 2306 conciliatur,
589 2282 617 2300 vt
635 2274 720 2300 deinde
740 2277 788 2301 elui
806 2285 817 2301 e
835 2277 921 2301 linteis
941 2275 1005 2300 nullo
1019 2275 1111 2310 sapone
1118 2273 1203 2309 poffit.
1262 2274 1330 2308 Quin
1393 2273 1591 2308 Caniugatio⁷zi;‚
1610 2275 1693 2308 inquo
1706 2277 1756 2310 11³st
1768 2274 1865 2301 Fabius
1877 2277 1894 2301 I.
1908 2285 1930 2301 c.
1944 2276 2044 2304 videtur
2056 2279 2154 2315 aliquid
2182 2286 2266 2308 umam*
2273 2278 2359 2318 postia*
2373 2278 2422 2321 ἐφ’,

293 2309 412 2344 conflabit
426 2314 498 2337 etiam
511 2309 614 2345 Sensus,
629 2309 656 2343 Ji
675 2310 703 2336 dc
722 2309 889 2336 Munkeriana
902 2309 1065 2335 emendatione
1074 2312 1182 2344 primam
1194 2308 1262 2335 modo
1270 2316 1330 2343 par·
1348 2312 1382 2337 60
1389 2315 1439 2335 tum
1452 2309 1525 2334 multo
1538 2311 1618 2344 magis
1633 2309 1721 2336 Barth.
1735 2309 1803 2336 Adu.
1815 2315 1864 2345 56,
1876 2321 1891 2345 9
1907 2318 1934 2346 p.
1948 2316 2027 2347 2645:
2062 2322 2164 2350 quorum
2175 2316 2216 2340 ille·
2227 2317 2331 2347 seruire
2344 2327 2425 2349 vem
2463 2334 2479 2347 Α

293 2354 341 2373 tem
359 2345 476 2379 cillianus,
498 2354 545 2371 nee
563 2345 659 2371 vestem
684 2350 857 2371 atramentum
878 2345 1066 2375 adhaesurum3
1103 2346 1198 2379 reliqua
1215 2342 1329 2371 lcc‘honit
1383 2343 1490 2379 putabat
1509 2342 1577 2377 (721st
1589 2345 1655 2370 locus
1670 2351 1800 2380 corruptus
1813 2344 1868 2380 ist)
1891 2353 1920 2373 vt
1934 2347 2054 2378 Ser-utrm
2089 2348 2328 2384 hicfigyzzficationes
2338 2356 2426 2388 distin-

291 2376 407 2417 vulgatae
414 2381 513 2417 strues:
550 2382 731 2407 Atramentum
744 2380 865 2406 adhaeret
880 2380 975 2406 vestem
998 2380 1146 2415 (frequente
1146 2379 1214 2415 finis
1226 2378 1329 2412 infimi·
1387 2379 1490 2415 guebat,
1507 2387 1537 2405 vt
1550 2380 1569 2405 F
1571 2380 1641 2405 eruit
1652 2386 1818 2406 transeuntem
1830 2388 1949 2407 momento
1957 2384 2061 2407 calorem
2073 2389 2155 2415 notet,
2171 2384 2263 2413 Feruet
2269 2395 2422 2423 perpetuum,
2452 2395 2462 2411 ι,

293 2418 356 2443 libus
373 2414 575 2449 construflione)
609 2415 680 2450 qnod
704 2422 878 2443 atramentum
898 2416 1019 2450 infigitur
1038 2416 1191 2449 frequenter
1210 2413 1330 2447 veliibus,
1426 2421 1442 2440 F
1454 2420 1470 2440 E
1482 2421 1530 2440 RV
1542 2420 1632 2455 Ena,
1652 2415 1728 2441 entis.
1749 2416 1817 2455 Part.
1838 2415 1920 2450 [ζέων]
1955 2417 2227 2456 1ῗ13111.(3111·ε.4,7,75
2243 2423 2423 2460 Qnaliaquam
2452 2411 2461 2430 ’Ἴ

293 2461 347 2478 11011
362 2451 477 2478 arcessito
497 2450 545 2476 illo
562 2451 722 2481 ferrumine,
749 2451 813 2486 quod
829 2449 862 2483 ‘st
878 2453 906 2476 in
925 2458 1064 2478 atramento
1076 2451 1230 2487 scriptoriQ
1255 2451 1295 2477 vel
1313 2458 1329 2476 a
1389 2449 1536 2476 sementem
1549 2450 1675 2484 tngrdam
1687 2451 1752 2483 eli'e,
1774 2457 1810 2478 ita
1823 2460 1870 2477 vos
1885 2457 1980 2485 putatis
1993 2452 2072 2487 leges.
2143 2455 2175 2481 Et
2194 2455 2322 2484 Columel.
2334 2467 2375 2492 17,
2392 2469 2423 2493 ςο

292 2487 437 2514 chalcantho
445 2487 470 2521 s.
484 2488 602 2518 vitriolo,
622 2488 662 2512 vel
671 2496 686 2512 a
693 2486 828 2522 firruginc
836 2490 948 2521 proprie.
1343 2488 1375 2520 65
1390 2485 1585 2512 Feruentiffima
1599 2494 1674 2521 aqua.
1727 2488 1799 2523 Conf.
1814 2487 1933 2514 Prudent.
1947 2488 2038 2514 Perist.
2055 2498 2093 2522 10,
2107 2498 2165 2523 439.
2235 2492 2314 2519 Lucri
2326 2495 2425 2529 eupidi-

330 2529 369 2549 ΡΒ
379 2529 397 2548 R
409 2529 426 2547 R
436 2529 488 2547 viu
500 2520 511 2547 i
522 2528 570 2547 No
580 2540 588 2553 ‚
607 2526 658 2548 are.
695 2521 841 2555 [aornim-w]
896 2520 976 2548 Arae
988 2524 1132 2557 coniungere
1152 2528 1176 2548 et
1195 2521 1263 2547 velut
1275 2530 1331 2547 con-
1391 2531 1423 2547 ne
1439 2521 1546 2546 feruens
1580 2521 1671 2548 Claud.
1685 2522 1754 2549 Ruff.
1769 2531 1787 2553 1,
1802 2531 1856 2548 100.
1928 2522 2008 2549 Plaut.
2023 2525 2117 2559 Amph.
2133 2534 2166 2558 4,
2179 2535 2210 2559 2,
2223 2535 2252 2553 10
2284 2529 2370 2562 Qem
2380 2531 2426 2564 μοι

294 2559 436 2594 glutinare,
456 2556 650 2592 vclfimpljciter
665 2555 869 2591 applicarzcloflbi
880 2563 991 2591 corpora,
1004 2563 1034 2583 vt
1045 2559 1072 2582 in
1085 2557 1158 2582 ferro
1170 2556 1286 2582 candente
1288 2555 1333 2590 fit,
1392 2565 1441 2591 ego
1462 2556 1542 2583 hodie
1562 2557 1597 2583 ob
1617 2557 1712 2584 isthaec
1731 2557 1801 2584 dieta
1819 2557 1914 2584 faciam
1927 2558 2073 2585 feruentem
2089 2561 2185 2594 flagris.
2254 2563 2323 2591 Plin.
2337 2573 2380 2597 12,
2400 2574 2428 2593 12

294 2594 334 2619 vel
349 2592 490 2627 interposita
502 2594 585 2627 aliqua
598 2596 717 2624 materia,
740 2601 798 2626 quae
817 2591 953 2618 feri-umen
967 2590 1007 2624 est.
1063 2593 1215 2626 Quamquam
1230 2594 1332 2625 proprie
1392 2591 1475 2618 Radix
1490 2592 1553 2618 costi
1566 2592 1639 2627 gustu
1653 2593 1757 2619 feruens
1768 2592 1851 2619 odore
1865 2593 1975 2620 eximio.
2044 2595 2064 2620 F
2066 2596 2185 2622 eruentia
2205 2598 2436 2631 superfundenmr-‚

296 2629 470 2654 ferruminare
479 2627 595 2662 depriore
602 2634 697 2653 tantum
705 2636 790 2663 genere
798 2627 901 2653 dicitur.
924 2627 982 2653 Viti.
995 2636 1052 2652 mox
1066 2630 1333 2652 FERRVMINATIO.
1394 2627 1513 2653 scribon.
1528 2635 1578 2653 201,
1650 2628 1740 2654 Aestus
1758 2628 1959 2654 feruenflffimus
1989 2629 2054 2656 pun.
2069 2634 2110 2662 3¹,
2124 2639 2146 2663 3.
2218 2633 2273 2659 Cic-
2287 2635 2338 2661 Offi
2356 2645 2380 2668 ι,
2393 2645 2411 2670 4
2440 2653 2449 2662 *A

296 2665 422 2697 Pompon.
435 2663 464 2688 in
478 2662 494 2687 l.
521 2661 659 2694 Quidquid
675 2663 706 2687 D.
723 2661 756 2687 de
771 2661 938 2695 Acquirendo
952 2671 1040 2688 rerum
1054 2661 1191 2693 dominio,
1216 2661 1243 2687 Si
1256 2666 1331 2686 tuum
1346 2673 1382 2701 70
1393 2671 1415 2688 c.
1434 2669 1458 2694 15
1491 2663 1562 2688 Nam
1583 2662 1661 2688 fortis
1681 2664 1784 2690 animus
1802 2668 1828 2689 et
1840 2672 1948 2698 magnus
1964 2663 1993 2690 in
2013 2665 2122 2692 homine
2134 2674 2189 2693 non
2200 2669 2320 2701 perfeeto
2333 2680 2380 2697 nec
2394 2673 2410 2698 s
2434 2667 2441 2691 1.

297 2699 422 2733 scyphum
435 2698 522 2724 alieno
538 2696 647 2730 plumbo
661 2696 856 2729 plumbaueris,
878 2697 1000 2724 alienouc
1018 2703 1128 2731 argento
1141 2697 1334 2723 ferruminaue-
1392 2698 1481 2732 piente
1495 2698 1642 2724 feruentior
1654 2698 1809 2733 plerumque
1822 2698 1867 2725 est.
1937 2701 2012 2734 Aqua
2025 2701 2131 2728 sentens
2149 2702 2187 2729 Id.
2196 2704 2270 2731 Verr.
2279 2714 2299 2737 1,
2313 2708 2348 2741 67
2360 2700 2436 2735 226!

297 2734 348 2760 ris:
384 2742 437 2759 non
461 2732 612 2763 dubitatur,
640 2731 765 2765 scyphum
785 2738 860 2757 tuum
881 2733 945 2763 etse,
974 2738 1000 2759 et
1025 2742 1040 2759 a
1061 2739 1086 2758 te
1104 2732 1176 2758 10610
1188 2732 1333 2758 vendicari.
1393 2733 1476 2767 Aquis
1490 2733 1654 2760 sernentibus
1666 2734 1755 2760 mollit
1767 2741 1836 2762 artus
1859 2733 1940 2761 Ouid.
1954 2736 2017 2761 Met.
2032 2745 2053 2769 1,
2067 2743 2122 2766 228-
2144 2741 2176 2768 ,i.
2196 2743 2287 2775 coquit.
2348 2742 2434 2771 Plaut:

298 2769 363 2794 Plin.
377 2776 421 2802 27,
437 2776 455 2800 4
479 2767 607 2793 Fabulosa
619 2766 736 2792 arbitror
749 2775 815 2800 quae
827 2766 1002 2794 adiiciuntur:
1037 2774 1140 2794 recente
1154 2776 1184 2793 ea
1196 2767 1214 2793 li
1227 2773 1334 2799 Vtatur,
1394 2770 1468 2802 Capt.
1488 2778 1524 2801 4,
1543 2777 1575 2801 2,
1597 2776 1628 2803 57
1666 2769 1793 2796 Laridum
1816 2776 1895 2804 atque
1918 2771 2005 2805 epulas
2027 2772 2116 2799 foueri
2136 2773 2233 2800 foculis
2257 2775 2436 2807 sernentibuw

300 2803 400 2830 ferrum
413 2809 457 2829 aut
470 2811 510 2828 aes
524 2801 704 2828 ferruminati.
778 2802 814 2827 Id.
828 2809 870 2834 33,
889 2809 902 2833 5
923 2803 941 2827 s.
956 2811 989 2834 29
1011 2802 1039 2828 dc
1054 2802 1217 2838 chmfiwolla,
1237 2804 1275 2828 Ita
1284 2803 1335 2829 fer·
1393 2805 1484 2830 Horae
1498 2803 1553 2830 diei
1564 2805 1712 2836 feruentes,
1725 2812 1774 2866 {ro
1788 2805 1941 2832 Meridianis
1966 2807 2033 2834 Plin.
2048 2815 2092 2841 17,
2105 2817 2147 2834 77..
2216 2810 2283 2836 Hor.
2299 2813 2388 2840 Carm.
2403 2804 2445 2848 ι’,ὃἸ

300 2838 449 2865 ruminatur
468 2846 568 2863 aurum.
632 2852 677 2856 ——
707 2835 846 2863 difficulter
864 2837 1063 2864 ferruminatur.
1136 2838 1173 2863 Id.
1194 2846 1216 2869 31
1227 2857 1235 2869 ,
1255 2840 1271 2863 6
1299 2838 1335 2871 lde
1352 2846 1436 2875 7513,
1450 2848 1468 2871 4
1492 2840 1606 2865 Feruens
1619 2839 1723 2866 difficili
1754 2840 1789 2866 ile
1802 2846 1885 2867 tumet
1899 2841 1980 2868 iecur.
2049 2844 2188 2877 Ingenium
2200 2845 2293 2878 rapido
2305 2847 2435 2877 feruenti&

299 2877 370 2910 aquis
383 2876 505 2905 marinis,
532 2874 605 2905 Qtae
624 2871 746 2898 calefiunt
767 2872 797 2898 ad
811 2881 956 2899 neruorum
969 2872 1089 2904 dolores,
1116 2873 1291 2899 ferruminant
1310 2880 1336 2899 et
1396 2883 1425 2900 us
1440 2876 1510 2900 amni
1536 2874 1574 2900 Id.
1589 2875 1671 2902 Serm.
1686 2884 1707 2907 1,
1721 2884 1757 2907 10,
1769 2878 1811 2902 62.
1883 2877 1985 2904 Natura
1998 2877 2182 2904 feruentiffima
2209 2879 2381 2917 Columel.12‚
2397 2892 2432 2919 ις,
2450 2901 2451 2906 ,

300 2909 441 2941 fraemras,
460 2909 564 2942 ollaque
577 2908 691 2933 contusa.
762 2907 800 2933 Id.
814 2910 855 2939 36,
869 2913 896 2937 28
928 2908 1034 2935 Vitrum
1047 2907 1167 2942 sulphuri
1181 2908 1336 2935 coneoc'tum
1395 2909 1491 2936 Oleum
1504 2909 1718 2937 feruentiffimum
1744 2911 1863 2939 Scribon.
1879 2914 1917 2945 56.
1986 2913 2052 2939 Plin.
2064 2913 2141 2946 Epist.
2156 2922 2177 2945 3,
2193 2922 2222 2948 ¹4
2246 2916 2432 2948 Lauabaturin
2449 2912 2451 2934 l

300 2945 490 2971 ferruminatur
503 2944 530 2969 in
543 2942 665 2976 lapidem.
744 2942 783 2968 Id.
798 2951 841 2975 35,
856 2950 880 2975 15
910 2943 994 2970 Calcis
1006 2953 1112 2979 quoque
1127 2944 1201 2969 vsum
1216 2943 1335 2970 bitumen
1395 2944 1459 2971 villa
1473 2945 1627 2971 Formiana:
1661 2952 1769 2980 repente
1781 2955 1842 2974 eum
1856 2947 1926 2974 serui
1939 2947 2141 2974 circumfistunt:
2172 2949 2239 2976 alius
2252 2952 2339 2980 fauces
2356 2955 2431 2982 inua-

300 2979 438 3014 praebuit,
459 2979 495 3005 ita
508 2977 688 3005 ferruminatis
702 2977 842 3010 Babylonis
855 2978 946 3005 muris.
1130 2977 1150 3015 ff
1171 2988 1187 3005 2
1222 2980 1336 3014 Metaph.
1396 2979 1448 3010 dit,
1473 2980 1539 3006 alius
1554 2981 1642 3014 pectus
1655 2988 1680 3008 et
1693 2988 1812 3009 ventrem
1823 3003 1831 3016 ,
1854 2982 1920 3008 alius
1935 2990 1964 3007 os
1976 2982 2111 3008 verberat:
2146 2989 2171 3009 et
2182 2994 2264 3019 quum
2278 2990 2429 3019 exanimem

300 3016 380 3042 Plaut.
395 3014 453 3040 Mil.
465 3023 493 3047 4,
508 3019 531 3046 8,
543 3022 573 3046 75
604 3013 788 3040 Ferruminaut
802 3013 874 3039 labra
889 3013 991 3041 labellis
1000 3035 1007 3046 ,
1025 3014 1054 3040 de
1068 3014 1241 3047 osculantibus.
1351 3019 1383 3045 80
1394 3021 1530 3050 putarent,
1556 3016 1685 3043 abiiciunt
1697 3018 1724 3043 in
1738 3018 1842 3044 feruens
1855 3016 2033 3050 pauimentum
2042 3037 2051 3050 ,
2076 3024 2104 3044 vt
2115 3021 2297 3053 experirentur
2309 3034 2341 3051 an
2355 3027 2430 3054 viue-
2454 3043 2456 3052 >

334 3056 496 3077 FERRVM
508 3056 517 3076 1
529 3056 551 3075 N
564 3055 685 3079 ATVS,
705 3057 735 3081 a,
754 3057 807 3074 um.
827 3049 918 3075 Partic.
956 3050 1152 3076 Ferrnminatio
1165 3050 1219 3076 alui
1232 3049 1336 3083 glutino
1393 3057 1442 3078 ret.
1514 3051 1582 3077 Rota
1606 3052 1709 3078 feruens
1745 3052 1825 3080 Ouid.
1844 3061 1875 3078 ex
1895 3053 1977 3078 Ponto
1998 3061 2023 3084 ι,
2043 3059 2070 3083 8,
2091 3057 2129 3083 68.
2165 3065 2180 3081 a
2197 3058 2322 3085 celeritate
2342 3068 2430 3089 motus.

300 3086 366 3113 Plin.
381 3095 424 3118 10,
444 3093 478 3117 33.
554 3084 612 3111 Vici.
630 3084 694 3110 Vall.
710 3088 741 3116 6,
757 3091 796 3118 58.
884 3085 1015 3112 Ponticuli
1034 3085 1202 3112 ferruminati
1232 3087 1335 3111 Petron.
1395 3085 1503 3120 Sanguis
1527 3086 1572 3112 Sil.
1588 3093 1631 3121 17,
1649 3093 1708 3120 489.
1796 3087 1996 3122 sterquilinium
2010 3088 2191 3116 columbinum
2210 3092 2428 3126 feruentissimum

299 3131 320 3147 c.
334 3130 367 3153 31.
384 3121 447 3156 fiffl'
457 3127 522 3155 pars
532 3119 684 3154 repolitorii
703 3122 730 3145 in
743 3122 881 3146 conuiuium
895 3120 973 3147 allati.
1066 3121 1103 3147 Id.
1122 3130 1143 3147 c.
1157 3129 1187 3153 32
1216 3121 1334 3147 Annulus
1394 3121 1489 3148 Pallad.
1506 3130 1524 3153 1,
1537 3130 1572 3153 33.
1645 3122 1735 3149 Vndae
1746 3123 1878 3150 feruentes
1891 3122 2002 3149 aestibus
2027 3123 2108 3150 Ouid.
2122 3127 2186 3152 Met.
2202 3136 2240 3161 14,
2253 3134 2295 3162 48.
2365 3133 2435 3160 vul.¹

300 3165 394 3183 aureus
407 3156 500 3182 ferreis
513 3155 597 3182 veluti
610 3155 688 3181 stellis
703 3155 898 3181 ferruminatus.
1394 3166 1442 3183 nus
1471 3156 1508 3183 Id.
1523 3157 1588 3183 ibid.
1602 3166 1630 3190 4,
1646 3166 1697 3183 120⁴

337 3199 402 3218 FER
413 3199 432 3218 R
442 3198 461 3216 v
472 3198 496 3216 M
507 3198 514 3216 1
525 3197 545 3215 N
555 3198 624 3217 ATI
634 3197 667 3221 ο,
684 3190 749 3216 onis.
776 3190 795 3216 f.
838 3189 980 3223 [συναφὴ]
1034 3181 1136 3216 Paullus
1149 3190 1208 3217 inl.
1234 3192 1265 3217 In
1275 3200 1332 3218 rem
1350 3195 1380 3224 85
1432 3198 1448 3219 1:
1459 3199 1503 3219 ER
1513 3198 1533 3218 v
1544 3199 1560 3218 E
1570 3199 1620 3218 NT
1631 3199 1683 3218 131³,
1726 3193 1793 3220 Adu,
1837 3192 1973 3227 [galva-ms]
2025 3194 2095 3221 Cael,
2108 3195 2140 3221 ad
2153 3197 2208 3224 Cic·
2224 3199 2295 3226 Fam.
2309 3206 2338 3233 3,
2352 3209 2366 3232 8
2396 3205 2428 3231 Et

299 3227 370 3253 aetio
391 3225 500 3264 §.Item
515 3234 684 3260 quaecunque
706 3226 737 3252 D.
755 3225 787 3252 de
799 3225 838 3252 rei
853 3225 1046 3255 vindicatione,
1073 3227 1269 3253 Fertuminatio
1291 3236 1336 3260 per
1395 3228 1428 3254 de
1442 3228 1608 3254 damnatione
1621 3228 1756 3255 fet-uenter
1766 3229 1842 3263 loqui
1854 3228 1889 3254 est
1900 3236 2030 3263 coeptum.
2101 3232 2211 3268 Compar.
2248 3236 2383 3271 Augustin,
2396 3239 2430 3266 de

300 3263 407 3289 eandem
420 3262 558 3288 materiam
570 3261 633 3287 facit
646 3261 841 3294 consutionem,
858 3260 1024 3295 plumbatura
1037 3269 1101 3287 vero
1109 3270 1161 3287 non
1170 3262 1239 3287 idem
1247 3261 1336 3288 efficit.
1396 3265 1486 3290 Gencs.
1502 3263 1532 3289 ad
1545 3264 1585 3289 lit.
1596 3272 1617 3294 2,
1630 3272 1642 3295 5
1670 3265 1745 3297 Q1ae
1757 3264 1866 3290 celerius
1877 3263 1969 3297 vtique
1983 3265 2127 3293 feruentius
2141 3275 2260 3302 aguntur.
2332 3274 2366 3300 Su
2384 3274 2436 3302 erp:

336 3304 351 3323 F
362 3305 377 3324 13
386 3304 432 3324 RR
441 3305 460 3324 V
469 3303 493 3323 Μ
503 3303 542 3323 ΣΝ
551 3303 573 3323 Λ
582 3303 602 3322 Τ
613 3301 634 3322 0
645 3303 662 3322 R
672 3315 680 3328 s
698 3297 761 3323 511⁵·
780 3306 816 3323 m·
851 3298 904 3331 Qi
911 3296 1085 3332 fl'rruminzff‚
1105 3297 1173 3331 apud
1180 3297 1336 3325 Vitruuium
1395 3299 1532 3334 Augustin.
1546 3298 1577 3325 de
1589 3299 1649 3325 Ciu.
1664 3299 1713 3325 Dei
1729 3306 1761 3331 18,
1777 3308 1806 3331 57
1831 3298 1934 3324 Paullus
1950 3299 2081 3327 Christum
2095 3303 2281 3332 feruentissime
2296 3279 2429 3340 praegica-

300 3331 343 3366 ‘ff'
356 3333 457 3359 dicitur.
1394 3334 1448 3360 bat.
1519 3335 1590 3361 Cael.
1604 3334 1635 3361 ad
1649 3335 1704 3360 Cic.
1721 3335 1790 3361 Fam.
1805 3339 1832 3366 8,
1851 3335 1866 3359 6
1902 3335 1984 3361 Curio
1999 3336 2186 3365 feruentiffime
2199 3343 2380 3378 concerpitur,
2399 3345 2441 3372 dez¹

337 3375 352 3394 1-
360 3376 375 3394 E
385 3375 402 3394 R
412 3375 431 3394 R
440 3375 449 3393 1
458 3374 475 3395 c
484 3375 503 3394 R
512 3365 529 3394 ἓ
537 3374 552 3394 1>
561 3367 573 3393 i
582 3374 603 3393 N
613 3373 634 3392 v
642 3372 656 3392 s
664 3386 672 3399 ,
691 3376 705 3393 a
714 3387 722 3399 ‚
741 3376 796 3394 um.
832 3366 894 3393 Adi.
948 3366 1036 3393 finxit
1051 3365 1132 3391 Plaut.
1147 3366 1216 3392 Afin.
1231 3375 1240 3392 1
1249 3386 1257 3398 ,
1274 3376 1294 3398 1,
1308 3374 1380 3398 2190
1394 3368 1541 3396 malcdiffls.
2436 3372 2437 3376 =

300 3403 375 3437 Apud
394 3404 577 3438 ferricrepinas
595 3402 690 3429 insulas
709 3413 714 3428 ε
749 3406 768 3428 i.
799 3401 848 3429 Vbi
859 3401 962 3437 ferreae
980 3401 1102 3436 compedes
1119 3407 1236 3436 crepant,
1260 3409 1289 3427 vt
1308 3405 1335 3427 in
1430 3411 1446 3430 1:
1457 3409 1627 3431 ERVESCO
1638 3424 1646 3436 ,
1667 3405 1720 3430 are.
1757 3403 1880 3439 [ξέομαι]
1932 3407 2035 3434 feruere
2053 3411 2176 3443 incipere,
2201 3415 2326 3446 concipere
2339 3414 2438 3449 feruo-'

302 3436 439 3473 ergastuli&
1394 3448 1454 3465 rem.
1524 3440 1626 3467 Terrae
1649 3439 1796 3465 feruescunt
1816 3440 1867 3466 sole
1903 3441 2004 3468 Lucret.
2025 3445 2056 3475 6,
2078 3449 2127 3476 851.
2207 3442 2449 3482 Medicamentum*

340 3479 354 3498 F
364 3480 379 3498 p,
388 3480 406 3499 R
416 3471 453 3499 R'i
465 3479 481 3499 F
492 3472 511 3499 ὀ
522 3480 541 3499 D
552 3475 593 3500 ῐΝ
602 3480 623 3500 Α
633 3493 641 3506 ,
661 3482 700 3500 ae.
719 3473 739 3499 f.
775 3472 843 3499 Idem
854 3471 918 3507 quod
931 3472 1058 3503 Ferraria,
1065 3471 1108 3497 vbi
1115 3471 1219 3507 foditur
1226 3471 1335 3507 ferrum.
1396 3474 1518 3501 feruescit
1543 3474 1662 3501 Scribon.
1675 3477 1735 3508 767.
1828 3477 1925 3502 Ventus
1938 3478 2088 3505 mobilitate
2110 3480 2154 3506 sua
2171 3480 2294 3509 feruescit
2313 3479 2448 3512 ‘Lucrerv'

303 3508 379 3533 Varr.
393 3508 424 3533 de
435 3509 501 3534 L.L.
516 3516 542 3542 7,
554 3517 580 3541 33
608 3509 666 3535 Cum
676 3507 741 3535 rec‘le
759 3508 857 3534 dicatur
871 3506 1085 3541 Argentifodina‚
1105 3513 1179 3542 negat
1190 3516 1260 3542 aeque
1271 3506 1336 3533 recle
1396 3512 1423 3542 6,
1437 3512 1492 3543 176.
1546 3509 1619 3544 Conf.
1634 3510 1690 3535 Sen.
1703 3509 1765 3536 Nat.
1781 3511 1920 3544 Q1aest.4,
1934 3521 1958 3539 2.
2014 3514 2080 3540 Cels.
2095 3517 2127 3546 6,
2145 3523 2181 3541 10.
2234 3518 2338 3545 Vitruu.
2353 3529 2383 3552 7,
2401 3510 2439 3556 7.ἰ

305 3542 498 3568 perfifodjmm
512 3545 570 3570 ,ἰή-ι’,
1369 3551 1381 3577 5
1435 3550 1452 3570 F
1464 3550 1479 3570 Ε
1488 3551 1506 3570 R
1515 3551 1535 3570 v
1544 3551 1560 3569 E
1569 3550 1584 3570 F
1594 3543 1616 3570 ,Αἵ
1624 3550 1640 3569 C
1651 3551 1658 3569 1
1669 3552 1688 3570 O
1700 3563 1706 3574 ‚
1726 3545 1765 3570 eci
1774 3565 1780 3576 ‚
1801 3546 1885 3573 36111111
1894 3568 1901 3579 ,
1923 3550 1975 3574 e're.
2017 3548 2156 3584 [ςέοποιέω]
2217 3553 2303 3580 Facere
2310 3555 2412 3589 struere

341 3583 356 3602 F
367 3583 381 3601 13
391 3584 408 3602 R
419 3583 436 3601 R
447 3576 458 3602 s
471 3583 492 3603 Τ
504 3576 573 3605 &RV
582 3586 594 3605 S
603 3598 610 3609 ‚
631 3579 649 3605 i.
671 3588 708 3605 m.
760 3577 1026 3618 Scruus‚·quise›·rum
1039 3581 1109 3610 terit,
1122 3587 1168 3613 quo
1180 3577 1281 3604 vincius
1295 3576 1337 3611 est.
1391 3580 1435 3616 seu
1447 3579 1540 3606 bullire.
1612 3580 1677 3605 Cato
1690 3579 1722 3605 de
1737 3580 1766 3606 R.
1777 3581 1806 3606 R.
1827 3591 1846 3607 c.
1862 3591 1905 3617 157
1935 3584 1966 3610 Ε1
1981 3585 2132 3618 portionem
2146 3586 2265 3619 polentae
2279 3591 2371 3616 eodem
2384 3576 2428 3617 ads

306 3612 387 3638 Plaut.
401 3612 482 3637 Trin.
497 3621 523 3645 4,
536 3621 558 3644 3,
572 3622 600 3646 14
629 3613 757 3641 Ferriteri
770 3613 913 3647 mastigme.
1397 3615 1470 3647 dito,
1491 3621 1516 3642 et
1528 3614 1616 3641 oleum
1629 3614 1715 3648 postea
1728 3615 1891 3644 feruefacito.
1962 3620 1994 3645 Et
2007 3620 2073 3654 apud
2083 3620 2147 3646 Plin.
2157 3629 2196 3653 20,
2212 3631 2223 3652 3
2243 3624 2427 3652 Ρο111οῑ38111ηι

344 3653 359 3672 F
368 3653 384 3672 Ε
393 3653 410 3671 R
421 3653 439 3671 R
450 3654 457 3671 1
468 3653 488 3671 T
499 3652 516 3671 E
527 3654 561 3672 Rl
571 3653 590 3671 v
600 3655 623 3673 M
633 3668 640 3678 ,
664 3650 682 3675 i.
713 3659 739 3676 n.
799 3649 887 3675 Carcer
896 3668 903 3680 ,
916 3647 959 3674 vbi
965 3647 1067 3683 ferr-cac
1080 3648 1200 3683 compedes
1214 3654 1337 3675 teruntur.
1398 3651 1501 3677 vinum.
1571 3650 1681 3676 Calidum
1688 3650 1784 3685 jacere.
1855 3654 1874 3679 F
1876 3655 2025 3681 erucsacere
2038 3655 2131 3689 patella
2159 3652 2276 3684 scribon.
2291 3662 2329 3692 56.
2363 3664 2382 3686 ι’,
2399 3664 2428 3687 in

307 3682 388 3709 Plaut.
400 3681 477 3708 Most.
492 3688 514 3712 3,
527 3689 552 3711 7,
565 3689 592 3713 55
618 3683 679 3709 Inde
693 3684 722 3710 in
733 3684 914 3716 fert-iterium,
932 3683 1018 3718 postea
1031 3685 1059 3709 in
1072 3692 1174 3709 crucem
1188 3684 1267 3710 reeta.
1391 3686 1494 3721 patella.
1567 3685 1613 3712 Sed
1623 3685 1704 3711 l’laut.
1718 3687 1802 3714 Pseud.
1817 3696 1840 3720 3,
1854 3697 1877 3721 2,
1890 3697 1928 3723 44
1956 3690 2008 3716 Eae
2019 3690 2088 3724 ipsae
2100 3691 2124 3715 se
2136 3692 2239 3725 patinae
2252 3694 2428 3723 feruefacjunt
2442 3719 2443 3722 ,

343 3723 359 3743 r
369 3722 440 3742 ERR
450 3722 488 3741 1T
498 3723 513 3741 R
525 3724 532 3740 1
544 3721 559 3740 B
570 3723 616 3743 AX
626 3736 634 3748 ‚
660 3719 718 3745 acis.
774 3719 833 3745 Adi.
887 3718 953 3746 Idem
971 3721 1015 3755 qui
1040 3720 1186 3745 Ferrum-us.
1256 3720 1481 3748 Ptaumooiuico.
1533 3720 1600 3747 Add.
1614 3720 1686 3753 Apic.
1702 3729 1728 3754 4,
1742 3731 1766 3748 2.

308 3751 385 3779 Most.
401 3759 427 3783 2,
443 3759 466 3782 1,
480 3758 505 3783 9.
1437 3762 1454 3782 r
1464 3761 1616 3782 EerrA
1626 3761 1642 3780 c
1653 3763 1674 3782 T
1683 3763 1741 3788 vs,
1760 3767 1790 3790 a,
1810 3767 1863 3785 um.
1900 3760 1966 3786 Part.
2019 3759 2085 3786 Plin.
2098 3768 2144 3793 20,
2164 3770 2176 3794 3
2202 3764 2299 3791 Vinum
2313 3766 2427 3793 feruefa-

344 3794 361 3813 Ρ
370 3794 384 3813 Ε
392 3793 410 3812 R
422 3791 489 3812 T11.
503 3792 512 3810 1
523 3792 536 3811 s
545 3805 553 3817 ,
580 3791 596 3810 F
608 3793 623 3811 Ε
633 3793 650 3811 R
659 3794 679 3813 T
690 3795 741 3814 11.1
751 3795 772 3814 T
781 3796 802 3814 A
811 3796 823 3815 s
835 3807 842 3819 ‚
864 3795 881 3815 1⁷
891 3797 933 3816 ER
941 3795 962 3815 Τ
971 3797 981 3816 1
990 3797 1006 3815 L
1015 3797 1023 3815 1
1033 3796 1054 3816 T
1062 3795 1079 3815 E
1089 3796 1107 3815 R
1120 3809 1129 3821 ‚
1157 3789 1210 3817 vid.
1232 3797 1248 3816 r
1258 3796 1274 3815 F.
1282 3797 1300 3816 R
1309 3796 1337 3816 ο.
1400 3791 1481 3817 etum.
1550 3791 1702 3817 [ἔοι-11013813
1718 3793 1800 3820 iacula
1829 3795 1900 3821 Caes.
1916 3795 1944 3821 B.
1958 3795 1990 3821 G.
2004 3802 2031 3827 5,
2049 3803 2091 3828 42.
2177 3798 2267 3825 Radiis
2284 3800 2428 3829 feruefaeh

345 3829 362 3848 r
373 3827 389 3848 Ε
400 3828 418 3847 R
427 3828 449 3847 T
457 3827 476 3846 v
487 3827 510 3846 M
520 3840 528 3852 ‚
553 3820 617 3855 quod
636 3828 650 3846 1Γ
659 3828 675 3847 r
683 3829 699 3847 R
710 3828 726 3847 c
735 3829 756 3848 T
765 3829 784 3848 v
795 3830 818 3848 M
837 3827 909 3850 etiam
919 3824 1037 3858 scribitur
1056 3825 1073 3850 i.
1093 3834 1119 3850 n.
1175 3826 1261 3851 Genus
1274 3824 1342 3856 libi,
1399 3828 1458 3852 sunt
1470 3825 1559 3852 omnia
1584 3826 1664 3852 Solin.
1680 3836 1699 3852 c.
1708 3836 1747 3859 29.

309 3867 324 3884 a
338 3855 456 3884 Ferendo
468 3854 580 3881 dietum:
616 3856 688 3889 quod
702 3858 774 3890 saepe
787 3858 818 3883 ad
830 3859 898 3885 sacra
912 3855 1061 3892 terebatur,
1073 3869 1120 3886 nec
1133 3859 1185 3886 fine
1198 3861 1283 3892 strue,
1302 3860 1337 3886 al·
1436 3866 1454 3886 F
1464 3867 1480 3886 E
1489 3859 1558 3887 Rvi'
1566 3867 1650 3891 Dvs‚
1667 3871 1680 3887 a
1689 3882 1696 3894 ,
1718 3872 1770 3889 um.
1808 3864 1868 3890 Adi.
1903 3864 2004 3898 [ς’ἐςος]
2044 3864 2111 3890 Idem
2124 3868 2188 3901 quod
2202 3870 2304 3896 Feruens
2316 3878 2339 3897 et
2350 3874 2427 3898 mxi.

309 3898 367 3920 tero
380 3899 474 3926 genere
487 3889 552 3917 libie
585 3897 651 3925 quae
664 3892 711 3925 qui
724 3892 886 3926 adferebant,
904 3895 1060 3923 strufertarii
1072 3894 1234 3928 dicebantur,
1242 3895 1431 3928 Festus.105me
1445 3895 1548 3923 calidus.
1638 3898 1692 3923 Cic.
1709 3898 1740 3924 de
1754 3899 1790 3926 N.
1806 3899 1838 3925 D.
1858 3907 1889 3931 7,
1906 3908 1941 3934 27
1974 3901 2029 3926 Iam
2050 3908 2114 3928 vero
2132 3903 2237 3939 reliqua
2257 3911 2348 3940 quarta
2369 3915 2427 3947 pars

2323 3943 2425 3976 mundi,
