2479 4225
277 132 302 170 9
331 132 349 170 3
912 157 913 162 =
2345 131 2370 169 9
2394 130 2417 174 4
2432 179 2444 198 J

273 204 466 243 figmficationis
478 205 544 231 ratio
555 199 589 236 est
602 202 670 238 apud
680 202 851 229 Matthaeum:
889 198 939 224 Hic
950 199 1014 223 enim
1033 197 1161 234 (inquit)
1174 197 1321 234 fizluumfa-
1415 206 1516 228 ιῦΝΑ
1525 207 1564 229 vr
1575 207 1594 229 o
1603 221 1611 234 ‚
1631 202 1679 228 fre.
1717 202 1844 236 ignauum
1858 203 1938 230 facio.
1975 204 2120 241 Antiquam.
2157 205 2194 232 Ex
2207 204 2282 232 Accii
2295 206 2420 236 Aeneadi.

276 249 325 269 ciet
341 242 458 276 populum
469 239 542 275 suum
560 247 576 265 a
590 242 703 274 peccatis
716 238 780 274 fiu's.
853 232 976 272 Prudent.
990 234 1123 267 Psychom.
1139 237 1193 269 764
1229 235 1319 274 thue
1378 243 1423 263 aut
1444 238 1543 270 Decio,
1583 239 1692 269 Fateor,
1727 238 1770 265 scd
1796 240 1870 275 saepe
1898 239 2000 275 ignauit
2022 241 2120 268 fortem
2148 241 2176 268 in
2202 242 2246 276 spe
2276 240 2435 276 expefihtin·

275 277 382 303 homini
395 281 473 310 atque
486 274 536 301 deo
548 274 651 301 medius
664 271 807 300 interuenit
821 270 891 296 Iesus
913 268 1068 304 distyllabos,
1096 278 1125 297 vt
1148 278 1229 296 tamen
1252 271 1264 296 1
1279 271 1318 303 Jte
1378 271 1486 299 Nonius
1503 283 1534 306 2,
1554 283 1612 308 441.
2159 307 2161 309 ι
2437 305 2439 310 .

275 313 379 339 vocalis.
981 328 987 337 s
1414 315 1424 334 1
1434 314 1454 335 G
1468 315 1490 335 N
1503 316 1511 336 1
1525 317 1537 336 s
1547 329 1554 340 ‚
1574 311 1604 336 is.
1623 319 1657 336 m.
1693 310 1707 343 [
1715 310 1781 345 πῦρ]
1816 311 1845 337 Α
1860 310 2000 345 Gignendo
2014 309 2113 337 distas:
2149 311 2213 348 quod
2226 315 2253 338 in
2267 320 2292 338 eo
2304 311 2368 338 nihil
2378 321 2418 342 na.
2435 332 2443 350 ,

310 351 352 373 1G
364 345 474 373 i'TVR.
512 344 600 381 [ἄρσῃ
620 343 659 380 oe'f’
671 341 712 375 ir,
731 342 793 374 γὲν,
812 340 885 372 inii,
903 341 989 372 τοίνυν,
1010 341 1146 376 τοιγαρέν]
1183 339 1318 367 ColleHiua
1342 347 1357 373 5
1372 342 1476 378 fiatur,
1500 352 1524 371 et
1535 355 1602 371 omne
1616 344 1680 381 quod
1693 347 1820 381 nascitur,
1845 356 1897 372 eum
1919 350 2016 372 amittit
2038 353 2062 372 et
2078 347 2209 384 frigescit.
2270 347 2418 388 Velqffl’dff

274 383 316 408 vel
326 382 460 408 rationalis
472 380 617 407 Coniunflio
630 377 676 411 *st5
711 377 806 412 colligit
815 378 877 401 enim
883 376 964 412 supra
971 375 1050 409 dicia,
1071 386 1142 412 eaque
1154 380 1251 411 ratione
1262 386 1319 403 con-
1377 378 1457 413 ipficm
1465 384 1573 416 pariat,
1599 388 1622 407 et
1634 384 1724 415 paruis
1732 381 1858 416 scintillis
1874 383 1967 418 crescat
1981 384 2008 408 in
2026 384 2173 417 immensum.
2210 384 2241 410 Et
2261 381 2325 415 Vos]
2342 384 2417 418 Etynss
2437 401 2441 416 .,

267 416 368 452 firmat.
401 417 555 448 Adhibetur,
579 417 661 449 inquit
680 412 767 442 Valla,
786 410 937 438 breuioribus
951 412 1149 446 conclujionibus.
1206 411 1316 446 Quin&
1379 414 1465 441 Multa
1475 413 1546 443 dofle
1557 417 1622 443 ludit
1636 418 1722 443 Varro
1736 416 1768 442 de
1782 418 1810 443 L.
1820 418 1850 444 L.
1864 423 1888 450 8,
1903 426 1941 445 10.
1977 427 2002 444 v.
2016 426 2042 454 g.
2056 426 2080 451 p.
2093 424 2137 452 17,
2151 427 2182 444 20
2209 418 2372 445 Animalium
2383 419 2418 458 se,
2438 418 2440 422 '

275 460 287 478 1
313 459 325 485 5
351 452 523 479 Soloecismus
538 451 566 476 fit
579 447 809 479 transmutatione,
831 456 882 481 qua
895 447 962 474 ordo
975 447 1114 480 turbatur,
1134 449 1249 482 Qnoque
1258 456 1317 482 ego,
1378 457 1440 476 men
1452 450 1534 485 ignis,
1555 453 1601 487 qui
1614 452 1701 479 anima
1716 458 1741 479 et
1754 461 1840 480 mens:
1876 454 1923 488 qui
1942 453 2013 480 calor
2026 462 2040 479 e
2053 453 2140 486 caelo,
2160 453 2233 488 quod
2247 453 2290 480 hic
2303 453 2418 481 innume*-
2438 460 2440 465 ’

272 471 352 515 Εἠἰῐη
366 487 416 514 hoc
431 488 530 517 voluit,
554 487 646 511 Autem
660 482 710 508 hoc
724 481 827 508 habuit.
878 483 913 510 Ex
928 492 983 519 quo
993 492 1089 518 genere
1102 492 1134 510 an
1149 484 1178 509 lit
1191 484 1276 518 Igitur
1288 484 1317 510 in
1377 485 1474 512 rabiles
1487 493 1512 514 et
1527 488 1691 514 immortales
1706 488 1787 522 ignes.
1841 489 1934 523 Itaque
1949 488 2121 524 Epicharmus
2141 489 2210 515 Enni
2229 488 2261 515 de
2272 494 2359 515 mente
2373 488 2421 527 hin·
2438 486 2441 533 j

272 523 356 550 initio
370 523 495 550 sermonis
508 520 631 555 positum,
656 517 773 544 dubitari
787 517 885 552 potest:
920 520 984 553 quia
1003 520 1131 546 maximos
1152 519 1273 546 auetores
1287 519 1315 545 in
1332 527 1361 546 10
1377 529 1455 547 mana
1469 522 1541 555 dicit,
1559 524 1619 550 Istic
1631 524 1666 550 est
1683 524 1715 550 de
1729 525 1782 551 sole
1796 524 1895 550 sumtus
1907 525 1985 559 ignis.
2055 525 2114 559 Pag.
2129 530 2168 555 18,
2185 533 2194 551 1
2222 525 2305 551 Causa
2318 519 2425 558 nascetss,
2438 554 2442 564 ‚

273 558 379 585 diuersa
390 559 514 593 opinione
525 555 598 581 fuine
618 552 714 587 video,
743 562 826 588 quum
842 555 911 589 apud
934 555 1002 582 alios
1024 555 1053 581 sit
1075 555 1155 581 etiam
1173 555 1315 590 frequens,
1376 556 1404 582 di
1418 555 1531 592 duplex,
1549 560 1620 594 Ignis
1634 565 1659 585 et
1671 568 1748 594 aqua.
1802 558 1866 586 Ideo
1881 568 1911 586 ea
1924 562 1952 586 in
1964 559 2066 595 nuptiis
2090 561 2118 587 in
2142 560 2236 587 limine
2260 559 2441 590 adhibentut'z*

272 593 343 629 apud
355 595 420 621 alios
433 598 565 625 nunquam
578 588 734 623 reperiatur.
799 591 894 626 Incipit
902 591 1047 627 periodum,
1070 594 1097 617 in
1116 591 1207 617 Tacit.
1224 591 1314 625 Agric.
1376 605 1421 611 -——
1439 601 1493 619 mas
1506 594 1589 629 ignis,
1609 594 1681 630 quod
1694 595 1735 622 ibi
1749 595 1851 627 semen,
1886 604 1953 630 aqua
1965 596 2065 623 femina
2074 615 2083 628 ,
2100 596 2174 630 quod
2186 596 2254 622 fetus
2268 595 2301 622 ab
2310 594 2366 622 eius
2375 594 2422 627 hu.
2442 616 2443 621 .

273 637 300 665 7,
313 639 338 656 2,
375 629 441 662 Nep.
455 633 499 658 25,
512 634 535 657 3,
548 633 570 657 3.
606 631 630 651 et
643 624 724 651 Plaut.
737 624 812 660 infra
823 629 866 653 cit.
935 627 1005 654 Ter.
1019 626 1099 654 Andr.
1115 635 1141 657 2,
1154 635 1167 658 3
1176 646 1183 657 ,
1199 635 1208 652 ι
1240 626 1314 661 Qiid
1376 636 1468 661 more,
1482 638 1527 656 etc.
1543 631 1605 667 sunt
1619 633 1682 657 enim
1696 631 1732 657 ibi
1740 633 1816 666 plura
1830 632 1946 657 iucunda.
2022 631 2122 658 Inuic'ti
2137 631 2244 666 ignibus
2258 630 2358 664 dentes,
2369 631 2437 662 vidg'i

270 666 354 700 igitur
368 663 415 690 sibi
428 661 484 688 vult
499 661 587 695 pater?
659 660 714 687 Cic.
728 669 777 695 pro
790 661 878 695 Ligar-
894 671 906 688 2
931 662 1021 689 Habes
1032 662 1114 697 igitur
1127 662 1253 695 Tubem,
1267 669 1314 689 etc.
1376 669 1418 690 1N
1428 672 1465 691 VI
1476 670 1494 692 C
1508 671 1530 693 Τ
1542 673 1563 692 v
1575 674 1596 694 s.
1701 667 1768 693 Acer
1780 668 1864 702 ignis,
1891 666 1944 693 vid.
1964 673 1985 693 A
1997 673 2038 693 ΟΕ
2047 674 2075 693 R.
2145 667 2250 694 Arduus
2282 667 2344 694 Stat.
2357 666 2436 698 Siluffl
2458 675 2460 678 ’

271 701 340 728 Ter.
353 700 415 725 Eun.
431 705 451 728 1,
466 705 485 728 1,
501 705 510 722 1
543 696 617 730 Qud
636 696 720 730 igitur
732 696 846 723 faciam?
883 705 937 724 non
954 699 1029 725 eam?
1065 707 1098 724 ne
1119 707 1188 724 nunc
1204 698 1313 732 quidem
1330 701 1357 727 15
1374 707 1398 732 3,
1413 707 1434 731 3,
1448 706 1500 735 178.
1573 701 1632 728 Atri
1657 702 1734 737 Virg.
1749 705 1814 730 Aen.
1827 712 1861 736 4,
1877 707 1931 736 384.
2003 703 2105 729 Auarus
2134 704 2252 738 Propert.
2267 710 2296 733 2,
2313 708 2361 735 28,
2380 704 2437 743 562¹,-

270 744 352 770 quum
365 733 482 759 accersor
495 731 574 758 vltro.
645 732 725 758 Plaut.
738 732 834 766 Amph.
849 741 858 758 1
867 752 874 763 ‚
898 741 922 764 1,
944 742 989 767 145
1023 734 1101 760 Clare
1120 733 1260 761 aduorsum
1274 734 1313 760 fa·
1373 735 1475 762 Auidus
1498 737 1578 764 Ouid.
1591 739 1655 764 Met.
1670 746 1702 769 12,
1715 743 1773 767 280.
1844 738 1932 764 Calidi
1962 738 2065 764 Lucret.
2078 746 2104 770 2,
2116 747 2169 772 4³¹-
2241 738 2320 764 Celer
2352 738 2445 771 ΗοιἾ-Ϊῇ

269 769 395 798 bulabor:
432 767 475 794 hic
489 767 613 794 auscultet
626 776 693 802 quae
707 767 816 802 loquar:
851 768 934 802 igitur
954 769 1037 804 magis
1054 771 1187 796 maiorem
1214 770 1242 796 in
1255 778 1311 795 mo·
1373 771 1461 798 Carm.
1474 781 1503 805 3,
1529 782 1564 806 4,
1578 776 1621 808 76.
1693 772 1801 799 Confusi
1833 774 1894 800 Stat.
1908 773 2000 801 Theb.
2014 782 2044 807 5,
2060 776 2111 806 3ι6.
2179 773 2304 800 Damnosi
2340 772 2428 801 Ouidi·

267 805 329 832 dum
343 804 370 830 in
384 804 435 829 sese
449 803 580 838 concipiet
594 810 703 829 metum.
746 803 804 829 Vid.
821 803 894 830 Non.
909 813 935 836 2,
949 808 1009 838 456.
1164 803 1186 842 ff
1207 814 1223 832 2
1260 807 1313 842 Igi-
1374 806 1440 833 Fast.
1453 816 1482 840 4,
1495 815 1554 843 708.
1626 809 1757 836 Feruidus
1783 809 1840 835 Sen.
1854 808 1950 844 Oedip.
1964 817 2001 835 12.
2107 809 2198 836 Festus
2231 810 2292 836 Stat.
2307 808 2372 835 Silu.
2384 818 2420 845 4j,

264 847 308 867 tur
319 842 346 864 in
361 841 544 865 continuatione
564 842 687 865 arationis
701 841 866 874 interruptae.
918 840 986 866 Dico
999 860 1006 871 ,
1037 846 1062 867 te
1075 841 1162 876 priori
1175 841 1253 867 nocie
1268 850 1313 867 ve·
1375 846 1397 872 8,
1411 851 1447 874 37·
1516 844 1608 879 Ingens
1618 865 1626 877 ,
1652 844 1706 871 uid.
1728 851 1769 870 IN
1780 851 1800 871 G
1809 851 1826 871 E
1837 851 1859 870 Ν
1871 853 1893 872 s.
1964 844 2092 871 lnimicm
2126 846 2204 880 Virg.
2220 846 2318 879 Georg.
2332 854 2355 876 4,
2369 852 2426 878 3303.
2442 848 2445 850 '

263 875 326 901 nisse
340 874 409 900 inter
423 874 553 901 Falcarios
564 874 591 900 in
608 874 719 902 domum
731 874 828 901 Leccae
839 889 885 894 —
899 875 986 902 Fuiste
995 876 1078 910 igitur
1085 876 1153 911 apud
1163 878 1272 903 Leccam
1281 886 1310 903 ea
1322 883 1358 902 20
1373 877 1504 910 Inualidi,
1521 887 1567 916 pro
1580 881 1721 917 languidis
1732 880 1842 906 excubiis
1877 880 1968 908 Tacit.
1988 883 2056 907 Ann.
2072 889 2082 907 1
2094 900 2102 911 ,
2116 883 2146 914 65
2155 901 2165 914 ,
2183 890 2204 908 1.
2274 880 2422 914 Lanibens5'

263 910 343 936 noete
381 911 435 936 Cic.
451 910 530 936 Catil.
547 919 555 936 1
575 919 597 936 c.
610 918 636 943 4.
709 910 829 937 Tibicen
851 910 959 945 quidam
985 911 1036 938 fuit
1062 912 1235 947 Antigenides
1265 927 1311 933 —-
1373 913 1426 939 vid.
1441 915 1515 949 Virg.
1528 917 1593 943 Aen.
1608 925 1633 949 2,
1645 919 1702 947 682.
1741 916 1802 942 Liu.
1815 924 1835 948 1,
1848 925 1888 949 39.
1924 923 1948 942 et
1960 917 2027 943 Plin.
2042 919 2089 949 36,
2101 925 2146 951 27.
2252 915 2422 950 Languidus}

261 946 287 973 Is
299 945 381 980 igitur
396 954 479 980 quum
494 946 553 972 esset
566 945 595 972 in
608 945 734 973 tibicinio
748 946 867 981 apprime
881 947 981 973 nobilis
1013 948 1089 982 Apul.
1106 949 1177 976 Flor.
1234 948 1310 984 Conf.
1372 949 1425 974 vicl.
1445 956 1492 976 LA
1502 957 1522 976 N
1535 957 1556 978 G
1568 959 1588 978 v
1597 959 1654 979 OR.
1733 951 1849 984 Lentus,
1884 952 1938 978 uid.
1960 958 1977 978 1.
1987 958 2004 978 E
2013 959 2034 978 N
2045 958 2065 977 T
2075 959 2127 979 vs.
2202 952 2330 987 Magnus,
2366 951 2422 986 uide

261 981 323 1007 Liu.
337 990 364 1013 2,
380 990 403 1007 12
413 989 455 1016 pr.
478 981 559 1017 ibique
573 983 680 1009 Gronou.
700 985 804 1018 itemque
826 981 923 1009 Victor.
937 982 971 1009 ad
985 983 1040 1009 Cic.
1056 984 1127 1010 Fam.
1142 993 1162 1017 1,
1176 993 1201 1017 9.
1238 984 1309 1011 Aad.
1373 990 1398 1010 Μ
1412 991 1434 1010 Α
1445 991 1556 1014 Gst.
1628 988 1778 1023 Malignus,
1812 991 1830 1014 i.
1849 989 1959 1020 Parcus,
1975 991 2073 1017 tenuis,
2092 992 2212 1024 exiguus,
2232 991 2274 1014 cui
2287 989 2429 1028 opponam,

261 1017 319 1043 Cic.
333 1017 417 1050 Cat.4
431 1025 483 1044 e.11
504 1018 554 1044 Pro
567 1019 698 1052 imperio,
716 1027 765 1052 pro
777 1018 895 1045 exercitu
914 1033 958 1038 -—
980 1028 1028 1052 pro
1041 1018 1083 1045 his
1095 1019 1177 1054 igitur
1185 1020 1312 1046 omnibus
1369 1020 1472 1054 Ingens.
1542 1023 1660 1050 Martial.
1675 1033 1719 1057 10,
1739 1026 1774 1057 96
1803 1024 1918 1050 Pascitur
1931 1022 1991 1056 hic,
2012 1023 2051 1050 ibi
2063 1025 2144 1058 pascit
2158 1032 2232 1058 ager:
2269 1029 2340 1058 tepet
2357 1030 2423 1058 igne

260 1052 358 1085 rebus,
378 1059 424 1079 etc.
494 1053 568 1079 Idem
580 1053 637 1082 Fin.
653 1064 671 1088 4
685 1063 707 1080 c.
717 1062 751 1080 20
773 1054 862 1080 Postea
876 1061 935 1080 tuus
949 1054 995 1081 ille
1008 1055 1138 1081 Poenulus
1162 1071 1208 1076 ——
1226 1056 1310 1082 homo
1321 1059 1353 1084 25
1371 1056 1489 1090 maligno
1524 1058 1577 1086 Hic
1594 1060 1686 1092 focus,
1710 1061 1813 1095 ingenti
1828 1059 1930 1086 lumine
1945 1060 2014 1086 lucet
2033 1059 2082 1086 ibi.
2191 1059 2288 1093 Nigri,
2314 1059 2425 1095 Rogaleel

260 1087 346 1122 igitur
360 1092 468 1120 acutus,
485 1095 532 1116 etc.
636 1091 685 1115 Pro
704 1090 767 1115 Tum
781 1099 828 1116 non
835 1090 911 1125 semel
923 1090 982 1126 usus
993 1089 1036 1123 effv
1050 1090 1132 1117 videri
1141 1090 1221 1126 potest
1235 1092 1310 1118 Plau·
1370 1091 1439 1118 Hor.
1454 1093 1575 1128 Carn1.4,
1590 1104 1628 1128 12,
1642 1098 1683 1122 26.
1754 1094 1870 1122 Odorati
1888 1094 1972 1122 Ouid.
1986 1095 2052 1122 Fast.
2063 1104 2084 1129 1,
2097 1102 2139 1131 75.
2210 1095 2316 1129 Pugnax
2334 1102 2423 1129 aquae*

260 1128 304 1151 tus
316 1123 435 1158 Amphit.
449 1132 458 1150 1
468 1143 477 1156 ‚
490 1133 514 1156 ι,
527 1132 560 1158 54
589 1124 634 1151 Sin
647 1125 725 1151 aliter
737 1125 800 1151 sient
813 1126 939 1158 animati,
965 1141 1012 1146 —
1027 1126 1052 1153 se
1067 1127 1092 1152 se
1111 1127 1195 1161 igitur
1204 1128 1308 1154 summa
1370 1127 1445 1154 Idem
1458 1128 1522 1156 Met.
1535 1138 1561 1162 1,
1575 1140 1631 1165 432.
1704 1131 1794 1166 Rapax
1835 1131 1874 1158 Id.
1888 1130 1956 1158 ibid.
1970 1136 2003 1164 8,
2021 1136 2076 1166 837.
2192 1131 2309 1166 Rapidus
2341 1131 2423 1166 Virga

260 1159 292 1185 vi
306 1159 425 1194 virisque
438 1168 530 1186 eorum
543 1160 672 1194 oppidum
686 1161 879 1195 expugnasset-e.
934 1163 1028 1197 Nempe
1039 1162 1081 1188 hic
1095 1166 1169 1188 etiam
1182 1165 1263 1189 illatio
1274 1161 1308 1196 ψ
1373 1163 1471 1198 Georg.
1484 1173 1518 1197 4,
1531 1169 1586 1199 263.
1656 1166 1756 1194 Roseus
1787 1167 1883 1194 Claud.
1898 1167 1977 1193 Cous.
1990 1168 2069 1195 Prob.
2085 1172 2111 1193 et
2125 1166 2205 1199 Olyb.
2219 1174 2240 1200 ς,
2312 1165 2424 1193 Rutilus«

251 1193 307 1229 flue
319 1194 445 1227 conclufio.
497 1195 697 1231 Constquentiam
711 1199 783 1222 etiam
797 1199 824 1222 in
838 1196 963 1230 similibus
983 1197 1106 1233 obstruet,
1132 1205 1162 1224 vt
1177 1199 1263 1225 Calin.
1277 1206 1309 1231 2,
1369 1198 1445 1233 Virg.
1460 1200 1557 1235 Georg.
1572 1211 1592 1235 1,
1605 1209 1667 1236 454.
1728 1204 1798 1230 Min.
1811 1203 1865 1230 Fel.
1879 1203 1939 1230 oet.
1955 1211 1991 1236 35,
2002 1212 2016 1236 3
2041 1203 2100 1229 Illic
2108 1202 2209 1236 sapiens
2219 1203 2288 1237 ignis
2298 1202 2423 1233 membra*

258 1238 291 1260 2,
303 1238 333 1263 39
365 1231 430 1256 Mox
445 1230 528 1264 magis
541 1240 600 1257 cum
613 1231 699 1257 otium
711 1231 779 1258 mihi
793 1238 819 1258 et
833 1232 883 1258 tibi
897 1233 965 1266 erit,
993 1233 1077 1267 igitur
1096 1240 1182 1260 tecum
1203 1234 1307 1268 loquar.
1319 1238 1352 1262 30
1367 1234 1455 1261 reficit
1467 1241 1493 1262 et
1504 1238 1567 1264 vrit.
1596 1239 1653 1265 Vici.
1674 1239 1785 1266 Wower.
1812 1240 1885 1274 Cous.
1897 1239 2016 1266 Tertull.
2030 1240 2090 1265 adu.
2103 1238 2196 1266 Gnost.
2212 1248 2233 1264 c.
2246 1247 2270 1270 3.
2304 1238 2421 1265 Hieroni

257 1266 292 1292 Et
303 1265 417 1291 Mostell.
432 1274 445 1291 2
456 1284 464 1297 ,
480 1274 489 1292 1
499 1285 507 1298 ,
520 1274 546 1298 33
587 1267 716 1294 Miserum
731 1267 767 1293 est
779 1277 844 1302 opus
861 1268 946 1303 igitur
960 1267 1067 1295 demum
1080 1269 1173 1296 fodere
1187 1276 1309 1304 puteum,
1368 1270 1397 1296 in
1411 1271 1513 1299 Daniel.
1527 1282 1549 1299 c.
1558 1282 1580 1305 3.
1617 1282 1641 1300 et
1652 1274 1763 1302 Paullin.
1777 1274 1810 1302 ad
1824 1275 1912 1302 Seuer.
1925 1275 2004 1310 Epist.
2015 1280 2045 1305 28
2059 1284 2085 1301 n.
2099 1282 2124 1301 2.
2169 1274 2281 1301 Paullin.
2294 1273 2372 1308 Epist.
2385 1272 2423 1301 ad*

256 1299 306 1328 vbi
317 1298 372 1327 fitis
386 1301 474 1328 fauces
487 1306 566 1328 tenet.
637 1304 668 1329 Et
682 1302 756 1337 Epid.
769 1312 791 1336 3,
805 1311 828 1336 3,
840 1313 860 1337 4
1369 1306 1523 1334 Marcellam
1537 1318 1563 1335 n.
1571 1317 1597 1344 7.
1668 1311 1764 1338 Paterc.
1776 1320 1802 1344 2,
1815 1316 1844 1341 88
1857 1319 1921 1338 extr.
1959 1311 2072 1337 Seruilia
2087 1310 2182 1344 Lepidi
2197 1318 2266 1337 vxor
2278 1310 2344 1336 vino
2363 1307 2428 1347 igni·

414 1336 479 1363 Non
497 1338 552 1364 oris
572 1338 647 1365 causa
665 1338 747 1365 modo
764 1339 886 1366 homines
908 1348 1021 1374 aequom
1040 1340 1095 1367 fuit
1368 1341 1518 1377 deuorato,
1542 1351 1737 1379 praematuram
1755 1356 1870 1374 mortem
1891 1347 2039 1374 immortali
2051 1347 2169 1373 nominis
2183 1346 2222 1372 sui
2235 1346 2355 1381 pensauit
2365 1349 2433 1382 metui⁴

412 1371 470 1398 Sibi
489 1372 587 1399 habere
606 1374 756 1407 speculum,
780 1374 828 1401 vbi
847 1384 875 1401 os
890 1376 1098 1410 contemplarent
1118 1376 1212 1403 suum:
1368 1379 1465 1406 moria.
1591 1379 1612 1418 ‘fl
1629 1389 1642 1406 2
1685 1383 1781 1409 Verba:
1816 1382 1957 1409 Abolitum
1970 1392 2065 1418 corpus
2078 1383 2136 1417 igni
2160 1382 2253 1409 Tacit.
2267 1382 2334 1407 Ann.
2343 1383 2380 1411 16,
2393 1382 2437 1410 64-

413 1407 463 1434 Sed
482 1408 528 1443 qui
548 1409 694 1443 perspicere
714 1411 812 1445 possent
829 1420 875 1437 cor
894 1411 1051 1446 sapientiae,
1320 1421 1351 1448 35
1366 1412 1506 1442 Abstinere
1520 1415 1608 1450 ignem
1622 1417 1654 1442 ab
1667 1417 1731 1444 aede
1757 1418 1855 1453 Liu.7,
1870 1425 1905 1453 27
1918 1425 1982 1445 extr.
2023 1418 2081 1446 Vid.
2100 1424 2121 1443 A
2131 1424 2168 1445 RS
2179 1424 2201 1445 T
2211 1425 2221 1444 1
2232 1424 2252 1442 N
2262 1424 2318 1444 ΕΟ.
2369 1417 2439 1459 A&⁴

411 1443 497 1477 Igitur
516 1445 662 1478 perspicere
679 1451 708 1472 vt
726 1445 816 1480 poffint
837 1447 927 1473 cordis
945 1448 1059 1482 copiam.
1365 1449 1476 1477 tendere
1490 1451 1578 1485 ignem
1613 1453 1687 1487 Virg.
1702 1454 1766 1479 Aen.
1780 1460 1809 1485 5,
1829 1462 1857 1486 4.
1897 1453 1956 1481 md.
1975 1461 1996 1480 Α
2006 1460 2071 1481 CCE
2082 1460 2103 1479 N
2115 1460 2133 1480 D
2143 1460 2172 1480 0.
2243 1445 2369 1479 Accendit
2381 1452 2424 1478 les

254 1477 453 1514 Covfiquentiam
466 1486 490 1505 et
497 1480 667 1516 Jiaccqffionem
680 1488 784 1508 naturae
796 1483 836 1508 vel
847 1485 956 1508 rationis
963 1484 1059 1519 semper
1066 1481 1206 1519 fignificat.
1243 1482 1306 1510 Sim·
1366 1485 1462 1512 tiferos
1476 1487 1560 1513 Sirius
1575 1488 1646 1521 ignes
1673 1488 1719 1514 Sil.
1736 1490 1778 1520 16,
1801 1497 1844 1521 99.
1940 1489 2076 1516 Adhibere
2096 1489 2200 1523 ignem,
2229 1488 2282 1515 vid.
2306 1494 2432 1516 Ani-11..

252 1515 356 1549 pliciter
369 1521 448 1540 autem
460 1515 522 1541 idem
537 1515 580 1549 ‘’ffi’
593 1516 657 1551 quod
676 1516 788 1550 deinde,
812 1519 898 1553 paullo
907 1518 981 1553 forte
993 1521 1200 1553 intemperantius
1213 1516 1308 1545 dicium
1367 1527 1384 1548 Β
1394 1528 1411 1547 E
1421 1528 1451 1548 O.
1523 1523 1606 1548 Nulla
1620 1524 1747 1557 materia,
1772 1524 1820 1550 nisi
1835 1523 1953 1551 Admoto
1975 1525 2050 1560 igni,
2073 1525 2163 1559 ignem
2182 1524 2320 1560 concipere
2333 1523 2418 1558 potest

253 1559 270 1575 a
283 1547 384 1576 Sanfflo
397 1551 462 1576 Min.
473 1560 488 1582 3
497 1571 503 1582 ‚
518 1561 547 1585 14
563 1559 592 1587 p.
610 1562 653 1586 5²1
684 1556 727 1588 qui
739 1556 893 1588 caeteroquin
907 1554 1033 1589 obferunt,
1045 1555 1119 1591 saepe
1133 1554 1214 1580 dicere
1239 1555 1308 1588 Apu·
1367 1557 1423 1583 Cic.
1437 1556 1469 1583 de
1482 1559 1558 1585 Orat.
1567 1567 1583 1584 2
1597 1567 1619 1584 c.
1628 1566 1668 1592 45.
1740 1559 1877 1586 Adiuuare
1889 1561 1993 1594 ignem,
2017 1560 2069 1587 vid.
2091 1566 2140 1586 AD
2152 1567 2159 1585 1
2169 1566 2189 1585 v
2200 1567 2219 1587 V
2229 1567 2257 1587 O.
2327 1562 2417 1595 Appo-

253 1583 354 1617 leium,
371 1586 439 1619 Ergo
452 1585 548 1619 igitur:
583 1588 778 1622 quemadmodum
792 1589 883 1623 Itaque
897 1597 960 1624 ergo
975 1590 1035 1616 Liu.
1046 1599 1066 1622 1,
1079 1599 1119 1623 25.
1139 1598 1161 1616 et
1174 1591 1207 1616 al.
1221 1590 1350 1626 Flam-40
1366 1601 1429 1619 nere
1442 1592 1474 1619 ad
1488 1593 1576 1627 ignem
1585 1613 1592 1624 ,
1617 1595 1671 1620 vid.
1686 1601 1707 1620 A
1716 1601 1732 1621 Ρ
1742 1602 1757 1621 1>
1767 1602 1785 1622 o
1795 1601 1816 1620 N
1829 1601 1861 1622 ο.
1932 1596 2015 1623 Ardet
2028 1596 2116 1631 largus
2129 1596 2198 1630 ignis
2211 1597 2287 1622 tior.
2300 1595 2382 1622 Serm.
2393 1603 2416 1627 1,

254 1619 337 1646 Stich.
354 1628 373 1652 1,
390 1628 412 1652 2,
427 1629 458 1652 29
484 1622 541 1647 Post
556 1622 583 1647 id
597 1631 670 1656 agam
685 1624 766 1657 igitur
780 1624 884 1651 deinde.
957 1625 996 1651 Id.
1011 1625 1087 1652 Most.
1098 1635 1118 1657 1,
1132 1634 1158 1658 2,
1169 1633 1194 1658 51
1214 1626 1303 1652 Vnum
1365 1633 1378 1657 8
1388 1648 1396 1660 ,
1416 1637 1464 1663 44.
1533 1630 1669 1656 Asl‘eruare
1682 1630 1771 1665 ignem
1790 1640 1804 1657 e
1823 1631 1909 1663 filice,
1939 1632 1992 1659 vid.
2011 1639 2033 1659 A
2043 1640 2055 1659 s
2065 1639 2102 1659 SE
2112 1638 2196 1659 RVO.
2266 1631 2418 1665 Concipere

253 1654 303 1681 vbi
316 1655 457 1681 emeritum
470 1657 506 1681 est
519 1656 693 1690 stipendium,
714 1659 795 1692 igitur
810 1667 864 1686 tum
880 1660 1009 1694 specimen
1022 1661 1156 1693 cernitur,
1173 1668 1219 1687 etc.
1274 1663 1305 1688 Et
1366 1663 1455 1698 ignem
1480 1664 1562 1692 Ouid.
1576 1666 1640 1692 Met.
1653 1674 1688 1699 9,
1701 1674 1752 1699 519.
1789 1667 1844 1693 Cic.
1861 1667 1892 1693 de
1905 1667 1980 1694 Orat.
1994 1676 2007 1694 2
2026 1677 2048 1694 c.
2061 1677 2103 1701 45.
2173 1667 2304 1693 Co‘e‘rcere
2327 1666 2401 1698 ignes

255 1689 352 1724 Amph.
369 1699 390 1722 1,
405 1699 434 1723 2,
451 1699 471 1716 11
505 1692 589 1724 Igitur
602 1698 658 1718 tum
672 1693 778 1719 demum
792 1703 883 1721 omncs
897 1696 996 1727 scient,
1023 1705 1089 1731 quae
1102 1697 1180 1723 facta.
1255 1698 1306 1724 Pro
1367 1699 1422 1726 vicl.
1439 1705 1456 1725 C
1466 1705 1486 1726 O
1498 1707 1514 1725 E
1524 1707 1542 1727 R
1555 1706 1571 1727 C
1582 1708 1599 1727 E
1610 1708 1638 1728 ο.
1711 1703 1886 1737 Compescere
1897 1703 1969 1738 ignes
2003 1704 2084 1731 Ouid.
2098 1704 2161 1731 Met.
2177 1711 2206 1733 2,
2219 1710 2267 1734 313⁴
2339 1684 2431 1735 (30¹³ss

253 1724 357 1752 Sanfl'io
369 1732 450 1751 tamen
458 1724 496 1758 ves?
510 1727 614 1758 Festm,
641 1735 648 1753 1
662 1733 682 1754 G
695 1736 763 1755 1Tv
774 1736 794 1754 R
821 1739 889 1755 nune
911 1731 1019 1763 quidem
1043 1740 1092 1764 pro
1116 1732 1304 1765 completionis
1366 1735 1494 1768 prendere
1508 1736 1597 1769 ignem
1610 1737 1729 1764 crinibus
1760 1740 1835 1774 Virg.
1856 1740 1920 1765 Aen.
1943 1749 1956 1773 7
1968 1759 1977 1774 ,
1998 1747 2038 1774 73.
2143 1739 2321 1765 Conci-cinare
2345 1735 2419 1769 igni*

253 1761 325 1796 (leg.
338 1761 549 1794 complexionis)
570 1762 759 1797 significatione
773 1765 944 1798 valet„quae
958 1765 994 1790 est
1007 1774 1081 1802 ergo:
1117 1765 1160 1791 sed
1181 1767 1248 1799 apud
1262 1775 1305 1791 an-
1317 1775 1352 1799 45
1366 1771 1508 1796 Coniicere
1525 1772 1550 1796 se
1571 1772 1600 1797 in
1618 1774 1724 1806 ignem,
1753 1774 1804 1800 oid.
1823 1775 1864 1802 hh.
1882 1784 1926 1801 vv.
1994 1774 2138 1802 Confidere
2158 1775 2186 1800 in
2206 1774 2294 1807 ignem,
2318 1771 2383 1798 dicit

254 1795 344 1829 siquos
358 1796 506 1830 ponebatur
519 1807 568 1830 pro
581 1798 653 1829 inde,
680 1805 705 1825 et
719 1797 818 1833 postea,
846 1806 872 1827 et
886 1807 946 1826 tum.
1065 1801 1113 1826 Pro
1138 1802 1208 1826 Enim
1233 1801 1305 1826 habet
1366 1804 1430 1830 vrbs
1445 1805 1485 1829 vel
1501 1805 1595 1831 domus
1621 1808 1695 1840 Virg.
1711 1810 1777 1833 Aen.
1794 1817 1821 1839 2,
1836 1812 1896 1843 624.
1984 1811 2130 1843 Corrumpi
2149 1809 2221 1842 igni,
2250 1806 2304 1833 uid.
2323 1813 2370 1834 CO
2382 1813 2402 1834 R
2442 1831 2443 1835 .

252 1830 335 1856 Plaut.
352 1830 428 1856 Most.
444 1839 466 1862 5,
480 1839 504 1862 ι,
520 1840 547 1864 52
571 1833 652 1868 Surge
667 1833 730 1860 dum
743 1834 804 1861 huc.
859 1835 902 1861 Est
914 1835 1051 1862 consulere
1064 1836 1149 1870 igitur
1163 1834 1307 1871 quiddam,
1366 1845 1386 1865 R
1398 1846 1417 1864 v
1430 1845 1453 1864 M
1466 1846 1480 1866 P
1490 1846 1519 1866 o.
1593 1842 1736 1868 Cumulare
1753 1843 1833 1869 festos
1854 1843 1982 1870 altaribus
2006 1845 2078 1879 ignes
2113 1844 2175 1870 Stat.
2193 1843 2258 1869 Silu.
2273 1852 2292 1875 4
2303 1862 2311 1874 ‚
2333 1848 2359 1872 8,
2380 1849 2403 1874 3

252 1866 326 1902 quod
339 1871 425 1893 tecum
440 1865 512 1892 volo·
1364 1873 1567 1902 Debacchantur
1578 1876 1652 1911 ignes
1679 1878 1746 1904 Hor.
1755 1879 1842 1906 Carm.
1857 1888 1880 1912 3,
1893 1888 1917 1911 3,
1933 1888 1969 1912 55.
2041 1880 2180 1914 Depellere
2194 1880 2267 1913 ignes
2275 1880 2309 1905 ab
2323 1879 2397 1913 aliqu
2427 1891 2432 1898 -·

644 1906 658 1937 Ῑ
755 1906 785 1937 G
798 1914 801 1917 ⁴
881 1906 915 1938 N
992 1926 995 1930 ν
1365 1910 1441 1942 Virg.
1457 1910 1523 1937 Aen.
1536 1919 1563 1942 9,
1579 1917 1615 1943 78.
1688 1912 1757 1939 Dare
1773 1914 1858 1940 vlmos
1872 1915 1945 1947 igni,
1968 1918 1986 1940 i.
2003 1914 2198 1949 Imponerefoco
2231 1914 2305 1939 Idem
2320 1914 2407 1941 Geor

1318 1947 1352 1974 50
1366 1952 1388 1974 3,
1403 1948 1460 1976 378.
1531 1945 1635 1972 Elicere
1649 1947 1739 1979 ignem
1752 1947 1872 1981 lapidum
1886 1949 2013 1974 ςοηιὶίἕὶυ
2027 1956 2105 1983 atque
2119 1949 2184 1975 uin}
2217 1949 2272 1975 Cic.
2287 1949 2317 1975 de
2333 1949 2368 1976 N.
2404 1957 2408 1968 ¹
2441 1958 2445 1972 τ

289 1981 300 2001 ι
309 1980 329 2001 G
340 1981 363 2000 N
373 1981 393 2001 A
402 1981 487 2006 RVS,
523 1974 646 2010 [α’γνοόν]
683 1975 737 2003 vid.
758 1983 768 2002 1
777 1981 798 2002 G
807 1981 829 2002 N
840 1980 861 2002 0
871 1982 890 2002 R
900 1982 929 2003 o.
1366 1986 1388 2009 2,
1402 1985 1439 2009 25.
1513 1978 1648 2007 Excudere
1662 1982 1751 2016 ignem
1766 1982 1911 2010 abstrusum
1925 1985 1999 2010 venis
2013 1984 2091 2010 silisis
2128 1986 2203 2018 Virg.
2215 1985 2313 2020 Georg.
2329 1994 2338 2011 1
2347 2006 2354 2016 .
2370 1993 2421 2019 135
2433 2011 2436 2017 ,

288 2016 329 2037 IG
339 2018 359 2036 Ν
370 2012 390 2036 Ᾱ
403 2018 421 2037 V
431 2017 474 2037 Vs
484 2030 490 2041 ‚
512 2020 525 2037 a
535 2032 542 2044 ,
560 2020 613 2037 um.
652 2010 715 2037 Adi.
751 2010 910 2046 [ἄπρακτοῃ
927 2010 1060 2047 ῥάθυμος]
1114 2011 1211 2044 Gnauo,
1221 2010 1304 2047 sorti,
1364 2013 1471 2040 Excutit
1482 2014 1592 2042 auidum
1605 2016 1637 2042 de
1652 2017 1772 2044 crinibus
1787 2019 1875 2053 iguem
1900 2020 1982 2046 Ouid.
1997 2021 2061 2046 Met.
2078 2028 2114 2053 12,
2130 2025 2186 2050 280.
2258 2021 2331 2047 Caes.
2346 2021 2373 2048 Β.
2414 2024 2434 2049 ἰ

250 2044 348 2078 alacri,
368 2047 431 2082 agili
445 2050 585 2081 opponitur.
657 2047 714 2073 Cic.
727 2047 810 2072 Tusc.
820 2055 843 2079 2,
857 2055 889 2080 54
910 2056 932 2072 e.
947 2056 973 2078 23
1007 2049 1043 2073 Vt
1055 2047 1127 2073 enim
1142 2047 1171 2074 fit
1187 2048 1216 2073 in
1231 2056 1304 2081 prae·
1364 2057 1393 2080 3,
1407 2057 1439 2080 3ο
1468 2049 1586 2085 Suosque
1599 2060 1691 2079 omnes
1704 2054 1792 2080 castris
1806 2056 1952 2087 continuit,
1976 2058 2102 2091 ignesque
2115 2055 2173 2082 lieri
2185 2055 2341 2091 prohibuit,
2362 2063 2438 2092 qu·

250 2079 307 2113 lio,
326 2086 355 2108 vt
367 2081 478 2116 ignauus
492 2082 568 2109 miles
582 2091 611 2109 ac
623 2081 734 2109 timidus
747 2081 821 2108 simul
835 2090 863 2107 ac
876 2081 975 2107 viderit
987 2082 1098 2113 hostem,
1117 2082 1223 2108 abiecto
1233 2083 1304 2108 scuto
1364 2084 1498 2111 occultior
1512 2088 1571 2113 efl'et
1583 2088 1641 2114 eius
1653 2089 1791 2117 aduentus.
1865 2092 1942 2118 Ferat
1955 2091 2052 2126 impius
2066 2092 2134 2127 ignis
2147 2092 2246 2126 templa
2259 2092 2331 2118 Iouis
2354 2093 2395 2119 Sta

248 2115 346 2149 fugiat.
417 2117 478 2144 Liu.
494 2126 524 2151 5,
541 2123 572 2149 28
602 2118 683 2144 Fusos
703 2118 750 2143 esse
764 2117 797 2143 ab
813 2116 978 2151 ignauissimo
993 2122 1018 2142 et
1036 2117 1198 2149 fugacissimo
1219 2117 1302 2142 hoste.
1320 2122 1347 2146 55
1363 2118 1455 2145 Theb.
1470 2129 1492 2152 5,
1505 2123 1559 2154 685.
1632 2124 1720 2151 Tacit.
1736 2127 1804 2152 Ann.
1819 2134 1862 2159 14,
1874 2136 1901 2160 33
1927 2127 1976 2154 Sed
1990 2127 2080 2154 caedes
2088 2148 2105 2168 ‚J
2116 2128 2236 2163 patibula
2249 2128 2340 2162 ignes,
2358 2125 2426 2155 crusi-

251 2151 321 2178 Ter.
338 2151 420 2179 Andr.
435 2161 454 2185 1,
468 2161 491 2185 5,
505 2162 539 2186 42
565 2153 667 2180 Adeon'
681 2162 724 2180 me
737 2153 862 2187 ignauum
876 2152 967 2187 putas?
1003 2155 1021 2178 i.
1040 2155 1139 2177 πιίηινηε
1152 2152 1302 2187 generosum.
1364 2161 1405 2178 ces
1417 2159 1542 2188 tanquam
1556 2157 1687 2185 reddituri
1701 2161 1875 2195 supplicium,
1895 2172 1924 2188 ac
1943 2170 2079 2198 praerepta
2098 2164 2207 2191 interim
2227 2163 2331 2190 vitione
2343 2163 2429 2190 festi-»¹

250 2187 365 2221 Ignauus
379 2193 405 2214 et
418 2187 534 2214 imbellis
549 2189 618 2215 inter
632 2189 717 2215 hostes
745 2189 805 2215 Liu.
820 2190 861 2220 26,
876 2196 900 2215 2.
1005 2188 1062 2227 Cic.
1080 2187 1112 2213 de
1126 2188 1256 2227 liment-1,
1270 2195 1302 2227 ²⁴}
1364 2187 1470 2216 nabant.
1543 2191 1665 2225 Flagrant
1678 2195 1751 2228 ignes
1785 2196 1831 2222 Sil.
1846 2206 1866 2229 1,
1881 2201 1925 2230 96.
1998 2199 2105 2225 Fulsere
2117 2200 2191 2234 ignes
2215 2200 2291 2235 Virg.
2305 2200 2370 2226 Aen.
2383 2195 2423 2233 4,)

249 2222 395 2256 Indignum
410 2224 458 2249 esse
473 2223 506 2250 ab
525 2223 635 2250 homine
654 2224 819 2258 ignauiffimo
839 2224 930 2250 virum
948 2223 1116 2250 fortxffimum
1129 2224 1235 2249 Aiacem
1254 2223 1302 2248 esle
1363 2226 1419 2258 167.
1490 2224 1580 2252 Tacit.
1595 2229 1663 2255 Ann.
1680 2237 1723 2262 12,
1744 2236 1772 2263 58
1802 2232 1901 2258 Eodem
1915 2238 2022 2260 oratore
2035 2235 2194 2261 Bononiensi
2207 2235 2337 2262 Coloniae
2355 2235 2412 2270 igni

251 2265 382 2285 necatum.
419 2259 494 2294 Conf.
507 2259 607 2286 Sallust.
623 2260 701 2286 Catil.
716 2268 751 2286 12.
825 2259 915 2286 Aestus
930 2259 1021 2293 ignaui
1040 2258 1122 2285 Ouid.
1136 2259 1201 2284 Met.
1209 2266 1235 2290 7,
1250 2265 1303 2290 529.
1362 2258 1468 2299 haustae
1481 2261 1656 2297 snbuentum‚
1677 2266 1774 2292 centies
1787 2267 1898 2294 sestertii
1910 2269 2062 2302 largitione.
2133 2271 2238 2298 Inferre
2259 2272 2347 2305 ignem
2365 2271 2414 2297 ho-

251 2294 293 2320 Ab
306 2292 414 2327 effcffu,
436 2301 466 2320 vt
478 2294 576 2329 pallida
589 2304 670 2321 mors.
733 2295 791 2322 Vid.
809 2305 864 2321 mox
887 2296 975 2321 succus
995 2295 1114 2329 ignauus,
1168 2329 1172 2334 ι
1219 2295 1303 2320 Amor
1310 2301 1346 2324 60
1362 2294 1444 2321 stibus
1470 2297 1575 2324 Lucret.
1590 2307 1612 2331 5,
1628 2308 1695 2333 1245.
1766 2302 1838 2329 Caes.
1854 2304 1882 2330 B.
1896 2305 1925 2331 C.
1940 2313 1965 2334 2,
1978 2313 2007 2335 14
2035 2305 2121 2331 Portis
2134 2307 2159 2332 se
2172 2306 2245 2334 foras
2259 2308 2414 2340 erumpunt,

251 2329 316 2356 Stat.
329 2329 393 2356 Silu.
407 2338 430 2362 3,
443 2338 467 2361 2,
480 2338 524 2363 99.
595 2331 667 2357 Anni
687 2330 768 2357 Ouid.
784 2332 876 2357 Amor.
891 2340 909 2363 1,
924 2338 957 2364 15,
972 2339 991 2356 1.
1063 2331 1191 2364 Contagia
1211 2329 1302 2356 Claud.
1364 2331 1492 2362 secundo,
1512 2342 1661 2369 magnoque
1674 2341 1756 2363 vento
1768 2338 1894 2372 operibus
1913 2340 2001 2373 ignem
2014 2339 2142 2366 inferunt.
2213 2341 2325 2367 Iniicere
2337 2342 2413 2375 igne·

253 2365 283 2392 in
298 2365 406 2399 Eutrop.
423 2374 450 2398 1,
472 2374 531 2400 419.
634 2367 737 2400 Corpus
772 2367 853 2393 Ouid.
871 2375 902 2392 ex
919 2367 992 2393 Pont.
1010 2374 1033 2395 1,
1047 2373 1060 2398 5
1071 2385 1078 2396 ,
1103 2373 1124 2397 5.
1197 2365 1302 2396 Dolor,
1363 2367 1516 2401 (ἶὸΡίΐΟΙὶΟ,
1539 2369 1591 2395 uid.
1608 2377 1734 2400 1N11C10.
1806 2374 1880 2400 Latet
1894 2374 1979 2400 multo
1992 2375 2078 2401 cinere
2091 2374 2202 2400 obrutus
2214 2375 2283 2409 ignis
2303 2375 2410 2402 Lucret.

252 2402 305 2436 Qui
319 2403 387 2427 uires
399 2401 500 2435 aufert,
519 2407 547 2426 ut
560 2401 640 2428 labori
647 2400 762 2437 fifficere
774 2409 884 2437 nequeat.
952 2402 1018 2428 Plin.
1035 2410 1073 2433 11,
1088 2406 1113 2430 18
1140 2401 1210 2434 Rege
1223 2410 1302 2434 apum
1364 2411 1392 2435 4,
1405 2410 1463 2435 9²4-
1535 2405 1628 2432 Moliri
1643 2406 1731 2440 ignem
1758 2408 1834 2444 Virg.
1848 2410 1911 2436 Aen.
1927 2418 1964 2440 ιο,
1980 2418 2027 2442 ι3ι.
2096 2410 2201 2436 Occisus
2215 2411 2276 2444 igne
2298 2410 2408 2443 Quina.
2457 2405 2459 2422 ε

252 2444 268 2462 a
282 2436 351 2470 peste
366 2437 503 2463 consumto
516 2443 619 2463 moeret
633 2438 706 2471 plebs
720 2438 818 2471 ignauo
831 2438 939 2463 dolore:
974 2445 1028 2463 non
1048 2436 1121 2463 cibos
1134 2436 1303 2469 conuehunt,
1364 2441 1380 2463 6
1392 2458 1400 2469 ,
1425 2446 1443 2464 1.
1516 2440 1675 2474 Opprimere
1696 2444 1784 2477 ignem
1794 2464 1802 2476 ‚
1840 2446 1891 2471 uid.
1920 2452 1939 2471 O
1950 2453 1964 2472 Ρ
1974 2452 1988 2471 P
2000 2452 2017 2471 R
2029 2452 2039 2472 1
2049 2452 2074 2472 M
2084 2452 2113 2472 o.
2182 2445 2291 2479 Palpitat
2301 2466 2304 2470 .
2313 2445 2409 2472 arduus

252 2480 308 2498 non
322 2471 475 2506 procedunt.
581 2472 673 2507 Frigus
699 2473 852 2500 Ouid.Met.
867 2481 893 2504 2,
908 2474 964 2507 763.
991 2473 1031 2498 Ab
1043 2471 1155 2512 effifflu..
1214 2472 1303 2498 Genus
1316 2471 1348 2503 65
1365 2473 1433 2507 ignis
1462 2474 1523 2501 Stat.
1538 2476 1631 2504 Theb.
1643 2486 1677 2510 12,
1693 2486 1737 2512 70.
1811 2481 1915 2507 Peredit
1926 2481 1996 2507 celer
2010 2482 2079 2515 ignis
2101 2482 2214 2507 Aetnam
2243 2481 2309 2507 Hor.
2320 2482 2410 2508 Catm-

253 2507 474 2542 interrogationis
487 2508 614 2542 ignauum
629 2514 655 2535 et
668 2509 738 2535 iners
766 2509 822 2535 Cic.
835 2507 866 2534 de
880 2509 945 2534 Fato
960 2517 1002 2540 29.
1074 2508 1195 2534 Grauitas
1220 2508 1303 2534 Ouid.
1365 2518 1376 2540 3
1390 2528 1398 2540 ,
1413 2519 1430 2541 4
1440 2529 1446 2539 ‚
1461 2512 1504 2544 76.
1575 2512 1725 2539 Procudunt
1741 2514 1829 2548 ignem
1844 2516 1915 2549 ignes
1943 2517 2046 2543 Lucret.
2061 2526 2092 2549 2,
2116 2525 2181 2549 1114.
2235 2518 2292 2542 Alii
2309 2518 2412 2551 legunt,

253 2543 320 2570 Met.
335 2551 364 2574 2,
387 2548 439 2573 821.
554 2543 633 2570 Miles
651 2544 762 2579 ignauus
782 2553 810 2571 ac
822 2544 932 2570 timidus
965 2544 1025 2570 Liu.
1039 2551 1066 2576 5,
1103 2562 1110 2570 .
1147 2563 1154 2570 .
1227 2545 1304 2570 Mora
1364 2545 1524 2584 producunt.
1597 2548 1712 2575 Prohibe
1726 2549 1848 2577 infandos
1861 2552 1933 2585 ignes
1953 2561 1966 2577 a
1987 2552 2100 2578 nauibus
2135 2553 2208 2584 Virg.
2223 2551 2287 2578 Aen.
2308 2560 2335 2583 1,
2353 2558 2419 2583 529.-

254 2578 337 2605 Ouid.
352 2577 383 2604 de
398 2579 461 2605 Arte
477 2578 534 2605 Am.
550 2587 568 2609 1,
583 2586 635 2609 180.
729 2580 791 2607 Otia
819 2580 893 2606 Idem
908 2579 993 2606 Trist.
1008 2588 1027 2611 1,
1042 2582 1066 2608 6,
1080 2587 1119 2611 25.
1214 2579 1304 2611 Pecus,
1363 2580 1483 2607 Stridunt
1497 2581 1569 2615 ignes
1594 2584 1685 2611 quen.
1697 2585 1747 2611 Sat.
1764 2594 1807 2620 10,
1822 2589 1858 2612 61.
1895 2588 1993 2615 Lucan.
2006 2589 2032 2620 6,
2048 2596 2102 2621 179.
2175 2587 2231 2613 Cic.
2249 2587 2323 2613 Verr.
2337 2594 2365 2618 ι,
2376 2588 2415 2619 69
2477 2607 2479 2614 .

253 2614 279 2641 h.
295 2623 316 2641 e.
337 2615 444 2645 Inutile,
465 2621 489 2639 et
501 2614 593 2641 nullius
606 2618 688 2642 artis:
723 2616 798 2650 Virg.
813 2615 908 2649 Geor-g.
923 2625 950 2648 4,
966 2618 1008 2644 163
1033 2616 1162 2648 Ignauum
1172 2614 1247 2640 fucos
1262 2623 1304 2649 pe·
1362 2624 1384 2642 c.
1395 2623 1427 2649 27
1460 2617 1575 2643 Caedere
1595 2619 1699 2646 ianuam
1713 2621 1795 2654 saxis,
1816 2622 1911 2649 instare
1925 2623 2015 2654 ferro,
2036 2622 2108 2657 ligna
2120 2627 2147 2648 et
2159 2622 2288 2648 sarmenta
2302 2622 2412 2649 circum-

255 2659 301 2676 cus
314 2658 327 2676 a
340 2647 507 2684 praesepibus
521 2657 617 2677 arcent.
725 2653 823 2686 Ignaua
845 2651 925 2677 Ratio
946 2650 1012 2685 apud
1034 2650 1090 2676 Cic.
1105 2651 1136 2676 de
1151 2651 1215 2677 Fato
1236 2659 1257 2676 c.
1276 2655 1346 2690 i270
1363 2650 1441 2683 dare,
1462 2652 1551 2685 ignem
1567 2654 1697 2682 subiicere
1712 2663 1864 2690 coeperunt.
1937 2658 2081 2685 Subtiliunt
2100 2667 2173 2693 ignes
2191 2657 2224 2684 ad
2237 2658 2304 2684 teela
2316 2659 2440 2693 domo-23¹⁴

255 2685 349 2719 [α’ργδς
362 2684 452 2719 λόγος]
490 2685 532 2710 cui
547 2685 564 2711 si
581 2695 733 2720 pareamus,
761 2686 829 2713 nihil
844 2687 958 2713 omnino
972 2695 1077 2720 agamus
1098 2686 1126 2712 in
1141 2686 1205 2711 vita.
1261 2686 1302 2712 Sic
1362 2695 1422 2713 rum
1451 2687 1554 2714 Lucret.
1569 2697 1585 2715 2
1595 2709 1603 2722 ‚
1617 2698 1671 2722 192.
1742 2692 1874 2727 Suppositi
1886 2693 1958 2727 ignes
1971 2694 2055 2721 cineri
2090 2695 2158 2721 Hor.
2173 2694 2261 2720 Carm.
2277 2702 2292 2720 2
2304 2713 2313 2725 ,
2336 2702 2346 2719 ι
2357 2711 2365 2724 ,
2383 2700 2411 2728 7.
2425 2695 2439 2724 ζ’

255 2721 329 2746 enim
344 2721 521 2754 interrogant:
557 2720 575 2747 fi
591 2722 673 2748 fatum
686 2722 736 2748 tibi
749 2721 800 2751 est,
820 2730 851 2748 ex
866 2721 916 2748 hoc
929 2722 1024 2747 morbo
1037 2721 1227 2753 conualescere,
1250 2721 1302 2748 siue
1362 2722 1496 2756 Suscipere
1512 2724 1600 2758 ignem
1614 2726 1688 2753 foliis
1721 2728 1796 2762 Virg.
1810 2730 1874 2755 Aen.
1890 2738 1899 2755 1
1910 2749 1919 2761 ‚
1940 2738 1996 2764 179.
2079 2730 2206 2756 Suscitare
2223 2730 2324 2764 sopitos
2337 2727 2443 2769 ignes-5⁴5.
2478 2751 2479 2754 .

255 2755 390 2783 medicum
404 2755 574 2788 adhibueris,
594 2756 646 2782 fiue
661 2766 715 2783 non
727 2756 899 2789 adhibueris,
917 2758 1079 2783 conualesces
1104 2771 1149 2777 -—
1169 2756 1303 2784 medicum
1362 2757 1400 2784 Id.
1417 2758 1483 2784 ibid.
1498 2765 1521 2791 8,
1534 2769 1593 2793 4¹0·
1666 2763 1789 2790 Torrere
1802 2764 1859 2798 igni
1872 2765 1961 2799 fruges
1987 2765 2060 2792 mem
2073 2767 2170 2799 (jem-g,
2186 2774 2214 2798 χ,
2227 2768 2288 2800 267,
2360 2765 2424 2791 Va.1

255 2799 321 2826 ergo
335 2789 462 2817 adhibere
476 2790 545 2816 nihil
558 2792 659 2818 attinet.
702 2792 758 2818 Vid.
776 2793 878 2827 reliqua.
951 2793 1062 2818 Somnus
1091 2791 1172 2818 Ouid.
1188 2794 1252 2819 Met.
1266 2801 1305 2826 11,
1363 2798 1439 2827 gatur
1452 2794 1502 2820 late
1517 2795 1601 2829 ignis,
1620 2797 1674 2824 vid.
1689 2805 1705 2824 1.
1716 2806 1737 2825 A
1748 2805 1769 2824 T
1779 2807 1798 2825 v
1810 2807 1831 2826 s.
1889 2801 1994 2829 Vastare
2008 2801 2069 2836 igne
2099 2799 2332 2835 Sallust.'1ugurth.
2345 2809 2364 2831 1,
2374 2809 2412 2826 ιο.
2441 2824 2445 2842 ⁴
2477 2822 2478 2825 .

257 2835 314 2860 593.
385 2825 450 2853 Plin.
466 2835 515 2857 20,
532 2831 556 2856 ¹8
591 2828 681 2860 Quun
699 2827 783 2861 capita
804 2827 856 2862 ipsa
870 2833 896 2854 et
909 2827 976 2854 folia
989 2827 1187 2862 decoquuntur,
1210 2828 1304 2855 Succus
1317 2835 1349 2862 75
1366 2829 1464 2855 Volant
1483 2831 1555 2863 ignes
1575 2832 1608 2858 ad
1629 2833 1698 2860 reeta
1731 2835 1805 2870 Virg.
1820 2836 1883 2862 Aen.
1901 2845 1946 2870 12,
1965 2840 2024 2870 596.
2200 2833 2221 2874 ᾖ
2238 2845 2249 2868 3
2285 2834 2421 2863 Formulae‘
2439 2846 2442 2850 ’

256 2861 411 2890 meconium
424 2867 550 2893 vocatur,
569 2863 681 2889 multum
697 2863 761 2896 opio
776 2862 907 2896 ignauior.
1012 2864 1124 2899 Compar.
1161 2864 1216 2890 Cic.
1228 2865 1304 2891 Verr.
1365 2866 1445 2891 aliae:
1481 2865 1628 2900 Liquidus,
1663 2872 1682 2896 i.
1706 2870 1803 2904 Purus,
1826 2872 1964 2899 aethereus
2003 2872 2078 2908 Virg.
2092 2872 2146 2899 Ecl.
2167 2874 2200 2904 6,
2220 2879 2256 2903 33.
2293 2871 2412 2898 Seruius.
2425 2883 2434 2903 e.

257 2898 317 2924 Aet.
332 2906 342 2924 1
355 2907 376 2924 c.
391 2902 423 2932 78
456 2897 547 2923 Homo
560 2897 689 2929 inertior,
709 2899 841 2932 ignauior.
911 2898 1124 2933 Sallustfragm.
1145 2909 1166 2926 c.
1180 2907 1197 2935 7
1226 2901 1305 2927 Peior
1367 2899 1476 2934 Liquidi
1498 2903 1572 2928 color
1589 2911 1683 2931 aureus
1706 2906 1775 2939 ignis
1816 2907 1921 2934 Lucret.
1941 2911 1972 2941 6,
1995 2917 2056 2941 204.
2160 2907 2298 2933 Astrorum
2323 2907 2420 2941 igne&

257 2943 292 2960 an
308 2933 433 2967 ignauior
447 2932 476 2959 sit
490 2932 634 2960 deliberari
647 2943 701 2960 non
714 2934 805 2967 potest.
877 2934 970 2970 Superi.
1008 2935 1068 2961 Liu.
1084 2943 1106 2967 5,
1121 2941 1147 2965 τε
1175 2936 1306 2970 Ignauisli-
1365 2935 1451 2962 Stellae
1477 2937 1550 2971 Virg.
1565 2939 1629 2965 Aen.
1644 2948 1666 2972 3,
1679 2946 1730 2974 583.
1802 2943 1896 2976 Oetei,
1914 2951 1962 2979 pro
1977 2944 2074 2975 Sullis,
2090 2941 2142 2968 vid.
2155 2942 2283 2968 Noffifer
2292 2946 2319 2968 in
2332 2949 2410 2969 NOX.
2436 2965 2440 2974 f

258 2978 318 2995 mus
331 2974 356 2995 et
369 2967 544 3003 fugaciffimus
558 2966 649 2996 hostis.
694 2970 768 2997 Idem
786 2977 816 3003 9,
834 2979 861 3004 4.
953 2971 986 2998 ln
999 2971 1074 2998 MSS.
1088 2974 1230 3006 permutari
1241 2971 1307 3007 solet
1366 2971 1513 3005 Sanguineo
1528 2975 1582 3006 igni
1596 2983 1710 3003 cometes
1739 2977 1831 3004 Claud.
1846 2980 1878 3005 de
1891 2980 1977 3013 Raptu
1990 2979 2106 3012 Proserp.
2123 2986 2149 3009 1,
2164 2986 2215 3010 231.
2321 2979 2418 3012 Vagus·
2438 2974 2444 2989 ¹'

258 3014 314 3032 cum
327 3005 450 3039 Ignarus:
486 3004 552 3040 quod
565 3004 620 3032 vid.
1318 3012 1350 3038 80
1367 3008 1436 3040 ignis
1451 3007 1519 3033 Solis
1546 3010 1642 3037 Lucan.
1657 3020 1676 3044 1,
1691 3021 1731 3045 50.
1801 3014 1918 3041 Phoebei
1943 3013 2023 3041 Ouid.
2038 3014 2102 3039 Met.
2117 3020 2139 3045 5,
2154 3020 2208 3046 389.
2279 3013 2410 3040 Tremuli
2430 3013 2445 3019 ’“
2476 3019 2477 3035 1

295 3047 305 3066 1
318 3046 337 3066 G
349 3047 370 3066 N
379 3047 429 3067 AV
439 3048 448 3066 1
457 3047 478 3067 A
488 3060 497 3072 ‚
516 3048 553 3066 ae.
575 3040 595 3067 f.
632 3039 783 3076 [ῥαθυμῖα]
825 3041 920 3067 Vitium
934 3039 968 3074 est
979 3045 1132 3069 contrarium
1142 3042 1306 3077 Fortitudini,
1367 3043 1472 3069 Lucret.
1486 3052 1504 3076 4
1515 3063 1521 3074 ,
1537 3048 1599 3076 406.
1636 3047 1665 3073 de
1671 3049 1737 3083 solis
1740 3048 1880 3084 splendore.
1951 3049 2104 3076 Fulmineus
2128 3049 2165 3074 ld.
2175 3058 2197 3081 ι’,
2212 3054 2267 3081 382.
2336 3050 2410 3085 Saepe
2434 3053 2442 3068 '-

257 3085 305 3112 quo
319 3078 375 3111 quis
388 3075 557 3112 aggredienda
564 3076 777 3112 praeformidine
795 3085 844 3103 non
858 3077 1013 3112 aggreditur.
1083 3078 1138 3104 Cic.
1154 3078 1185 3104 de
1199 3079 1306 3105 Amicit.
1365 3078 1510 3113 defulmine
1523 3082 1590 3115 ignis
1604 3081 1715 3109 dicitur:
1752 3091 1798 3116 vt,
1823 3085 1956 3119 Abruptus
1976 3084 2107 3117 nubibus,
2133 3084 2185 3111 uid.
2204 3091 2225 3110 A
2234 3091 2250 3112 Β
2260 3091 2279 3111 R
2288 3090 2309 3109 V
2318 3091 2344 3111 M
2353 3091 2367 3111 P
2377 3090 2409 3111 Ο.
2429 3079 2444 3111 ἰ’
2478 3085 2479 3088 ’

260 3120 290 3143 23
324 3112 359 3138 Vt
372 3120 432 3137 cum
448 3110 539 3145 aliqua
553 3120 614 3138 cura
627 3120 667 3138 res
681 3111 729 3138 fibi
742 3112 887 3139 contrarias
898 3113 1049 3146 aspernetur
1060 3118 1139 3147 atque
1152 3113 1257 3148 oderit,
1276 3120 1305 3141 vt
1366 3113 1475 3140 Crebris
1490 3114 1568 3140 micat
1589 3116 1694 3150 ignibus
1715 3119 1806 3146 aether
1833 3122 1906 3155 Virg.
1921 3122 1985 3147 Aen.
2003 3129 2029 3153 1,
2049 3129 2092 3152 94.
2186 3120 2269 3146 Elisus
2291 3119 2409 3146 nubibus
2430 3119 2438 3135 ί
2478 3131 2479 3135 ’

258 3146 366 3173 bonitas
381 3147 527 3178 malitiam,
547 3148 721 3182 temperantia
736 3147 894 3177 libidinem,
915 3148 1047 3181 ignauiam
1057 3148 1198 3176 fortitudo.
1235 3150 1303 3176 Add.
1366 3149 1448 3176 Ouid.
1463 3150 1525 3176 Met.
1539 3153 1565 3183 6,
1579 3155 1638 3183 hoo.
1709 3155 1807 3182 Infesto
1822 3157 1882 3191 igne
1894 3157 1948 3191 peti
1978 3157 2051 3182 Idem
2061 3155 2144 3182 Trist.
2156 3164 2174 3187 1,
2187 3165 2206 3188 ι,
2221 3161 2258 3186 82.
2329 3156 2409 3191 Rapi-
2432 3156 2433 3161 ¹

258 3181 300 3208 Id.
316 3182 347 3207 de
361 3183 463 3209 Inuent.
478 3191 493 3208 2
507 3192 527 3208 c.
542 3190 583 3215 54.
653 3183 789 3217 Ignauiam
801 3185 872 3210 suam
886 3183 1054 3209 tenebrarum
1069 3192 1097 3209 ac
1112 3185 1241 3217 parietum
1262 3195 1306 3211 cu·
1321 3192 1349 3220 85
1366 3185 1414 3211 dus
1428 3185 1495 3220 ignis
1508 3187 1589 3218 Iouis,
1610 3189 1705 3215 lulmen
1732 3191 1808 3225 Virg.
1824 3194 1888 3218 Aen.
1902 3200 1921 3224 1,
1934 3193 1974 3221 46.
2043 3191 2173 3222 Trisulci,
2193 3192 2306 3217 Fulmina
2326 3191 2408 3218 Ouid.
2458 3197 2459 3212 ³

260 3216 354 3243 stodiis
369 3224 456 3252 tegere
487 3217 526 3244 Id.
540 3227 589 3252 pro
604 3218 694 3246 Rabir.
709 3228 730 3245 c.
743 3226 769 3254 7.
838 3220 894 3246 Cic.
908 3218 941 3244 de
956 3219 1014 3245 Fin.
1029 3227 1076 3252 149
1107 3219 1211 3252 Quibus
1226 3221 1304 3247 rebus
1366 3222 1430 3247 Met.
1445 3230 1469 3253 2,
1482 3227 1540 3254 849.
1611 3224 1688 3250 Oculi
1704 3226 1801 3252 micant
1815 3227 1875 3261 igne
1896 3227 1934 3252 Id.
1949 3226 2013 3253 ibid.
2027 3235 2048 3259 3,
2062 3235 2098 3260 33.
2165 3227 2408 3262 Truculentoigne
2424 3230 2429 3255 7

262 3252 432 3287 intelligitur,
446 3253 672 3280 nectimiditatem
686 3255 872 3290 ignauiamque
886 3253 1041 3288 vituperari,
1060 3263 1106 3279 nec
1119 3256 1305 3283 fortitudinem
1366 3265 1480 3283 minaces
1494 3257 1585 3284 ardent
1596 3266 1676 3292 genae
1705 3261 1762 3287 Sen.
1776 3263 1871 3297 Oedip.
1892 3263 1910 3288 s.
1924 3270 1956 3290 12,
2151 3259 2171 3325 Ξ
2197 3271 2216 3295 4
2251 3264 2290 3289 De
2307 3263 2409 3290 Amori·
2438 3277 2440 3280 ·

260 3288 468 3324 patientiamque
482 3287 584 3315 laudari
598 3290 645 3316 suo
660 3291 777 3318 nomine.
848 3290 959 3326 Ignauia
980 3288 1087 3321 odoris,
1109 3296 1159 3325 pro
1174 3291 1255 3318 Odore
1269 3301 1306 3319 re·
1367 3293 1427 3323 bus,
1446 3300 1468 3318 et
1481 3296 1570 3319 amatis
1583 3295 1655 3329 vulgo
1667 3295 1769 3324 dicitur.
1823 3299 1890 3324 Ter.
1905 3298 1968 3323 Eun.
1983 3307 2002 3329 1,
2015 3307 2037 3331 2,
2050 3306 2063 3332 5
2082 3299 2148 3325 Acce
2169 3307 2182 3324 e
2194 3296 2410 3331 adignemhunc,
2438 3310 2439 3316 ¹

260 3322 329 3356 unffi>
343 3331 366 3350 et
378 3325 436 3351 laxo
462 3324 527 3350 Plin.
542 3332 580 3358 12,
593 3332 632 3357 25.
1366 3328 1420 3353 iam
1435 3328 1542 3355 calesces
1555 3329 1610 3362 plus
1625 3331 1692 3357 satis.
1763 3333 1837 3367 Virg.
1851 3333 1904 3359 Ecl.
1918 3342 1947 3366 3,
1962 3336 1996 3360 66
2034 3335 2067 3360 At
2079 3334 2147 3360 mihi
2168 3335 2219 3360 sese
2237 3333 2315 3360 offert
2334 3333 2406 3360 vltro

300 3367 309 3385 1
319 3365 338 3384 G
349 3367 400 3387 NA
411 3366 431 3385 v
444 3369 453 3386 1
463 3367 515 3387 TA
525 3367 538 3387 s
548 3379 556 3393 ‚
575 3361 634 3387 fitis.
652 3359 672 3388 f.
709 3361 785 3389 Idem.
840 3360 930 3388 lustin.
943 3369 992 3394 43,
1006 3369 1027 3393 3,
1042 3368 1055 3393 5
1080 3359 1255 3388 Phocaeenses
1275 3371 1305 3389 ex
1312 3370 1349 3394 90
1366 3372 1439 3390 meus
1454 3364 1522 3398 ignis
1535 3365 1666 3396 Amyntas.
1738 3368 1818 3394 Ouid.
1834 3369 1895 3395 Met.
1911 3373 1940 3401 6,
1963 3374 2012 3403 708
2053 3370 2178 3396 Arserunt
2200 3369 2291 3403 agitati
2307 3369 2407 3396 fortiu-

263 3392 405 3428 ignauitate
420 3405 449 3422 ac
462 3396 545 3422 macie
559 3401 645 3423 terrae
657 3396 752 3422 coacti.
807 3396 854 3424 Sed
866 3393 932 3423 reste
946 3399 978 3424 al.
994 3396 1150 3430 Exiguitate.
1365 3399 1449 3432 ignes.
1520 3400 1643 3434 Carpitur
1658 3402 1712 3435 igni
1725 3411 1802 3429 caeco
1827 3404 1903 3439 Virg.
1917 3405 1981 3431 Aen.
1994 3415 2022 3439 4,
2034 3413 2058 3432 2.
2112 3405 2192 3439 Carpi
2204 3404 2408 3439 indomitoigne
2434 3414 2439 3417 ’

299 3436 309 3454 1
319 3436 338 3455 G
350 3433 401 3457 NA
411 3437 464 3457 VE.
502 3431 570 3457 Adu.
607 3431 763 3466 [ῥαθύμως]
800 3432 850 3458 h.e.
866 3433 955 3464 Lente,
972 3439 995 3458 et
1003 3433 1124 3467 segniter.
1159 3432 1214 3458 Cic.
1223 3432 1306 3460 Tusc.
1368 3434 1448 3460 Ouid.
1465 3436 1529 3462 Met.
1543 3444 1570 3461 10
1580 3455 1588 3467 ‚
1612 3442 1668 3468 3¹¹9-
1741 3438 1876 3465 Castislimi
1913 3441 1971 3467 Val.
1984 3442 2055 3467 Max.
2070 3449 2106 3474 4,
2119 3443 2153 3473 6,
2176 3448 2197 3473 5.
2270 3441 2406 3474 Colligere

265 3471 290 3493 2,
300 3470 327 3495 55
344 3473 401 3496 c.23
435 3467 478 3493 Ne
495 3467 558 3501 quid
568 3466 687 3499 abiee‘te,
703 3467 807 3502 nequid
820 3467 924 3499 timide,
943 3467 1047 3502 nequid
1063 3468 1173 3501 ignaue,
1193 3477 1226 3494 ne
1241 3469 1306 3503 qnid
1368 3469 1476 3496 blandos
1492 3471 1562 3505 ignes
1577 3471 1711 3504 paullatim
1739 3473 1824 3500 Valer.
1839 3476 1937 3510 Argon.
1953 3485 1975 3508 2,
1994 3485 2050 3509 354.
2141 3475 2289 3509 Concipere
2301 3475 2405 3503 validos

264 3497 398 3525 seruilitcr
410 3501 612 3529 nmliebriterue
627 3503 763 3530 faciamus.
857 3503 969 3538 Compar.
1007 3504 1083 3537 Virg.
1098 3503 1195 3538 Georg.
1210 3511 1237 3536 3,
1255 3507 1307 3537 465
1370 3504 1440 3538 ignes
1475 3506 1555 3532 Ouid.
1569 3506 1632 3532 Met.
1646 3515 1677 3541 7,
1704 3517 1729 3541 9.
1819 3511 1903 3538 Edunt
1917 3512 2058 3538 medullam
2074 3511 2146 3545 ignes
2182 3511 2278 3537 Catull.
2301 3519 2328 3543 33
2339 3531 2348 3542 ,
2371 3518 2405 3543 ις.
2438 3510 2439 3514 ’

266 3533 422 3566 Carpentcm
434 3536 555 3568 ignauius
570 3537 672 3564 herbas.
1322 3547 1354 3573 95
1370 3541 1490 3575 Erumpit
1505 3541 1587 3568 oculis
1600 3542 1668 3575 ignis
1691 3544 1747 3569 Sen.
1762 3544 1868 3579 Hippol,
1882 3548 1934 3581 s.4.
2007 3548 2131 3573 Exarsere
2139 3548 2213 3580 ignes
2221 3547 2311 3573 animo
2330 3546 2405 3581 Virg.
2456 3573 2457 3580 ¹

304 3574 342 3593 1G
353 3570 549 3599 NAviTER.
586 3573 652 3599 Adn.
690 3573 850 3607 [βλακικῶς]
891 3573 964 3599 Hirt.
982 3572 1014 3599 ad
1036 3572 1092 3599 Cic.
1113 3574 1166 3600 Att.
1186 3581 1210 3605 ις
1230 3574 1278 3609 sub
1290 3577 1308 3601 6
1370 3576 1434 3602 Aen.
1450 3586 1480 3608 2,
1499 3585 1552 3611 575.
1623 3578 1702 3605 Ferre
1713 3586 1816 3607 mutuos
1830 3582 1901 3614 ignes
1930 3583 1987 3609 Sen.
2002 3583 2112 3617 Hippoi.
2125 3592 2152 3616 4.
2224 3582 2352 3608 Hauserat
2367 3583 2406 3608 in·
2439 3610 2442 3614 ,
2458 3603 2460 3608 .

267 3603 309 3629 An
322 3611 385 3636 ego,
404 3612 485 3637 quum
506 3615 595 3634 omnes
608 3609 723 3641 caleant,
743 3609 874 3643 ignauiter
889 3608 990 3643 aliquid
1004 3609 1117 3634 faciam?
1187 3609 1259 3635 Idem
1274 3610 1306 3637 de
1368 3612 1458 3638 solitos
1471 3613 1542 3646 ignes
1555 3612 1667 3645 virginis
1696 3615 1786 3642 Claud.
1799 3618 1831 3643 de
1851 3619 1934 3652 Nupt.
1955 3620 2060 3645 Honor.
2077 3626 2094 3644 ι.
2185 3617 2313 3644 Macerari
2328 3618 2406 3644 lentis

267 3638 295 3664 B.
310 3638 391 3664 Afric.
403 3647 425 3664 c.
441 3643 466 3667 81
496 3641 582 3667 Castra
595 3653 648 3669 non
664 3645 794 3678 ignauiter
807 3644 921 3670 munire.
1029 3644 1114 3670 Lucil.
1129 3644 1178 3670 Sat.
1195 3648 1222 3670 16
1241 3646 1308 3680 apud
1368 3647 1474 3681 ignibus
1500 3648 1566 3674 Hor.
1579 3647 1666 3674 Carm.
1682 3657 1700 3681 ι,
1715 3659 1747 3681 13,
1760 3656 1781 3680 8.
1836 3654 1936 3680 Mers-..15
1950 3654 2093 3680 visceribus
2101 3653 2170 3686 ignis
2195 3653 2251 3679 Sen.
2266 3653 2405 3686 Hippol.5.

266 3673 340 3700 Non.
357 3682 400 3705 11,
421 3681 454 3713 ‚²9
482 3675 537 3700 Cur
556 3682 607 3703 tam
631 3679 777 3712 ignauiter,
802 3680 853 3707 hoc
865 3679 1017 3714 praesertim
1030 3685 1164 3713 tempore,
1185 3682 1306 3714 qnaeris?
1369 3683 1481 3709 Nutrire
1494 3684 1551 3709 suos
1570 3683 1641 3716 ignes
1676 3686 1754 3712 Ouid.
1771 3688 1834 3715 Met.
1855 3692 1886 3721 6,
1905 3697 1964 3723 493.
2041 3689 2182 3722 Populante
2203 3697 2281 3714 venas
2299 3689 2405 3714 furtiuo

267 3709 458 3743 (Quadrigarius
471 3716 511 3748 ap.
524 3710 592 3736 eund.
627 3714 657 3739 Et
683 3715 731 3748 qui
752 3716 793 3741 ibi
811 3722 885 3742 erant
904 3723 959 3741 non
971 3714 1102 3749 ignauiter
1115 3715 1231 3749 potando
1244 3725 1304 3744 eum
1313 3727 1361 3744 100
1369 3718 1430 3752 igne
1461 3719 1517 3745 Sen.
1532 3718 1640 3752 Hippol.
1654 3728 1675 3752 3.
1748 3722 1827 3750 Sensit
1840 3724 1942 3759 tepidos
1959 3724 2032 3759 ignes
2047 3725 2093 3750 sub
2107 3723 2213 3758 pectore
2243 3722 2324 3750 Ouid.
2337 3725 2404 3750 Met.

267 3744 340 3770 diem
354 3753 402 3778 pro
417 3743 528 3770 meliore
540 3743 696 3774 habuerunt.
1369 3762 1401 3786 11,
1416 3761 1473 3786 225.
1644 3763 1656 3787 5
1691 3756 1824 3785 Subiicere
1838 3760 1940 3794 ignem,
1964 3763 1981 3785 i.
1998 3759 2111 3786 Inuidiae
2128 3763 2254 3785 materiam
2263 3758 2405 3794 suggerere.

303 3785 341 3806 1G
355 3786 376 3805 N
390 3787 409 3805 A
422 3786 442 3804 v
452 3786 488 3806 Es
499 3786 515 3806 C
525 3786 543 3806 O
553 3798 560 3810 ‚
580 3782 632 3806 ere·
687 3783 804 3811 Tertull.
820 3783 852 3813 de
865 3785 960 3812 Anima
973 3794 995 3812 c.
1007 3793 1038 3818 43
1063 3785 1174 3813 Animus
1185 3796 1233 3814 nec
1247 3787 1306 3823 qui.
1367 3789 1423 3815 Cic.
1442 3798 1488 3823 pro
1502 3787 1591 3814 Rabir.
1606 3790 1670 3816 Post.
1689 3800 1711 3823 13
1742 3794 1771 3820 Et
1785 3802 1937 3830 quanquam
1950 3801 2006 3821 tum
2020 3801 2127 3829 propter
2140 3794 2284 3820 multorum
2299 3794 2406 3826 delleta,
2436 3799 2438 3803 ·
2468 3780 2471 3784 ¹

268 3815 330 3841 escit
342 3824 389 3841 nec
402 3815 553 3856 ignauesci-t.
565 3850 571 3855 ¹
1145 3856 1151 3861 .
1368 3824 1448 3850 etiam
1462 3823 1493 3849 ad
1506 3824 1685 3853 innocentium
1701 3830 1847 3862 periculum
1864 3837 1964 3866 tempus
1979 3829 2045 3856 illud
2060 3831 2205 3862 exarserat,
2222 3836 2308 3855 tamen
2322 3838 2406 3864 quum
2446 3843 2447 3847 =
2471 3835 2473 3837 ’

305 3856 344 3876 lG
356 3857 376 3875 N
386 3858 407 3877 A
417 3858 435 3874 ν
448 3858 455 3875 1
467 3856 487 3876 o
497 3870 506 3884 ,
525 3859 595 3877 onis.
613 3859 649 3878 m.
684 3851 751 3879 Gen.
759 3856 797 3887 16,
810 3863 846 3889 24
869 3855 915 3884 uu
929 3855 1094 3892 ignauioneu,
1106 3864 1154 3892 qui
1166 3857 1235 3886 nihil
1248 3867 1306 3894 per·
1367 3858 1461 3888 odium
1473 3867 1525 3884 non
1539 3859 1731 3894 restingueretis
1740 3885 1748 3897 ,
1776 3865 1837 3891 huic
1852 3867 1943 3893 ordini
1956 3867 2043 3899 ignem
2055 3875 2156 3892 nouum
2172 3864 2265 3890 subiici
2278 3874 2333 3890 non
2346 3864 2407 3891 liui-

268 3884 346 3913 ficere
362 3886 474 3920 poffimt.
1314 3904 1359 3931 105
1367 3894 1419 3922 stis.
1487 3894 1559 3929 Ignis
1571 3895 1649 3930 sacer,
1668 3900 1754 3927 Morbi
1763 3909 1851 3936 genus.
1892 3902 1950 3931 Vid.
1966 3901 2085 3929 Scribon.
2098 3904 2137 3935 63.
2152 3902 2207 3928 106.
2221 3907 2270 3935 135.
2280 3906 2406 3964 244.P2ffi5¹·
2429 3930 2431 3935 ‚
2460 3881 2471 3922 i«
