<?xml version="1.0" encoding="UTF-8"?>
<!DOCTYPE html PUBLIC "-//W3C//DTD XHTML 1.0 Transitional//EN"
    "http://www.w3.org/TR/xhtml1/DTD/xhtml1-transitional.dtd">
<html xmlns="http://www.w3.org/1999/xhtml" xml:lang="en" lang="en">
 <head>
  <title>
</title>
<meta http-equiv="Content-Type" content="text/html;charset=utf-8" />
  <meta name='ocr-system' content='tesseract 3.04.00' />
  <meta name='ocr-capabilities' content='ocr_page ocr_carea ocr_par ocr_line ocrx_word'/>
</head>
<body>
  <div class='ocr_page' id='page_1' title='image "./novuslinguaeeter02gesn/novuslinguaeeter02gesn_0087.png"; bbox 0 0 2479 4225; ppageno 0'>
   <div class='ocr_carea' id='block_1_1' title="bbox 58 209 2196 276">
    <p class='ocr_par' dir='ltr' id='par_1_1' title="bbox 58 209 2196 276">
     <span class='ocr_line' id='line_1_1' title="bbox 58 209 2196 276; baseline 0.002 -20"><span class='ocrx_word' id='word_1_1' title='bbox 58 235 127 274; x_wconf 72' lang='lat'>,49</span> <span class='ocrx_word' id='word_1_2' title='bbox 349 209 709 257; x_wconf 45' lang='lat' dir='ltr'>*nic</span> <span class='ocrx_word' id='word_1_3' title='bbox 1542 216 1808 260; x_wconf 84' lang='lat' dir='ltr'>Dic</span> <span class='ocrx_word' id='word_1_4' title='bbox 2130 237 2196 276; x_wconf 75' lang='lat'>150</span> 
     </span>
    </p>
   </div>
   <div class='ocr_carea' id='block_1_2' title="bbox 58 298 2196 590">
    <p class='ocr_par' dir='ltr' id='par_1_2' title="bbox 58 298 2196 449">
     <span class='ocr_line' id='line_1_2' title="bbox 58 298 2196 349; baseline 0.003 -13"><span class='ocrx_word' id='word_1_5' title='bbox 58 298 135 338; x_wconf 81' lang='lat' dir='ltr'>Plane</span> <span class='ocrx_word' id='word_1_6' title='bbox 148 308 211 336; x_wconf 88' lang='lat' dir='ltr'>dicit</span> <span class='ocrx_word' id='word_1_7' title='bbox 223 306 294 344; x_wconf 87' lang='lat' dir='ltr'>quod</span> <span class='ocrx_word' id='word_1_8' title='bbox 306 306 452 342; x_wconf 79' lang='lat' dir='ltr'>intelligam</span> <span class='ocrx_word' id='word_1_9' title='bbox 470 306 526 333; x_wconf 90' lang='lat' dir='ltr'>Cic.</span> <span class='ocrx_word' id='word_1_10' title='bbox 542 305 573 333; x_wconf 83' lang='lat' dir='ltr'>de</span> <span class='ocrx_word' id='word_1_11' title='bbox 587 305 643 333; x_wconf 87' lang='lat' dir='ltr'>Fin.</span> <span class='ocrx_word' id='word_1_12' title='bbox 657 313 678 336; x_wconf 87' lang='lat'>1,</span> <span class='ocrx_word' id='word_1_13' title='bbox 693 309 743 342; x_wconf 51' lang='grc' dir='ltr'>15.λ</span> <span class='ocrx_word' id='word_1_14' title='bbox 798 300 865 342; x_wconf 52' lang='lat' dir='ltr'>Hor·</span> <span class='ocrx_word' id='word_1_15' title='bbox 879 300 957 336; x_wconf 72' lang='lat' dir='ltr'>Epist·</span> <span class='ocrx_word' id='word_1_16' title='bbox 973 310 992 334; x_wconf 72' lang='lat'>1,</span> <span class='ocrx_word' id='word_1_17' title='bbox 1006 301 1091 344; x_wconf 44' lang='lat'>2³79</span> <span class='ocrx_word' id='word_1_18' title='bbox 1155 305 1208 332; x_wconf 84' lang='lat' dir='ltr'>sae:</span> <span class='ocrx_word' id='word_1_19' title='bbox 1228 305 1342 341; x_wconf 87' lang='lat' dir='ltr'>diceret,</span> <span class='ocrx_word' id='word_1_20' title='bbox 1379 305 1453 339; x_wconf 81' lang='lat' dir='ltr'>Quid</span> <span class='ocrx_word' id='word_1_21' title='bbox 1473 306 1542 333; x_wconf 69' lang='lat' dir='ltr'>feci?</span> <span class='ocrx_word' id='word_1_22' title='bbox 1560 306 1625 342; x_wconf 86' lang='lat' dir='ltr'>quid</span> <span class='ocrx_word' id='word_1_23' title='bbox 1637 308 1801 341; x_wconf 83' lang='lat' dir='ltr'><strong>commerui,</strong></span> <span class='ocrx_word' id='word_1_24' title='bbox 1821 315 1866 337; x_wconf 82' lang='lat' dir='ltr'>aut</span> <span class='ocrx_word' id='word_1_25' title='bbox 1878 313 1982 346; x_wconf 82' lang='lat' dir='ltr'>peccaui</span> <span class='ocrx_word' id='word_1_26' title='bbox 2002 314 2092 349; x_wconf 66' lang='lat' dir='ltr'>pater?</span> <span class='ocrx_word' id='word_1_27' title='bbox 2147 314 2196 341; x_wconf 87' lang='lat' dir='ltr'>Di-</span> 
     </span>
     <span class='ocr_line' id='line_1_3' title="bbox 59 336 2196 387; baseline 0.003 -17"><span class='ocrx_word' id='word_1_28' title='bbox 59 345 116 378; x_wconf 75' lang='lat' dir='ltr'>Qii</span> <span class='ocrx_word' id='word_1_29' title='bbox 129 343 194 379; x_wconf 86' lang='lat' dir='ltr'>quid</span> <span class='ocrx_word' id='word_1_30' title='bbox 211 344 241 371; x_wconf 92' lang='lat' dir='ltr'>sit</span> <span class='ocrx_word' id='word_1_31' title='bbox 254 343 410 379; x_wconf 88' lang='lat' dir='ltr'>pulchrum,</span> <span class='ocrx_word' id='word_1_32' title='bbox 431 342 495 377; x_wconf 91' lang='lat' dir='ltr'>quid</span> <span class='ocrx_word' id='word_1_33' title='bbox 513 349 555 369; x_wconf 87' lang='lat' dir='ltr'>tur</span> <span class='ocrx_word' id='word_1_34' title='bbox 575 351 604 374; x_wconf 90' lang='lat' dir='ltr'>e,</span> <span class='ocrx_word' id='word_1_35' title='bbox 628 338 692 376; x_wconf 87' lang='lat' dir='ltr'>quid</span> <span class='ocrx_word' id='word_1_36' title='bbox 705 336 785 369; x_wconf 78' lang='lat' dir='ltr'>vtile,</span> <span class='ocrx_word' id='word_1_37' title='bbox 804 337 870 372; x_wconf 84' lang='lat' dir='ltr'>quid</span> <span class='ocrx_word' id='word_1_38' title='bbox 883 346 951 368; x_wconf 91' lang='lat' dir='ltr'>non,</span> <span class='ocrx_word' id='word_1_39' title='bbox 987 338 1090 366; x_wconf 86' lang='lat' dir='ltr'>Plenius</span> <span class='ocrx_word' id='word_1_40' title='bbox 1156 349 1213 368; x_wconf 86' lang='lat' dir='ltr'>cere</span> <span class='ocrx_word' id='word_1_41' title='bbox 1228 343 1319 376; x_wconf 89' lang='lat' dir='ltr'>volui,</span> <span class='ocrx_word' id='word_1_42' title='bbox 1340 340 1507 371; x_wconf 60' lang='lat' dir='ltr'>Cot-,rechonis</span> <span class='ocrx_word' id='word_1_43' title='bbox 1519 352 1597 378; x_wconf 69' lang='lat' dir='ltr'>genus</span> <span class='ocrx_word' id='word_1_44' title='bbox 1609 341 1658 377; x_wconf 67' lang='grc' dir='ltr'><strong>ςΙΙ,</strong></span> <span class='ocrx_word' id='word_1_45' title='bbox 1681 353 1752 379; x_wconf 80' lang='lat' dir='ltr'>quum</span> <span class='ocrx_word' id='word_1_46' title='bbox 1764 347 1820 380; x_wconf 85' lang='lat' dir='ltr'>quis</span> <span class='ocrx_word' id='word_1_47' title='bbox 1833 348 1860 371; x_wconf 85' lang='lat' dir='ltr'>in</span> <span class='ocrx_word' id='word_1_48' title='bbox 1874 349 1989 382; x_wconf 77' lang='lat' dir='ltr'>loquendo</span> <span class='ocrx_word' id='word_1_49' title='bbox 1994 350 2083 387; x_wconf 76' lang='lat' dir='ltr'>falsus</span> <span class='ocrx_word' id='word_1_50' title='bbox 2094 349 2145 384; x_wconf 80' lang='lat' dir='ltr'>est,</span> <span class='ocrx_word' id='word_1_51' title='bbox 2171 356 2196 377; x_wconf 77' lang='lat' dir='ltr'>et</span> 
     </span>
     <span class='ocr_line' id='line_1_4' title="bbox 59 372 1910 416; baseline -0.01 -8"><span class='ocrx_word' id='word_1_52' title='bbox 59 388 89 408; x_wconf 80' lang='lat' dir='ltr'>ac</span> <span class='ocrx_word' id='word_1_53' title='bbox 101 380 194 408; x_wconf 87' lang='lat' dir='ltr'>melius</span> <span class='ocrx_word' id='word_1_54' title='bbox 206 379 361 414; x_wconf 70' lang='lat' dir='ltr'>Chrysippo,</span> <span class='ocrx_word' id='word_1_55' title='bbox 374 384 399 405; x_wconf 87' lang='lat' dir='ltr'>et</span> <span class='ocrx_word' id='word_1_56' title='bbox 410 379 548 404; x_wconf 69' lang='lat' dir='ltr'>Crantore</span> <span class='ocrx_word' id='word_1_57' title='bbox 573 378 626 404; x_wconf 84' lang='lat' dir='ltr'>icit.</span> <span class='ocrx_word' id='word_1_58' title='bbox 661 375 699 401; x_wconf 75' lang='lat' dir='ltr'>De</span> <span class='ocrx_word' id='word_1_59' title='bbox 711 374 825 400; x_wconf 76' lang='lat' dir='ltr'>Homero.</span> <span class='ocrx_word' id='word_1_60' title='bbox 863 373 929 401; x_wconf 81' lang='lat' dir='ltr'>Hor.</span> <span class='ocrx_word' id='word_1_61' title='bbox 937 372 1020 407; x_wconf 86' lang='lat' dir='ltr'>Od.2,</span> <span class='ocrx_word' id='word_1_62' title='bbox 1029 383 1063 408; x_wconf 88' lang='lat'>12,</span> <span class='ocrx_word' id='word_1_63' title='bbox 1072 384 1089 409; x_wconf 90' lang='lat'>9</span> <span class='ocrx_word' id='word_1_64' title='bbox 1155 377 1253 404; x_wconf 77' lang='lat' dir='ltr'>verbum</span> <span class='ocrx_word' id='word_1_65' title='bbox 1264 388 1338 406; x_wconf 80' lang='lat' dir='ltr'>vnum</span> <span class='ocrx_word' id='word_1_66' title='bbox 1345 386 1395 416; x_wconf 74' lang='lat' dir='ltr'>pro</span> <span class='ocrx_word' id='word_1_67' title='bbox 1407 378 1485 405; x_wconf 55' lang='lat' dir='ltr'>amr„</span> <span class='ocrx_word' id='word_1_68' title='bbox 1495 380 1611 412; x_wconf 78' lang='lat' dir='ltr'>protulit.</span> <span class='ocrx_word' id='word_1_69' title='bbox 1646 378 1729 406; x_wconf 45' lang='lat' dir='ltr'>mant·</span> <span class='ocrx_word' id='word_1_70' title='bbox 1740 379 1800 406; x_wconf 45' lang='lat' dir='ltr'>Mn·</span> <span class='ocrx_word' id='word_1_71' title='bbox 1816 388 1838 413; x_wconf 57' lang='lat'>3,</span> <span class='ocrx_word' id='word_1_72' title='bbox 1853 389 1879 414; x_wconf 64' lang='lat'>2,</span> <span class='ocrx_word' id='word_1_73' title='bbox 1892 389 1910 416; x_wconf 73' lang='lat'>7</span> 
     </span>
     <span class='ocr_line' id='line_1_5' title="bbox 402 409 1675 449; baseline 0.001 -9"><span class='ocrx_word' id='word_1_74' title='bbox 402 413 501 448; x_wconf 87' lang='lat' dir='ltr'>Tuque</span> <span class='ocrx_word' id='word_1_75' title='bbox 522 409 680 448; x_wconf 75' lang='lat' dir='ltr'>pedestribus</span> <span class='ocrx_word' id='word_1_76' title='bbox 732 443 738 449; x_wconf 34' lang='grc' dir='ltr'>ι</span> <span class='ocrx_word' id='word_1_77' title='bbox 1424 412 1517 440; x_wconf 77' lang='lat' dir='ltr'>Sorbet</span> <span class='ocrx_word' id='word_1_78' title='bbox 1532 413 1675 441; x_wconf 80' lang='lat' dir='ltr'>dormiens.</span> 
     </span>
    </p>

    <p class='ocr_par' dir='ltr' id='par_1_3' title="bbox 287 443 2038 486">
     <span class='ocr_line' id='line_1_6' title="bbox 287 443 2038 486; baseline 0.002 -10"><span class='ocrx_word' id='word_1_79' title='bbox 287 449 365 476; x_wconf 89' lang='lat' dir='ltr'>Dices</span> <span class='ocrx_word' id='word_1_80' title='bbox 383 449 501 476; x_wconf 81' lang='lat' dir='ltr'>historiis</span> <span class='ocrx_word' id='word_1_81' title='bbox 519 446 617 476; x_wconf 80' lang='lat' dir='ltr'>Praelia</span> <span class='ocrx_word' id='word_1_82' title='bbox 634 443 752 472; x_wconf 82' lang='lat' dir='ltr'>Caesaris</span> <span class='ocrx_word' id='word_1_83' title='bbox 1115 453 1130 480; x_wconf 80' lang='grc' dir='ltr'><strong>ς</strong></span> <span class='ocrx_word' id='word_1_84' title='bbox 1279 456 1334 477; x_wconf 72' lang='grc' dir='ltr'>ΡΑ.</span> <span class='ocrx_word' id='word_1_85' title='bbox 1355 448 1544 486; x_wconf 76' lang='lat' dir='ltr'>Qiidl&#39;orbet3</span> <span class='ocrx_word' id='word_1_86' title='bbox 1568 455 1627 476; x_wconf 90' lang='lat' dir='ltr'>1.v.</span> <span class='ocrx_word' id='word_1_87' title='bbox 1648 450 1731 483; x_wconf 85' lang='lat' dir='ltr'>illud,</span> <span class='ocrx_word' id='word_1_88' title='bbox 1751 450 1834 478; x_wconf 83' lang='lat' dir='ltr'>stertit</span> <span class='ocrx_word' id='word_1_89' title='bbox 1846 451 1925 478; x_wconf 90' lang='lat' dir='ltr'>volui</span> <span class='ocrx_word' id='word_1_90' title='bbox 1938 452 2038 481; x_wconf 80' lang='lat' dir='ltr'><strong>dicere:</strong></span> 
     </span>
    </p>

    <p class='ocr_par' dir='ltr' id='par_1_4' title="bbox 58 484 2194 590">
     <span class='ocr_line' id='line_1_7' title="bbox 289 484 2037 522; baseline 0.003 -12"><span class='ocrx_word' id='word_1_91' title='bbox 289 485 426 511; x_wconf 85' lang='lat' dir='ltr'>Mecaenas</span> <span class='ocrx_word' id='word_1_92' title='bbox 454 485 554 511; x_wconf 84' lang='lat' dir='ltr'>melius.</span> <span class='ocrx_word' id='word_1_93' title='bbox 1011 515 1016 519; x_wconf 30' lang='grc'>1</span> <span class='ocrx_word' id='word_1_94' title='bbox 1277 484 1325 511; x_wconf 86' lang='lat' dir='ltr'>Sed</span> <span class='ocrx_word' id='word_1_95' title='bbox 1340 486 1402 520; x_wconf 84' lang='lat' dir='ltr'>qnia</span> <span class='ocrx_word' id='word_1_96' title='bbox 1415 484 1550 512; x_wconf 79' lang='lat' dir='ltr'>consimile</span> <span class='ocrx_word' id='word_1_97' title='bbox 1564 485 1616 518; x_wconf 84' lang='lat' dir='ltr'>est,</span> <span class='ocrx_word' id='word_1_98' title='bbox 1632 485 1705 520; x_wconf 85' lang='lat' dir='ltr'>quod</span> <span class='ocrx_word' id='word_1_99' title='bbox 1715 486 1820 519; x_wconf 82' lang='lat' dir='ltr'>stertas,</span> <span class='ocrx_word' id='word_1_100' title='bbox 1840 487 1910 522; x_wconf 82' lang='lat' dir='ltr'>quasi</span> <span class='ocrx_word' id='word_1_101' title='bbox 1925 488 2037 516; x_wconf 80' lang='lat' dir='ltr'>sorbeas.</span> 
     </span>
     <span class='ocr_line' id='line_1_8' title="bbox 58 513 2192 560; baseline 0.002 -13"><span class='ocrx_word' id='word_1_102' title='bbox 58 519 155 553; x_wconf 77' lang='lat' dir='ltr'>Presse,</span> <span class='ocrx_word' id='word_1_103' title='bbox 175 519 318 552; x_wconf 70' lang='lat' dir='ltr'>subtiliter,</span> <span class='ocrx_word' id='word_1_104' title='bbox 337 520 424 554; x_wconf 79' lang='lat' dir='ltr'>aspere</span> <span class='ocrx_word' id='word_1_105' title='bbox 437 518 565 554; x_wconf 66' lang='lat' dir='ltr'>Quinctil.</span> <span class='ocrx_word' id='word_1_106' title='bbox 578 525 604 549; x_wconf 85' lang='lat'>2,</span> <span class='ocrx_word' id='word_1_107' title='bbox 615 520 642 555; x_wconf 72' lang='lat'>8’.</span> <span class='ocrx_word' id='word_1_108' title='bbox 673 513 747 550; x_wconf 79' lang='lat' dir='ltr'>Conf-</span> <span class='ocrx_word' id='word_1_109' title='bbox 756 519 785 549; x_wconf 76' lang='lat' dir='ltr'>p·</span> <span class='ocrx_word' id='word_1_110' title='bbox 799 522 822 540; x_wconf 77' lang='lat' dir='ltr'>a·</span> <span class='ocrx_word' id='word_1_111' title='bbox 839 513 978 554; x_wconf 66' lang='lat' dir='ltr'>Attenuare</span> <span class='ocrx_word' id='word_1_112' title='bbox 992 514 1086 556; x_wconf 80' lang='lat' dir='ltr'>dicere.</span> <span class='ocrx_word' id='word_1_113' title='bbox 1154 517 1230 558; x_wconf 84' lang='lat' dir='ltr'>Dixi:</span> <span class='ocrx_word' id='word_1_114' title='bbox 1267 521 1392 548; x_wconf 86' lang='lat' dir='ltr'>Asconius</span> <span class='ocrx_word' id='word_1_115' title='bbox 1407 522 1434 548; x_wconf 90' lang='lat' dir='ltr'>in</span> <span class='ocrx_word' id='word_1_116' title='bbox 1449 522 1568 548; x_wconf 85' lang='lat' dir='ltr'>Prooem.</span> <span class='ocrx_word' id='word_1_117' title='bbox 1583 521 1641 548; x_wconf 64' lang='lat' dir='ltr'>Aet.</span> <span class='ocrx_word' id='word_1_118' title='bbox 1656 522 1733 548; x_wconf 83' lang='lat' dir='ltr'>Verr.</span> <span class='ocrx_word' id='word_1_119' title='bbox 1746 522 1852 558; x_wconf 74' lang='lat' dir='ltr'>Jubfln.</span> <span class='ocrx_word' id='word_1_120' title='bbox 1873 523 1959 549; x_wconf 88' lang='lat' dir='ltr'>Moris</span> <span class='ocrx_word' id='word_1_121' title='bbox 1973 524 2041 556; x_wconf 87' lang='lat' dir='ltr'>fuit,</span> <span class='ocrx_word' id='word_1_122' title='bbox 2061 533 2141 560; x_wconf 88' lang='lat' dir='ltr'>quum</span> <span class='ocrx_word' id='word_1_123' title='bbox 2155 527 2192 554; x_wconf 84' lang='lat' dir='ltr'>sa-</span> 
     </span>
     <span class='ocr_line' id='line_1_9' title="bbox 58 549 2194 590; baseline 0.004 -11"><span class='ocrx_word' id='word_1_124' title='bbox 58 555 175 583; x_wconf 84' lang='lat' dir='ltr'>Pretium</span> <span class='ocrx_word' id='word_1_125' title='bbox 190 556 295 582; x_wconf 82' lang='lat' dir='ltr'>muneri</span> <span class='ocrx_word' id='word_1_126' title='bbox 315 556 382 582; x_wconf 84' lang='lat' dir='ltr'>Hor.</span> <span class='ocrx_word' id='word_1_127' title='bbox 391 556 441 582; x_wconf 84' lang='lat' dir='ltr'>Od.</span> <span class='ocrx_word' id='word_1_128' title='bbox 455 565 481 590; x_wconf 86' lang='lat'>4,</span> <span class='ocrx_word' id='word_1_129' title='bbox 494 560 516 587; x_wconf 81' lang='lat'>8,</span> <span class='ocrx_word' id='word_1_130' title='bbox 528 561 563 580; x_wconf 76' lang='grc' dir='ltr'>η.</span> <span class='ocrx_word' id='word_1_131' title='bbox 600 552 693 577; x_wconf 82' lang='lat' dir='ltr'>Priore</span> <span class='ocrx_word' id='word_1_132' title='bbox 705 549 764 576; x_wconf 90' lang='lat' dir='ltr'>loco</span> <span class='ocrx_word' id='word_1_133' title='bbox 777 550 877 576; x_wconf 86' lang='lat' dir='ltr'>causam</span> <span class='ocrx_word' id='word_1_134' title='bbox 886 551 940 576; x_wconf 83' lang='lat' dir='ltr'>Cic.</span> <span class='ocrx_word' id='word_1_135' title='bbox 949 559 998 584; x_wconf 88' lang='lat' dir='ltr'>pro</span> <span class='ocrx_word' id='word_1_136' title='bbox 1005 552 1091 584; x_wconf 76' lang='lat' dir='ltr'>Qun-</span> <span class='ocrx_word' id='word_1_137' title='bbox 1153 559 1185 579; x_wconf 84' lang='lat' dir='ltr'>tis</span> <span class='ocrx_word' id='word_1_138' title='bbox 1200 555 1284 581; x_wconf 88' lang='lat' dir='ltr'>visum</span> <span class='ocrx_word' id='word_1_139' title='bbox 1297 557 1356 583; x_wconf 82' lang='lat' dir='ltr'>esset</span> <span class='ocrx_word' id='word_1_140' title='bbox 1370 557 1469 584; x_wconf 77' lang='lat' dir='ltr'>fluxisse</span> <span class='ocrx_word' id='word_1_141' title='bbox 1481 557 1629 583; x_wconf 84' lang='lat' dir='ltr'>verborum</span> <span class='ocrx_word' id='word_1_142' title='bbox 1638 579 1645 590; x_wconf 86' lang='lat'><strong><em>‚</em></strong></span> <span class='ocrx_word' id='word_1_143' title='bbox 1664 556 1730 583; x_wconf 86' lang='lat' dir='ltr'>hanc</span> <span class='ocrx_word' id='word_1_144' title='bbox 1748 557 1797 583; x_wconf 88' lang='lat' dir='ltr'>sibi</span> <span class='ocrx_word' id='word_1_145' title='bbox 1811 558 1979 585; x_wconf 81' lang='lat' dir='ltr'>necessitatem</span> <span class='ocrx_word' id='word_1_146' title='bbox 1991 559 2121 587; x_wconf 84' lang='lat' dir='ltr'>finiendae</span> <span class='ocrx_word' id='word_1_147' title='bbox 2135 570 2194 590; x_wconf 75' lang='lat' dir='ltr'>ora-</span> 
     </span>
    </p>
   </div>
   <div class='ocr_carea' id='block_1_3' title="bbox 57 584 2196 733">
    <p class='ocr_par' dir='ltr' id='par_1_5' title="bbox 57 584 2196 733">
     <span class='ocr_line' id='line_1_10' title="bbox 57 584 2195 628; baseline 0.003 -10"><span class='ocrx_word' id='word_1_148' title='bbox 57 590 98 618; x_wconf 83' lang='lat' dir='ltr'>tio</span> <span class='ocrx_word' id='word_1_149' title='bbox 109 599 144 625; x_wconf 82' lang='lat'>31·</span> <span class='ocrx_word' id='word_1_150' title='bbox 179 591 280 619; x_wconf 78' lang='lat' dir='ltr'>Probra</span> <span class='ocrx_word' id='word_1_151' title='bbox 291 590 386 623; x_wconf 88' lang='lat' dir='ltr'>alicui,</span> <span class='ocrx_word' id='word_1_152' title='bbox 406 591 458 618; x_wconf 79' lang='lat' dir='ltr'>vid.</span> <span class='ocrx_word' id='word_1_153' title='bbox 477 593 625 617; x_wconf 80' lang='lat' dir='ltr'>rRoBRv</span> <span class='ocrx_word' id='word_1_154' title='bbox 635 593 668 613; x_wconf 88' lang='lat' dir='ltr'>M.</span> <span class='ocrx_word' id='word_1_155' title='bbox 682 600 695 626; x_wconf 41' lang='lat' dir='ltr'>v.</span> <span class='ocrx_word' id='word_1_156' title='bbox 705 585 773 612; x_wconf 89' lang='lat' dir='ltr'>Ter.</span> <span class='ocrx_word' id='word_1_157' title='bbox 783 584 812 611; x_wconf 84' lang='lat' dir='ltr'>in</span> <span class='ocrx_word' id='word_1_158' title='bbox 824 585 892 620; x_wconf 87' lang='lat' dir='ltr'>prol.</span> <span class='ocrx_word' id='word_1_159' title='bbox 903 585 1008 613; x_wconf 85' lang='lat' dir='ltr'>Phorm.</span> <span class='ocrx_word' id='word_1_160' title='bbox 1023 595 1054 619; x_wconf 89' lang='lat'>14</span> <span class='ocrx_word' id='word_1_161' title='bbox 1153 589 1234 616; x_wconf 86' lang='lat' dir='ltr'>tionis</span> <span class='ocrx_word' id='word_1_162' title='bbox 1247 590 1398 626; x_wconf 82' lang='lat' dir='ltr'>imponere,</span> <span class='ocrx_word' id='word_1_163' title='bbox 1417 598 1446 619; x_wconf 91' lang='lat' dir='ltr'>vt</span> <span class='ocrx_word' id='word_1_164' title='bbox 1459 592 1590 624; x_wconf 82' lang='lat' dir='ltr'>dicerent,</span> <span class='ocrx_word' id='word_1_165' title='bbox 1611 593 1642 619; x_wconf 90' lang='lat' dir='ltr'>ad</span> <span class='ocrx_word' id='word_1_166' title='bbox 1656 593 1779 620; x_wconf 63' lang='lat' dir='ltr'>vicimum</span> <span class='ocrx_word' id='word_1_167' title='bbox 1795 593 1870 619; x_wconf 85' lang='lat' dir='ltr'>Dixi:</span> <span class='ocrx_word' id='word_1_168' title='bbox 1899 594 1970 628; x_wconf 89' lang='lat' dir='ltr'>quod</span> <span class='ocrx_word' id='word_1_169' title='bbox 1983 595 2063 621; x_wconf 90' lang='lat' dir='ltr'>etiam</span> <span class='ocrx_word' id='word_1_170' title='bbox 2077 596 2109 622; x_wconf 93' lang='lat' dir='ltr'>ab</span> <span class='ocrx_word' id='word_1_171' title='bbox 2124 603 2195 624; x_wconf 88' lang='lat' dir='ltr'>vtra-</span> 
     </span>
     <span class='ocr_line' id='line_1_11' title="bbox 212 622 2193 662; baseline 0.003 -10"><span class='ocrx_word' id='word_1_172' title='bbox 212 628 293 653; x_wconf 83' lang='lat' dir='ltr'>Vetus</span> <span class='ocrx_word' id='word_1_173' title='bbox 313 626 331 652; x_wconf 85' lang='lat' dir='ltr'>si</span> <span class='ocrx_word' id='word_1_174' title='bbox 350 628 426 654; x_wconf 63' lang='lat' dir='ltr'>Poeta</span> <span class='ocrx_word' id='word_1_175' title='bbox 442 633 493 652; x_wconf 89' lang='lat' dir='ltr'>non</span> <span class='ocrx_word' id='word_1_176' title='bbox 511 622 636 650; x_wconf 78' lang='lat' dir='ltr'>lacessiss&#39;et</span> <span class='ocrx_word' id='word_1_177' title='bbox 656 630 748 662; x_wconf 80' lang='lat' dir='ltr'>prior,</span> <span class='ocrx_word' id='word_1_178' title='bbox 1107 634 1135 654; x_wconf 90' lang='lat' dir='ltr'>io</span> <span class='ocrx_word' id='word_1_179' title='bbox 1153 633 1204 658; x_wconf 82' lang='lat' dir='ltr'>quc</span> <span class='ocrx_word' id='word_1_180' title='bbox 1216 633 1289 659; x_wconf 81' lang='lat' dir='ltr'>parte</span> <span class='ocrx_word' id='word_1_181' title='bbox 1302 628 1423 654; x_wconf 83' lang='lat' dir='ltr'>oratione</span> <span class='ocrx_word' id='word_1_182' title='bbox 1436 629 1593 661; x_wconf 77' lang='lat' dir='ltr'>consumta,</span> <span class='ocrx_word' id='word_1_183' title='bbox 1618 635 1646 655; x_wconf 85' lang='lat' dir='ltr'>vt</span> <span class='ocrx_word' id='word_1_184' title='bbox 1660 630 1687 655; x_wconf 86' lang='lat' dir='ltr'>in</span> <span class='ocrx_word' id='word_1_185' title='bbox 1701 627 1840 656; x_wconf 80' lang='lat' dir='ltr'>consilium</span> <span class='ocrx_word' id='word_1_186' title='bbox 1860 628 2073 662; x_wconf 80' lang='lat' dir='ltr'>dimitterentur,</span> <span class='ocrx_word' id='word_1_187' title='bbox 2095 632 2193 659; x_wconf 87' lang='lat' dir='ltr'>Praeco</span> 
     </span>
     <span class='ocr_line' id='line_1_12' title="bbox 213 657 2195 700; baseline 0.002 -11"><span class='ocrx_word' id='word_1_188' title='bbox 213 661 325 689; x_wconf 89' lang='lat' dir='ltr'>Nullum</span> <span class='ocrx_word' id='word_1_189' title='bbox 345 661 464 689; x_wconf 83' lang='lat' dir='ltr'>inuenire</span> <span class='ocrx_word' id='word_1_190' title='bbox 481 659 621 693; x_wconf 83' lang='lat' dir='ltr'>Prologum</span> <span class='ocrx_word' id='word_1_191' title='bbox 640 657 761 692; x_wconf 81' lang='lat' dir='ltr'>potuisset</span> <span class='ocrx_word' id='word_1_192' title='bbox 779 664 866 696; x_wconf 74' lang='lat' dir='ltr'>nouus</span> <span class='ocrx_word' id='word_1_193' title='bbox 1153 660 1248 687; x_wconf 85' lang='lat' dir='ltr'>soleret</span> <span class='ocrx_word' id='word_1_194' title='bbox 1261 665 1433 696; x_wconf 88' lang='lat' dir='ltr'>pronuntiare</span> <span class='ocrx_word' id='word_1_195' title='bbox 1447 664 1586 690; x_wconf 85' lang='lat' dir='ltr'>Dixcrunt.</span> <span class='ocrx_word' id='word_1_196' title='bbox 1632 666 1700 691; x_wconf 68' lang='lat' dir='ltr'>Haec</span> <span class='ocrx_word' id='word_1_197' title='bbox 1712 665 1761 691; x_wconf 74' lang='lat' dir='ltr'>ille.</span> <span class='ocrx_word' id='word_1_198' title='bbox 1781 666 1786 671; x_wconf 92' lang='grc'><strong>”</strong></span> <span class='ocrx_word' id='word_1_199' title='bbox 1806 664 1938 698; x_wconf 64' lang='lat' dir='ltr'>Quinctil.</span> <span class='ocrx_word' id='word_1_200' title='bbox 1952 674 1983 698; x_wconf 88' lang='lat'>11,</span> <span class='ocrx_word' id='word_1_201' title='bbox 1996 674 2024 698; x_wconf 81' lang='grc'>3,</span> <span class='ocrx_word' id='word_1_202' title='bbox 2037 668 2080 698; x_wconf 83' lang='lat'>155</span> <span class='ocrx_word' id='word_1_203' title='bbox 2100 667 2195 700; x_wconf 81' lang='lat' dir='ltr'>ludex,</span> 
     </span>
     <span class='ocr_line' id='line_1_13' title="bbox 213 691 2196 733; baseline 0.003 -10"><span class='ocrx_word' id='word_1_204' title='bbox 213 698 301 731; x_wconf 73' lang='lat' dir='ltr'>Qoem</span> <span class='ocrx_word' id='word_1_205' title='bbox 322 697 434 729; x_wconf 87' lang='lat' dir='ltr'>diceret,</span> <span class='ocrx_word' id='word_1_206' title='bbox 450 693 497 721; x_wconf 81' lang='lat' dir='ltr'>nisi</span> <span class='ocrx_word' id='word_1_207' title='bbox 517 693 625 720; x_wconf 85' lang='lat' dir='ltr'>haberet</span> <span class='ocrx_word' id='word_1_208' title='bbox 647 693 690 719; x_wconf 78' lang='lat' dir='ltr'>cui</span> <span class='ocrx_word' id='word_1_209' title='bbox 707 691 883 718; x_wconf 61' lang='lat' dir='ltr'>mflcdoeeret-</span> <span class='ocrx_word' id='word_1_210' title='bbox 1152 695 1180 722; x_wconf 85' lang='lat' dir='ltr'>in</span> <span class='ocrx_word' id='word_1_211' title='bbox 1195 696 1321 731; x_wconf 87' lang='lat' dir='ltr'>priuatis,</span> <span class='ocrx_word' id='word_1_212' title='bbox 1343 699 1438 725; x_wconf 82' lang='lat' dir='ltr'>Praeco</span> <span class='ocrx_word' id='word_1_213' title='bbox 1457 699 1486 725; x_wconf 89' lang='lat' dir='ltr'>in</span> <span class='ocrx_word' id='word_1_214' title='bbox 1508 699 1620 733; x_wconf 78' lang='lat' dir='ltr'>publicis</span> <span class='ocrx_word' id='word_1_215' title='bbox 1635 699 1722 727; x_wconf 84' lang='lat' dir='ltr'>dicere</span> <span class='ocrx_word' id='word_1_216' title='bbox 1736 701 1768 727; x_wconf 89' lang='lat' dir='ltr'>de</span> <span class='ocrx_word' id='word_1_217' title='bbox 1783 701 1857 727; x_wconf 87' lang='lat' dir='ltr'>causa</span> <span class='ocrx_word' id='word_1_218' title='bbox 1868 700 1951 726; x_wconf 91' lang='lat' dir='ltr'>iubet.</span> <span class='ocrx_word' id='word_1_219' title='bbox 1990 703 2058 727; x_wconf 84' lang='lat' dir='ltr'>Nam</span> <span class='ocrx_word' id='word_1_220' title='bbox 2075 707 2105 727; x_wconf 83' lang='lat' dir='ltr'>vt</span> <span class='ocrx_word' id='word_1_221' title='bbox 2117 704 2196 729; x_wconf 77' lang='lat' dir='ltr'>initio</span> 
     </span>
    </p>
   </div>
   <div class='ocr_carea' id='block_1_4' title="bbox 48 726 2197 1723">
    <p class='ocr_par' dir='ltr' id='par_1_6' title="bbox 48 726 2197 1723">
     <span class='ocr_line' id='line_1_14' title="bbox 57 726 2193 771; baseline 0.003 -13"><span class='ocrx_word' id='word_1_222' title='bbox 57 730 118 758; x_wconf 85' lang='lat' dir='ltr'>Liu.</span> <span class='ocrx_word' id='word_1_223' title='bbox 133 739 171 765; x_wconf 78' lang='lat'>32,</span> <span class='ocrx_word' id='word_1_224' title='bbox 209 751 215 758; x_wconf 91' lang='lat'>.</span> <span class='ocrx_word' id='word_1_225' title='bbox 252 752 258 759; x_wconf 94' lang='lat'>.</span> <span class='ocrx_word' id='word_1_226' title='bbox 295 734 325 759; x_wconf 87' lang='lat' dir='ltr'>Et</span> <span class='ocrx_word' id='word_1_227' title='bbox 337 731 439 767; x_wconf 87' lang='lat' dir='ltr'>quando</span> <span class='ocrx_word' id='word_1_228' title='bbox 452 738 530 756; x_wconf 89' lang='lat' dir='ltr'>nemo</span> <span class='ocrx_word' id='word_1_229' title='bbox 542 728 666 761; x_wconf 80' lang='lat' dir='ltr'>vesti-um,</span> <span class='ocrx_word' id='word_1_230' title='bbox 681 728 727 763; x_wconf 90' lang='lat' dir='ltr'>qui</span> <span class='ocrx_word' id='word_1_231' title='bbox 748 728 775 754; x_wconf 90' lang='lat' dir='ltr'>in</span> <span class='ocrx_word' id='word_1_232' title='bbox 789 727 839 754; x_wconf 89' lang='lat' dir='ltr'>hoc</span> <span class='ocrx_word' id='word_1_233' title='bbox 852 726 996 754; x_wconf 88' lang='lat' dir='ltr'>concilium</span> <span class='ocrx_word' id='word_1_234' title='bbox 1008 726 1088 768; x_wconf 77' lang='lat' dir='ltr'>aduo·</span> <span class='ocrx_word' id='word_1_235' title='bbox 1145 734 1328 766; x_wconf 74' lang='lat' dir='ltr'>pronuntiabat</span> <span class='ocrx_word' id='word_1_236' title='bbox 1341 734 1443 767; x_wconf 85' lang='lat' dir='ltr'>Dicite,</span> <span class='ocrx_word' id='word_1_237' title='bbox 1456 734 1496 769; x_wconf 82' lang='lat' dir='ltr'>stc</span> <span class='ocrx_word' id='word_1_238' title='bbox 1508 738 1534 760; x_wconf 79' lang='lat' dir='ltr'>in</span> <span class='ocrx_word' id='word_1_239' title='bbox 1548 742 1652 763; x_wconf 67' lang='lat' dir='ltr'>extremo</span> <span class='ocrx_word' id='word_1_240' title='bbox 1666 737 1805 764; x_wconf 82' lang='lat' dir='ltr'>Dixerunt.</span> <span class='ocrx_word' id='word_1_241' title='bbox 1840 735 1914 771; x_wconf 62' lang='lat' dir='ltr'>Cous.</span> <span class='ocrx_word' id='word_1_242' title='bbox 1930 736 1998 762; x_wconf 89' lang='lat' dir='ltr'>Ter.</span> <span class='ocrx_word' id='word_1_243' title='bbox 2013 736 2155 770; x_wconf 68' lang='lat' dir='ltr'>Phormz,</span> <span class='ocrx_word' id='word_1_244' title='bbox 2169 746 2193 770; x_wconf 77' lang='lat'>3.</span> 
     </span>
     <span class='ocr_line' id='line_1_15' title="bbox 58 762 2195 807; baseline 0.003 -14"><span class='ocrx_word' id='word_1_245' title='bbox 58 768 109 793; x_wconf 88' lang='lat' dir='ltr'>cati</span> <span class='ocrx_word' id='word_1_246' title='bbox 122 767 197 798; x_wconf 77' lang='lat' dir='ltr'>estis,</span> <span class='ocrx_word' id='word_1_247' title='bbox 222 768 271 794; x_wconf 88' lang='lat' dir='ltr'>Pro</span> <span class='ocrx_word' id='word_1_248' title='bbox 285 767 408 795; x_wconf 86' lang='lat' dir='ltr'>sententia</span> <span class='ocrx_word' id='word_1_249' title='bbox 427 765 570 801; x_wconf 81' lang='lat' dir='ltr'>quidquam</span> <span class='ocrx_word' id='word_1_250' title='bbox 591 764 679 791; x_wconf 71' lang='lat' dir='ltr'>dicere</span> <span class='ocrx_word' id='word_1_251' title='bbox 692 764 763 795; x_wconf 88' lang='lat' dir='ltr'>vult,</span> <span class='ocrx_word' id='word_1_252' title='bbox 783 768 827 789; x_wconf 77' lang='lat' dir='ltr'>aut</span> <span class='ocrx_word' id='word_1_253' title='bbox 842 762 935 794; x_wconf 63' lang='lat' dir='ltr'>audet,</span> <span class='ocrx_word' id='word_1_254' title='bbox 955 769 1087 803; x_wconf 56' lang='lat' dir='ltr'>orationes</span> <span class='ocrx_word' id='word_1_255' title='bbox 1152 766 1282 800; x_wconf 64' lang='lat' dir='ltr'>Quinctil.</span> <span class='ocrx_word' id='word_1_256' title='bbox 1302 777 1321 800; x_wconf 86' lang='lat'>1,</span> <span class='ocrx_word' id='word_1_257' title='bbox 1335 776 1358 801; x_wconf 88' lang='lat'>5,</span> <span class='ocrx_word' id='word_1_258' title='bbox 1372 778 1412 802; x_wconf 78' lang='lat'>43.</span> <span class='ocrx_word' id='word_1_259' title='bbox 1482 770 1544 796; x_wconf 80' lang='lat' dir='ltr'>Dixi</span> <span class='ocrx_word' id='word_1_260' title='bbox 1566 771 1645 798; x_wconf 89' lang='lat' dir='ltr'>iram:</span> <span class='ocrx_word' id='word_1_261' title='bbox 1666 773 1706 798; x_wconf 86' lang='lat' dir='ltr'>Sic</span> <span class='ocrx_word' id='word_1_262' title='bbox 1717 772 1839 803; x_wconf 74' lang='lat' dir='ltr'>dicimus,</span> <span class='ocrx_word' id='word_1_263' title='bbox 1858 779 1931 807; x_wconf 84' lang='lat' dir='ltr'>quum</span> <span class='ocrx_word' id='word_1_264' title='bbox 1949 774 2005 807; x_wconf 83' lang='lat' dir='ltr'>quis</span> <span class='ocrx_word' id='word_1_265' title='bbox 2023 773 2084 798; x_wconf 83' lang='lat' dir='ltr'>male</span> <span class='ocrx_word' id='word_1_266' title='bbox 2097 777 2195 807; x_wconf 64' lang='lat' dir='ltr'>accepit</span> 
     </span>
     <span class='ocr_line' id='line_1_16' title="bbox 56 799 2195 843; baseline 0.003 -15"><span class='ocrx_word' id='word_1_267' title='bbox 56 802 216 836; x_wconf 85' lang='lat' dir='ltr'>Legatorum</span> <span class='ocrx_word' id='word_1_268' title='bbox 232 803 351 830; x_wconf 83' lang='lat' dir='ltr'>hesterno</span> <span class='ocrx_word' id='word_1_269' title='bbox 364 801 406 828; x_wconf 90' lang='lat' dir='ltr'>die</span> <span class='ocrx_word' id='word_1_270' title='bbox 422 809 471 835; x_wconf 85' lang='lat' dir='ltr'>pro</span> <span class='ocrx_word' id='word_1_271' title='bbox 484 800 619 827; x_wconf 81' lang='lat' dir='ltr'>sententiis</span> <span class='ocrx_word' id='word_1_272' title='bbox 633 799 715 826; x_wconf 61' lang='lat' dir='ltr'>dicias</span> <span class='ocrx_word' id='word_1_273' title='bbox 732 799 936 834; x_wconf 79' lang='lat' dir='ltr'>percenseamus.</span> <span class='ocrx_word' id='word_1_274' title='bbox 992 799 1087 825; x_wconf 71' lang='lat' dir='ltr'>Dicere</span> <span class='ocrx_word' id='word_1_275' title='bbox 1107 810 1131 837; x_wconf 81' lang='grc'><strong>15</strong></span> <span class='ocrx_word' id='word_1_276' title='bbox 1150 802 1257 834; x_wconf 82' lang='lat' dir='ltr'>verbum,</span> <span class='ocrx_word' id='word_1_277' title='bbox 1272 804 1336 838; x_wconf 85' lang='lat' dir='ltr'>quod</span> <span class='ocrx_word' id='word_1_278' title='bbox 1345 805 1511 839; x_wconf 81' lang='lat' dir='ltr'>protulimus,</span> <span class='ocrx_word' id='word_1_279' title='bbox 1531 805 1611 833; x_wconf 86' lang='lat' dir='ltr'>Plaut.</span> <span class='ocrx_word' id='word_1_280' title='bbox 1621 806 1736 834; x_wconf 85' lang='lat' dir='ltr'>Trucul.</span> <span class='ocrx_word' id='word_1_281' title='bbox 1750 816 1774 839; x_wconf 80' lang='lat'>2,</span> <span class='ocrx_word' id='word_1_282' title='bbox 1781 817 1804 840; x_wconf 86' lang='lat'>2,</span> <span class='ocrx_word' id='word_1_283' title='bbox 1816 815 1844 840; x_wconf 89' lang='lat'>9.</span> <span class='ocrx_word' id='word_1_284' title='bbox 1878 806 1991 842; x_wconf 77' lang='lat' dir='ltr'>Abrupte</span> <span class='ocrx_word' id='word_1_285' title='bbox 2007 807 2106 834; x_wconf 76' lang='lat' dir='ltr'>dixerat</span> <span class='ocrx_word' id='word_1_286' title='bbox 2117 808 2195 843; x_wconf 81' lang='lat' dir='ltr'>Asta-</span> 
     </span>
     <span class='ocr_line' id='line_1_17' title="bbox 55 831 2195 879; baseline 0.003 -16"><span class='ocrx_word' id='word_1_287' title='bbox 55 837 107 864; x_wconf 88' lang='lat' dir='ltr'>Pro</span> <span class='ocrx_word' id='word_1_288' title='bbox 116 838 264 872; x_wconf 74' lang='lat' dir='ltr'>sententia,</span> <span class='ocrx_word' id='word_1_289' title='bbox 284 846 308 866; x_wconf 80' lang='lat' dir='ltr'>et</span> <span class='ocrx_word' id='word_1_290' title='bbox 319 837 411 864; x_wconf 85' lang='lat' dir='ltr'>Dicere</span> <span class='ocrx_word' id='word_1_291' title='bbox 424 836 591 867; x_wconf 85' lang='lat' dir='ltr'>sententiam,</span> <span class='ocrx_word' id='word_1_292' title='bbox 615 835 696 862; x_wconf 80' lang='lat' dir='ltr'>idem:</span> <span class='ocrx_word' id='word_1_293' title='bbox 721 842 750 862; x_wconf 79' lang='lat' dir='ltr'>vt</span> <span class='ocrx_word' id='word_1_294' title='bbox 764 836 851 875; x_wconf 71' lang='lat' dir='ltr'>Dicere</span> <span class='ocrx_word' id='word_1_295' title='bbox 863 831 1040 873; x_wconf 65' lang='lat' dir='ltr'>testimpnium,</span> <span class='ocrx_word' id='word_1_296' title='bbox 1065 841 1088 860; x_wconf 74' lang='lat' dir='ltr'>et</span> <span class='ocrx_word' id='word_1_297' title='bbox 1145 837 1248 873; x_wconf 72' lang='lat' dir='ltr'>phium,</span> <span class='ocrx_word' id='word_1_298' title='bbox 1273 839 1442 874; x_wconf 83' lang='lat' dir='ltr'>Comprime:</span> <span class='ocrx_word' id='word_1_299' title='bbox 1470 841 1538 867; x_wconf 89' lang='lat' dir='ltr'>iram</span> <span class='ocrx_word' id='word_1_300' title='bbox 1551 842 1646 868; x_wconf 74' lang='lat' dir='ltr'>volebat</span> <span class='ocrx_word' id='word_1_301' title='bbox 1659 842 1775 878; x_wconf 74' lang='lat' dir='ltr'>intelligi.</span> <span class='ocrx_word' id='word_1_302' title='bbox 1829 842 1957 879; x_wconf 77' lang='lat' dir='ltr'>Aliorsum</span> <span class='ocrx_word' id='word_1_303' title='bbox 1975 845 2068 878; x_wconf 79' lang='lat' dir='ltr'>acci&#39;pit</span> <span class='ocrx_word' id='word_1_304' title='bbox 2084 842 2195 876; x_wconf 72' lang='lat' dir='ltr'>rusticus</span> 
     </span>
     <span class='ocr_line' id='line_1_18' title="bbox 56 869 2194 915; baseline 0.003 -16"><span class='ocrx_word' id='word_1_305' title='bbox 56 874 107 899; x_wconf 84' lang='lat' dir='ltr'>Pro</span> <span class='ocrx_word' id='word_1_306' title='bbox 120 872 255 906; x_wconf 63' lang='lat' dir='ltr'>testimonio</span> <span class='ocrx_word' id='word_1_307' title='bbox 266 874 323 900; x_wconf 90' lang='lat' dir='ltr'>Sen.</span> <span class='ocrx_word' id='word_1_308' title='bbox 339 871 370 898; x_wconf 86' lang='lat' dir='ltr'>de</span> <span class='ocrx_word' id='word_1_309' title='bbox 377 871 466 898; x_wconf 86' lang='lat' dir='ltr'>Benef.</span> <span class='ocrx_word' id='word_1_310' title='bbox 480 881 506 904; x_wconf 90' lang='lat'>2,</span> <span class='ocrx_word' id='word_1_311' title='bbox 520 879 554 907; x_wconf 84' lang='lat'>27</span> <span class='ocrx_word' id='word_1_312' title='bbox 572 871 624 898; x_wconf 81' lang='lat' dir='ltr'>Hic</span> <span class='ocrx_word' id='word_1_313' title='bbox 636 876 729 906; x_wconf 87' lang='lat' dir='ltr'>quater</span> <span class='ocrx_word' id='word_1_314' title='bbox 741 870 838 909; x_wconf 66' lang='lat' dir='ltr'>millies</span> <span class='ocrx_word' id='word_1_315' title='bbox 852 869 996 909; x_wconf 75' lang='lat' dir='ltr'>sestertium</span> <span class='ocrx_word' id='word_1_316' title='bbox 1011 871 1087 895; x_wconf 85' lang='lat' dir='ltr'>suum</span> <span class='ocrx_word' id='word_1_317' title='bbox 1150 873 1276 900; x_wconf 82' lang='lat' dir='ltr'>Stratilax</span> <span class='ocrx_word' id='word_1_318' title='bbox 1284 893 1292 906; x_wconf 93' lang='lat'>,</span> <span class='ocrx_word' id='word_1_319' title='bbox 1314 882 1337 900; x_wconf 79' lang='lat' dir='ltr'>et</span> <span class='ocrx_word' id='word_1_320' title='bbox 1351 878 1398 908; x_wconf 82' lang='lat' dir='ltr'>ait,</span> <span class='ocrx_word' id='word_1_321' title='bbox 1414 876 1494 910; x_wconf 87' lang='lat' dir='ltr'>Spero</span> <span class='ocrx_word' id='word_1_322' title='bbox 1508 886 1591 903; x_wconf 89' lang='lat' dir='ltr'>meam</span> <span class='ocrx_word' id='word_1_323' title='bbox 1604 878 1712 912; x_wconf 88' lang='lat' dir='ltr'>quidem</span> <span class='ocrx_word' id='word_1_324' title='bbox 1732 877 1831 904; x_wconf 86' lang='lat' dir='ltr'>hercle:</span> <span class='ocrx_word' id='word_1_325' title='bbox 1853 883 1878 903; x_wconf 90' lang='lat' dir='ltr'>te</span> <span class='ocrx_word' id='word_1_326' title='bbox 1895 878 1942 912; x_wconf 91' lang='lat' dir='ltr'>qui</span> <span class='ocrx_word' id='word_1_327' title='bbox 1956 877 2068 905; x_wconf 81' lang='lat' dir='ltr'>solitu‘st</span> <span class='ocrx_word' id='word_1_328' title='bbox 2077 880 2194 915; x_wconf 83' lang='lat' dir='ltr'>compi-i-</span> 
     </span>
     <span class='ocr_line' id='line_1_19' title="bbox 56 904 2195 949; baseline 0.001 -15"><span class='ocrx_word' id='word_1_329' title='bbox 56 908 142 934; x_wconf 86' lang='lat' dir='ltr'>vidit:</span> <span class='ocrx_word' id='word_1_330' title='bbox 160 909 268 944; x_wconf 86' lang='lat' dir='ltr'>Proprie</span> <span class='ocrx_word' id='word_1_331' title='bbox 281 907 350 939; x_wconf 87' lang='lat' dir='ltr'>dixi,</span> <span class='ocrx_word' id='word_1_332' title='bbox 369 906 438 933; x_wconf 91' lang='lat' dir='ltr'>nihil</span> <span class='ocrx_word' id='word_1_333' title='bbox 450 907 521 934; x_wconf 89' lang='lat' dir='ltr'>enim</span> <span class='ocrx_word' id='word_1_334' title='bbox 535 907 646 941; x_wconf 86' lang='lat' dir='ltr'>amplius</span> <span class='ocrx_word' id='word_1_335' title='bbox 661 915 739 941; x_wconf 85' lang='lat' dir='ltr'>quam</span> <span class='ocrx_word' id='word_1_336' title='bbox 753 904 830 932; x_wconf 89' lang='lat' dir='ltr'>vidit.</span> <span class='ocrx_word' id='word_1_337' title='bbox 885 904 1009 944; x_wconf 74' lang='lat' dir='ltr'>Publice,</span> <span class='ocrx_word' id='word_1_338' title='bbox 1029 905 1052 931; x_wconf 82' lang='lat' dir='ltr'>h.</span> <span class='ocrx_word' id='word_1_339' title='bbox 1066 915 1085 945; x_wconf 63' lang='lat' dir='ltr'>g.</span> <span class='ocrx_word' id='word_1_340' title='bbox 1150 914 1211 935; x_wconf 87' lang='lat' dir='ltr'>mat.</span> <span class='ocrx_word' id='word_1_341' title='bbox 1247 910 1401 943; x_wconf 79' lang='lat' dir='ltr'>Impudensl</span> <span class='ocrx_word' id='word_1_342' title='bbox 1422 921 1469 945; x_wconf 87' lang='lat' dir='ltr'>per</span> <span class='ocrx_word' id='word_1_343' title='bbox 1480 912 1621 939; x_wconf 85' lang='lat' dir='ltr'>ridiculum</span> <span class='ocrx_word' id='word_1_344' title='bbox 1633 918 1662 939; x_wconf 88' lang='lat' dir='ltr'>vt</span> <span class='ocrx_word' id='word_1_345' title='bbox 1675 912 1773 939; x_wconf 85' lang='lat' dir='ltr'>rustico</span> <span class='ocrx_word' id='word_1_346' title='bbox 1786 912 1874 939; x_wconf 83' lang='lat' dir='ltr'>suadet</span> <span class='ocrx_word' id='word_1_347' title='bbox 1887 913 2015 948; x_wconf 81' lang='lat' dir='ltr'>stuprum.</span> <span class='ocrx_word' id='word_1_348' title='bbox 2053 915 2105 940; x_wconf 82' lang='lat' dir='ltr'>Hic</span> <span class='ocrx_word' id='word_1_349' title='bbox 2116 913 2195 949; x_wconf 68' lang='lat' dir='ltr'>Asta.</span> 
     </span>
     <span class='ocr_line' id='line_1_20' title="bbox 57 940 2193 983; baseline 0.004 -13"><span class='ocrx_word' id='word_1_350' title='bbox 57 944 165 970; x_wconf 68' lang='lat' dir='ltr'>Nomine</span> <span class='ocrx_word' id='word_1_351' title='bbox 174 945 270 980; x_wconf 78' lang='lat' dir='ltr'>publico</span> <span class='ocrx_word' id='word_1_352' title='bbox 280 945 393 969; x_wconf 80' lang='lat' dir='ltr'>ciuitatis</span> <span class='ocrx_word' id='word_1_353' title='bbox 405 942 435 969; x_wconf 85' lang='lat' dir='ltr'>ab</span> <span class='ocrx_word' id='word_1_354' title='bbox 448 944 545 980; x_wconf 78' lang='lat' dir='ltr'>legatis.</span> <span class='ocrx_word' id='word_1_355' title='bbox 567 943 622 969; x_wconf 85' lang='lat' dir='ltr'>Cic.</span> <span class='ocrx_word' id='word_1_356' title='bbox 636 944 711 969; x_wconf 83' lang='lat' dir='ltr'>Verr.</span> <span class='ocrx_word' id='word_1_357' title='bbox 723 949 745 974; x_wconf 80' lang='lat'>3.</span> <span class='ocrx_word' id='word_1_358' title='bbox 756 948 783 974; x_wconf 72' lang='lat'>55</span> <span class='ocrx_word' id='word_1_359' title='bbox 796 976 801 981; x_wconf 90' lang='lat'>.</span> <span class='ocrx_word' id='word_1_360' title='bbox 813 941 872 980; x_wconf 76' lang='lat' dir='ltr'>Hoc</span> <span class='ocrx_word' id='word_1_361' title='bbox 887 940 1012 980; x_wconf 75' lang='lat' dir='ltr'>nauarchi</span> <span class='ocrx_word' id='word_1_362' title='bbox 1025 941 1087 967; x_wconf 84' lang='lat' dir='ltr'>reli·</span> <span class='ocrx_word' id='word_1_363' title='bbox 1144 944 1233 980; x_wconf 77' lang='lat' dir='ltr'>phium</span> <span class='ocrx_word' id='word_1_364' title='bbox 1245 945 1272 970; x_wconf 86' lang='lat' dir='ltr'>in</span> <span class='ocrx_word' id='word_1_365' title='bbox 1285 948 1352 972; x_wconf 86' lang='lat' dir='ltr'>viam</span> <span class='ocrx_word' id='word_1_366' title='bbox 1365 945 1497 974; x_wconf 69' lang='lat' dir='ltr'>redut-‘lura</span> <span class='ocrx_word' id='word_1_367' title='bbox 1510 948 1629 974; x_wconf 79' lang='lat' dir='ltr'>hominem</span> <span class='ocrx_word' id='word_1_368' title='bbox 1638 967 1646 980; x_wconf 90' lang='lat'>,</span> <span class='ocrx_word' id='word_1_369' title='bbox 1666 949 1736 974; x_wconf 87' lang='lat' dir='ltr'>Iram</span> <span class='ocrx_word' id='word_1_370' title='bbox 1750 947 1817 979; x_wconf 84' lang='lat' dir='ltr'>dixi,</span> <span class='ocrx_word' id='word_1_371' title='bbox 1830 951 1926 983; x_wconf 85' lang='lat' dir='ltr'>inquit,</span> <span class='ocrx_word' id='word_1_372' title='bbox 1947 949 1973 975; x_wconf 86' lang='lat' dir='ltr'>h.</span> <span class='ocrx_word' id='word_1_373' title='bbox 1987 959 2007 976; x_wconf 83' lang='lat' dir='ltr'>e.</span> <span class='ocrx_word' id='word_1_374' title='bbox 2019 948 2100 976; x_wconf 78' lang='lat' dir='ltr'>dicere</span> <span class='ocrx_word' id='word_1_375' title='bbox 2114 952 2193 982; x_wconf 77' lang='lat' dir='ltr'>volui.</span> 
     </span>
     <span class='ocr_line' id='line_1_21' title="bbox 56 976 2194 1014; baseline 0.003 -10"><span class='ocrx_word' id='word_1_376' title='bbox 56 979 104 1013; x_wconf 90' lang='lat' dir='ltr'>qui</span> <span class='ocrx_word' id='word_1_377' title='bbox 121 979 223 1011; x_wconf 86' lang='lat' dir='ltr'>dicunt,</span> <span class='ocrx_word' id='word_1_378' title='bbox 241 978 289 1005; x_wconf 88' lang='lat' dir='ltr'>hoc</span> <span class='ocrx_word' id='word_1_379' title='bbox 307 977 468 1005; x_wconf 86' lang='lat' dir='ltr'>Netinorum</span> <span class='ocrx_word' id='word_1_380' title='bbox 488 978 604 1006; x_wconf 88' lang='lat' dir='ltr'>federata</span> <span class='ocrx_word' id='word_1_381' title='bbox 623 977 715 1004; x_wconf 85' lang='lat' dir='ltr'>ciuitas</span> <span class='ocrx_word' id='word_1_382' title='bbox 728 976 833 1003; x_wconf 78' lang='lat' dir='ltr'>Publice</span> <span class='ocrx_word' id='word_1_383' title='bbox 846 976 918 1002; x_wconf 86' lang='lat' dir='ltr'>dicit.</span> <span class='ocrx_word' id='word_1_384' title='bbox 979 976 1044 1002; x_wconf 88' lang='lat' dir='ltr'>Pure</span> <span class='ocrx_word' id='word_1_385' title='bbox 1057 985 1086 1002; x_wconf 84' lang='lat' dir='ltr'>ac</span> <span class='ocrx_word' id='word_1_386' title='bbox 1096 985 1132 1004; x_wconf 86' lang='lat'>20</span> <span class='ocrx_word' id='word_1_387' title='bbox 1149 979 1267 1007; x_wconf 75' lang='lat' dir='ltr'>intellexi.</span> <span class='ocrx_word' id='word_1_388' title='bbox 1320 983 1355 1007; x_wconf 89' lang='lat' dir='ltr'>At</span> <span class='ocrx_word' id='word_1_389' title='bbox 1366 982 1512 1009; x_wconf 82' lang='lat' dir='ltr'>nesciebam</span> <span class='ocrx_word' id='word_1_390' title='bbox 1527 983 1554 1009; x_wconf 85' lang='lat' dir='ltr'>id</span> <span class='ocrx_word' id='word_1_391' title='bbox 1567 983 1654 1009; x_wconf 87' lang='lat' dir='ltr'>dicere</span> <span class='ocrx_word' id='word_1_392' title='bbox 1667 982 1753 1009; x_wconf 84' lang='lat' dir='ltr'>illam:</span> <span class='ocrx_word' id='word_1_393' title='bbox 1774 986 1792 1009; x_wconf 89' lang='lat' dir='ltr'>i.</span> <span class='ocrx_word' id='word_1_394' title='bbox 1806 982 1834 1008; x_wconf 81' lang='lat' dir='ltr'>id</span> <span class='ocrx_word' id='word_1_395' title='bbox 1846 984 1905 1009; x_wconf 78' lang='lat' dir='ltr'>velle</span> <span class='ocrx_word' id='word_1_396' title='bbox 1917 984 2000 1010; x_wconf 80' lang='lat' dir='ltr'>intelli</span> <span class='ocrx_word' id='word_1_397' title='bbox 2017 988 2028 1010; x_wconf 85' lang='lat' dir='ltr'>i</span> <span class='ocrx_word' id='word_1_398' title='bbox 2039 994 2054 1011; x_wconf 89' lang='lat' dir='ltr'>a</span> <span class='ocrx_word' id='word_1_399' title='bbox 2065 994 2101 1011; x_wconf 86' lang='lat' dir='ltr'>me</span> <span class='ocrx_word' id='word_1_400' title='bbox 2120 986 2194 1014; x_wconf 79' lang='lat' dir='ltr'>Ter.</span> 
     </span>
     <span class='ocr_line' id='line_1_22' title="bbox 56 1011 2194 1054; baseline 0.003 -14"><span class='ocrx_word' id='word_1_401' title='bbox 56 1014 142 1041; x_wconf 84' lang='lat' dir='ltr'>solute</span> <span class='ocrx_word' id='word_1_402' title='bbox 155 1014 254 1042; x_wconf 86' lang='lat' dir='ltr'>dicebat</span> <span class='ocrx_word' id='word_1_403' title='bbox 266 1014 343 1040; x_wconf 88' lang='lat' dir='ltr'>Cotta</span> <span class='ocrx_word' id='word_1_404' title='bbox 362 1013 435 1040; x_wconf 87' lang='lat' dir='ltr'>Idem</span> <span class='ocrx_word' id='word_1_405' title='bbox 447 1013 476 1040; x_wconf 91' lang='lat' dir='ltr'>in</span> <span class='ocrx_word' id='word_1_406' title='bbox 489 1013 572 1040; x_wconf 86' lang='lat' dir='ltr'>Bruto</span> <span class='ocrx_word' id='word_1_407' title='bbox 593 1022 641 1040; x_wconf 88' lang='lat'>110.</span> <span class='ocrx_word' id='word_1_408' title='bbox 710 1011 804 1038; x_wconf 86' lang='lat' dir='ltr'>Putide</span> <span class='ocrx_word' id='word_1_409' title='bbox 836 1011 874 1038; x_wconf 89' lang='lat' dir='ltr'>Id.</span> <span class='ocrx_word' id='word_1_410' title='bbox 895 1012 923 1037; x_wconf 88' lang='lat' dir='ltr'>in</span> <span class='ocrx_word' id='word_1_411' title='bbox 938 1011 1019 1052; x_wconf 79' lang='lat' dir='ltr'>Bruto</span> <span class='ocrx_word' id='word_1_412' title='bbox 1033 1017 1085 1044; x_wconf 83' lang='lat'>238.</span> <span class='ocrx_word' id='word_1_413' title='bbox 1150 1015 1215 1041; x_wconf 78' lang='lat' dir='ltr'>Eun,</span> <span class='ocrx_word' id='word_1_414' title='bbox 1229 1025 1258 1050; x_wconf 79' lang='lat'>4²</span> <span class='ocrx_word' id='word_1_415' title='bbox 1272 1023 1293 1048; x_wconf 71' lang='grc' dir='ltr'><strong>ς,</strong></span> <span class='ocrx_word' id='word_1_416' title='bbox 1305 1024 1342 1042; x_wconf 79' lang='lat'>10,</span> <span class='ocrx_word' id='word_1_417' title='bbox 1399 1019 1438 1044; x_wconf 73' lang='lat' dir='ltr'>De</span> <span class='ocrx_word' id='word_1_418' title='bbox 1451 1018 1562 1052; x_wconf 61' lang='lat' dir='ltr'>prandio</span> <span class='ocrx_word' id='word_1_419' title='bbox 1576 1018 1652 1050; x_wconf 74' lang='lat' dir='ltr'>dicis,</span> <span class='ocrx_word' id='word_1_420' title='bbox 1665 1017 1787 1051; x_wconf 81' lang='lat' dir='ltr'>debetur,</span> <span class='ocrx_word' id='word_1_421' title='bbox 1801 1017 1870 1044; x_wconf 92' lang='lat' dir='ltr'>dabo</span> <span class='ocrx_word' id='word_1_422' title='bbox 1900 1019 1982 1045; x_wconf 86' lang='lat' dir='ltr'>Plaut.</span> <span class='ocrx_word' id='word_1_423' title='bbox 2016 1028 2075 1046; x_wconf 84' lang='lat' dir='ltr'>oen.</span> <span class='ocrx_word' id='word_1_424' title='bbox 2091 1027 2112 1054; x_wconf 84' lang='lat'>5,</span> <span class='ocrx_word' id='word_1_425' title='bbox 2119 1023 2146 1053; x_wconf 85' lang='lat'>6,</span> <span class='ocrx_word' id='word_1_426' title='bbox 2155 1030 2194 1054; x_wconf 83' lang='lat'>¹3-</span> 
     </span>
     <span class='ocr_line' id='line_1_23' title="bbox 58 1046 2194 1090; baseline 0.003 -14"><span class='ocrx_word' id='word_1_427' title='bbox 58 1050 147 1083; x_wconf 79' lang='lat' dir='ltr'>Qud,</span> <span class='ocrx_word' id='word_1_428' title='bbox 167 1051 269 1085; x_wconf 80' lang='lat' dir='ltr'>quoque</span> <span class='ocrx_word' id='word_1_429' title='bbox 281 1049 367 1081; x_wconf 87' lang='lat' dir='ltr'>flexu,</span> <span class='ocrx_word' id='word_1_430' title='bbox 388 1049 452 1084; x_wconf 90' lang='lat' dir='ltr'>quid</span> <span class='ocrx_word' id='word_1_431' title='bbox 474 1049 586 1082; x_wconf 81' lang='lat' dir='ltr'>lentius,</span> <span class='ocrx_word' id='word_1_432' title='bbox 606 1048 777 1080; x_wconf 80' lang='lat' dir='ltr'>concitatius,</span> <span class='ocrx_word' id='word_1_433' title='bbox 797 1046 1031 1086; x_wconf 32' lang='lat' dir='ltr'>celeriusQlcnius</span> <span class='ocrx_word' id='word_1_434' title='bbox 1049 1047 1087 1074; x_wconf 88' lang='lat' dir='ltr'>di·</span> <span class='ocrx_word' id='word_1_435' title='bbox 1150 1050 1222 1077; x_wconf 86' lang='lat' dir='ltr'>Dicis</span> <span class='ocrx_word' id='word_1_436' title='bbox 1238 1051 1270 1077; x_wconf 89' lang='lat' dir='ltr'>de</span> <span class='ocrx_word' id='word_1_437' title='bbox 1282 1051 1403 1079; x_wconf 74' lang='lat' dir='ltr'>fallacia?</span> <span class='ocrx_word' id='word_1_438' title='bbox 1422 1054 1488 1080; x_wconf 88' lang='lat' dir='ltr'>Ter.</span> <span class='ocrx_word' id='word_1_439' title='bbox 1497 1054 1592 1080; x_wconf 89' lang='lat' dir='ltr'>Heaut.</span> <span class='ocrx_word' id='word_1_440' title='bbox 1605 1062 1628 1085; x_wconf 82' lang='lat'>3,</span> <span class='ocrx_word' id='word_1_441' title='bbox 1642 1062 1665 1085; x_wconf 82' lang='lat'>3,</span> <span class='ocrx_word' id='word_1_442' title='bbox 1678 1061 1714 1086; x_wconf 82' lang='lat'>35.</span> <span class='ocrx_word' id='word_1_443' title='bbox 1787 1050 1807 1089; x_wconf 59' lang='lat' dir='ltr'>q</span> <span class='ocrx_word' id='word_1_444' title='bbox 1826 1060 1840 1085; x_wconf 89' lang='lat'>5</span> <span class='ocrx_word' id='word_1_445' title='bbox 1865 1054 1903 1079; x_wconf 82' lang='lat' dir='ltr'>De</span> <span class='ocrx_word' id='word_1_446' title='bbox 1911 1053 1996 1089; x_wconf 74' lang='lat' dir='ltr'>Ellipfi</span> <span class='ocrx_word' id='word_1_447' title='bbox 2007 1055 2077 1081; x_wconf 83' lang='lat' dir='ltr'>verbi</span> <span class='ocrx_word' id='word_1_448' title='bbox 2084 1055 2194 1090; x_wconf 84' lang='lat' dir='ltr'>Dicere,</span> 
     </span>
     <span class='ocr_line' id='line_1_24' title="bbox 57 1082 2197 1125; baseline 0.003 -14"><span class='ocrx_word' id='word_1_449' title='bbox 57 1085 182 1118; x_wconf 86' lang='lat' dir='ltr'>cendum,</span> <span class='ocrx_word' id='word_1_450' title='bbox 202 1083 388 1117; x_wconf 82' lang='lat' dir='ltr'>demonstrari,</span> <span class='ocrx_word' id='word_1_451' title='bbox 407 1084 455 1110; x_wconf 89' lang='lat' dir='ltr'>nisi</span> <span class='ocrx_word' id='word_1_452' title='bbox 470 1085 498 1111; x_wconf 92' lang='lat' dir='ltr'>in</span> <span class='ocrx_word' id='word_1_453' title='bbox 511 1085 568 1120; x_wconf 87' lang='lat' dir='ltr'>ipso</span> <span class='ocrx_word' id='word_1_454' title='bbox 580 1092 677 1119; x_wconf 85' lang='lat' dir='ltr'>opere,</span> <span class='ocrx_word' id='word_1_455' title='bbox 697 1092 752 1110; x_wconf 90' lang='lat' dir='ltr'>non</span> <span class='ocrx_word' id='word_1_456' title='bbox 771 1082 854 1118; x_wconf 87' lang='lat' dir='ltr'>potest</span> <span class='ocrx_word' id='word_1_457' title='bbox 886 1082 1016 1116; x_wconf 62' lang='lat' dir='ltr'>Qunfflil.</span> <span class='ocrx_word' id='word_1_458' title='bbox 1031 1092 1050 1115; x_wconf 91' lang='lat'>1,</span> <span class='ocrx_word' id='word_1_459' title='bbox 1065 1088 1087 1113; x_wconf 79' lang='lat'>8.</span> <span class='ocrx_word' id='word_1_460' title='bbox 1149 1085 1202 1112; x_wconf 84' lang='lat' dir='ltr'>vid.</span> <span class='ocrx_word' id='word_1_461' title='bbox 1217 1087 1301 1116; x_wconf 81' lang='lat' dir='ltr'>Burm.</span> <span class='ocrx_word' id='word_1_462' title='bbox 1327 1088 1456 1120; x_wconf 67' lang='lat' dir='ltr'>Quinctil.</span> <span class='ocrx_word' id='word_1_463' title='bbox 1472 1088 1544 1116; x_wconf 84' lang='lat' dir='ltr'>Decl.</span> <span class='ocrx_word' id='word_1_464' title='bbox 1558 1096 1603 1121; x_wconf 81' lang='grc'>305</span> <span class='ocrx_word' id='word_1_465' title='bbox 1615 1097 1639 1123; x_wconf 88' lang='lat' dir='ltr'>p.</span> <span class='ocrx_word' id='word_1_466' title='bbox 1652 1096 1710 1122; x_wconf 89' lang='lat'>590.</span> <span class='ocrx_word' id='word_1_467' title='bbox 1765 1088 1861 1115; x_wconf 83' lang='lat' dir='ltr'>Dicere</span> <span class='ocrx_word' id='word_1_468' title='bbox 1874 1097 1903 1114; x_wconf 86' lang='lat' dir='ltr'>ac</span> <span class='ocrx_word' id='word_1_469' title='bbox 1916 1089 2019 1115; x_wconf 84' lang='lat' dir='ltr'>Ducere</span> <span class='ocrx_word' id='word_1_470' title='bbox 2031 1090 2197 1125; x_wconf 69' lang='lat' dir='ltr'>confundunt</span> 
     </span>
     <span class='ocr_line' id='line_1_25' title="bbox 57 1117 2192 1159; baseline 0.004 -15"><span class='ocrx_word' id='word_1_471' title='bbox 57 1120 137 1154; x_wconf 83' lang='lat' dir='ltr'>Qiod</span> <span class='ocrx_word' id='word_1_472' title='bbox 149 1119 252 1147; x_wconf 80' lang='lat' dir='ltr'>videtur</span> <span class='ocrx_word' id='word_1_473' title='bbox 267 1118 326 1146; x_wconf 89' lang='lat' dir='ltr'>dico</span> <span class='ocrx_word' id='word_1_474' title='bbox 343 1119 411 1146; x_wconf 88' lang='lat' dir='ltr'>Ter.</span> <span class='ocrx_word' id='word_1_475' title='bbox 424 1120 520 1147; x_wconf 85' lang='lat' dir='ltr'>Heaut.</span> <span class='ocrx_word' id='word_1_476' title='bbox 539 1129 562 1152; x_wconf 92' lang='grc'>3,</span> <span class='ocrx_word' id='word_1_477' title='bbox 574 1128 597 1152; x_wconf 87' lang='grc'>3,</span> <span class='ocrx_word' id='word_1_478' title='bbox 611 1128 646 1146; x_wconf 89' lang='lat'>21.</span> <span class='ocrx_word' id='word_1_479' title='bbox 711 1120 795 1146; x_wconf 85' lang='lat' dir='ltr'>Plaut.</span> <span class='ocrx_word' id='word_1_480' title='bbox 808 1117 902 1152; x_wconf 87' lang='lat' dir='ltr'>Amph·</span> <span class='ocrx_word' id='word_1_481' title='bbox 923 1127 942 1150; x_wconf 85' lang='lat'>1,</span> <span class='ocrx_word' id='word_1_482' title='bbox 959 1126 978 1150; x_wconf 85' lang='lat'>1,</span> <span class='ocrx_word' id='word_1_483' title='bbox 990 1124 1021 1150; x_wconf 86' lang='lat'>98</span> <span class='ocrx_word' id='word_1_484' title='bbox 1041 1119 1087 1144; x_wconf 88' lang='lat' dir='ltr'>Di·</span> <span class='ocrx_word' id='word_1_485' title='bbox 1150 1121 1278 1148; x_wconf 84' lang='lat' dir='ltr'>Librarii:</span> <span class='ocrx_word' id='word_1_486' title='bbox 1313 1123 1371 1149; x_wconf 82' lang='lat' dir='ltr'>Vid.</span> <span class='ocrx_word' id='word_1_487' title='bbox 1391 1123 1514 1150; x_wconf 78' lang='lat' dir='ltr'>Drakenb.</span> <span class='ocrx_word' id='word_1_488' title='bbox 1528 1124 1561 1150; x_wconf 86' lang='lat' dir='ltr'>ad</span> <span class='ocrx_word' id='word_1_489' title='bbox 1574 1124 1619 1150; x_wconf 87' lang='lat' dir='ltr'>Sil.</span> <span class='ocrx_word' id='word_1_490' title='bbox 1634 1131 1671 1157; x_wconf 92' lang='lat'>12,</span> <span class='ocrx_word' id='word_1_491' title='bbox 1685 1132 1740 1151; x_wconf 74' lang='lat'>221.</span> <span class='ocrx_word' id='word_1_492' title='bbox 1776 1125 1862 1152; x_wconf 81' lang='lat' dir='ltr'>Burm.</span> <span class='ocrx_word' id='word_1_493' title='bbox 1876 1123 1910 1150; x_wconf 84' lang='lat' dir='ltr'>ad</span> <span class='ocrx_word' id='word_1_494' title='bbox 1923 1124 2029 1151; x_wconf 89' lang='lat' dir='ltr'>Nemes.</span> <span class='ocrx_word' id='word_1_495' title='bbox 2044 1125 2096 1151; x_wconf 86' lang='lat' dir='ltr'>Ecl.</span> <span class='ocrx_word' id='word_1_496' title='bbox 2116 1135 2136 1159; x_wconf 89' lang='lat'>1,</span> <span class='ocrx_word' id='word_1_497' title='bbox 2150 1129 2192 1159; x_wconf 82' lang='lat'>63.</span> 
     </span>
     <span class='ocr_line' id='line_1_26' title="bbox 56 1151 2193 1219; baseline 0.003 -37"><span class='ocrx_word' id='word_1_498' title='bbox 56 1157 110 1183; x_wconf 88' lang='lat' dir='ltr'>cito</span> <span class='ocrx_word' id='word_1_499' title='bbox 125 1151 236 1189; x_wconf 79' lang='lat' dir='ltr'>Qii&#39;duis</span> <span class='ocrx_word' id='word_1_500' title='bbox 245 1175 252 1188; x_wconf 88' lang='lat'>‚</span> <span class='ocrx_word' id='word_1_501' title='bbox 279 1163 333 1182; x_wconf 89' lang='lat' dir='ltr'>non</span> <span class='ocrx_word' id='word_1_502' title='bbox 345 1155 457 1182; x_wconf 87' lang='lat' dir='ltr'>nocebo.</span> <span class='ocrx_word' id='word_1_503' title='bbox 528 1155 596 1183; x_wconf 88' lang='lat' dir='ltr'>Ter.</span> <span class='ocrx_word' id='word_1_504' title='bbox 605 1156 700 1181; x_wconf 85' lang='lat' dir='ltr'>Heaut.</span> <span class='ocrx_word' id='word_1_505' title='bbox 714 1162 737 1188; x_wconf 94' lang='lat'>5,</span> <span class='ocrx_word' id='word_1_506' title='bbox 751 1164 774 1188; x_wconf 88' lang='lat'>2,</span> <span class='ocrx_word' id='word_1_507' title='bbox 787 1162 813 1186; x_wconf 83' lang='lat'>33</span> <span class='ocrx_word' id='word_1_508' title='bbox 842 1154 897 1188; x_wconf 79' lang='lat' dir='ltr'>Ego</span> <span class='ocrx_word' id='word_1_509' title='bbox 910 1153 994 1193; x_wconf 67' lang='lat' dir='ltr'>dicam</span> <span class='ocrx_word' id='word_1_510' title='bbox 1007 1153 1086 1187; x_wconf 82' lang='lat' dir='ltr'>Qiod</span> <span class='ocrx_word' id='word_1_511' title='bbox 1100 1161 1132 1189; x_wconf 88' lang='lat'>25</span> <span class='ocrx_word' id='word_1_512' title='bbox 1149 1158 1187 1183; x_wconf 85' lang='lat' dir='ltr'>De</span> <span class='ocrx_word' id='word_1_513' title='bbox 1201 1157 1308 1219; x_wconf 51' lang='lat' dir='ltr'>Sym-ige</span> <span class='ocrx_word' id='word_1_514' title='bbox 1327 1160 1368 1185; x_wconf 81' lang='lat' dir='ltr'>vel</span> <span class='ocrx_word' id='word_1_515' title='bbox 1384 1158 1557 1187; x_wconf 65' lang='lat' dir='ltr'>Contractione</span> <span class='ocrx_word' id='word_1_516' title='bbox 1577 1159 1652 1185; x_wconf 87' lang='lat' dir='ltr'>Dixti</span> <span class='ocrx_word' id='word_1_517' title='bbox 1665 1166 1688 1185; x_wconf 78' lang='lat' dir='ltr'>et</span> <span class='ocrx_word' id='word_1_518' title='bbox 1699 1158 1836 1193; x_wconf 74' lang='lat' dir='ltr'>similium,</span> <span class='ocrx_word' id='word_1_519' title='bbox 1855 1159 1908 1186; x_wconf 85' lang='lat' dir='ltr'>vid.</span> <span class='ocrx_word' id='word_1_520' title='bbox 1928 1169 1988 1195; x_wconf 77' lang='lat' dir='ltr'>quos</span> <span class='ocrx_word' id='word_1_521' title='bbox 1999 1160 2085 1186; x_wconf 84' lang='lat' dir='ltr'>laudat</span> <span class='ocrx_word' id='word_1_522' title='bbox 2103 1162 2193 1188; x_wconf 83' lang='lat' dir='ltr'>Burm.</span> 
     </span>
     <span class='ocr_line' id='line_1_27' title="bbox 57 1189 2196 1228; baseline 0.002 -10"><span class='ocrx_word' id='word_1_523' title='bbox 57 1191 125 1218; x_wconf 83' lang='lat' dir='ltr'>mihi</span> <span class='ocrx_word' id='word_1_524' title='bbox 144 1192 172 1217; x_wconf 89' lang='lat' dir='ltr'>in</span> <span class='ocrx_word' id='word_1_525' title='bbox 190 1196 318 1216; x_wconf 78' lang='lat' dir='ltr'>mentem:</span> <span class='ocrx_word' id='word_1_526' title='bbox 344 1196 373 1217; x_wconf 89' lang='lat' dir='ltr'>tu</span> <span class='ocrx_word' id='word_1_527' title='bbox 392 1190 520 1218; x_wconf 85' lang='lat' dir='ltr'>diiudica.</span> <span class='ocrx_word' id='word_1_528' title='bbox 588 1191 679 1217; x_wconf 83' lang='lat' dir='ltr'>Tacit.</span> <span class='ocrx_word' id='word_1_529' title='bbox 693 1191 760 1217; x_wconf 83' lang='lat' dir='ltr'>Ann.</span> <span class='ocrx_word' id='word_1_530' title='bbox 780 1198 803 1222; x_wconf 89' lang='grc'>3,</span> <span class='ocrx_word' id='word_1_531' title='bbox 816 1198 847 1215; x_wconf 80' lang='lat'>22</span> <span class='ocrx_word' id='word_1_532' title='bbox 876 1189 1016 1222; x_wconf 73' lang='lat' dir='ltr'>Quirinius</span> <span class='ocrx_word' id='word_1_533' title='bbox 1030 1189 1086 1223; x_wconf 89' lang='lat' dir='ltr'>post</span> <span class='ocrx_word' id='word_1_534' title='bbox 1148 1191 1182 1218; x_wconf 80' lang='lat' dir='ltr'>ad</span> <span class='ocrx_word' id='word_1_535' title='bbox 1196 1193 1269 1226; x_wconf 79' lang='lat' dir='ltr'>Qiin</span> <span class='ocrx_word' id='word_1_536' title='bbox 1298 1193 1327 1220; x_wconf 91' lang='lat' dir='ltr'>il.</span> <span class='ocrx_word' id='word_1_537' title='bbox 1340 1203 1365 1227; x_wconf 88' lang='lat'>9,</span> <span class='ocrx_word' id='word_1_538' title='bbox 1377 1203 1389 1226; x_wconf 96' lang='grc'><strong>3</strong></span> <span class='ocrx_word' id='word_1_539' title='bbox 1398 1204 1420 1228; x_wconf 90' lang='lat' dir='ltr'>p.</span> <span class='ocrx_word' id='word_1_540' title='bbox 1433 1197 1491 1224; x_wconf 81' lang='lat'>806.</span> <span class='ocrx_word' id='word_1_541' title='bbox 1560 1194 1625 1221; x_wconf 89' lang='lat' dir='ltr'>Dixi</span> <span class='ocrx_word' id='word_1_542' title='bbox 1640 1194 1782 1221; x_wconf 88' lang='lat' dir='ltr'>Phormio:</span> <span class='ocrx_word' id='word_1_543' title='bbox 1802 1196 1880 1221; x_wconf 85' lang='lat' dir='ltr'>veluti</span> <span class='ocrx_word' id='word_1_544' title='bbox 1891 1199 2066 1222; x_wconf 82' lang='lat' dir='ltr'>comminantis</span> <span class='ocrx_word' id='word_1_545' title='bbox 2078 1203 2101 1222; x_wconf 81' lang='lat' dir='ltr'>et</span> <span class='ocrx_word' id='word_1_546' title='bbox 2113 1203 2196 1223; x_wconf 77' lang='lat' dir='ltr'>terro-</span> 
     </span>
     <span class='ocr_line' id='line_1_28' title="bbox 57 1225 2194 1266; baseline 0.002 -12"><span class='ocrx_word' id='word_1_547' title='bbox 57 1226 154 1254; x_wconf 68' lang='lat' dir='ltr'>dietum</span> <span class='ocrx_word' id='word_1_548' title='bbox 167 1226 313 1261; x_wconf 82' lang='lat' dir='ltr'>Repudium</span> <span class='ocrx_word' id='word_1_549' title='bbox 326 1225 409 1253; x_wconf 88' lang='lat' dir='ltr'>adhuc</span> <span class='ocrx_word' id='word_1_550' title='bbox 429 1226 560 1257; x_wconf 85' lang='lat' dir='ltr'>infensus,</span> <span class='ocrx_word' id='word_1_551' title='bbox 577 1227 699 1261; x_wconf 84' lang='lat' dir='ltr'>quamuis</span> <span class='ocrx_word' id='word_1_552' title='bbox 717 1225 827 1256; x_wconf 84' lang='lat' dir='ltr'>infami,</span> <span class='ocrx_word' id='word_1_553' title='bbox 846 1234 874 1251; x_wconf 90' lang='lat' dir='ltr'>ac</span> <span class='ocrx_word' id='word_1_554' title='bbox 892 1225 997 1251; x_wconf 89' lang='lat' dir='ltr'>nocenti</span> <span class='ocrx_word' id='word_1_555' title='bbox 1011 1226 1086 1251; x_wconf 88' lang='lat' dir='ltr'>mise·</span> <span class='ocrx_word' id='word_1_556' title='bbox 1149 1237 1200 1253; x_wconf 67' lang='lat' dir='ltr'>rem</span> <span class='ocrx_word' id='word_1_557' title='bbox 1211 1231 1374 1256; x_wconf 75' lang='lat' dir='ltr'>incutientis:</span> <span class='ocrx_word' id='word_1_558' title='bbox 1394 1230 1461 1265; x_wconf 81' lang='lat' dir='ltr'>quast</span> <span class='ocrx_word' id='word_1_559' title='bbox 1472 1229 1536 1266; x_wconf 84' lang='lat' dir='ltr'>quod</span> <span class='ocrx_word' id='word_1_560' title='bbox 1546 1229 1632 1263; x_wconf 85' lang='lat' dir='ltr'>dixit,</span> <span class='ocrx_word' id='word_1_561' title='bbox 1643 1229 1798 1266; x_wconf 80' lang='lat' dir='ltr'>suhitofieri</span> <span class='ocrx_word' id='word_1_562' title='bbox 1810 1231 1880 1257; x_wconf 82' lang='lat' dir='ltr'>velit.</span> <span class='ocrx_word' id='word_1_563' title='bbox 1921 1231 1991 1258; x_wconf 88' lang='lat' dir='ltr'>Ter.</span> <span class='ocrx_word' id='word_1_564' title='bbox 2006 1231 2112 1258; x_wconf 87' lang='lat' dir='ltr'>Phorm.</span> <span class='ocrx_word' id='word_1_565' title='bbox 2125 1241 2151 1264; x_wconf 85' lang='lat'>2,</span> <span class='ocrx_word' id='word_1_566' title='bbox 2164 1241 2194 1262; x_wconf 80' lang='lat'>2,</span> 
     </span>
     <span class='ocr_line' id='line_1_29' title="bbox 55 1260 2192 1300; baseline 0.002 -11"><span class='ocrx_word' id='word_1_567' title='bbox 55 1263 184 1290; x_wconf 83' lang='lat' dir='ltr'>rationem</span> <span class='ocrx_word' id='word_1_568' title='bbox 197 1260 340 1288; x_wconf 82' lang='lat' dir='ltr'>addiderat.</span> <span class='ocrx_word' id='word_1_569' title='bbox 412 1262 462 1288; x_wconf 82' lang='lat' dir='ltr'>Res</span> <span class='ocrx_word' id='word_1_570' title='bbox 475 1262 528 1296; x_wconf 87' lang='lat' dir='ltr'>ipsa</span> <span class='ocrx_word' id='word_1_571' title='bbox 542 1261 610 1288; x_wconf 88' lang='lat' dir='ltr'>dicet</span> <span class='ocrx_word' id='word_1_572' title='bbox 620 1261 671 1289; x_wconf 90' lang='lat' dir='ltr'>tibi</span> <span class='ocrx_word' id='word_1_573' title='bbox 688 1260 852 1295; x_wconf 86' lang='lat' dir='ltr'>Plaut.Epid.</span> <span class='ocrx_word' id='word_1_574' title='bbox 865 1267 888 1292; x_wconf 96' lang='lat'>5,</span> <span class='ocrx_word' id='word_1_575' title='bbox 902 1269 925 1293; x_wconf 89' lang='lat'>2,</span> <span class='ocrx_word' id='word_1_576' title='bbox 938 1266 980 1295; x_wconf 79' lang='lat'>48.</span> <span class='ocrx_word' id='word_1_577' title='bbox 1016 1261 1085 1287; x_wconf 87' lang='lat' dir='ltr'>Ter.</span> <span class='ocrx_word' id='word_1_578' title='bbox 1150 1271 1186 1295; x_wconf 88' lang='lat'>90</span> <span class='ocrx_word' id='word_1_579' title='bbox 1215 1263 1273 1290; x_wconf 89' lang='lat' dir='ltr'>Nisi</span> <span class='ocrx_word' id='word_1_580' title='bbox 1286 1270 1315 1291; x_wconf 91' lang='lat' dir='ltr'>tu</span> <span class='ocrx_word' id='word_1_581' title='bbox 1332 1274 1456 1300; x_wconf 83' lang='lat' dir='ltr'>properes</span> <span class='ocrx_word' id='word_1_582' title='bbox 1475 1266 1616 1292; x_wconf 89' lang='lat' dir='ltr'>mulierem</span> <span class='ocrx_word' id='word_1_583' title='bbox 1659 1265 1811 1298; x_wconf 85' lang='lat' dir='ltr'>Abducere,</span> <span class='ocrx_word' id='word_1_584' title='bbox 1838 1274 1888 1300; x_wconf 88' lang='lat' dir='ltr'>ego</span> <span class='ocrx_word' id='word_1_585' title='bbox 1906 1265 1981 1292; x_wconf 91' lang='lat' dir='ltr'>illam</span> <span class='ocrx_word' id='word_1_586' title='bbox 1996 1267 2111 1293; x_wconf 87' lang='lat' dir='ltr'>eiiciam.</span> <span class='ocrx_word' id='word_1_587' title='bbox 2132 1267 2192 1294; x_wconf 83' lang='lat' dir='ltr'>dixi</span> 
     </span>
     <span class='ocr_line' id='line_1_30' title="bbox 56 1295 2194 1356; baseline 0.003 -34"><span class='ocrx_word' id='word_1_588' title='bbox 56 1297 136 1325; x_wconf 82' lang='lat' dir='ltr'>Andr.</span> <span class='ocrx_word' id='word_1_589' title='bbox 149 1304 171 1330; x_wconf 89' lang='lat'>5,</span> <span class='ocrx_word' id='word_1_590' title='bbox 183 1304 207 1330; x_wconf 83' lang='lat'>3,</span> <span class='ocrx_word' id='word_1_591' title='bbox 221 1305 237 1324; x_wconf 89' lang='lat'>2</span> <span class='ocrx_word' id='word_1_592' title='bbox 253 1297 320 1324; x_wconf 88' lang='lat' dir='ltr'>Rem</span> <span class='ocrx_word' id='word_1_593' title='bbox 331 1297 418 1332; x_wconf 87' lang='lat' dir='ltr'>potius</span> <span class='ocrx_word' id='word_1_594' title='bbox 432 1297 514 1332; x_wconf 87' lang='lat' dir='ltr'>ipsam</span> <span class='ocrx_word' id='word_1_595' title='bbox 527 1296 584 1330; x_wconf 91' lang='lat' dir='ltr'>dic,</span> <span class='ocrx_word' id='word_1_596' title='bbox 601 1304 628 1324; x_wconf 84' lang='lat' dir='ltr'>at</span> <span class='ocrx_word' id='word_1_597' title='bbox 639 1297 716 1323; x_wconf 86' lang='lat' dir='ltr'>mitte</span> <span class='ocrx_word' id='word_1_598' title='bbox 729 1296 798 1323; x_wconf 85' lang='lat' dir='ltr'>male</span> <span class='ocrx_word' id='word_1_599' title='bbox 809 1296 900 1331; x_wconf 89' lang='lat' dir='ltr'>loqui,</span> <span class='ocrx_word' id='word_1_600' title='bbox 917 1299 935 1322; x_wconf 89' lang='lat' dir='ltr'>i.</span> <span class='ocrx_word' id='word_1_601' title='bbox 948 1295 1014 1356; x_wconf 56' lang='lat' dir='ltr'>guod</span> <span class='ocrx_word' id='word_1_602' title='bbox 1025 1303 1085 1331; x_wconf 77' lang='lat' dir='ltr'>opus</span> <span class='ocrx_word' id='word_1_603' title='bbox 1149 1297 1286 1326; x_wconf 86' lang='lat' dir='ltr'>Phormio.</span> <span class='ocrx_word' id='word_1_604' title='bbox 1321 1307 1348 1327; x_wconf 78' lang='lat' dir='ltr'>r.</span> <span class='ocrx_word' id='word_1_605' title='bbox 1371 1301 1395 1327; x_wconf 89' lang='lat' dir='ltr'>Si</span> <span class='ocrx_word' id='word_1_606' title='bbox 1409 1307 1438 1327; x_wconf 91' lang='lat' dir='ltr'>tu</span> <span class='ocrx_word' id='word_1_607' title='bbox 1453 1301 1526 1328; x_wconf 89' lang='lat' dir='ltr'>illam</span> <span class='ocrx_word' id='word_1_608' title='bbox 1539 1301 1674 1335; x_wconf 82' lang='lat' dir='ltr'>attigeris,</span> <span class='ocrx_word' id='word_1_609' title='bbox 1696 1302 1767 1327; x_wconf 87' lang='lat' dir='ltr'>secus</span> <span class='ocrx_word' id='word_1_610' title='bbox 1807 1310 1866 1327; x_wconf 89' lang='lat' dir='ltr'>uam</span> <span class='ocrx_word' id='word_1_611' title='bbox 1885 1301 1995 1336; x_wconf 86' lang='lat' dir='ltr'>dignum</span> <span class='ocrx_word' id='word_1_612' title='bbox 2012 1302 2048 1328; x_wconf 88' lang='lat' dir='ltr'>est</span> <span class='ocrx_word' id='word_1_613' title='bbox 2067 1303 2194 1336; x_wconf 87' lang='lat' dir='ltr'>liberam,</span> 
     </span>
     <span class='ocr_line' id='line_1_31' title="bbox 53 1331 2194 1373; baseline 0.001 -11"><span class='ocrx_word' id='word_1_614' title='bbox 53 1331 98 1366; x_wconf 71' lang='lat' dir='ltr'>est,</span> <span class='ocrx_word' id='word_1_615' title='bbox 106 1331 159 1367; x_wconf 66' lang='lat' dir='ltr'>fine</span> <span class='ocrx_word' id='word_1_616' title='bbox 171 1331 319 1359; x_wconf 62' lang='lat' dir='ltr'>maledifl&#39;is-</span> <span class='ocrx_word' id='word_1_617' title='bbox 397 1333 459 1359; x_wconf 78' lang='lat' dir='ltr'>Liu-</span> <span class='ocrx_word' id='word_1_618' title='bbox 474 1340 529 1366; x_wconf 65' lang='lat'>2⁵5.</span> <span class='ocrx_word' id='word_1_619' title='bbox 551 1353 559 1359; x_wconf 86' lang='lat'><strong>·</strong></span> <span class='ocrx_word' id='word_1_620' title='bbox 595 1353 602 1360; x_wconf 91' lang='lat'>.</span> <span class='ocrx_word' id='word_1_621' title='bbox 639 1332 667 1359; x_wconf 84' lang='lat' dir='ltr'>Si</span> <span class='ocrx_word' id='word_1_622' title='bbox 680 1332 727 1367; x_wconf 88' lang='lat' dir='ltr'>qui</span> <span class='ocrx_word' id='word_1_623' title='bbox 739 1331 846 1359; x_wconf 86' lang='lat' dir='ltr'>roboris</span> <span class='ocrx_word' id='word_1_624' title='bbox 859 1331 918 1357; x_wconf 87' lang='lat' dir='ltr'>satis</span> <span class='ocrx_word' id='word_1_625' title='bbox 932 1340 946 1372; x_wconf 76' lang='lat' dir='ltr'>a</span> <span class='ocrx_word' id='word_1_626' title='bbox 977 1331 1086 1372; x_wconf 71' lang='lat' dir='ltr'>ferenda</span> <span class='ocrx_word' id='word_1_627' title='bbox 1103 1338 1135 1363; x_wconf 86' lang='lat'>30</span> <span class='ocrx_word' id='word_1_628' title='bbox 1150 1333 1242 1361; x_wconf 80' lang='lat' dir='ltr'>Dicam</span> <span class='ocrx_word' id='word_1_629' title='bbox 1255 1335 1401 1371; x_wconf 81' lang='lat' dir='ltr'>impingam</span> <span class='ocrx_word' id='word_1_630' title='bbox 1416 1336 1468 1363; x_wconf 84' lang='lat' dir='ltr'>tibi</span> <span class='ocrx_word' id='word_1_631' title='bbox 1480 1336 1613 1371; x_wconf 84' lang='lat' dir='ltr'>grandem.</span> <span class='ocrx_word' id='word_1_632' title='bbox 1628 1336 1685 1362; x_wconf 87' lang='lat' dir='ltr'>dixi</span> <span class='ocrx_word' id='word_1_633' title='bbox 1698 1337 1792 1371; x_wconf 84' lang='lat' dir='ltr'>Demip</span> <span class='ocrx_word' id='word_1_634' title='bbox 1813 1345 1838 1363; x_wconf 91' lang='lat'>0.</span> <span class='ocrx_word' id='word_1_635' title='bbox 1891 1338 1939 1363; x_wconf 78' lang='lat' dir='ltr'>Vbi</span> <span class='ocrx_word' id='word_1_636' title='bbox 1959 1338 2091 1373; x_wconf 81' lang='lat' dir='ltr'>Donatus,</span> <span class='ocrx_word' id='word_1_637' title='bbox 2115 1339 2194 1370; x_wconf 83' lang='lat' dir='ltr'>Dixi,</span> 
     </span>
     <span class='ocr_line' id='line_1_32' title="bbox 53 1367 2195 1406; baseline 0.003 -12"><span class='ocrx_word' id='word_1_638' title='bbox 53 1376 125 1395; x_wconf 82' lang='lat' dir='ltr'>arma</span> <span class='ocrx_word' id='word_1_639' title='bbox 136 1367 232 1394; x_wconf 88' lang='lat' dir='ltr'>habere</span> <span class='ocrx_word' id='word_1_640' title='bbox 244 1368 417 1401; x_wconf 86' lang='lat' dir='ltr'>viderentur,</span> <span class='ocrx_word' id='word_1_641' title='bbox 434 1369 511 1394; x_wconf 83' lang='lat' dir='ltr'>etiarn</span> <span class='ocrx_word' id='word_1_642' title='bbox 527 1367 544 1394; x_wconf 85' lang='lat' dir='ltr'>si</span> <span class='ocrx_word' id='word_1_643' title='bbox 557 1367 676 1395; x_wconf 89' lang='lat' dir='ltr'>nondum</span> <span class='ocrx_word' id='word_1_644' title='bbox 688 1367 800 1394; x_wconf 84' lang='lat' dir='ltr'>militari</span> <span class='ocrx_word' id='word_1_645' title='bbox 811 1372 894 1393; x_wconf 90' lang='lat' dir='ltr'>aetate</span> <span class='ocrx_word' id='word_1_646' title='bbox 907 1368 999 1399; x_wconf 85' lang='lat' dir='ltr'>eslent,</span> <span class='ocrx_word' id='word_1_647' title='bbox 1018 1367 1086 1393; x_wconf 89' lang='lat' dir='ltr'>mili·</span> <span class='ocrx_word' id='word_1_648' title='bbox 1150 1369 1234 1396; x_wconf 89' lang='lat' dir='ltr'>solent</span> <span class='ocrx_word' id='word_1_649' title='bbox 1247 1369 1335 1398; x_wconf 88' lang='lat' dir='ltr'>dicere</span> <span class='ocrx_word' id='word_1_650' title='bbox 1355 1378 1475 1406; x_wconf 88' lang='lat' dir='ltr'>perorata</span> <span class='ocrx_word' id='word_1_651' title='bbox 1496 1373 1586 1404; x_wconf 88' lang='lat' dir='ltr'>causa,</span> <span class='ocrx_word' id='word_1_652' title='bbox 1606 1377 1632 1398; x_wconf 89' lang='lat' dir='ltr'>et</span> <span class='ocrx_word' id='word_1_653' title='bbox 1649 1372 1717 1398; x_wconf 87' lang='lat' dir='ltr'>mire</span> <span class='ocrx_word' id='word_1_654' title='bbox 1733 1373 1968 1399; x_wconf 85' lang='lat' dir='ltr'>comminationem</span> <span class='ocrx_word' id='word_1_655' title='bbox 1986 1379 2013 1400; x_wconf 88' lang='lat' dir='ltr'>et</span> <span class='ocrx_word' id='word_1_656' title='bbox 2024 1374 2195 1401; x_wconf 78' lang='lat' dir='ltr'>ferocitatem</span> 
     </span>
     <span class='ocr_line' id='line_1_33' title="bbox 52 1402 2197 1444; baseline 0.001 -14"><span class='ocrx_word' id='word_1_657' title='bbox 52 1410 89 1430; x_wconf 74' lang='lat' dir='ltr'>tes</span> <span class='ocrx_word' id='word_1_658' title='bbox 103 1403 206 1430; x_wconf 83' lang='lat' dir='ltr'>fierent:</span> <span class='ocrx_word' id='word_1_659' title='bbox 227 1403 450 1438; x_wconf 83' lang='lat' dir='ltr'>Tribuniplebis,</span> <span class='ocrx_word' id='word_1_660' title='bbox 477 1403 495 1430; x_wconf 89' lang='lat' dir='ltr'>si</span> <span class='ocrx_word' id='word_1_661' title='bbox 514 1404 551 1430; x_wconf 86' lang='lat' dir='ltr'>eis</span> <span class='ocrx_word' id='word_1_662' title='bbox 569 1404 719 1436; x_wconf 88' lang='lat' dir='ltr'>videretur,</span> <span class='ocrx_word' id='word_1_663' title='bbox 734 1403 767 1429; x_wconf 89' lang='lat' dir='ltr'>ad</span> <span class='ocrx_word' id='word_1_664' title='bbox 779 1402 906 1437; x_wconf 88' lang='lat' dir='ltr'>populum</span> <span class='ocrx_word' id='word_1_665' title='bbox 924 1402 1039 1442; x_wconf 79' lang='lat' dir='ltr'>ferrent,</span> <span class='ocrx_word' id='word_1_666' title='bbox 1058 1408 1087 1429; x_wconf 93' lang='lat' dir='ltr'>vt</span> <span class='ocrx_word' id='word_1_667' title='bbox 1151 1405 1327 1440; x_wconf 85' lang='lat' dir='ltr'>Demiphonis</span> <span class='ocrx_word' id='word_1_668' title='bbox 1338 1407 1456 1434; x_wconf 77' lang='lat' dir='ltr'>imitatus</span> <span class='ocrx_word' id='word_1_669' title='bbox 1475 1407 1512 1434; x_wconf 82' lang='lat' dir='ltr'>est</span> <span class='ocrx_word' id='word_1_670' title='bbox 1524 1407 1651 1434; x_wconf 83' lang='lat' dir='ltr'>Phormio</span> <span class='ocrx_word' id='word_1_671' title='bbox 1668 1407 1748 1434; x_wconf 77' lang='lat' dir='ltr'>simili</span> <span class='ocrx_word' id='word_1_672' title='bbox 1762 1407 1855 1434; x_wconf 84' lang='lat' dir='ltr'>verbo.</span> <span class='ocrx_word' id='word_1_673' title='bbox 1924 1409 2022 1435; x_wconf 85' lang='lat' dir='ltr'>Dixine</span> <span class='ocrx_word' id='word_1_674' title='bbox 2035 1417 2084 1444; x_wconf 86' lang='lat' dir='ltr'>ego</span> <span class='ocrx_word' id='word_1_675' title='bbox 2097 1410 2126 1436; x_wconf 84' lang='lat' dir='ltr'>in</span> <span class='ocrx_word' id='word_1_676' title='bbox 2139 1409 2197 1436; x_wconf 79' lang='lat' dir='ltr'>hoe</span> 
     </span>
     <span class='ocr_line' id='line_1_34' title="bbox 50 1438 2192 1479; baseline 0.003 -15"><span class='ocrx_word' id='word_1_677' title='bbox 50 1438 98 1472; x_wconf 83' lang='lat' dir='ltr'>qui</span> <span class='ocrx_word' id='word_1_678' title='bbox 110 1438 221 1465; x_wconf 87' lang='lat' dir='ltr'>minoris</span> <span class='ocrx_word' id='word_1_679' title='bbox 234 1439 322 1465; x_wconf 89' lang='lat' dir='ltr'>decem</span> <span class='ocrx_word' id='word_1_680' title='bbox 337 1445 362 1466; x_wconf 88' lang='lat' dir='ltr'>et</span> <span class='ocrx_word' id='word_1_681' title='bbox 381 1441 479 1474; x_wconf 84' lang='lat' dir='ltr'>septem</span> <span class='ocrx_word' id='word_1_682' title='bbox 496 1439 570 1466; x_wconf 88' lang='lat' dir='ltr'>annis</span> <span class='ocrx_word' id='word_1_683' title='bbox 587 1440 753 1466; x_wconf 86' lang='lat' dir='ltr'>Sacramento</span> <span class='ocrx_word' id='word_1_684' title='bbox 769 1438 888 1465; x_wconf 79' lang='lat' dir='ltr'>dixissent</span> <span class='ocrx_word' id='word_1_685' title='bbox 902 1457 910 1470; x_wconf 87' lang='lat'><em>‚</em></span> <span class='ocrx_word' id='word_1_686' title='bbox 930 1438 963 1464; x_wconf 88' lang='lat' dir='ltr'>iis</span> <span class='ocrx_word' id='word_1_687' title='bbox 978 1438 1087 1472; x_wconf 86' lang='lat' dir='ltr'>perinde</span> <span class='ocrx_word' id='word_1_688' title='bbox 1150 1441 1199 1467; x_wconf 79' lang='lat' dir='ltr'>esse</span> <span class='ocrx_word' id='word_1_689' title='bbox 1213 1441 1291 1468; x_wconf 87' lang='lat' dir='ltr'>vobis</span> <span class='ocrx_word' id='word_1_690' title='bbox 1304 1442 1419 1470; x_wconf 88' lang='lat' dir='ltr'>Atticam</span> <span class='ocrx_word' id='word_1_691' title='bbox 1434 1443 1630 1477; x_wconf 63' lang='lat' dir='ltr'>eloquentiam?</span> <span class='ocrx_word' id='word_1_692' title='bbox 1654 1443 1724 1470; x_wconf 87' lang='lat' dir='ltr'>Ter.</span> <span class='ocrx_word' id='word_1_693' title='bbox 1738 1444 1804 1470; x_wconf 83' lang='lat' dir='ltr'>Eun.</span> <span class='ocrx_word' id='word_1_694' title='bbox 1818 1451 1841 1476; x_wconf 90' lang='lat'>5,</span> <span class='ocrx_word' id='word_1_695' title='bbox 1855 1451 1882 1476; x_wconf 82' lang='lat'>9,</span> <span class='ocrx_word' id='word_1_696' title='bbox 1895 1451 1931 1475; x_wconf 83' lang='lat'>33.</span> <span class='ocrx_word' id='word_1_697' title='bbox 2002 1445 2096 1478; x_wconf 86' lang='lat' dir='ltr'>Dices,</span> <span class='ocrx_word' id='word_1_698' title='bbox 2116 1444 2192 1479; x_wconf 76' lang='lat' dir='ltr'>Quid</span> 
     </span>
     <span class='ocr_line' id='line_1_35' title="bbox 48 1473 2191 1513; baseline 0.003 -14"><span class='ocrx_word' id='word_1_699' title='bbox 48 1473 177 1507; x_wconf 78' lang='lat' dir='ltr'>stipendia</span> <span class='ocrx_word' id='word_1_700' title='bbox 197 1475 384 1508; x_wconf 80' lang='lat' dir='ltr'>procederent,</span> <span class='ocrx_word' id='word_1_701' title='bbox 406 1484 435 1501; x_wconf 90' lang='lat' dir='ltr'>ac</span> <span class='ocrx_word' id='word_1_702' title='bbox 455 1475 473 1501; x_wconf 91' lang='lat' dir='ltr'>si</span> <span class='ocrx_word' id='word_1_703' title='bbox 491 1475 589 1510; x_wconf 84' lang='lat' dir='ltr'>viginti</span> <span class='ocrx_word' id='word_1_704' title='bbox 608 1483 755 1506; x_wconf 87' lang='lat' dir='ltr'>annorum,</span> <span class='ocrx_word' id='word_1_705' title='bbox 779 1479 823 1500; x_wconf 90' lang='lat' dir='ltr'>aut</span> <span class='ocrx_word' id='word_1_706' title='bbox 841 1473 970 1505; x_wconf 84' lang='lat' dir='ltr'>maiores,</span> <span class='ocrx_word' id='word_1_707' title='bbox 988 1473 1087 1500; x_wconf 85' lang='lat' dir='ltr'>milites</span> <span class='ocrx_word' id='word_1_708' title='bbox 1152 1476 1256 1510; x_wconf 86' lang='lat' dir='ltr'>postea,</span> <span class='ocrx_word' id='word_1_709' title='bbox 1276 1478 1295 1504; x_wconf 86' lang='lat' dir='ltr'>fi</span> <span class='ocrx_word' id='word_1_710' title='bbox 1317 1479 1418 1505; x_wconf 83' lang='lat' dir='ltr'>Romae</span> <span class='ocrx_word' id='word_1_711' title='bbox 1438 1478 1535 1505; x_wconf 85' lang='lat' dir='ltr'>affiduo</span> <span class='ocrx_word' id='word_1_712' title='bbox 1549 1478 1607 1505; x_wconf 66' lang='lat' dir='ltr'>fui?</span> <span class='ocrx_word' id='word_1_713' title='bbox 1639 1479 1694 1505; x_wconf 85' lang='lat' dir='ltr'>cic.</span> <span class='ocrx_word' id='word_1_714' title='bbox 1712 1487 1761 1513; x_wconf 91' lang='lat' dir='ltr'>pro</span> <span class='ocrx_word' id='word_1_715' title='bbox 1774 1479 1848 1505; x_wconf 86' lang='lat' dir='ltr'>Rosc.</span> <span class='ocrx_word' id='word_1_716' title='bbox 1866 1480 1955 1506; x_wconf 83' lang='lat' dir='ltr'>Amer.</span> <span class='ocrx_word' id='word_1_717' title='bbox 1994 1500 2001 1506; x_wconf 94' lang='lat'>.</span> <span class='ocrx_word' id='word_1_718' title='bbox 2038 1500 2044 1506; x_wconf 93' lang='lat'>.</span> <span class='ocrx_word' id='word_1_719' title='bbox 2116 1481 2191 1507; x_wconf 84' lang='lat' dir='ltr'>Idem</span> 
     </span>
     <span class='ocr_line' id='line_1_36' title="bbox 48 1509 2193 1548; baseline 0.003 -12"><span class='ocrx_word' id='word_1_720' title='bbox 48 1509 114 1536; x_wconf 66' lang='lat' dir='ltr'>faeti</span> <span class='ocrx_word' id='word_1_721' title='bbox 127 1510 214 1536; x_wconf 79' lang='lat' dir='ltr'>essent.</span> <span class='ocrx_word' id='word_1_722' title='bbox 255 1511 312 1537; x_wconf 81' lang='lat' dir='ltr'>Vid.</span> <span class='ocrx_word' id='word_1_723' title='bbox 333 1518 345 1537; x_wconf 86' lang='lat' dir='ltr'>s</span> <span class='ocrx_word' id='word_1_724' title='bbox 354 1518 376 1537; x_wconf 84' lang='grc' dir='ltr'>Α</span> <span class='ocrx_word' id='word_1_725' title='bbox 385 1517 401 1537; x_wconf 91' lang='lat' dir='ltr'>c</span> <span class='ocrx_word' id='word_1_726' title='bbox 410 1518 429 1537; x_wconf 83' lang='lat' dir='ltr'>R</span> <span class='ocrx_word' id='word_1_727' title='bbox 438 1517 458 1536; x_wconf 80' lang='grc' dir='ltr'>Α</span> <span class='ocrx_word' id='word_1_728' title='bbox 467 1517 516 1537; x_wconf 77' lang='lat' dir='ltr'>ME</span> <span class='ocrx_word' id='word_1_729' title='bbox 526 1518 548 1537; x_wconf 78' lang='lat' dir='ltr'>N</span> <span class='ocrx_word' id='word_1_730' title='bbox 557 1518 578 1537; x_wconf 85' lang='lat' dir='ltr'>T</span> <span class='ocrx_word' id='word_1_731' title='bbox 587 1518 607 1538; x_wconf 86' lang='lat' dir='ltr'>v</span> <span class='ocrx_word' id='word_1_732' title='bbox 617 1517 651 1537; x_wconf 86' lang='lat' dir='ltr'>M.</span> <span class='ocrx_word' id='word_1_733' title='bbox 693 1511 734 1537; x_wconf 87' lang='lat' dir='ltr'>Sic</span> <span class='ocrx_word' id='word_1_734' title='bbox 745 1509 806 1536; x_wconf 93' lang='lat' dir='ltr'>Liu.</span> <span class='ocrx_word' id='word_1_735' title='bbox 820 1518 847 1542; x_wconf 87' lang='lat'>4,</span> <span class='ocrx_word' id='word_1_736' title='bbox 883 1528 889 1535; x_wconf 93' lang='lat'>.</span> <span class='ocrx_word' id='word_1_737' title='bbox 928 1528 935 1535; x_wconf 96' lang='lat'>.</span> <span class='ocrx_word' id='word_1_738' title='bbox 972 1511 1030 1536; x_wconf 87' lang='lat' dir='ltr'>Hoc</span> <span class='ocrx_word' id='word_1_739' title='bbox 1044 1509 1088 1535; x_wconf 89' lang='lat' dir='ltr'>de·</span> <span class='ocrx_word' id='word_1_740' title='bbox 1105 1516 1134 1543; x_wconf 86' lang='grc'>35</span> <span class='ocrx_word' id='word_1_741' title='bbox 1152 1512 1234 1538; x_wconf 90' lang='lat' dir='ltr'>Tusc.</span> <span class='ocrx_word' id='word_1_742' title='bbox 1254 1521 1279 1546; x_wconf 93' lang='grc'>3,</span> <span class='ocrx_word' id='word_1_743' title='bbox 1297 1516 1334 1547; x_wconf 87' lang='lat'>46</span> <span class='ocrx_word' id='word_1_744' title='bbox 1366 1515 1443 1541; x_wconf 88' lang='lat' dir='ltr'>Dicet</span> <span class='ocrx_word' id='word_1_745' title='bbox 1460 1514 1570 1548; x_wconf 87' lang='lat' dir='ltr'>aliquis,</span> <span class='ocrx_word' id='word_1_746' title='bbox 1591 1514 1664 1547; x_wconf 79' lang='lat' dir='ltr'>Qtid</span> <span class='ocrx_word' id='word_1_747' title='bbox 1685 1523 1748 1547; x_wconf 83' lang='lat' dir='ltr'>ergo</span> <span class='ocrx_word' id='word_1_748' title='bbox 1761 1520 1788 1541; x_wconf 87' lang='lat' dir='ltr'>tu</span> <span class='ocrx_word' id='word_1_749' title='bbox 1809 1514 1952 1548; x_wconf 86' lang='lat' dir='ltr'>Epicurum</span> <span class='ocrx_word' id='word_1_750' title='bbox 1965 1515 2131 1542; x_wconf 84' lang='lat' dir='ltr'>existimabas</span> <span class='ocrx_word' id='word_1_751' title='bbox 2143 1524 2193 1542; x_wconf 87' lang='lat' dir='ltr'>vo-</span> 
     </span>
     <span class='ocr_line' id='line_1_37' title="bbox 50 1543 2193 1586; baseline 0.003 -16"><span class='ocrx_word' id='word_1_752' title='bbox 50 1550 123 1571; x_wconf 88' lang='lat' dir='ltr'>ereto</span> <span class='ocrx_word' id='word_1_753' title='bbox 137 1546 235 1572; x_wconf 89' lang='lat' dir='ltr'>Consul</span> <span class='ocrx_word' id='word_1_754' title='bbox 249 1551 378 1577; x_wconf 61' lang='lat' dir='ltr'>armatus,</span> <span class='ocrx_word' id='word_1_755' title='bbox 397 1555 479 1581; x_wconf 91' lang='lat' dir='ltr'>quum</span> <span class='ocrx_word' id='word_1_756' title='bbox 492 1547 581 1581; x_wconf 82' lang='lat' dir='ltr'>paucis</span> <span class='ocrx_word' id='word_1_757' title='bbox 595 1545 786 1580; x_wconf 80' lang='lat' dir='ltr'>appellantibus</span> <span class='ocrx_word' id='word_1_758' title='bbox 799 1543 972 1576; x_wconf 83' lang='lat' dir='ltr'>Tribunum,</span> <span class='ocrx_word' id='word_1_759' title='bbox 989 1544 1089 1571; x_wconf 89' lang='lat' dir='ltr'>collum</span> <span class='ocrx_word' id='word_1_760' title='bbox 1152 1547 1242 1574; x_wconf 71' lang='lat' dir='ltr'>luisse?</span> <span class='ocrx_word' id='word_1_761' title='bbox 1313 1550 1356 1576; x_wconf 89' lang='lat' dir='ltr'>Ne</span> <span class='ocrx_word' id='word_1_762' title='bbox 1372 1549 1440 1575; x_wconf 88' lang='lat' dir='ltr'>dixis</span> <span class='ocrx_word' id='word_1_763' title='bbox 1453 1549 1533 1581; x_wconf 87' lang='lat' dir='ltr'>istuc,</span> <span class='ocrx_word' id='word_1_764' title='bbox 1562 1550 1642 1575; x_wconf 82' lang='lat' dir='ltr'>Genus</span> <span class='ocrx_word' id='word_1_765' title='bbox 1658 1548 1693 1581; x_wconf 77' lang='lat' dir='ltr'>est</span> <span class='ocrx_word' id='word_1_766' title='bbox 1711 1549 1818 1585; x_wconf 80' lang='lat' dir='ltr'>negandi</span> <span class='ocrx_word' id='word_1_767' title='bbox 1835 1549 1900 1584; x_wconf 83' lang='lat' dir='ltr'>quod</span> <span class='ocrx_word' id='word_1_768' title='bbox 1915 1553 1972 1585; x_wconf 85' lang='lat' dir='ltr'>quis</span> <span class='ocrx_word' id='word_1_769' title='bbox 1990 1551 2101 1583; x_wconf 77' lang='lat' dir='ltr'>dixerit,</span> <span class='ocrx_word' id='word_1_770' title='bbox 2124 1550 2193 1586; x_wconf 80' lang='lat' dir='ltr'>quafi</span> 
     </span>
     <span class='ocr_line' id='line_1_38' title="bbox 49 1579 2194 1618; baseline 0.002 -12"><span class='ocrx_word' id='word_1_771' title='bbox 49 1579 173 1613; x_wconf 77' lang='lat' dir='ltr'>torsisset,</span> <span class='ocrx_word' id='word_1_772' title='bbox 193 1587 266 1608; x_wconf 87' lang='lat' dir='ltr'>mem</span> <span class='ocrx_word' id='word_1_773' title='bbox 280 1582 548 1609; x_wconf 87' lang='lat' dir='ltr'>caeteriSacramento</span> <span class='ocrx_word' id='word_1_774' title='bbox 567 1581 666 1608; x_wconf 56' lang='lat' dir='ltr'>distre.</span> <span class='ocrx_word' id='word_1_775' title='bbox 738 1581 805 1606; x_wconf 89' lang='lat' dir='ltr'>Hor.</span> <span class='ocrx_word' id='word_1_776' title='bbox 821 1579 871 1606; x_wconf 91' lang='lat' dir='ltr'>Od.</span> <span class='ocrx_word' id='word_1_777' title='bbox 885 1588 910 1612; x_wconf 81' lang='lat'>2,</span> <span class='ocrx_word' id='word_1_778' title='bbox 925 1587 963 1614; x_wconf 92' lang='lat'>17,</span> <span class='ocrx_word' id='word_1_779' title='bbox 978 1589 995 1613; x_wconf 90' lang='lat'><em>9</em></span> <span class='ocrx_word' id='word_1_780' title='bbox 1023 1581 1088 1606; x_wconf 87' lang='lat' dir='ltr'>Non</span> <span class='ocrx_word' id='word_1_781' title='bbox 1151 1586 1208 1617; x_wconf 80' lang='lat' dir='ltr'>quis</span> <span class='ocrx_word' id='word_1_782' title='bbox 1221 1583 1306 1616; x_wconf 82' lang='lat' dir='ltr'>dicat,</span> <span class='ocrx_word' id='word_1_783' title='bbox 1326 1585 1390 1611; x_wconf 92' lang='lat' dir='ltr'>Non</span> <span class='ocrx_word' id='word_1_784' title='bbox 1406 1585 1443 1610; x_wconf 91' lang='lat' dir='ltr'>ita</span> <span class='ocrx_word' id='word_1_785' title='bbox 1457 1584 1493 1610; x_wconf 87' lang='lat' dir='ltr'>est</span> <span class='ocrx_word' id='word_1_786' title='bbox 1506 1590 1534 1610; x_wconf 92' lang='lat' dir='ltr'>vt</span> <span class='ocrx_word' id='word_1_787' title='bbox 1549 1583 1614 1610; x_wconf 89' lang='lat' dir='ltr'>dicis</span> <span class='ocrx_word' id='word_1_788' title='bbox 1643 1584 1725 1611; x_wconf 85' lang='lat' dir='ltr'>Plaut.</span> <span class='ocrx_word' id='word_1_789' title='bbox 1740 1585 1810 1611; x_wconf 84' lang='lat' dir='ltr'>Asin.</span> <span class='ocrx_word' id='word_1_790' title='bbox 1828 1593 1846 1615; x_wconf 90' lang='lat'>1,</span> <span class='ocrx_word' id='word_1_791' title='bbox 1862 1593 1881 1615; x_wconf 91' lang='lat'>1,</span> <span class='ocrx_word' id='word_1_792' title='bbox 1896 1590 1937 1616; x_wconf 85' lang='lat'>48.</span> <span class='ocrx_word' id='word_1_793' title='bbox 2009 1586 2120 1618; x_wconf 84' lang='lat' dir='ltr'>Dicere,</span> <span class='ocrx_word' id='word_1_794' title='bbox 2140 1587 2194 1611; x_wconf 87' lang='lat' dir='ltr'>No-</span> 
     </span>
     <span class='ocr_line' id='line_1_39' title="bbox 50 1615 2194 1654; baseline 0.002 -13"><span class='ocrx_word' id='word_1_795' title='bbox 50 1624 100 1650; x_wconf 85' lang='lat' dir='ltr'>ego</span> <span class='ocrx_word' id='word_1_796' title='bbox 112 1616 242 1650; x_wconf 85' lang='lat' dir='ltr'>perfidum</span> <span class='ocrx_word' id='word_1_797' title='bbox 276 1618 341 1643; x_wconf 87' lang='lat' dir='ltr'>Dixi</span> <span class='ocrx_word' id='word_1_798' title='bbox 355 1617 559 1643; x_wconf 85' lang='lat' dir='ltr'>Sacramentum.</span> <span class='ocrx_word' id='word_1_799' title='bbox 628 1616 721 1643; x_wconf 89' lang='lat' dir='ltr'>Tacit.</span> <span class='ocrx_word' id='word_1_800' title='bbox 735 1615 803 1642; x_wconf 78' lang='lat' dir='ltr'>Hist.</span> <span class='ocrx_word' id='word_1_801' title='bbox 823 1623 851 1647; x_wconf 88' lang='lat'>4,</span> <span class='ocrx_word' id='word_1_802' title='bbox 863 1623 889 1647; x_wconf 91' lang='grc'>31</span> <span class='ocrx_word' id='word_1_803' title='bbox 914 1615 990 1642; x_wconf 89' lang='lat' dir='ltr'>Dixit</span> <span class='ocrx_word' id='word_1_804' title='bbox 1002 1616 1087 1641; x_wconf 87' lang='lat' dir='ltr'>Sacra·</span> <span class='ocrx_word' id='word_1_805' title='bbox 1151 1620 1255 1644; x_wconf 81' lang='lat' dir='ltr'>minare.</span> <span class='ocrx_word' id='word_1_806' title='bbox 1326 1620 1401 1653; x_wconf 87' lang='lat' dir='ltr'>Virg.</span> <span class='ocrx_word' id='word_1_807' title='bbox 1415 1620 1479 1645; x_wconf 86' lang='lat' dir='ltr'>Aen.</span> <span class='ocrx_word' id='word_1_808' title='bbox 1497 1628 1517 1652; x_wconf 91' lang='lat'>1,</span> <span class='ocrx_word' id='word_1_809' title='bbox 1531 1626 1577 1652; x_wconf 78' lang='lat'>530</span> <span class='ocrx_word' id='word_1_810' title='bbox 1606 1619 1647 1645; x_wconf 84' lang='lat' dir='ltr'>Est</span> <span class='ocrx_word' id='word_1_811' title='bbox 1659 1619 1748 1651; x_wconf 86' lang='lat' dir='ltr'>locus,</span> <span class='ocrx_word' id='word_1_812' title='bbox 1764 1619 1921 1653; x_wconf 86' lang='lat' dir='ltr'>Hesperiam</span> <span class='ocrx_word' id='word_1_813' title='bbox 1940 1619 2015 1645; x_wconf 88' lang='lat' dir='ltr'>Graii</span> <span class='ocrx_word' id='word_1_814' title='bbox 2033 1620 2194 1654; x_wconf 80' lang='lat' dir='ltr'>cognomine</span> 
     </span>
     <span class='ocr_line' id='line_1_40' title="bbox 49 1649 2194 1689; baseline 0.002 -11"><span class='ocrx_word' id='word_1_815' title='bbox 49 1658 168 1678; x_wconf 84' lang='lat' dir='ltr'>mentum</span> <span class='ocrx_word' id='word_1_816' title='bbox 177 1672 186 1684; x_wconf 93' lang='lat'>,</span> <span class='ocrx_word' id='word_1_817' title='bbox 203 1661 258 1679; x_wconf 89' lang='lat' dir='ltr'>non</span> <span class='ocrx_word' id='word_1_818' title='bbox 269 1652 358 1685; x_wconf 88' lang='lat' dir='ltr'>vultu,</span> <span class='ocrx_word' id='word_1_819' title='bbox 365 1661 450 1687; x_wconf 89' lang='lat' dir='ltr'>neque</span> <span class='ocrx_word' id='word_1_820' title='bbox 459 1653 549 1679; x_wconf 90' lang='lat' dir='ltr'>animo</span> <span class='ocrx_word' id='word_1_821' title='bbox 563 1652 622 1678; x_wconf 84' lang='lat' dir='ltr'>satis</span> <span class='ocrx_word' id='word_1_822' title='bbox 635 1650 774 1678; x_wconf 83' lang='lat' dir='ltr'>affirmans.</span> <span class='ocrx_word' id='word_1_823' title='bbox 811 1650 871 1675; x_wconf 90' lang='lat' dir='ltr'>Liu.</span> <span class='ocrx_word' id='word_1_824' title='bbox 885 1658 927 1682; x_wconf 83' lang='lat'>24,</span> <span class='ocrx_word' id='word_1_825' title='bbox 942 1655 964 1679; x_wconf 84' lang='lat'>8.</span> <span class='ocrx_word' id='word_1_826' title='bbox 1017 1649 1086 1676; x_wconf 86' lang='lat' dir='ltr'>Salse</span> <span class='ocrx_word' id='word_1_827' title='bbox 1151 1651 1251 1678; x_wconf 88' lang='lat' dir='ltr'>dicunt.</span> <span class='ocrx_word' id='word_1_828' title='bbox 1307 1654 1416 1680; x_wconf 80' lang='lat' dir='ltr'>Nimiu&#39;s</span> <span class='ocrx_word' id='word_1_829' title='bbox 1428 1655 1545 1684; x_wconf 83' lang='lat' dir='ltr'>foi-tasse,</span> <span class='ocrx_word' id='word_1_830' title='bbox 1563 1654 1710 1688; x_wconf 86' lang='lat' dir='ltr'>auidusque</span> <span class='ocrx_word' id='word_1_831' title='bbox 1722 1653 1823 1679; x_wconf 87' lang='lat' dir='ltr'>doloris</span> <span class='ocrx_word' id='word_1_832' title='bbox 1837 1654 1914 1680; x_wconf 89' lang='lat' dir='ltr'>dicor</span> <span class='ocrx_word' id='word_1_833' title='bbox 1931 1654 1994 1680; x_wconf 86' lang='lat' dir='ltr'>Stat.</span> <span class='ocrx_word' id='word_1_834' title='bbox 2007 1655 2070 1681; x_wconf 84' lang='lat' dir='ltr'>Silu.</span> <span class='ocrx_word' id='word_1_835' title='bbox 2085 1663 2108 1689; x_wconf 88' lang='lat'>5,</span> <span class='ocrx_word' id='word_1_836' title='bbox 2123 1656 2194 1687; x_wconf 84' lang='lat'>5,56.</span> 
     </span>
     <span class='ocr_line' id='line_1_41' title="bbox 50 1684 2194 1723; baseline 0.001 -11"><span class='ocrx_word' id='word_1_837' title='bbox 50 1686 181 1719; x_wconf 74' lang='lat' dir='ltr'>Qiinffll.</span> <span class='ocrx_word' id='word_1_838' title='bbox 194 1690 221 1720; x_wconf 93' lang='lat'>6,</span> <span class='ocrx_word' id='word_1_839' title='bbox 233 1697 256 1720; x_wconf 86' lang='lat'>3.</span> <span class='ocrx_word' id='word_1_840' title='bbox 325 1688 431 1714; x_wconf 85' lang='lat' dir='ltr'>Saluere</span> <span class='ocrx_word' id='word_1_841' title='bbox 444 1688 482 1714; x_wconf 82' lang='lat' dir='ltr'>eis</span> <span class='ocrx_word' id='word_1_842' title='bbox 497 1687 600 1713; x_wconf 88' lang='lat' dir='ltr'>dicebat</span> <span class='ocrx_word' id='word_1_843' title='bbox 632 1688 738 1712; x_wconf 87' lang='lat' dir='ltr'>Sueton.</span> <span class='ocrx_word' id='word_1_844' title='bbox 751 1686 779 1712; x_wconf 88' lang='lat' dir='ltr'>in</span> <span class='ocrx_word' id='word_1_845' title='bbox 792 1684 875 1711; x_wconf 88' lang='lat' dir='ltr'>Galba</span> <span class='ocrx_word' id='word_1_846' title='bbox 896 1693 917 1710; x_wconf 91' lang='lat' dir='ltr'>c.</span> <span class='ocrx_word' id='word_1_847' title='bbox 931 1694 958 1717; x_wconf 92' lang='lat'>4.</span> <span class='ocrx_word' id='word_1_848' title='bbox 1030 1685 1087 1711; x_wconf 87' lang='lat' dir='ltr'>Cic.</span> <span class='ocrx_word' id='word_1_849' title='bbox 1096 1692 1133 1717; x_wconf 81' lang='lat'>40</span> <span class='ocrx_word' id='word_1_850' title='bbox 1151 1687 1267 1714; x_wconf 85' lang='lat' dir='ltr'>Martial.</span> <span class='ocrx_word' id='word_1_851' title='bbox 1277 1688 1309 1715; x_wconf 92' lang='lat' dir='ltr'>de</span> <span class='ocrx_word' id='word_1_852' title='bbox 1316 1689 1400 1723; x_wconf 64' lang='lat' dir='ltr'>Spe&amp;</span> <span class='ocrx_word' id='word_1_853' title='bbox 1407 1698 1430 1721; x_wconf 83' lang='lat'>3,</span> <span class='ocrx_word' id='word_1_854' title='bbox 1440 1697 1462 1715; x_wconf 90' lang='lat'>11</span> <span class='ocrx_word' id='word_1_855' title='bbox 1483 1690 1573 1722; x_wconf 84' lang='lat' dir='ltr'>Qium</span> <span class='ocrx_word' id='word_1_856' title='bbox 1586 1697 1664 1715; x_wconf 87' lang='lat' dir='ltr'>vei-us</span> <span class='ocrx_word' id='word_1_857' title='bbox 1678 1689 1777 1723; x_wconf 86' lang='lat' dir='ltr'>patriae</span> <span class='ocrx_word' id='word_1_858' title='bbox 1791 1689 1886 1714; x_wconf 89' lang='lat' dir='ltr'>diceris</span> <span class='ocrx_word' id='word_1_859' title='bbox 1900 1689 1948 1714; x_wconf 84' lang='lat' dir='ltr'>esse</span> <span class='ocrx_word' id='word_1_860' title='bbox 1961 1694 2041 1723; x_wconf 87' lang='lat' dir='ltr'>pater.</span> <span class='ocrx_word' id='word_1_861' title='bbox 2063 1693 2081 1716; x_wconf 86' lang='lat' dir='ltr'>i.</span> <span class='ocrx_word' id='word_1_862' title='bbox 2101 1688 2194 1722; x_wconf 47' lang='lat' dir='ltr'>Exi—&#39;lii-</span> 
     </span>
    </p>
   </div>
   <div class='ocr_carea' id='block_1_5' title="bbox 48 1719 2194 1829">
    <p class='ocr_par' dir='ltr' id='par_1_7' title="bbox 48 1719 2194 1829">
     <span class='ocr_line' id='line_1_42' title="bbox 51 1719 2194 1760; baseline 0.002 -13"><span class='ocrx_word' id='word_1_863' title='bbox 51 1723 105 1747; x_wconf 82' lang='lat' dir='ltr'>Att.</span> <span class='ocrx_word' id='word_1_864' title='bbox 118 1729 142 1754; x_wconf 89' lang='lat'>5,</span> <span class='ocrx_word' id='word_1_865' title='bbox 177 1741 184 1748; x_wconf 92' lang='lat'>.</span> <span class='ocrx_word' id='word_1_866' title='bbox 222 1741 229 1748; x_wconf 96' lang='lat'>.</span> <span class='ocrx_word' id='word_1_867' title='bbox 265 1723 361 1749; x_wconf 84' lang='lat' dir='ltr'>Cicero</span> <span class='ocrx_word' id='word_1_868' title='bbox 372 1731 444 1749; x_wconf 87' lang='lat' dir='ltr'>meus</span> <span class='ocrx_word' id='word_1_869' title='bbox 456 1722 654 1749; x_wconf 79' lang='lat' dir='ltr'>modestissimus</span> <span class='ocrx_word' id='word_1_870' title='bbox 668 1727 693 1747; x_wconf 88' lang='lat' dir='ltr'>et</span> <span class='ocrx_word' id='word_1_871' title='bbox 705 1720 863 1747; x_wconf 83' lang='lat' dir='ltr'>suauisliinus</span> <span class='ocrx_word' id='word_1_872' title='bbox 874 1728 939 1753; x_wconf 92' lang='lat' dir='ltr'>puer</span> <span class='ocrx_word' id='word_1_873' title='bbox 951 1719 1002 1745; x_wconf 91' lang='lat' dir='ltr'>tibi</span> <span class='ocrx_word' id='word_1_874' title='bbox 1015 1720 1088 1745; x_wconf 85' lang='lat' dir='ltr'>Salu·</span> <span class='ocrx_word' id='word_1_875' title='bbox 1150 1726 1237 1748; x_wconf 84' lang='lat' dir='ltr'>maris.</span> <span class='ocrx_word' id='word_1_876' title='bbox 1308 1724 1390 1751; x_wconf 81' lang='lat' dir='ltr'>Dicor</span> <span class='ocrx_word' id='word_1_877' title='bbox 1403 1724 1456 1750; x_wconf 84' lang='lat' dir='ltr'>tibi</span> <span class='ocrx_word' id='word_1_878' title='bbox 1467 1724 1549 1750; x_wconf 80' lang='lat' dir='ltr'>frater</span> <span class='ocrx_word' id='word_1_879' title='bbox 1561 1732 1593 1749; x_wconf 86' lang='lat' dir='ltr'>ex</span> <span class='ocrx_word' id='word_1_880' title='bbox 1606 1723 1690 1749; x_wconf 86' lang='lat' dir='ltr'>Iberis</span> <span class='ocrx_word' id='word_1_881' title='bbox 1708 1723 1782 1750; x_wconf 88' lang='lat' dir='ltr'>Idem</span> <span class='ocrx_word' id='word_1_882' title='bbox 1790 1732 1829 1755; x_wconf 91' lang='lat'>10,</span> <span class='ocrx_word' id='word_1_883' title='bbox 1842 1726 1883 1756; x_wconf 78' lang='lat'>65,</span> <span class='ocrx_word' id='word_1_884' title='bbox 1896 1732 1918 1756; x_wconf 90' lang='grc'>3.</span> <span class='ocrx_word' id='word_1_885' title='bbox 1974 1724 2035 1751; x_wconf 89' lang='lat' dir='ltr'>Dici</span> <span class='ocrx_word' id='word_1_886' title='bbox 2047 1727 2093 1752; x_wconf 82' lang='lat' dir='ltr'>vix</span> <span class='ocrx_word' id='word_1_887' title='bbox 2108 1726 2194 1760; x_wconf 85' lang='lat' dir='ltr'>potest</span> 
     </span>
     <span class='ocr_line' id='line_1_43' title="bbox 48 1753 2192 1795; baseline 0.002 -12"><span class='ocrx_word' id='word_1_888' title='bbox 48 1761 105 1783; x_wconf 76' lang='lat' dir='ltr'>tem</span> <span class='ocrx_word' id='word_1_889' title='bbox 119 1756 192 1783; x_wconf 90' lang='lat' dir='ltr'>dicit.</span> <span class='ocrx_word' id='word_1_890' title='bbox 269 1757 350 1785; x_wconf 45' lang='lat' dir='ltr'>*Ten</span> <span class='ocrx_word' id='word_1_891' title='bbox 363 1757 469 1784; x_wconf 88' lang='lat' dir='ltr'>Phorm.</span> <span class='ocrx_word' id='word_1_892' title='bbox 489 1766 514 1788; x_wconf 85' lang='lat'>2,</span> <span class='ocrx_word' id='word_1_893' title='bbox 533 1766 558 1788; x_wconf 88' lang='lat'>2,</span> <span class='ocrx_word' id='word_1_894' title='bbox 576 1763 601 1787; x_wconf 84' lang='lat'>81</span> <span class='ocrx_word' id='word_1_895' title='bbox 631 1757 686 1789; x_wconf 83' lang='lat' dir='ltr'>Ego</span> <span class='ocrx_word' id='word_1_896' title='bbox 700 1755 795 1781; x_wconf 88' lang='lat' dir='ltr'>Sedulo</span> <span class='ocrx_word' id='word_1_897' title='bbox 814 1753 986 1791; x_wconf 66' lang='lat' dir='ltr'>hune-dixisse</span> <span class='ocrx_word' id='word_1_898' title='bbox 998 1753 1086 1792; x_wconf 80' lang='lat' dir='ltr'>credo.</span> <span class='ocrx_word' id='word_1_899' title='bbox 1170 1765 1229 1782; x_wconf 88' lang='lat' dir='ltr'>uam</span> <span class='ocrx_word' id='word_1_900' title='bbox 1235 1757 1318 1784; x_wconf 88' lang='lat' dir='ltr'>multa</span> <span class='ocrx_word' id='word_1_901' title='bbox 1330 1759 1468 1794; x_wconf 86' lang='lat' dir='ltr'>sint,quae</span> <span class='ocrx_word' id='word_1_902' title='bbox 1480 1758 1658 1793; x_wconf 86' lang='lat' dir='ltr'>respondeatis</span> <span class='ocrx_word' id='word_1_903' title='bbox 1670 1765 1729 1785; x_wconf 89' lang='lat' dir='ltr'>ante</span> <span class='ocrx_word' id='word_1_904' title='bbox 1744 1758 1804 1785; x_wconf 85' lang='lat' dir='ltr'>fieri</span> <span class='ocrx_word' id='word_1_905' title='bbox 1815 1765 1940 1793; x_wconf 83' lang='lat' dir='ltr'>oportere</span> <span class='ocrx_word' id='word_1_906' title='bbox 1947 1760 2059 1795; x_wconf 87' lang='lat' dir='ltr'>Cic.pro</span> <span class='ocrx_word' id='word_1_907' title='bbox 2067 1761 2192 1795; x_wconf 82' lang='lat' dir='ltr'>Qiintio.</span> 
     </span>
     <span class='ocr_line' id='line_1_44' title="bbox 49 1764 2193 1829; baseline 0.002 -11"><span class='ocrx_word' id='word_1_908' title='bbox 49 1791 116 1818; x_wconf 88' lang='lat' dir='ltr'>Plin.</span> <span class='ocrx_word' id='word_1_909' title='bbox 131 1800 168 1823; x_wconf 87' lang='lat'>12,</span> <span class='ocrx_word' id='word_1_910' title='bbox 180 1801 198 1823; x_wconf 85' lang='lat'>9</span> <span class='ocrx_word' id='word_1_911' title='bbox 222 1793 302 1825; x_wconf 85' lang='lat' dir='ltr'>Qtod</span> <span class='ocrx_word' id='word_1_912' title='bbox 316 1793 399 1819; x_wconf 88' lang='lat' dir='ltr'>Semel</span> <span class='ocrx_word' id='word_1_913' title='bbox 414 1793 505 1818; x_wconf 76' lang='lat' dir='ltr'>dixisse</span> <span class='ocrx_word' id='word_1_914' title='bbox 524 1797 550 1817; x_wconf 89' lang='lat' dir='ltr'>et</span> <span class='ocrx_word' id='word_1_915' title='bbox 563 1791 592 1816; x_wconf 87' lang='lat' dir='ltr'>iri</span> <span class='ocrx_word' id='word_1_916' title='bbox 606 1797 720 1815; x_wconf 85' lang='lat' dir='ltr'>caeteros</span> <span class='ocrx_word' id='word_1_917' title='bbox 737 1789 832 1815; x_wconf 87' lang='lat' dir='ltr'>odores</span> <span class='ocrx_word' id='word_1_918' title='bbox 844 1788 904 1813; x_wconf 85' lang='lat' dir='ltr'>satis</span> <span class='ocrx_word' id='word_1_919' title='bbox 919 1786 956 1812; x_wconf 88' lang='lat' dir='ltr'>sit.</span> <span class='ocrx_word' id='word_1_920' title='bbox 1028 1788 1086 1813; x_wconf 82' lang='lat' dir='ltr'>Cic.</span> <span class='ocrx_word' id='word_1_921' title='bbox 1150 1764 1171 1825; x_wconf 49' lang='grc' dir='ltr'>ᾖ</span> <span class='ocrx_word' id='word_1_922' title='bbox 1193 1793 1210 1816; x_wconf 88' lang='grc'><em>6</em></span> <span class='ocrx_word' id='word_1_923' title='bbox 1246 1792 1386 1826; x_wconf 62' lang='grc' dir='ltr'>Οῌὲνιιαη.</span> <span class='ocrx_word' id='word_1_924' title='bbox 1400 1796 1589 1820; x_wconf 75' lang='lat' dir='ltr'>Grammaticae.</span> <span class='ocrx_word' id='word_1_925' title='bbox 1625 1794 1747 1826; x_wconf 81' lang='lat' dir='ltr'>Dicas-lis,</span> <span class='ocrx_word' id='word_1_926' title='bbox 1762 1801 1810 1829; x_wconf 79' lang='lat' dir='ltr'>pro</span> <span class='ocrx_word' id='word_1_927' title='bbox 1825 1796 1913 1827; x_wconf 80' lang='lat' dir='ltr'>Dicas,</span> <span class='ocrx_word' id='word_1_928' title='bbox 1931 1795 2048 1822; x_wconf 79' lang='lat' dir='ltr'>laudatur</span> <span class='ocrx_word' id='word_1_929' title='bbox 2061 1806 2092 1823; x_wconf 87' lang='lat' dir='ltr'>ex</span> <span class='ocrx_word' id='word_1_930' title='bbox 2109 1797 2193 1823; x_wconf 84' lang='lat' dir='ltr'>Plaut.</span> 
     </span>
    </p>
   </div>
   <div class='ocr_carea' id='block_1_6' title="bbox 47 1819 2194 1897">
    <p class='ocr_par' dir='ltr' id='par_1_8' title="bbox 47 1819 2194 1897">
     <span class='ocr_line' id='line_1_45' title="bbox 48 1819 2194 1859; baseline 0.002 -9"><span class='ocrx_word' id='word_1_931' title='bbox 48 1825 163 1859; x_wconf 84' lang='lat' dir='ltr'>Philipp.</span> <span class='ocrx_word' id='word_1_932' title='bbox 175 1834 201 1856; x_wconf 90' lang='lat'>2,</span> <span class='ocrx_word' id='word_1_933' title='bbox 214 1834 251 1858; x_wconf 86' lang='lat'>42</span> <span class='ocrx_word' id='word_1_934' title='bbox 277 1827 325 1852; x_wconf 89' lang='lat' dir='ltr'>Ille</span> <span class='ocrx_word' id='word_1_935' title='bbox 340 1824 439 1852; x_wconf 45' lang='lat' dir='ltr'>Sensit-11⁷</span> <span class='ocrx_word' id='word_1_936' title='bbox 448 1825 566 1856; x_wconf 87' lang='lat' dir='ltr'>dicebat,</span> <span class='ocrx_word' id='word_1_937' title='bbox 586 1824 657 1857; x_wconf 87' lang='lat' dir='ltr'>quod</span> <span class='ocrx_word' id='word_1_938' title='bbox 675 1819 764 1848; x_wconf 80' lang='lat' dir='ltr'>causae</span> <span class='ocrx_word' id='word_1_939' title='bbox 786 1821 926 1855; x_wconf 71' lang='lat' dir='ltr'>prodesset:</span> <span class='ocrx_word' id='word_1_940' title='bbox 947 1826 975 1846; x_wconf 86' lang='lat' dir='ltr'>tu</span> <span class='ocrx_word' id='word_1_941' title='bbox 992 1821 1087 1848; x_wconf 86' lang='lat' dir='ltr'>cursim</span> <span class='ocrx_word' id='word_1_942' title='bbox 1151 1826 1229 1851; x_wconf 84' lang='lat' dir='ltr'>Cure.</span> <span class='ocrx_word' id='word_1_943' title='bbox 1243 1834 1272 1858; x_wconf 90' lang='lat'>4,</span> <span class='ocrx_word' id='word_1_944' title='bbox 1283 1835 1308 1859; x_wconf 64' lang='grc' dir='ltr'>ι,</span> <span class='ocrx_word' id='word_1_945' title='bbox 1323 1830 1357 1854; x_wconf 87' lang='lat'>26</span> <span class='ocrx_word' id='word_1_946' title='bbox 1378 1829 1457 1855; x_wconf 72' lang='lat' dir='ltr'>Haud</span> <span class='ocrx_word' id='word_1_947' title='bbox 1470 1830 1499 1855; x_wconf 78' lang='lat' dir='ltr'>in</span> <span class='ocrx_word' id='word_1_948' title='bbox 1510 1829 1578 1855; x_wconf 78' lang='lat' dir='ltr'>male</span> <span class='ocrx_word' id='word_1_949' title='bbox 1591 1829 1763 1856; x_wconf 71' lang='lat' dir='ltr'>meditantem</span> <span class='ocrx_word' id='word_1_950' title='bbox 1777 1830 1845 1856; x_wconf 75' lang='lat' dir='ltr'>male</span> <span class='ocrx_word' id='word_1_951' title='bbox 1859 1829 1970 1857; x_wconf 62' lang='lat' dir='ltr'>dir-assis:</span> <span class='ocrx_word' id='word_1_952' title='bbox 2006 1827 2058 1858; x_wconf 66' lang='lat' dir='ltr'>Sed</span> <span class='ocrx_word' id='word_1_953' title='bbox 2070 1839 2150 1858; x_wconf 75' lang='lat' dir='ltr'>ortum</span> <span class='ocrx_word' id='word_1_954' title='bbox 2162 1840 2194 1858; x_wconf 65' lang='lat' dir='ltr'>ex</span> 
     </span>
     <span class='ocr_line' id='line_1_46' title="bbox 47 1856 2194 1897; baseline 0.004 -12"><span class='ocrx_word' id='word_1_955' title='bbox 47 1859 114 1886; x_wconf 86' lang='lat' dir='ltr'>dicis</span> <span class='ocrx_word' id='word_1_956' title='bbox 126 1859 220 1886; x_wconf 89' lang='lat' dir='ltr'>aliena.</span> <span class='ocrx_word' id='word_1_957' title='bbox 278 1859 451 1886; x_wconf 86' lang='lat' dir='ltr'>Sententiam:</span> <span class='ocrx_word' id='word_1_958' title='bbox 467 1868 540 1894; x_wconf 81' lang='lat' dir='ltr'>quum</span> <span class='ocrx_word' id='word_1_959' title='bbox 554 1861 610 1893; x_wconf 83' lang='lat' dir='ltr'>quis</span> <span class='ocrx_word' id='word_1_960' title='bbox 628 1858 679 1891; x_wconf 84' lang='lat' dir='ltr'>(vt</span> <span class='ocrx_word' id='word_1_961' title='bbox 693 1859 774 1892; x_wconf 76' lang='lat' dir='ltr'>inepte</span> <span class='ocrx_word' id='word_1_962' title='bbox 786 1856 895 1889; x_wconf 80' lang='lat' dir='ltr'>dicunt)</span> <span class='ocrx_word' id='word_1_963' title='bbox 921 1857 1006 1882; x_wconf 78' lang='lat' dir='ltr'>Vocem</span> <span class='ocrx_word' id='word_1_964' title='bbox 1015 1857 1087 1892; x_wconf 74' lang='lat' dir='ltr'>fitam</span> <span class='ocrx_word' id='word_1_965' title='bbox 1098 1864 1132 1890; x_wconf 82' lang='lat'>45</span> <span class='ocrx_word' id='word_1_966' title='bbox 1150 1859 1225 1886; x_wconf 84' lang='lat' dir='ltr'>dicax</span> <span class='ocrx_word' id='word_1_967' title='bbox 1239 1859 1268 1887; x_wconf 87' lang='lat' dir='ltr'>fis</span> <span class='ocrx_word' id='word_1_968' title='bbox 1277 1881 1285 1893; x_wconf 94' lang='lat'>,</span> <span class='ocrx_word' id='word_1_969' title='bbox 1307 1863 1371 1897; x_wconf 78' lang='lat' dir='ltr'>quod</span> <span class='ocrx_word' id='word_1_970' title='bbox 1381 1864 1448 1890; x_wconf 76' lang='lat' dir='ltr'>dedit</span> <span class='ocrx_word' id='word_1_971' title='bbox 1468 1866 1571 1891; x_wconf 79' lang='lat' dir='ltr'>Parcus.</span> <span class='ocrx_word' id='word_1_972' title='bbox 1607 1866 1690 1892; x_wconf 90' lang='lat' dir='ltr'>Gron.</span> <span class='ocrx_word' id='word_1_973' title='bbox 1715 1867 1755 1892; x_wconf 91' lang='lat' dir='ltr'>An</span> <span class='ocrx_word' id='word_1_974' title='bbox 1768 1865 1836 1891; x_wconf 87' lang='lat' dir='ltr'>male</span> <span class='ocrx_word' id='word_1_975' title='bbox 1849 1864 1974 1891; x_wconf 88' lang='lat' dir='ltr'>meditate</span> <span class='ocrx_word' id='word_1_976' title='bbox 1987 1866 2054 1892; x_wconf 90' lang='lat' dir='ltr'>male</span> <span class='ocrx_word' id='word_1_977' title='bbox 2068 1866 2143 1893; x_wconf 82' lang='lat' dir='ltr'>dicax</span> <span class='ocrx_word' id='word_1_978' title='bbox 2156 1876 2194 1893; x_wconf 83' lang='lat' dir='ltr'>es.</span> 
     </span>
    </p>
   </div>
   <div class='ocr_carea' id='block_1_7' title="bbox 47 1891 2196 2006">
    <p class='ocr_par' dir='ltr' id='par_1_9' title="bbox 47 1891 2196 2006">
     <span class='ocr_line' id='line_1_47' title="bbox 47 1891 2196 1935; baseline 0.004 -14"><span class='ocrx_word' id='word_1_979' title='bbox 47 1894 108 1927; x_wconf 78' lang='lat' dir='ltr'>dat,</span> <span class='ocrx_word' id='word_1_980' title='bbox 127 1895 168 1921; x_wconf 79' lang='lat' dir='ltr'>vel</span> <span class='ocrx_word' id='word_1_981' title='bbox 180 1896 316 1929; x_wconf 65' lang='lat' dir='ltr'>opinionem</span> <span class='ocrx_word' id='word_1_982' title='bbox 341 1904 394 1920; x_wconf 75' lang='lat' dir='ltr'>uam</span> <span class='ocrx_word' id='word_1_983' title='bbox 406 1893 478 1920; x_wconf 84' lang='lat' dir='ltr'>dicit.</span> <span class='ocrx_word' id='word_1_984' title='bbox 558 1893 614 1920; x_wconf 90' lang='lat' dir='ltr'>Cic.</span> <span class='ocrx_word' id='word_1_985' title='bbox 627 1894 705 1919; x_wconf 89' lang='lat' dir='ltr'>Verr.</span> <span class='ocrx_word' id='word_1_986' title='bbox 720 1901 741 1923; x_wconf 68' lang='grc' dir='ltr'>ε,</span> <span class='ocrx_word' id='word_1_987' title='bbox 754 1900 798 1925; x_wconf 82' lang='lat'>143</span> <span class='ocrx_word' id='word_1_988' title='bbox 814 1891 885 1931; x_wconf 28' lang='lat' dir='ltr'>‘Mos</span> <span class='ocrx_word' id='word_1_989' title='bbox 899 1891 935 1932; x_wconf 62' lang='lat' dir='ltr'>eil</span> <span class='ocrx_word' id='word_1_990' title='bbox 949 1891 1086 1931; x_wconf 51' lang='lat' dir='ltr'>Syracusis,</span> <span class='ocrx_word' id='word_1_991' title='bbox 1151 1895 1270 1928; x_wconf 87' lang='lat' dir='ltr'>Dicebo,</span> <span class='ocrx_word' id='word_1_992' title='bbox 1287 1897 1407 1925; x_wconf 88' lang='lat' dir='ltr'>futurum</span> <span class='ocrx_word' id='word_1_993' title='bbox 1427 1902 1582 1935; x_wconf 86' lang='lat' dir='ltr'>antiquum,</span> <span class='ocrx_word' id='word_1_994' title='bbox 1606 1910 1655 1935; x_wconf 89' lang='lat' dir='ltr'>pro</span> <span class='ocrx_word' id='word_1_995' title='bbox 1673 1901 1772 1927; x_wconf 81' lang='lat' dir='ltr'>Dicam.</span> <span class='ocrx_word' id='word_1_996' title='bbox 1788 1901 1905 1927; x_wconf 85' lang='lat' dir='ltr'>Naeuius</span> <span class='ocrx_word' id='word_1_997' title='bbox 1925 1900 2051 1933; x_wconf 88' lang='lat' dir='ltr'>Pathicis,</span> <span class='ocrx_word' id='word_1_998' title='bbox 2075 1903 2196 1930; x_wconf 87' lang='lat' dir='ltr'>Primum</span> 
     </span>
     <span class='ocr_line' id='line_1_48' title="bbox 48 1926 2194 1972; baseline 0.003 -15"><span class='ocrx_word' id='word_1_999' title='bbox 48 1935 88 1963; x_wconf 89' lang='lat' dir='ltr'>vt,</span> <span class='ocrx_word' id='word_1_1000' title='bbox 98 1929 116 1956; x_wconf 83' lang='lat' dir='ltr'><strong>fi</strong></span> <span class='ocrx_word' id='word_1_1001' title='bbox 130 1938 181 1965; x_wconf 81' lang='lat' dir='ltr'>qua</span> <span class='ocrx_word' id='word_1_1002' title='bbox 194 1928 227 1956; x_wconf 77' lang='lat' dir='ltr'>de</span> <span class='ocrx_word' id='word_1_1003' title='bbox 240 1938 269 1956; x_wconf 80' lang='lat' dir='ltr'>re</span> <span class='ocrx_word' id='word_1_1004' title='bbox 281 1930 442 1956; x_wconf 70' lang='lat' dir='ltr'>adbenatum</span> <span class='ocrx_word' id='word_1_1005' title='bbox 456 1928 603 1959; x_wconf 67' lang='lat' dir='ltr'>referatur,</span> <span class='ocrx_word' id='word_1_1006' title='bbox 622 1928 691 1954; x_wconf 87' lang='lat' dir='ltr'>dicat</span> <span class='ocrx_word' id='word_1_1007' title='bbox 704 1927 864 1967; x_wconf 52' lang='lat' dir='ltr'>Sessssenssfim</span> <span class='ocrx_word' id='word_1_1008' title='bbox 878 1934 925 1961; x_wconf 72' lang='lat'>‘1¹¹1</span> <span class='ocrx_word' id='word_1_1009' title='bbox 938 1926 1020 1959; x_wconf 64' lang='lat' dir='ltr'>Vsslst,</span> <span class='ocrx_word' id='word_1_1010' title='bbox 1039 1936 1087 1953; x_wconf 78' lang='lat'>¹¹0-</span> <span class='ocrx_word' id='word_1_1011' title='bbox 1170 1931 1222 1957; x_wconf 91' lang='lat' dir='ltr'>uod</span> <span class='ocrx_word' id='word_1_1012' title='bbox 1238 1931 1347 1966; x_wconf 90' lang='lat' dir='ltr'>dicebo,</span> <span class='ocrx_word' id='word_1_1013' title='bbox 1362 1935 1443 1968; x_wconf 60' lang='lat' dir='ltr'>recle,</span> <span class='ocrx_word' id='word_1_1014' title='bbox 1463 1936 1603 1962; x_wconf 86' lang='lat' dir='ltr'>secundum</span> <span class='ocrx_word' id='word_1_1015' title='bbox 1617 1935 1690 1969; x_wconf 90' lang='lat' dir='ltr'>quod</span> <span class='ocrx_word' id='word_1_1016' title='bbox 1703 1935 1809 1967; x_wconf 86' lang='lat' dir='ltr'>dicebo,</span> <span class='ocrx_word' id='word_1_1017' title='bbox 1827 1944 1860 1962; x_wconf 92' lang='lat' dir='ltr'>eo</span> <span class='ocrx_word' id='word_1_1018' title='bbox 1872 1935 1966 1962; x_wconf 87' lang='lat' dir='ltr'>melius</span> <span class='ocrx_word' id='word_1_1019' title='bbox 1986 1937 2092 1963; x_wconf 86' lang='lat' dir='ltr'>Nonius</span> <span class='ocrx_word' id='word_1_1020' title='bbox 2108 1944 2194 1972; x_wconf 83' lang='lat' dir='ltr'>io,17.</span> 
     </span>
     <span class='ocr_line' id='line_1_49' title="bbox 47 1939 2195 2006; baseline 0.004 -16"><span class='ocrx_word' id='word_1_1021' title='bbox 47 1966 170 1993; x_wconf 84' lang='lat' dir='ltr'>minatim</span> <span class='ocrx_word' id='word_1_1022' title='bbox 183 1974 263 1992; x_wconf 84' lang='lat' dir='ltr'>nemo</span> <span class='ocrx_word' id='word_1_1023' title='bbox 275 1971 392 1999; x_wconf 81' lang='lat' dir='ltr'>rogatur.</span> <span class='ocrx_word' id='word_1_1024' title='bbox 455 1964 527 1991; x_wconf 88' lang='lat' dir='ltr'>Idem</span> <span class='ocrx_word' id='word_1_1025' title='bbox 536 1984 544 1996; x_wconf 93' lang='lat'>,</span> <span class='ocrx_word' id='word_1_1026' title='bbox 579 1974 587 1990; x_wconf 66' lang='lat'>·‘</span> <span class='ocrx_word' id='word_1_1027' title='bbox 624 1983 630 1989; x_wconf 84' lang='lat'><strong>·</strong></span> <span class='ocrx_word' id='word_1_1028' title='bbox 665 1964 702 1990; x_wconf 88' lang='lat' dir='ltr'>Vt</span> <span class='ocrx_word' id='word_1_1029' title='bbox 718 1971 831 1997; x_wconf 77' lang='lat' dir='ltr'>qmsque</span> <span class='ocrx_word' id='word_1_1030' title='bbox 845 1968 928 1988; x_wconf 79' lang='lat' dir='ltr'>aetate</span> <span class='ocrx_word' id='word_1_1031' title='bbox 944 1967 970 1987; x_wconf 87' lang='lat' dir='ltr'>et</span> <span class='ocrx_word' id='word_1_1032' title='bbox 983 1962 1086 1988; x_wconf 77' lang='lat' dir='ltr'>h0¹¹0¹¹e</span> <span class='ocrx_word' id='word_1_1033' title='bbox 1150 1939 1171 2002; x_wconf 51' lang='grc' dir='ltr'>ἦ</span> <span class='ocrx_word' id='word_1_1034' title='bbox 1193 1974 1211 2000; x_wconf 83' lang='lat'>7</span> <span class='ocrx_word' id='word_1_1035' title='bbox 1247 1968 1340 2002; x_wconf 78' lang='lat' dir='ltr'>Supina</span> <span class='ocrx_word' id='word_1_1036' title='bbox 1352 1977 1376 1995; x_wconf 80' lang='lat' dir='ltr'>ct</span> <span class='ocrx_word' id='word_1_1037' title='bbox 1389 1970 1538 1996; x_wconf 73' lang='lat' dir='ltr'>Gerundiua.</span> <span class='ocrx_word' id='word_1_1038' title='bbox 1577 1971 1717 1997; x_wconf 90' lang='lat' dir='ltr'>Deformia</span> <span class='ocrx_word' id='word_1_1039' title='bbox 1736 1970 1808 1997; x_wconf 71' lang='lat' dir='ltr'>dicht</span> <span class='ocrx_word' id='word_1_1040' title='bbox 1829 1970 2014 2004; x_wconf 83' lang='lat' dir='ltr'>vapulantibus</span> <span class='ocrx_word' id='word_1_1041' title='bbox 2026 1973 2100 2006; x_wconf 87' lang='lat' dir='ltr'>saepe</span> <span class='ocrx_word' id='word_1_1042' title='bbox 2116 1972 2195 1999; x_wconf 91' lang='lat' dir='ltr'>dolo-</span> 
     </span>
    </p>
   </div>
   <div class='ocr_carea' id='block_1_8' title="bbox 33 1997 2202 2501">
    <p class='ocr_par' dir='ltr' id='par_1_10' title="bbox 33 1997 2202 2501">
     <span class='ocr_line' id='line_1_50' title="bbox 48 1997 2197 2040; baseline 0.001 -12"><span class='ocrx_word' id='word_1_1043' title='bbox 48 2000 234 2033; x_wconf 84' lang='lat' dir='ltr'>antecedebat,</span> <span class='ocrx_word' id='word_1_1044' title='bbox 253 2002 291 2027; x_wconf 88' lang='lat' dir='ltr'>ita</span> <span class='ocrx_word' id='word_1_1045' title='bbox 314 2000 475 2027; x_wconf 88' lang='lat' dir='ltr'>Sententiam</span> <span class='ocrx_word' id='word_1_1046' title='bbox 498 1999 567 2026; x_wconf 85' lang='lat' dir='ltr'>dixit</span> <span class='ocrx_word' id='word_1_1047' title='bbox 594 2007 625 2025; x_wconf 83' lang='lat' dir='ltr'>ex</span> <span class='ocrx_word' id='word_1_1048' title='bbox 647 1998 750 2025; x_wconf 86' lang='lat' dir='ltr'>ordine.</span> <span class='ocrx_word' id='word_1_1049' title='bbox 821 1999 853 2024; x_wconf 83' lang='lat' dir='ltr'>Et</span> <span class='ocrx_word' id='word_1_1050' title='bbox 873 1997 986 2033; x_wconf 75' lang='lat' dir='ltr'>abfhlutc.</span> <span class='ocrx_word' id='word_1_1051' title='bbox 1030 1999 1086 2024; x_wconf 85' lang='lat' dir='ltr'>Iam</span> <span class='ocrx_word' id='word_1_1052' title='bbox 1150 2010 1193 2032; x_wconf 88' lang='lat' dir='ltr'>re,</span> <span class='ocrx_word' id='word_1_1053' title='bbox 1212 2002 1254 2027; x_wconf 92' lang='lat' dir='ltr'>vel</span> <span class='ocrx_word' id='word_1_1054' title='bbox 1266 2009 1338 2030; x_wconf 88' lang='lat' dir='ltr'>metu</span> <span class='ocrx_word' id='word_1_1055' title='bbox 1352 2004 1474 2031; x_wconf 88' lang='lat' dir='ltr'>accidunt</span> <span class='ocrx_word' id='word_1_1056' title='bbox 1493 2005 1623 2038; x_wconf 72' lang='lat' dir='ltr'>Qtinffil.</span> <span class='ocrx_word' id='word_1_1057' title='bbox 1637 2015 1658 2038; x_wconf 92' lang='lat'>1,</span> <span class='ocrx_word' id='word_1_1058' title='bbox 1672 2014 1694 2038; x_wconf 81' lang='grc'>3.</span> <span class='ocrx_word' id='word_1_1059' title='bbox 1765 2006 1843 2032; x_wconf 85' lang='lat' dir='ltr'>Haud</span> <span class='ocrx_word' id='word_1_1060' title='bbox 1857 2005 1935 2031; x_wconf 86' lang='lat' dir='ltr'>facile</span> <span class='ocrx_word' id='word_1_1061' title='bbox 1948 2006 2021 2033; x_wconf 64' lang='lat' dir='ltr'>dictu</span> <span class='ocrx_word' id='word_1_1062' title='bbox 2035 2007 2088 2040; x_wconf 88' lang='lat' dir='ltr'>est,</span> <span class='ocrx_word' id='word_1_1063' title='bbox 2105 2010 2136 2034; x_wconf 80' lang='lat' dir='ltr'>it.</span> <span class='ocrx_word' id='word_1_1064' title='bbox 2151 2009 2197 2034; x_wconf 79' lang='lat' dir='ltr'>In-</span> 
     </span>
     <span class='ocr_line' id='line_1_51' title="bbox 49 2032 2197 2078; baseline 0.004 -18"><span class='ocrx_word' id='word_1_1065' title='bbox 49 2035 171 2063; x_wconf 80' lang='lat' dir='ltr'>censendi</span> <span class='ocrx_word' id='word_1_1066' title='bbox 200 2042 316 2071; x_wconf 85' lang='lat' dir='ltr'>tempus:</span> <span class='ocrx_word' id='word_1_1067' title='bbox 353 2036 424 2062; x_wconf 89' lang='lat' dir='ltr'>Dicit</span> <span class='ocrx_word' id='word_1_1068' title='bbox 449 2035 583 2062; x_wconf 83' lang='lat' dir='ltr'>Domitius</span> <span class='ocrx_word' id='word_1_1069' title='bbox 602 2033 764 2069; x_wconf 73' lang='lat' dir='ltr'>Apollinaris</span> <span class='ocrx_word' id='word_1_1070' title='bbox 796 2033 903 2073; x_wconf 45' lang='lat' dir='ltr'>Consul·</span> <span class='ocrx_word' id='word_1_1071' title='bbox 925 2032 1085 2073; x_wconf 59' lang='lat' dir='ltr'>defignc&#39;fftus,</span> <span class='ocrx_word' id='word_1_1072' title='bbox 1102 2041 1133 2068; x_wconf 77' lang='lat'>5⁴0</span> <span class='ocrx_word' id='word_1_1073' title='bbox 1149 2036 1277 2064; x_wconf 86' lang='lat' dir='ltr'>credibile</span> <span class='ocrx_word' id='word_1_1074' title='bbox 1284 2039 1401 2066; x_wconf 63' lang='lat' dir='ltr'>dietuest</span> <span class='ocrx_word' id='word_1_1075' title='bbox 1414 2041 1526 2076; x_wconf 78' lang='lat' dir='ltr'>loquendi</span> <span class='ocrx_word' id='word_1_1076' title='bbox 1533 2040 1634 2076; x_wconf 84' lang='lat' dir='ltr'>formae</span> <span class='ocrx_word' id='word_1_1077' title='bbox 1642 2042 1739 2066; x_wconf 87' lang='lat' dir='ltr'>Curtio</span> <span class='ocrx_word' id='word_1_1078' title='bbox 1746 2043 1864 2074; x_wconf 75' lang='lat' dir='ltr'>inPrimis</span> <span class='ocrx_word' id='word_1_1079' title='bbox 1872 2040 2021 2076; x_wconf 76' lang='lat' dir='ltr'>frequentes</span> <span class='ocrx_word' id='word_1_1080' title='bbox 2034 2052 2053 2069; x_wconf 86' lang='lat' dir='ltr'>e.</span> <span class='ocrx_word' id='word_1_1081' title='bbox 2062 2053 2083 2068; x_wconf 88' lang='lat' dir='ltr'>c.</span> <span class='ocrx_word' id='word_1_1082' title='bbox 2092 2045 2146 2075; x_wconf 85' lang='lat'>3,6,</span> <span class='ocrx_word' id='word_1_1083' title='bbox 2155 2051 2197 2078; x_wconf 87' lang='lat'>17.</span> 
     </span>
     <span class='ocr_line' id='line_1_52' title="bbox 48 2068 2198 2112; baseline 0.003 -14"><span class='ocrx_word' id='word_1_1084' title='bbox 48 2072 115 2099; x_wconf 86' lang='lat' dir='ltr'>dicit</span> <span class='ocrx_word' id='word_1_1085' title='bbox 147 2072 284 2098; x_wconf 85' lang='lat' dir='ltr'>Fabricius</span> <span class='ocrx_word' id='word_1_1086' title='bbox 307 2072 423 2098; x_wconf 88' lang='lat' dir='ltr'>Veiento</span> <span class='ocrx_word' id='word_1_1087' title='bbox 457 2071 525 2097; x_wconf 89' lang='lat' dir='ltr'>Plin.</span> <span class='ocrx_word' id='word_1_1088' title='bbox 544 2079 576 2103; x_wconf 90' lang='lat'>9,</span> <span class='ocrx_word' id='word_1_1089' title='bbox 595 2078 628 2102; x_wconf 80' lang='lat'>13.</span> <span class='ocrx_word' id='word_1_1090' title='bbox 700 2070 859 2095; x_wconf 89' lang='lat' dir='ltr'>Sententiam</span> <span class='ocrx_word' id='word_1_1091' title='bbox 878 2068 970 2109; x_wconf 28' lang='lat' dir='ltr'>,libere</span> <span class='ocrx_word' id='word_1_1092' title='bbox 999 2068 1087 2095; x_wconf 81' lang='lat' dir='ltr'>dicere</span> <span class='ocrx_word' id='word_1_1093' title='bbox 1150 2081 1179 2105; x_wconf 88' lang='lat'>4,</span> <span class='ocrx_word' id='word_1_1094' title='bbox 1195 2079 1220 2106; x_wconf 86' lang='lat'>7,</span> <span class='ocrx_word' id='word_1_1095' title='bbox 1235 2076 1271 2099; x_wconf 88' lang='lat'>16.</span> <span class='ocrx_word' id='word_1_1096' title='bbox 1291 2081 1315 2107; x_wconf 82' lang='lat'>5,</span> <span class='ocrx_word' id='word_1_1097' title='bbox 1331 2084 1350 2106; x_wconf 87' lang='lat'>1,</span> <span class='ocrx_word' id='word_1_1098' title='bbox 1364 2080 1386 2105; x_wconf 82' lang='lat'>8.</span> <span class='ocrx_word' id='word_1_1099' title='bbox 1404 2083 1432 2107; x_wconf 87' lang='lat'>4,</span> <span class='ocrx_word' id='word_1_1100' title='bbox 1445 2084 1471 2107; x_wconf 87' lang='lat'>2,</span> <span class='ocrx_word' id='word_1_1101' title='bbox 1487 2084 1523 2101; x_wconf 91' lang='lat'>10.</span> <span class='ocrx_word' id='word_1_1102' title='bbox 1538 2082 1584 2101; x_wconf 81' lang='lat' dir='ltr'>etc.</span> <span class='ocrx_word' id='word_1_1103' title='bbox 1655 2075 1735 2101; x_wconf 76' lang='lat' dir='ltr'>Die‘tu</span> <span class='ocrx_word' id='word_1_1104' title='bbox 1749 2074 1818 2101; x_wconf 85' lang='lat' dir='ltr'>nihil</span> <span class='ocrx_word' id='word_1_1105' title='bbox 1840 2075 1960 2109; x_wconf 82' lang='lat' dir='ltr'>facilius,</span> <span class='ocrx_word' id='word_1_1106' title='bbox 1987 2079 2024 2103; x_wconf 78' lang='lat' dir='ltr'>De</span> <span class='ocrx_word' id='word_1_1107' title='bbox 2037 2087 2063 2104; x_wconf 87' lang='lat' dir='ltr'>re</span> <span class='ocrx_word' id='word_1_1108' title='bbox 2076 2076 2198 2112; x_wconf 72' lang='lat' dir='ltr'>difficili.-</span> 
     </span>
     <span class='ocr_line' id='line_1_53' title="bbox 47 2104 2200 2145; baseline 0.004 -12"><span class='ocrx_word' id='word_1_1109' title='bbox 47 2107 105 2135; x_wconf 88' lang='lat' dir='ltr'>Cie.</span> <span class='ocrx_word' id='word_1_1110' title='bbox 118 2107 231 2142; x_wconf 81' lang='lat' dir='ltr'>Philipp.</span> <span class='ocrx_word' id='word_1_1111' title='bbox 250 2116 278 2140; x_wconf 88' lang='lat'>4,</span> <span class='ocrx_word' id='word_1_1112' title='bbox 316 2126 322 2133; x_wconf 93' lang='lat'>.</span> <span class='ocrx_word' id='word_1_1113' title='bbox 361 2126 368 2133; x_wconf 86' lang='lat'>.</span> <span class='ocrx_word' id='word_1_1114' title='bbox 407 2125 413 2132; x_wconf 82' lang='lat'>.</span> <span class='ocrx_word' id='word_1_1115' title='bbox 460 2106 606 2140; x_wconf 74' lang='lat' dir='ltr'>Singulares</span> <span class='ocrx_word' id='word_1_1116' title='bbox 619 2105 764 2131; x_wconf 71' lang='lat' dir='ltr'>Sententias</span> <span class='ocrx_word' id='word_1_1117' title='bbox 786 2104 824 2130; x_wconf 75' lang='lat' dir='ltr'>Id·</span> <span class='ocrx_word' id='word_1_1118' title='bbox 839 2104 904 2144; x_wconf 45' lang='lat' dir='ltr'>Plu-l·</span> <span class='ocrx_word' id='word_1_1119' title='bbox 921 2113 947 2137; x_wconf 71' lang='lat'>4,</span> <span class='ocrx_word' id='word_1_1120' title='bbox 987 2123 993 2130; x_wconf 90' lang='lat'><strong>·</strong></span> <span class='ocrx_word' id='word_1_1121' title='bbox 1032 2123 1049 2144; x_wconf 48' lang='lat'>··</span> <span class='ocrx_word' id='word_1_1122' title='bbox 1080 2123 1086 2129; x_wconf 90' lang='lat'><em>-</em></span> <span class='ocrx_word' id='word_1_1123' title='bbox 1144 2114 1193 2142; x_wconf 76' lang='lat' dir='ltr'>per</span> <span class='ocrx_word' id='word_1_1124' title='bbox 1208 2110 1323 2135; x_wconf 81' lang='lat' dir='ltr'>ironiam.</span> <span class='ocrx_word' id='word_1_1125' title='bbox 1376 2110 1445 2136; x_wconf 88' lang='lat' dir='ltr'>Ter.</span> <span class='ocrx_word' id='word_1_1126' title='bbox 1460 2110 1566 2136; x_wconf 89' lang='lat' dir='ltr'>Phorm.</span> <span class='ocrx_word' id='word_1_1127' title='bbox 1588 2118 1609 2142; x_wconf 90' lang='lat'>1,</span> <span class='ocrx_word' id='word_1_1128' title='bbox 1622 2117 1645 2143; x_wconf 85' lang='lat'>5,</span> <span class='ocrx_word' id='word_1_1129' title='bbox 1659 2117 1694 2145; x_wconf 87' lang='lat'>70</span> <span class='ocrx_word' id='word_1_1130' title='bbox 1721 2112 1820 2137; x_wconf 89' lang='lat' dir='ltr'>Verum</span> <span class='ocrx_word' id='word_1_1131' title='bbox 1835 2117 1972 2145; x_wconf 85' lang='lat' dir='ltr'>argentum</span> <span class='ocrx_word' id='word_1_1132' title='bbox 1985 2113 2082 2140; x_wconf 83' lang='lat' dir='ltr'>deerat.</span> <span class='ocrx_word' id='word_1_1133' title='bbox 2104 2120 2132 2140; x_wconf 90' lang='lat' dir='ltr'>D.</span> <span class='ocrx_word' id='word_1_1134' title='bbox 2154 2115 2200 2140; x_wconf 84' lang='lat' dir='ltr'>su-</span> 
     </span>
     <span class='ocr_line' id='line_1_54' title="bbox 33 2139 2196 2176; baseline 0.003 -7"><span class='ocrx_word' id='word_1_1135' title='bbox 33 2145 36 2150; x_wconf 90' lang='lat'>&#39;</span> <span class='ocrx_word' id='word_1_1136' title='bbox 49 2143 209 2170; x_wconf 83' lang='lat' dir='ltr'>Sententiam</span> <span class='ocrx_word' id='word_1_1137' title='bbox 222 2142 310 2169; x_wconf 86' lang='lat' dir='ltr'>dicere</span> <span class='ocrx_word' id='word_1_1138' title='bbox 322 2142 487 2168; x_wconf 86' lang='lat' dir='ltr'>existimatur</span> <span class='ocrx_word' id='word_1_1139' title='bbox 498 2140 614 2173; x_wconf 85' lang='lat' dir='ltr'>arbiter,</span> <span class='ocrx_word' id='word_1_1140' title='bbox 635 2140 723 2175; x_wconf 86' lang='lat' dir='ltr'>quiea</span> <span class='ocrx_word' id='word_1_1141' title='bbox 738 2145 826 2166; x_wconf 89' lang='lat' dir='ltr'>mente</span> <span class='ocrx_word' id='word_1_1142' title='bbox 843 2139 908 2174; x_wconf 88' lang='lat' dir='ltr'>quid</span> <span class='ocrx_word' id='word_1_1143' title='bbox 925 2144 1088 2173; x_wconf 76' lang='lat' dir='ltr'>pronuntiat,</span> <span class='ocrx_word' id='word_1_1144' title='bbox 1151 2147 1235 2168; x_wconf 88' lang='lat' dir='ltr'>meret</span> <span class='ocrx_word' id='word_1_1145' title='bbox 1271 2144 1410 2170; x_wconf 88' lang='lat' dir='ltr'>Alicunde.</span> <span class='ocrx_word' id='word_1_1146' title='bbox 1432 2151 1462 2171; x_wconf 91' lang='lat' dir='ltr'>G.</span> <span class='ocrx_word' id='word_1_1147' title='bbox 1484 2144 1623 2171; x_wconf 73' lang='lat' dir='ltr'>alicunde?</span> <span class='ocrx_word' id='word_1_1148' title='bbox 1647 2145 1717 2172; x_wconf 88' lang='lat' dir='ltr'>nihil</span> <span class='ocrx_word' id='word_1_1149' title='bbox 1730 2146 1766 2172; x_wconf 89' lang='lat' dir='ltr'>est</span> <span class='ocrx_word' id='word_1_1150' title='bbox 1780 2145 1853 2173; x_wconf 65' lang='lat' dir='ltr'>dieiu</span> <span class='ocrx_word' id='word_1_1151' title='bbox 1866 2147 1980 2174; x_wconf 78' lang='lat' dir='ltr'>facilius.</span> <span class='ocrx_word' id='word_1_1152' title='bbox 2001 2149 2053 2175; x_wconf 80' lang='lat' dir='ltr'>h.e.</span> <span class='ocrx_word' id='word_1_1153' title='bbox 2070 2149 2196 2176; x_wconf 77' lang='lat' dir='ltr'>Facillime</span> 
     </span>
     <span class='ocr_line' id='line_1_55' title="bbox 49 2172 2199 2217; baseline 0.003 -12"><span class='ocrx_word' id='word_1_1154' title='bbox 49 2184 81 2206; x_wconf 83' lang='lat' dir='ltr'>vt</span> <span class='ocrx_word' id='word_1_1155' title='bbox 93 2178 232 2204; x_wconf 85' lang='lat' dir='ltr'>secundum</span> <span class='ocrx_word' id='word_1_1156' title='bbox 250 2186 307 2204; x_wconf 83' lang='lat' dir='ltr'>eam</span> <span class='ocrx_word' id='word_1_1157' title='bbox 321 2177 452 2204; x_wconf 86' lang='lat' dir='ltr'>discedere</span> <span class='ocrx_word' id='word_1_1158' title='bbox 465 2185 509 2203; x_wconf 84' lang='lat' dir='ltr'>eos</span> <span class='ocrx_word' id='word_1_1159' title='bbox 529 2185 544 2202; x_wconf 84' lang='lat' dir='ltr'>a</span> <span class='ocrx_word' id='word_1_1160' title='bbox 563 2182 619 2202; x_wconf 80' lang='lat' dir='ltr'>tota</span> <span class='ocrx_word' id='word_1_1161' title='bbox 639 2175 817 2202; x_wconf 81' lang='lat' dir='ltr'>controuerfia</span> <span class='ocrx_word' id='word_1_1162' title='bbox 837 2174 903 2201; x_wconf 87' lang='lat' dir='ltr'>velit</span> <span class='ocrx_word' id='word_1_1163' title='bbox 921 2175 939 2201; x_wconf 88' lang='lat' dir='ltr'>l·</span> <span class='ocrx_word' id='word_1_1164' title='bbox 952 2179 978 2204; x_wconf 85' lang='lat'>18</span> <span class='ocrx_word' id='word_1_1165' title='bbox 991 2172 1015 2210; x_wconf 84' lang='lat'>§-</span> <span class='ocrx_word' id='word_1_1166' title='bbox 1029 2183 1043 2215; x_wconf 36' lang='grc'><strong>1,</strong></span> <span class='ocrx_word' id='word_1_1167' title='bbox 1055 2175 1089 2201; x_wconf 93' lang='lat' dir='ltr'>D.</span> <span class='ocrx_word' id='word_1_1168' title='bbox 1149 2177 1179 2203; x_wconf 81' lang='lat' dir='ltr'>id</span> <span class='ocrx_word' id='word_1_1169' title='bbox 1189 2177 1284 2213; x_wconf 73' lang='lat' dir='ltr'>quidem</span> <span class='ocrx_word' id='word_1_1170' title='bbox 1297 2179 1408 2212; x_wconf 73' lang='lat' dir='ltr'>dicitur,</span> <span class='ocrx_word' id='word_1_1171' title='bbox 1421 2179 1470 2215; x_wconf 68' lang='lat' dir='ltr'>sed</span> <span class='ocrx_word' id='word_1_1172' title='bbox 1481 2178 1609 2215; x_wconf 78' lang='lat' dir='ltr'>difficilius</span> <span class='ocrx_word' id='word_1_1173' title='bbox 1621 2183 1696 2208; x_wconf 85' lang='lat' dir='ltr'>multo</span> <span class='ocrx_word' id='word_1_1174' title='bbox 1704 2181 1789 2217; x_wconf 80' lang='lat' dir='ltr'>fieret.</span> <span class='ocrx_word' id='word_1_1175' title='bbox 1843 2183 1941 2209; x_wconf 81' lang='lat' dir='ltr'>Facilia</span> <span class='ocrx_word' id='word_1_1176' title='bbox 1955 2183 2028 2210; x_wconf 69' lang='lat' dir='ltr'>dictu</span> <span class='ocrx_word' id='word_1_1177' title='bbox 2056 2183 2121 2210; x_wconf 83' lang='lat' dir='ltr'>Plin.</span> <span class='ocrx_word' id='word_1_1178' title='bbox 2134 2194 2157 2217; x_wconf 77' lang='lat'>3&gt;</span> <span class='ocrx_word' id='word_1_1179' title='bbox 2173 2193 2199 2211; x_wconf 88' lang='lat'>1..</span> 
     </span>
     <span class='ocr_line' id='line_1_56' title="bbox 49 2210 2198 2255; baseline 0.003 -15"><span class='ocrx_word' id='word_1_1180' title='bbox 49 2214 83 2240; x_wconf 87' lang='lat' dir='ltr'>de</span> <span class='ocrx_word' id='word_1_1181' title='bbox 94 2222 179 2248; x_wconf 87' lang='lat' dir='ltr'>recep.</span> <span class='ocrx_word' id='word_1_1182' title='bbox 192 2213 270 2240; x_wconf 75' lang='lat' dir='ltr'>arbit.</span> <span class='ocrx_word' id='word_1_1183' title='bbox 324 2213 483 2240; x_wconf 88' lang='lat' dir='ltr'>Sententiam</span> <span class='ocrx_word' id='word_1_1184' title='bbox 498 2212 605 2244; x_wconf 62' lang='lat' dir='ltr'>dicere}</span> <span class='ocrx_word' id='word_1_1185' title='bbox 623 2214 696 2238; x_wconf 82' lang='lat' dir='ltr'>etiam</span> <span class='ocrx_word' id='word_1_1186' title='bbox 709 2211 738 2237; x_wconf 80' lang='lat' dir='ltr'>de</span> <span class='ocrx_word' id='word_1_1187' title='bbox 750 2210 829 2237; x_wconf 84' lang='lat' dir='ltr'>iudice</span> <span class='ocrx_word' id='word_1_1188' title='bbox 843 2210 946 2237; x_wconf 80' lang='lat' dir='ltr'>dicitur.</span> <span class='ocrx_word' id='word_1_1189' title='bbox 982 2210 1089 2250; x_wconf 79' lang='lat' dir='ltr'>leian.</span> <span class='ocrx_word' id='word_1_1190' title='bbox 1104 2219 1133 2247; x_wconf 85' lang='grc'>55</span> <span class='ocrx_word' id='word_1_1191' title='bbox 1149 2213 1322 2240; x_wconf 85' lang='lat' dir='ltr'>Horrendum</span> <span class='ocrx_word' id='word_1_1192' title='bbox 1333 2214 1407 2241; x_wconf 70' lang='lat' dir='ltr'>dicht</span> <span class='ocrx_word' id='word_1_1193' title='bbox 1424 2216 1500 2250; x_wconf 86' lang='lat' dir='ltr'>Virg.</span> <span class='ocrx_word' id='word_1_1194' title='bbox 1520 2217 1585 2243; x_wconf 89' lang='lat' dir='ltr'>Aen.</span> <span class='ocrx_word' id='word_1_1195' title='bbox 1606 2221 1630 2249; x_wconf 87' lang='lat'>8,</span> <span class='ocrx_word' id='word_1_1196' title='bbox 1648 2218 1703 2250; x_wconf 85' lang='lat'>565.</span> <span class='ocrx_word' id='word_1_1197' title='bbox 1759 2217 1886 2244; x_wconf 86' lang='lat' dir='ltr'>Mirabile</span> <span class='ocrx_word' id='word_1_1198' title='bbox 1910 2218 1984 2245; x_wconf 65' lang='lat' dir='ltr'>dictu</span> <span class='ocrx_word' id='word_1_1199' title='bbox 2004 2220 2076 2246; x_wconf 83' lang='lat' dir='ltr'>Idem</span> <span class='ocrx_word' id='word_1_1200' title='bbox 2095 2221 2198 2255; x_wconf 75' lang='lat' dir='ltr'>Georg-</span> 
     </span>
     <span class='ocr_line' id='line_1_57' title="bbox 49 2245 2201 2290; baseline 0.003 -16"><span class='ocrx_word' id='word_1_1201' title='bbox 49 2249 79 2275; x_wconf 86' lang='lat' dir='ltr'>in</span> <span class='ocrx_word' id='word_1_1202' title='bbox 91 2249 109 2274; x_wconf 95' lang='lat' dir='ltr'>l.</span> <span class='ocrx_word' id='word_1_1203' title='bbox 121 2248 139 2274; x_wconf 90' lang='lat' dir='ltr'>si</span> <span class='ocrx_word' id='word_1_1204' title='bbox 153 2249 224 2275; x_wconf 85' lang='lat' dir='ltr'>filius</span> <span class='ocrx_word' id='word_1_1205' title='bbox 236 2248 351 2275; x_wconf 83' lang='lat' dir='ltr'>familias</span> <span class='ocrx_word' id='word_1_1206' title='bbox 367 2249 399 2275; x_wconf 92' lang='lat' dir='ltr'>D.</span> <span class='ocrx_word' id='word_1_1207' title='bbox 413 2248 445 2275; x_wconf 90' lang='lat' dir='ltr'>de</span> <span class='ocrx_word' id='word_1_1208' title='bbox 459 2247 583 2280; x_wconf 87' lang='lat' dir='ltr'>iudiciis,</span> <span class='ocrx_word' id='word_1_1209' title='bbox 595 2247 675 2274; x_wconf 90' lang='lat' dir='ltr'>Iudex</span> <span class='ocrx_word' id='word_1_1210' title='bbox 688 2252 749 2273; x_wconf 89' lang='lat' dir='ltr'>tunc</span> <span class='ocrx_word' id='word_1_1211' title='bbox 764 2246 838 2286; x_wconf 83' lang='lat' dir='ltr'>litem</span> <span class='ocrx_word' id='word_1_1212' title='bbox 856 2246 928 2286; x_wconf 81' lang='lat' dir='ltr'>suam</span> <span class='ocrx_word' id='word_1_1213' title='bbox 948 2245 1035 2286; x_wconf 77' lang='lat' dir='ltr'>facere</span> <span class='ocrx_word' id='word_1_1214' title='bbox 1049 2254 1088 2272; x_wconf 90' lang='lat' dir='ltr'>in·</span> <span class='ocrx_word' id='word_1_1215' title='bbox 1151 2257 1174 2281; x_wconf 84' lang='lat'>2,</span> <span class='ocrx_word' id='word_1_1216' title='bbox 1187 2257 1227 2281; x_wconf 81' lang='lat'>30.</span> <span class='ocrx_word' id='word_1_1217' title='bbox 1282 2251 1364 2277; x_wconf 83' lang='lat' dir='ltr'>Parua</span> <span class='ocrx_word' id='word_1_1218' title='bbox 1377 2250 1451 2277; x_wconf 65' lang='lat' dir='ltr'>dictu</span> <span class='ocrx_word' id='word_1_1219' title='bbox 1468 2251 1535 2279; x_wconf 80' lang='lat' dir='ltr'>Plin.</span> <span class='ocrx_word' id='word_1_1220' title='bbox 1549 2260 1575 2285; x_wconf 82' lang='lat'>2,</span> <span class='ocrx_word' id='word_1_1221' title='bbox 1590 2259 1616 2286; x_wconf 90' lang='lat'>7.</span> <span class='ocrx_word' id='word_1_1222' title='bbox 1688 2251 1843 2287; x_wconf 88' lang='lat' dir='ltr'>Prodigium</span> <span class='ocrx_word' id='word_1_1223' title='bbox 1856 2253 1929 2280; x_wconf 64' lang='lat' dir='ltr'>die’tu</span> <span class='ocrx_word' id='word_1_1224' title='bbox 1943 2255 2016 2281; x_wconf 88' lang='lat' dir='ltr'>nefas</span> <span class='ocrx_word' id='word_1_1225' title='bbox 2036 2256 2111 2290; x_wconf 85' lang='lat' dir='ltr'>Virg.</span> <span class='ocrx_word' id='word_1_1226' title='bbox 2131 2258 2201 2283; x_wconf 51' lang='lat' dir='ltr'>Aen-</span> 
     </span>
     <span class='ocr_line' id='line_1_58' title="bbox 47 2281 2202 2322; baseline 0.004 -13"><span class='ocrx_word' id='word_1_1227' title='bbox 47 2284 194 2318; x_wconf 77' lang='lat' dir='ltr'>telligitur,</span> <span class='ocrx_word' id='word_1_1228' title='bbox 213 2293 296 2318; x_wconf 89' lang='lat' dir='ltr'>quum</span> <span class='ocrx_word' id='word_1_1229' title='bbox 308 2284 371 2310; x_wconf 91' lang='lat' dir='ltr'>dolo</span> <span class='ocrx_word' id='word_1_1230' title='bbox 383 2284 454 2310; x_wconf 89' lang='lat' dir='ltr'>malo</span> <span class='ocrx_word' id='word_1_1231' title='bbox 465 2284 494 2310; x_wconf 90' lang='lat' dir='ltr'>in</span> <span class='ocrx_word' id='word_1_1232' title='bbox 505 2283 626 2310; x_wconf 90' lang='lat' dir='ltr'>fraudem</span> <span class='ocrx_word' id='word_1_1233' title='bbox 640 2283 706 2317; x_wconf 82' lang='lat' dir='ltr'>legis</span> <span class='ocrx_word' id='word_1_1234' title='bbox 720 2283 881 2309; x_wconf 82' lang='lat' dir='ltr'>Sententiam</span> <span class='ocrx_word' id='word_1_1235' title='bbox 895 2281 1000 2308; x_wconf 84' lang='lat' dir='ltr'>dixerit.</span> <span class='ocrx_word' id='word_1_1236' title='bbox 1040 2281 1087 2322; x_wconf 83' lang='lat' dir='ltr'>Id.</span> <span class='ocrx_word' id='word_1_1237' title='bbox 1151 2292 1173 2316; x_wconf 85' lang='grc'>3,</span> <span class='ocrx_word' id='word_1_1238' title='bbox 1186 2286 1244 2316; x_wconf 86' lang='grc'><strong>366.</strong></span> <span class='ocrx_word' id='word_1_1239' title='bbox 1315 2286 1468 2312; x_wconf 86' lang='lat' dir='ltr'>Pudendum</span> <span class='ocrx_word' id='word_1_1240' title='bbox 1488 2286 1562 2313; x_wconf 63' lang='lat' dir='ltr'>&lt;lietu</span> <span class='ocrx_word' id='word_1_1241' title='bbox 1597 2287 1728 2321; x_wconf 71' lang='lat' dir='ltr'>Qtinetil.</span> <span class='ocrx_word' id='word_1_1242' title='bbox 1749 2290 1775 2321; x_wconf 91' lang='lat'>6,</span> <span class='ocrx_word' id='word_1_1243' title='bbox 1799 2298 1826 2322; x_wconf 86' lang='lat'>4.</span> <span class='ocrx_word' id='word_1_1244' title='bbox 1899 2290 1971 2317; x_wconf 88' lang='lat' dir='ltr'>Seria</span> <span class='ocrx_word' id='word_1_1245' title='bbox 1987 2290 2058 2316; x_wconf 70' lang='lat' dir='ltr'>die’tu</span> <span class='ocrx_word' id='word_1_1246' title='bbox 2079 2292 2147 2318; x_wconf 89' lang='lat' dir='ltr'>Hor.</span> <span class='ocrx_word' id='word_1_1247' title='bbox 2160 2292 2202 2318; x_wconf 83' lang='lat' dir='ltr'>A..</span> 
     </span>
     <span class='ocr_line' id='line_1_59' title="bbox 48 2316 2196 2361; baseline 0.004 -16"><span class='ocrx_word' id='word_1_1248' title='bbox 48 2319 154 2354; x_wconf 88' lang='lat' dir='ltr'>leian.</span> <span class='ocrx_word' id='word_1_1249' title='bbox 174 2319 202 2346; x_wconf 79' lang='lat' dir='ltr'>in</span> <span class='ocrx_word' id='word_1_1250' title='bbox 221 2320 239 2346; x_wconf 91' lang='lat' dir='ltr'>l.</span> <span class='ocrx_word' id='word_1_1251' title='bbox 254 2319 333 2346; x_wconf 88' lang='lat' dir='ltr'>iudex</span> <span class='ocrx_word' id='word_1_1252' title='bbox 353 2321 385 2346; x_wconf 94' lang='lat' dir='ltr'>D.</span> <span class='ocrx_word' id='word_1_1253' title='bbox 399 2319 431 2346; x_wconf 91' lang='lat' dir='ltr'>de</span> <span class='ocrx_word' id='word_1_1254' title='bbox 443 2328 472 2346; x_wconf 90' lang='lat' dir='ltr'>re</span> <span class='ocrx_word' id='word_1_1255' title='bbox 492 2319 624 2352; x_wconf 85' lang='lat' dir='ltr'>iudicata,</span> <span class='ocrx_word' id='word_1_1256' title='bbox 643 2317 725 2345; x_wconf 90' lang='lat' dir='ltr'>Iudex</span> <span class='ocrx_word' id='word_1_1257' title='bbox 742 2318 910 2352; x_wconf 84' lang='lat' dir='ltr'>posteaquam</span> <span class='ocrx_word' id='word_1_1258' title='bbox 927 2317 1007 2343; x_wconf 85' lang='lat' dir='ltr'>semel</span> <span class='ocrx_word' id='word_1_1259' title='bbox 1021 2316 1089 2343; x_wconf 85' lang='lat' dir='ltr'>dixit</span> <span class='ocrx_word' id='word_1_1260' title='bbox 1149 2320 1176 2346; x_wconf 90' lang='lat' dir='ltr'>P.</span> <span class='ocrx_word' id='word_1_1261' title='bbox 1192 2328 1245 2354; x_wconf 87' lang='lat'><strong>¹07·</strong></span> <span class='ocrx_word' id='word_1_1262' title='bbox 1315 2321 1401 2348; x_wconf 81' lang='lat' dir='ltr'>Calles</span> <span class='ocrx_word' id='word_1_1263' title='bbox 1416 2321 1526 2349; x_wconf 89' lang='lat' dir='ltr'>dicenda</span> <span class='ocrx_word' id='word_1_1264' title='bbox 1540 2323 1702 2358; x_wconf 82' lang='lat' dir='ltr'>tacendaque</span> <span class='ocrx_word' id='word_1_1265' title='bbox 1722 2324 1789 2351; x_wconf 85' lang='lat' dir='ltr'>Pers.</span> <span class='ocrx_word' id='word_1_1266' title='bbox 1803 2325 1853 2351; x_wconf 87' lang='lat' dir='ltr'>Sat.</span> <span class='ocrx_word' id='word_1_1267' title='bbox 1867 2334 1896 2358; x_wconf 89' lang='lat'>4,</span> <span class='ocrx_word' id='word_1_1268' title='bbox 1911 2333 1932 2358; x_wconf 85' lang='lat'>5.</span> <span class='ocrx_word' id='word_1_1269' title='bbox 1995 2327 2063 2353; x_wconf 86' lang='lat' dir='ltr'>Cum</span> <span class='ocrx_word' id='word_1_1270' title='bbox 2076 2326 2196 2361; x_wconf 80' lang='lat' dir='ltr'>pondere</span> 
     </span>
     <span class='ocr_line' id='line_1_60' title="bbox 49 2352 2200 2396; baseline 0.004 -15"><span class='ocrx_word' id='word_1_1271' title='bbox 49 2355 219 2388; x_wconf 85' lang='lat' dir='ltr'>Sententiam,</span> <span class='ocrx_word' id='word_1_1272' title='bbox 234 2354 314 2381; x_wconf 84' lang='lat' dir='ltr'>iudex</span> <span class='ocrx_word' id='word_1_1273' title='bbox 327 2356 375 2382; x_wconf 89' lang='lat' dir='ltr'>esse</span> <span class='ocrx_word' id='word_1_1274' title='bbox 386 2354 488 2382; x_wconf 88' lang='lat' dir='ltr'>desinit.</span> <span class='ocrx_word' id='word_1_1275' title='bbox 537 2356 622 2381; x_wconf 82' lang='lat' dir='ltr'>Paullo</span> <span class='ocrx_word' id='word_1_1276' title='bbox 631 2353 703 2390; x_wconf 82' lang='lat' dir='ltr'>post,</span> <span class='ocrx_word' id='word_1_1277' title='bbox 724 2353 842 2388; x_wconf 87' lang='lat' dir='ltr'>Qiidam</span> <span class='ocrx_word' id='word_1_1278' title='bbox 854 2352 1039 2385; x_wconf 85' lang='lat' dir='ltr'>consulebant,</span> <span class='ocrx_word' id='word_1_1279' title='bbox 1054 2361 1087 2393; x_wconf 82' lang='lat' dir='ltr'>an</span> <span class='ocrx_word' id='word_1_1280' title='bbox 1150 2354 1242 2389; x_wconf 90' lang='lat' dir='ltr'>aliquo</span> <span class='ocrx_word' id='word_1_1281' title='bbox 1257 2354 1320 2382; x_wconf 84' lang='lat' dir='ltr'>haec</span> <span class='ocrx_word' id='word_1_1282' title='bbox 1333 2356 1443 2384; x_wconf 86' lang='lat' dir='ltr'>dicenda</span> <span class='ocrx_word' id='word_1_1283' title='bbox 1458 2358 1516 2384; x_wconf 90' lang='lat' dir='ltr'>sunt</span> <span class='ocrx_word' id='word_1_1284' title='bbox 1547 2358 1678 2392; x_wconf 61' lang='lat' dir='ltr'>Quinetil.</span> <span class='ocrx_word' id='word_1_1285' title='bbox 1691 2361 1717 2390; x_wconf 87' lang='lat'>6,</span> <span class='ocrx_word' id='word_1_1286' title='bbox 1734 2368 1752 2385; x_wconf 93' lang='lat'>1.</span> <span class='ocrx_word' id='word_1_1287' title='bbox 1825 2361 2009 2395; x_wconf 89' lang='lat' dir='ltr'>Temporibus</span> <span class='ocrx_word' id='word_1_1288' title='bbox 2023 2362 2132 2396; x_wconf 81' lang='lat' dir='ltr'>Augusti</span> <span class='ocrx_word' id='word_1_1289' title='bbox 2154 2362 2200 2389; x_wconf 85' lang='lat' dir='ltr'>di—</span> 
     </span>
     <span class='ocr_line' id='line_1_61' title="bbox 48 2388 2199 2430; baseline 0.002 -12"><span class='ocrx_word' id='word_1_1290' title='bbox 48 2390 148 2418; x_wconf 84' lang='lat' dir='ltr'>valeret</span> <span class='ocrx_word' id='word_1_1291' title='bbox 155 2391 281 2417; x_wconf 83' lang='lat' dir='ltr'>sententia</span> <span class='ocrx_word' id='word_1_1292' title='bbox 291 2391 418 2417; x_wconf 88' lang='lat' dir='ltr'>aminore</span> <span class='ocrx_word' id='word_1_1293' title='bbox 430 2390 528 2425; x_wconf 82' lang='lat' dir='ltr'>viginti</span> <span class='ocrx_word' id='word_1_1294' title='bbox 536 2391 656 2425; x_wconf 74' lang='lat' dir='ltr'>quinque</span> <span class='ocrx_word' id='word_1_1295' title='bbox 662 2390 736 2417; x_wconf 81' lang='lat' dir='ltr'>annis</span> <span class='ocrx_word' id='word_1_1296' title='bbox 744 2389 832 2416; x_wconf 90' lang='lat' dir='ltr'>iudice</span> <span class='ocrx_word' id='word_1_1297' title='bbox 844 2389 916 2415; x_wconf 84' lang='lat' dir='ltr'>data:</span> <span class='ocrx_word' id='word_1_1298' title='bbox 937 2388 980 2415; x_wconf 87' lang='lat' dir='ltr'>sed</span> <span class='ocrx_word' id='word_1_1299' title='bbox 988 2389 1088 2423; x_wconf 84' lang='lat' dir='ltr'>aequis·</span> <span class='ocrx_word' id='word_1_1300' title='bbox 1106 2393 1142 2417; x_wconf 85' lang='lat'>60</span> <span class='ocrx_word' id='word_1_1301' title='bbox 1150 2390 1238 2416; x_wconf 90' lang='lat' dir='ltr'>cendis</span> <span class='ocrx_word' id='word_1_1302' title='bbox 1250 2400 1305 2417; x_wconf 88' lang='lat' dir='ltr'>non</span> <span class='ocrx_word' id='word_1_1303' title='bbox 1321 2391 1430 2419; x_wconf 86' lang='lat' dir='ltr'>defuere</span> <span class='ocrx_word' id='word_1_1304' title='bbox 1450 2392 1544 2420; x_wconf 86' lang='lat' dir='ltr'>decora</span> <span class='ocrx_word' id='word_1_1305' title='bbox 1557 2394 1664 2428; x_wconf 87' lang='lat' dir='ltr'>ingenia</span> <span class='ocrx_word' id='word_1_1306' title='bbox 1680 2395 1772 2421; x_wconf 88' lang='lat' dir='ltr'>Tacit.</span> <span class='ocrx_word' id='word_1_1307' title='bbox 1787 2396 1835 2422; x_wconf 93' lang='lat' dir='ltr'>An.</span> <span class='ocrx_word' id='word_1_1308' title='bbox 1851 2405 1871 2429; x_wconf 93' lang='lat'>1,</span> <span class='ocrx_word' id='word_1_1309' title='bbox 1883 2405 1902 2428; x_wconf 89' lang='lat'>1,</span> <span class='ocrx_word' id='word_1_1310' title='bbox 1914 2405 1942 2430; x_wconf 87' lang='lat'>4.</span> <span class='ocrx_word' id='word_1_1311' title='bbox 2014 2397 2199 2424; x_wconf 79' lang='lat' dir='ltr'>Acutiffimum¹</span> 
     </span>
     <span class='ocr_line' id='line_1_62' title="bbox 48 2423 2198 2463; baseline 0.002 -10"><span class='ocrx_word' id='word_1_1312' title='bbox 48 2425 143 2454; x_wconf 80' lang='lat' dir='ltr'>fimum</span> <span class='ocrx_word' id='word_1_1313' title='bbox 163 2426 198 2453; x_wconf 86' lang='lat' dir='ltr'>est</span> <span class='ocrx_word' id='word_1_1314' title='bbox 210 2426 280 2459; x_wconf 77' lang='lat' dir='ltr'>tueri</span> <span class='ocrx_word' id='word_1_1315' title='bbox 291 2427 450 2453; x_wconf 87' lang='lat' dir='ltr'>Sententiam</span> <span class='ocrx_word' id='word_1_1316' title='bbox 470 2426 503 2453; x_wconf 84' lang='lat' dir='ltr'>ab</span> <span class='ocrx_word' id='word_1_1317' title='bbox 516 2435 549 2452; x_wconf 89' lang='lat' dir='ltr'>eo</span> <span class='ocrx_word' id='word_1_1318' title='bbox 563 2426 678 2458; x_wconf 71' lang='lat' dir='ltr'>di&amp;am,</span> <span class='ocrx_word' id='word_1_1319' title='bbox 693 2424 742 2452; x_wconf 88' lang='lat' dir='ltr'>nisi</span> <span class='ocrx_word' id='word_1_1320' title='bbox 762 2426 851 2451; x_wconf 88' lang='lat' dir='ltr'>minor</span> <span class='ocrx_word' id='word_1_1321' title='bbox 871 2425 961 2450; x_wconf 87' lang='lat' dir='ltr'>decem</span> <span class='ocrx_word' id='word_1_1322' title='bbox 979 2429 1005 2451; x_wconf 88' lang='lat' dir='ltr'>et</span> <span class='ocrx_word' id='word_1_1323' title='bbox 1024 2423 1087 2463; x_wconf 65' lang='lat' dir='ltr'>octo</span> <span class='ocrx_word' id='word_1_1324' title='bbox 1149 2432 1175 2452; x_wconf 88' lang='lat' dir='ltr'>et</span> <span class='ocrx_word' id='word_1_1325' title='bbox 1189 2425 1381 2453; x_wconf 83' lang='lat' dir='ltr'>subtilislimum</span> <span class='ocrx_word' id='word_1_1326' title='bbox 1396 2427 1502 2455; x_wconf 82' lang='lat' dir='ltr'>dicendi</span> <span class='ocrx_word' id='word_1_1327' title='bbox 1516 2438 1595 2463; x_wconf 86' lang='lat' dir='ltr'>genus</span> <span class='ocrx_word' id='word_1_1328' title='bbox 1615 2430 1670 2456; x_wconf 88' lang='lat' dir='ltr'>Cic.</span> <span class='ocrx_word' id='word_1_1329' title='bbox 1685 2430 1717 2457; x_wconf 89' lang='lat' dir='ltr'>de</span> <span class='ocrx_word' id='word_1_1330' title='bbox 1731 2431 1805 2457; x_wconf 89' lang='lat' dir='ltr'>Orat.</span> <span class='ocrx_word' id='word_1_1331' title='bbox 1819 2440 1845 2463; x_wconf 86' lang='lat'>2,</span> <span class='ocrx_word' id='word_1_1332' title='bbox 1881 2451 1887 2458; x_wconf 92' lang='lat'>.</span> <span class='ocrx_word' id='word_1_1333' title='bbox 1926 2451 1933 2458; x_wconf 95' lang='lat'>.</span> <span class='ocrx_word' id='word_1_1334' title='bbox 1987 2432 2138 2458; x_wconf 77' lang='lat' dir='ltr'>Artificium</span> <span class='ocrx_word' id='word_1_1335' title='bbox 2153 2431 2198 2458; x_wconf 83' lang='lat' dir='ltr'>di-</span> 
     </span>
     <span class='ocr_line' id='line_1_63' title="bbox 48 2459 2198 2501; baseline 0.002 -13"><span class='ocrx_word' id='word_1_1336' title='bbox 48 2462 124 2489; x_wconf 84' lang='lat' dir='ltr'>annis</span> <span class='ocrx_word' id='word_1_1337' title='bbox 137 2461 176 2488; x_wconf 85' lang='lat' dir='ltr'>sit.</span> <span class='ocrx_word' id='word_1_1338' title='bbox 245 2462 326 2488; x_wconf 87' lang='lat' dir='ltr'>Plaut.</span> <span class='ocrx_word' id='word_1_1339' title='bbox 339 2463 468 2488; x_wconf 85' lang='lat' dir='ltr'>Trinum.</span> <span class='ocrx_word' id='word_1_1340' title='bbox 482 2470 507 2493; x_wconf 78' lang='lat'>2,</span> <span class='ocrx_word' id='word_1_1341' title='bbox 521 2470 549 2494; x_wconf 85' lang='lat'>4,</span> <span class='ocrx_word' id='word_1_1342' title='bbox 562 2464 592 2492; x_wconf 80' lang='lat'>65</span> <span class='ocrx_word' id='word_1_1343' title='bbox 613 2461 702 2493; x_wconf 87' lang='lat' dir='ltr'>Dicis,</span> <span class='ocrx_word' id='word_1_1344' title='bbox 722 2460 749 2486; x_wconf 89' lang='lat' dir='ltr'>Si</span> <span class='ocrx_word' id='word_1_1345' title='bbox 766 2461 845 2487; x_wconf 89' lang='lat' dir='ltr'>facies</span> <span class='ocrx_word' id='word_1_1346' title='bbox 857 2459 947 2486; x_wconf 86' lang='lat' dir='ltr'>modo.</span> <span class='ocrx_word' id='word_1_1347' title='bbox 1001 2459 1086 2494; x_wconf 84' lang='lat' dir='ltr'>Signi·</span> <span class='ocrx_word' id='word_1_1348' title='bbox 1151 2460 1227 2487; x_wconf 89' lang='lat' dir='ltr'>cendi</span> <span class='ocrx_word' id='word_1_1349' title='bbox 1259 2462 1314 2488; x_wconf 92' lang='lat' dir='ltr'>Cic.</span> <span class='ocrx_word' id='word_1_1350' title='bbox 1329 2462 1362 2490; x_wconf 91' lang='lat' dir='ltr'>de</span> <span class='ocrx_word' id='word_1_1351' title='bbox 1376 2464 1451 2490; x_wconf 89' lang='lat' dir='ltr'>Orat.</span> <span class='ocrx_word' id='word_1_1352' title='bbox 1473 2473 1493 2497; x_wconf 90' lang='lat'>1,</span> <span class='ocrx_word' id='word_1_1353' title='bbox 1513 2472 1558 2499; x_wconf 88' lang='lat'>74.</span> <span class='ocrx_word' id='word_1_1354' title='bbox 1629 2465 1708 2492; x_wconf 86' lang='lat' dir='ltr'>Stilus</span> <span class='ocrx_word' id='word_1_1355' title='bbox 1728 2466 1764 2492; x_wconf 88' lang='lat' dir='ltr'>est</span> <span class='ocrx_word' id='word_1_1356' title='bbox 1783 2467 1899 2500; x_wconf 85' lang='lat' dir='ltr'>optimus</span> <span class='ocrx_word' id='word_1_1357' title='bbox 1912 2466 2020 2492; x_wconf 64' lang='lat' dir='ltr'>effector</span> <span class='ocrx_word' id='word_1_1358' title='bbox 2031 2473 2056 2492; x_wconf 88' lang='lat' dir='ltr'>et</span> <span class='ocrx_word' id='word_1_1359' title='bbox 2069 2466 2198 2501; x_wconf 76' lang='lat' dir='ltr'>magister</span> 
     </span>
    </p>
   </div>
   <div class='ocr_carea' id='block_1_9' title="bbox 49 2495 2198 2568">
    <p class='ocr_par' dir='ltr' id='par_1_11' title="bbox 49 2495 2198 2568">
     <span class='ocr_line' id='line_1_64' title="bbox 49 2495 2198 2535; baseline 0.003 -12"><span class='ocrx_word' id='word_1_1360' title='bbox 49 2497 174 2529; x_wconf 82' lang='lat' dir='ltr'>ficanter‚</span> <span class='ocrx_word' id='word_1_1361' title='bbox 192 2505 336 2532; x_wconf 86' lang='lat' dir='ltr'>ornateque</span> <span class='ocrx_word' id='word_1_1362' title='bbox 354 2496 486 2530; x_wconf 66' lang='lat' dir='ltr'>Qiinefil.</span> <span class='ocrx_word' id='word_1_1363' title='bbox 501 2505 521 2529; x_wconf 93' lang='lat'>1,</span> <span class='ocrx_word' id='word_1_1364' title='bbox 534 2504 560 2531; x_wconf 88' lang='lat'>7.</span> <span class='ocrx_word' id='word_1_1365' title='bbox 632 2496 682 2522; x_wconf 89' lang='lat' dir='ltr'>Dic</span> <span class='ocrx_word' id='word_1_1366' title='bbox 694 2495 774 2522; x_wconf 87' lang='lat' dir='ltr'>Sodes</span> <span class='ocrx_word' id='word_1_1367' title='bbox 798 2497 864 2522; x_wconf 89' lang='lat' dir='ltr'>Hor.</span> <span class='ocrx_word' id='word_1_1368' title='bbox 880 2495 959 2529; x_wconf 84' lang='lat' dir='ltr'>Epist.</span> <span class='ocrx_word' id='word_1_1369' title='bbox 977 2503 997 2527; x_wconf 86' lang='lat'>1,</span> <span class='ocrx_word' id='word_1_1370' title='bbox 1012 2504 1033 2527; x_wconf 92' lang='lat'>1,</span> <span class='ocrx_word' id='word_1_1371' title='bbox 1047 2496 1087 2520; x_wconf 84' lang='lat'>62-</span> <span class='ocrx_word' id='word_1_1372' title='bbox 1151 2496 1257 2523; x_wconf 88' lang='lat' dir='ltr'>dicendi</span> <span class='ocrx_word' id='word_1_1373' title='bbox 1289 2498 1362 2525; x_wconf 89' lang='lat' dir='ltr'>Idem</span> <span class='ocrx_word' id='word_1_1374' title='bbox 1376 2497 1408 2525; x_wconf 90' lang='lat' dir='ltr'>de</span> <span class='ocrx_word' id='word_1_1375' title='bbox 1421 2501 1494 2526; x_wconf 90' lang='lat' dir='ltr'>Orat.</span> <span class='ocrx_word' id='word_1_1376' title='bbox 1515 2509 1525 2526; x_wconf 94' lang='lat'>1</span> <span class='ocrx_word' id='word_1_1377' title='bbox 1544 2510 1566 2527; x_wconf 88' lang='lat' dir='ltr'>c.</span> <span class='ocrx_word' id='word_1_1378' title='bbox 1579 2509 1616 2533; x_wconf 89' lang='grc'>33.</span> <span class='ocrx_word' id='word_1_1379' title='bbox 1707 2501 1825 2527; x_wconf 84' lang='lat' dir='ltr'>Facultas</span> <span class='ocrx_word' id='word_1_1380' title='bbox 1838 2499 1943 2526; x_wconf 90' lang='lat' dir='ltr'>dicendi</span> <span class='ocrx_word' id='word_1_1381' title='bbox 1972 2501 2103 2535; x_wconf 71' lang='lat' dir='ltr'>Qinefil.</span> <span class='ocrx_word' id='word_1_1382' title='bbox 2117 2511 2142 2534; x_wconf 86' lang='lat'>2,</span> <span class='ocrx_word' id='word_1_1383' title='bbox 2158 2509 2198 2535; x_wconf 71' lang='grc'>15-</span> 
     </span>
     <span class='ocr_line' id='line_1_65' title="bbox 49 2530 2195 2568; baseline 0.002 -9"><span class='ocrx_word' id='word_1_1384' title='bbox 49 2532 108 2559; x_wconf 88' lang='lat' dir='ltr'>Cic.</span> <span class='ocrx_word' id='word_1_1385' title='bbox 122 2532 151 2558; x_wconf 87' lang='lat' dir='ltr'>in</span> <span class='ocrx_word' id='word_1_1386' title='bbox 163 2533 245 2558; x_wconf 88' lang='lat' dir='ltr'>Bruto</span> <span class='ocrx_word' id='word_1_1387' title='bbox 259 2541 300 2559; x_wconf 88' lang='lat'>110</span> <span class='ocrx_word' id='word_1_1388' title='bbox 332 2533 429 2567; x_wconf 90' lang='lat' dir='ltr'>Neque</span> <span class='ocrx_word' id='word_1_1389' title='bbox 443 2533 514 2559; x_wconf 87' lang='lat' dir='ltr'>enim</span> <span class='ocrx_word' id='word_1_1390' title='bbox 533 2531 616 2559; x_wconf 86' lang='lat' dir='ltr'>refert</span> <span class='ocrx_word' id='word_1_1391' title='bbox 632 2531 725 2558; x_wconf 83' lang='lat' dir='ltr'>videre</span> <span class='ocrx_word' id='word_1_1392' title='bbox 738 2531 802 2566; x_wconf 91' lang='lat' dir='ltr'>quid</span> <span class='ocrx_word' id='word_1_1393' title='bbox 820 2531 960 2558; x_wconf 85' lang='lat' dir='ltr'>dicendum</span> <span class='ocrx_word' id='word_1_1394' title='bbox 973 2530 1019 2563; x_wconf 88' lang='lat' dir='ltr'>sit,</span> <span class='ocrx_word' id='word_1_1395' title='bbox 1038 2530 1087 2556; x_wconf 80' lang='lat' dir='ltr'>nisi</span> <span class='ocrx_word' id='word_1_1396' title='bbox 1151 2533 1280 2566; x_wconf 83' lang='lat' dir='ltr'>Forense,</span> <span class='ocrx_word' id='word_1_1397' title='bbox 1299 2540 1379 2568; x_wconf 86' lang='lat' dir='ltr'>atque</span> <span class='ocrx_word' id='word_1_1398' title='bbox 1391 2535 1608 2562; x_wconf 83' lang='lat' dir='ltr'>declamatorium</span> <span class='ocrx_word' id='word_1_1399' title='bbox 1630 2535 1734 2561; x_wconf 89' lang='lat' dir='ltr'>dicendi</span> <span class='ocrx_word' id='word_1_1400' title='bbox 1755 2544 1835 2568; x_wconf 87' lang='lat' dir='ltr'>genus</span> <span class='ocrx_word' id='word_1_1401' title='bbox 1860 2535 1934 2561; x_wconf 85' lang='lat' dir='ltr'>Idem</span> <span class='ocrx_word' id='word_1_1402' title='bbox 1947 2544 1973 2568; x_wconf 88' lang='lat'>2,</span> <span class='ocrx_word' id='word_1_1403' title='bbox 1987 2546 2023 2562; x_wconf 89' lang='lat'>10.</span> <span class='ocrx_word' id='word_1_1404' title='bbox 2096 2538 2195 2564; x_wconf 77' lang='lat' dir='ltr'>Gloria</span> 
     </span>
    </p>
   </div>
   <div class='ocr_carea' id='block_1_10' title="bbox 0 2565 2198 2887">
    <p class='ocr_par' dir='ltr' id='par_1_12' title="bbox 0 2565 2198 2887">
     <span class='ocr_line' id='line_1_66' title="bbox 51 2565 2195 2605; baseline 0.003 -12"><span class='ocrx_word' id='word_1_1405' title='bbox 51 2566 81 2594; x_wconf 88' lang='lat' dir='ltr'>id</span> <span class='ocrx_word' id='word_1_1406' title='bbox 98 2575 176 2602; x_wconf 83' lang='lat' dir='ltr'>queas</span> <span class='ocrx_word' id='word_1_1407' title='bbox 197 2567 285 2595; x_wconf 86' lang='lat' dir='ltr'>Solute</span> <span class='ocrx_word' id='word_1_1408' title='bbox 304 2573 330 2595; x_wconf 89' lang='lat' dir='ltr'>et</span> <span class='ocrx_word' id='word_1_1409' title='bbox 348 2566 465 2595; x_wconf 79' lang='lat' dir='ltr'>suauiter</span> <span class='ocrx_word' id='word_1_1410' title='bbox 484 2567 580 2595; x_wconf 89' lang='lat' dir='ltr'>dicere.</span> <span class='ocrx_word' id='word_1_1411' title='bbox 651 2567 722 2594; x_wconf 92' lang='lat' dir='ltr'>Sono</span> <span class='ocrx_word' id='word_1_1412' title='bbox 740 2567 865 2593; x_wconf 88' lang='lat' dir='ltr'>concordi</span> <span class='ocrx_word' id='word_1_1413' title='bbox 885 2566 976 2593; x_wconf 90' lang='lat' dir='ltr'>dixere</span> <span class='ocrx_word' id='word_1_1414' title='bbox 1006 2565 1088 2592; x_wconf 85' lang='lat' dir='ltr'>Ouid.</span> <span class='ocrx_word' id='word_1_1415' title='bbox 1105 2567 1137 2599; x_wconf 87' lang='lat'>65</span> <span class='ocrx_word' id='word_1_1416' title='bbox 1150 2567 1255 2594; x_wconf 83' lang='lat' dir='ltr'>dicendi</span> <span class='ocrx_word' id='word_1_1417' title='bbox 1286 2570 1333 2594; x_wconf 93' lang='lat' dir='ltr'>Cic</span> <span class='ocrx_word' id='word_1_1418' title='bbox 1347 2570 1375 2595; x_wconf 89' lang='lat' dir='ltr'>in</span> <span class='ocrx_word' id='word_1_1419' title='bbox 1388 2570 1479 2596; x_wconf 86' lang='lat' dir='ltr'>Bruto.</span> <span class='ocrx_word' id='word_1_1420' title='bbox 1516 2588 1522 2595; x_wconf 93' lang='lat'>.</span> <span class='ocrx_word' id='word_1_1421' title='bbox 1559 2589 1566 2595; x_wconf 93' lang='lat'>.</span> <span class='ocrx_word' id='word_1_1422' title='bbox 1638 2570 1767 2601; x_wconf 83' lang='lat' dir='ltr'>Pressum,</span> <span class='ocrx_word' id='word_1_1423' title='bbox 1792 2569 1966 2605; x_wconf 87' lang='lat' dir='ltr'>limatumque</span> <span class='ocrx_word' id='word_1_1424' title='bbox 1984 2580 2064 2605; x_wconf 87' lang='lat' dir='ltr'>genus</span> <span class='ocrx_word' id='word_1_1425' title='bbox 2084 2572 2195 2600; x_wconf 78' lang='lat' dir='ltr'>dicendi</span> 
     </span>
     <span class='ocr_line' id='line_1_67' title="bbox 51 2601 2198 2638; baseline 0.002 -8"><span class='ocrx_word' id='word_1_1426' title='bbox 51 2603 117 2630; x_wconf 83' lang='lat' dir='ltr'>Met.</span> <span class='ocrx_word' id='word_1_1427' title='bbox 139 2610 168 2636; x_wconf 88' lang='lat'>5,</span> <span class='ocrx_word' id='word_1_1428' title='bbox 189 2605 252 2636; x_wconf 91' lang='lat'>664.</span> <span class='ocrx_word' id='word_1_1429' title='bbox 321 2603 426 2630; x_wconf 91' lang='lat' dir='ltr'>Sublate</span> <span class='ocrx_word' id='word_1_1430' title='bbox 445 2603 549 2636; x_wconf 86' lang='lat' dir='ltr'>dicere,</span> <span class='ocrx_word' id='word_1_1431' title='bbox 574 2602 630 2629; x_wconf 82' lang='lat' dir='ltr'>vide</span> <span class='ocrx_word' id='word_1_1432' title='bbox 645 2602 727 2638; x_wconf 81' lang='lat' dir='ltr'>paullo</span> <span class='ocrx_word' id='word_1_1433' title='bbox 748 2609 806 2628; x_wconf 69' lang='lat' dir='ltr'>ants:</span> <span class='ocrx_word' id='word_1_1434' title='bbox 833 2603 974 2628; x_wconf 88' lang='lat' dir='ltr'>Attenuate</span> <span class='ocrx_word' id='word_1_1435' title='bbox 992 2601 1088 2628; x_wconf 88' lang='lat' dir='ltr'>dicere.</span> <span class='ocrx_word' id='word_1_1436' title='bbox 1152 2603 1284 2636; x_wconf 70' lang='lat' dir='ltr'>anffil.</span> <span class='ocrx_word' id='word_1_1437' title='bbox 1297 2612 1323 2636; x_wconf 87' lang='lat'>2,</span> <span class='ocrx_word' id='word_1_1438' title='bbox 1337 2609 1359 2633; x_wconf 86' lang='lat'>8.</span> <span class='ocrx_word' id='word_1_1439' title='bbox 1430 2604 1501 2630; x_wconf 88' lang='lat' dir='ltr'>Idem</span> <span class='ocrx_word' id='word_1_1440' title='bbox 1518 2612 1527 2629; x_wconf 93' lang='lat'>1</span> <span class='ocrx_word' id='word_1_1441' title='bbox 1550 2605 1671 2630; x_wconf 83' lang='lat' dir='ltr'>Prooem.</span> <span class='ocrx_word' id='word_1_1442' title='bbox 1701 2604 1765 2631; x_wconf 92' lang='lat' dir='ltr'>Non</span> <span class='ocrx_word' id='word_1_1443' title='bbox 1786 2605 1892 2631; x_wconf 85' lang='lat' dir='ltr'>inutiles</span> <span class='ocrx_word' id='word_1_1444' title='bbox 1905 2606 1965 2632; x_wconf 89' lang='lat' dir='ltr'>fore</span> <span class='ocrx_word' id='word_1_1445' title='bbox 1982 2607 2048 2633; x_wconf 79' lang='lat' dir='ltr'>libri</span> <span class='ocrx_word' id='word_1_1446' title='bbox 2066 2607 2198 2635; x_wconf 85' lang='lat' dir='ltr'>videban-</span> 
     </span>
     <span class='ocr_line' id='line_1_68' title="bbox 52 2636 2197 2675; baseline 0.003 -12"><span class='ocrx_word' id='word_1_1447' title='bbox 52 2637 108 2664; x_wconf 84' lang='lat' dir='ltr'>cic.</span> <span class='ocrx_word' id='word_1_1448' title='bbox 120 2639 196 2665; x_wconf 87' lang='lat' dir='ltr'>Verr.</span> <span class='ocrx_word' id='word_1_1449' title='bbox 211 2638 301 2664; x_wconf 88' lang='lat' dir='ltr'>Diuin.</span> <span class='ocrx_word' id='word_1_1450' title='bbox 314 2641 346 2669; x_wconf 88' lang='lat'>86</span> <span class='ocrx_word' id='word_1_1451' title='bbox 378 2640 434 2665; x_wconf 89' lang='lat' dir='ltr'>Alii</span> <span class='ocrx_word' id='word_1_1452' title='bbox 446 2640 587 2666; x_wconf 88' lang='lat' dir='ltr'>amentiam</span> <span class='ocrx_word' id='word_1_1453' title='bbox 601 2639 711 2669; x_wconf 86' lang='lat' dir='ltr'>mirari,</span> <span class='ocrx_word' id='word_1_1454' title='bbox 733 2638 872 2665; x_wconf 86' lang='lat' dir='ltr'>stultitiam</span> <span class='ocrx_word' id='word_1_1455' title='bbox 886 2637 949 2668; x_wconf 88' lang='lat' dir='ltr'>alii,</span> <span class='ocrx_word' id='word_1_1456' title='bbox 970 2643 1015 2662; x_wconf 83' lang='lat' dir='ltr'>etc.</span> <span class='ocrx_word' id='word_1_1457' title='bbox 1044 2636 1102 2664; x_wconf 83' lang='lat' dir='ltr'>cui.</span> <span class='ocrx_word' id='word_1_1458' title='bbox 1151 2644 1209 2664; x_wconf 85' lang='lat' dir='ltr'>tur:</span> <span class='ocrx_word' id='word_1_1459' title='bbox 1237 2647 1302 2671; x_wconf 87' lang='lat' dir='ltr'>quos</span> <span class='ocrx_word' id='word_1_1460' title='bbox 1318 2638 1351 2664; x_wconf 92' lang='lat' dir='ltr'>ab</span> <span class='ocrx_word' id='word_1_1461' title='bbox 1364 2637 1423 2671; x_wconf 86' lang='lat' dir='ltr'>ipsis</span> <span class='ocrx_word' id='word_1_1462' title='bbox 1437 2639 1541 2665; x_wconf 87' lang='lat' dir='ltr'>dicendi</span> <span class='ocrx_word' id='word_1_1463' title='bbox 1563 2639 1636 2666; x_wconf 88' lang='lat' dir='ltr'>velut</span> <span class='ocrx_word' id='word_1_1464' title='bbox 1653 2640 1822 2666; x_wconf 85' lang='lat' dir='ltr'>Incunabulis</span> <span class='ocrx_word' id='word_1_1465' title='bbox 1834 2649 1880 2675; x_wconf 87' lang='lat' dir='ltr'>per</span> <span class='ocrx_word' id='word_1_1466' title='bbox 1891 2650 1983 2668; x_wconf 91' lang='lat' dir='ltr'>omnes</span> <span class='ocrx_word' id='word_1_1467' title='bbox 1997 2649 2064 2669; x_wconf 88' lang='lat' dir='ltr'>artes</span> <span class='ocrx_word' id='word_1_1468' title='bbox 2079 2643 2111 2669; x_wconf 87' lang='lat' dir='ltr'>ad</span> <span class='ocrx_word' id='word_1_1469' title='bbox 2124 2645 2197 2671; x_wconf 90' lang='lat' dir='ltr'>sum-</span> 
     </span>
     <span class='ocr_line' id='line_1_69' title="bbox 53 2671 2196 2711; baseline 0.003 -11"><span class='ocrx_word' id='word_1_1470' title='bbox 53 2673 283 2708; x_wconf 81' lang='lat' dir='ltr'>comperendinato</span> <span class='ocrx_word' id='word_1_1471' title='bbox 303 2683 387 2707; x_wconf 89' lang='lat' dir='ltr'>quum</span> <span class='ocrx_word' id='word_1_1472' title='bbox 405 2679 458 2700; x_wconf 87' lang='lat' dir='ltr'>tam</span> <span class='ocrx_word' id='word_1_1473' title='bbox 476 2674 555 2699; x_wconf 87' lang='lat' dir='ltr'>multi</span> <span class='ocrx_word' id='word_1_1474' title='bbox 573 2673 669 2699; x_wconf 77' lang='lat' dir='ltr'>Testes</span> <span class='ocrx_word' id='word_1_1475' title='bbox 696 2673 817 2699; x_wconf 79' lang='lat' dir='ltr'>dixissent</span> <span class='ocrx_word' id='word_1_1476' title='bbox 829 2692 838 2704; x_wconf 90' lang='lat'>,</span> <span class='ocrx_word' id='word_1_1477' title='bbox 863 2672 1009 2706; x_wconf 87' lang='lat' dir='ltr'>quidquam</span> <span class='ocrx_word' id='word_1_1478' title='bbox 1028 2671 1089 2697; x_wconf 87' lang='lat' dir='ltr'>illo·</span> <span class='ocrx_word' id='word_1_1479' title='bbox 1150 2682 1221 2698; x_wconf 87' lang='lat' dir='ltr'>mam</span> <span class='ocrx_word' id='word_1_1480' title='bbox 1233 2674 1288 2699; x_wconf 89' lang='lat' dir='ltr'>eius</span> <span class='ocrx_word' id='word_1_1481' title='bbox 1307 2674 1394 2707; x_wconf 88' lang='lat' dir='ltr'>operis</span> <span class='ocrx_word' id='word_1_1482' title='bbox 1408 2672 1549 2707; x_wconf 86' lang='lat' dir='ltr'>perducere</span> <span class='ocrx_word' id='word_1_1483' title='bbox 1568 2674 1769 2701; x_wconf 76' lang='lat' dir='ltr'>destinabamus.</span> <span class='ocrx_word' id='word_1_1484' title='bbox 1839 2677 1964 2711; x_wconf 84' lang='lat' dir='ltr'>Magister</span> <span class='ocrx_word' id='word_1_1485' title='bbox 1983 2677 2086 2705; x_wconf 88' lang='lat' dir='ltr'>dicendi</span> <span class='ocrx_word' id='word_1_1486' title='bbox 2117 2680 2196 2707; x_wconf 79' lang='lat' dir='ltr'>Idem</span> 
     </span>
     <span class='ocr_line' id='line_1_70' title="bbox 52 2707 2196 2747; baseline 0.004 -13"><span class='ocrx_word' id='word_1_1487' title='bbox 52 2717 113 2735; x_wconf 88' lang='lat' dir='ltr'>rum</span> <span class='ocrx_word' id='word_1_1488' title='bbox 125 2708 228 2734; x_wconf 89' lang='lat' dir='ltr'>veniret</span> <span class='ocrx_word' id='word_1_1489' title='bbox 241 2708 268 2734; x_wconf 88' lang='lat' dir='ltr'>in</span> <span class='ocrx_word' id='word_1_1490' title='bbox 281 2709 413 2734; x_wconf 70' lang='lat' dir='ltr'>mentem?</span> <span class='ocrx_word' id='word_1_1491' title='bbox 483 2708 537 2733; x_wconf 89' lang='lat' dir='ltr'>Cic.</span> <span class='ocrx_word' id='word_1_1492' title='bbox 559 2708 591 2733; x_wconf 90' lang='lat' dir='ltr'>de</span> <span class='ocrx_word' id='word_1_1493' title='bbox 608 2708 683 2733; x_wconf 87' lang='lat' dir='ltr'>Orat.</span> <span class='ocrx_word' id='word_1_1494' title='bbox 719 2726 726 2733; x_wconf 92' lang='lat'>.</span> <span class='ocrx_word' id='word_1_1495' title='bbox 764 2726 771 2733; x_wconf 91' lang='lat'>.</span> <span class='ocrx_word' id='word_1_1496' title='bbox 807 2708 881 2733; x_wconf 90' lang='lat' dir='ltr'>Num</span> <span class='ocrx_word' id='word_1_1497' title='bbox 903 2707 987 2740; x_wconf 78' lang='lat' dir='ltr'>igitur</span> <span class='ocrx_word' id='word_1_1498' title='bbox 1003 2707 1089 2739; x_wconf 82' lang='lat' dir='ltr'>placet</span> <span class='ocrx_word' id='word_1_1499' title='bbox 1152 2717 1174 2740; x_wconf 83' lang='lat'>2,</span> <span class='ocrx_word' id='word_1_1500' title='bbox 1187 2713 1209 2737; x_wconf 80' lang='lat'>8.</span> <span class='ocrx_word' id='word_1_1501' title='bbox 1264 2707 1378 2735; x_wconf 86' lang='lat' dir='ltr'>Officina</span> <span class='ocrx_word' id='word_1_1502' title='bbox 1392 2708 1511 2740; x_wconf 88' lang='lat' dir='ltr'>dicendi,</span> <span class='ocrx_word' id='word_1_1503' title='bbox 1530 2709 1585 2735; x_wconf 83' lang='lat' dir='ltr'>vid.</span> <span class='ocrx_word' id='word_1_1504' title='bbox 1607 2715 1626 2735; x_wconf 94' lang='grc' dir='ltr'><strong>Ο</strong></span> <span class='ocrx_word' id='word_1_1505' title='bbox 1638 2717 1680 2737; x_wconf 79' lang='lat' dir='ltr'>FF</span> <span class='ocrx_word' id='word_1_1506' title='bbox 1690 2717 1697 2735; x_wconf 86' lang='grc' dir='ltr'>Ι</span> <span class='ocrx_word' id='word_1_1507' title='bbox 1709 2716 1726 2736; x_wconf 92' lang='lat' dir='ltr'>C</span> <span class='ocrx_word' id='word_1_1508' title='bbox 1737 2718 1816 2738; x_wconf 83' lang='lat' dir='ltr'>INA.</span> <span class='ocrx_word' id='word_1_1509' title='bbox 1889 2713 1962 2747; x_wconf 89' lang='lat' dir='ltr'>Opus</span> <span class='ocrx_word' id='word_1_1510' title='bbox 1974 2713 2138 2741; x_wconf 87' lang='lat' dir='ltr'>elaboratum</span> <span class='ocrx_word' id='word_1_1511' title='bbox 2152 2715 2196 2742; x_wconf 74' lang='lat' dir='ltr'>di-</span> 
     </span>
     <span class='ocr_line' id='line_1_71' title="bbox 0 2740 2195 2784; baseline 0.004 -16"><span class='ocrx_word' id='word_1_1512' title='bbox 0 2762 8 2764; x_wconf 41' lang='grc'><strong>.</strong></span> <span class='ocrx_word' id='word_1_1513' title='bbox 51 2752 135 2777; x_wconf 88' lang='lat' dir='ltr'>quum</span> <span class='ocrx_word' id='word_1_1514' title='bbox 149 2743 180 2769; x_wconf 91' lang='lat' dir='ltr'>de</span> <span class='ocrx_word' id='word_1_1515' title='bbox 201 2743 352 2778; x_wconf 86' lang='lat' dir='ltr'>eloquentia</span> <span class='ocrx_word' id='word_1_1516' title='bbox 370 2742 527 2777; x_wconf 84' lang='lat' dir='ltr'>praecipias,</span> <span class='ocrx_word' id='word_1_1517' title='bbox 547 2741 649 2776; x_wconf 91' lang='lat' dir='ltr'>aliquid</span> <span class='ocrx_word' id='word_1_1518' title='bbox 665 2741 744 2768; x_wconf 89' lang='lat' dir='ltr'>etiam</span> <span class='ocrx_word' id='word_1_1519' title='bbox 760 2741 792 2768; x_wconf 90' lang='lat' dir='ltr'>de</span> <span class='ocrx_word' id='word_1_1520' title='bbox 804 2741 982 2768; x_wconf 83' lang='lat' dir='ltr'>Testimoniis</span> <span class='ocrx_word' id='word_1_1521' title='bbox 1000 2740 1089 2767; x_wconf 87' lang='lat' dir='ltr'>dicen·</span> <span class='ocrx_word' id='word_1_1522' title='bbox 1101 2749 1138 2777; x_wconf 83' lang='lat'>70</span> <span class='ocrx_word' id='word_1_1523' title='bbox 1150 2743 1226 2769; x_wconf 89' lang='lat' dir='ltr'>cendi</span> <span class='ocrx_word' id='word_1_1524' title='bbox 1247 2743 1303 2770; x_wconf 90' lang='lat' dir='ltr'>Cic.</span> <span class='ocrx_word' id='word_1_1525' title='bbox 1317 2744 1345 2769; x_wconf 86' lang='lat' dir='ltr'>in</span> <span class='ocrx_word' id='word_1_1526' title='bbox 1359 2744 1450 2770; x_wconf 87' lang='lat' dir='ltr'>Bruto.</span> <span class='ocrx_word' id='word_1_1527' title='bbox 1467 2747 1484 2770; x_wconf 81' lang='lat' dir='ltr'>i.</span> <span class='ocrx_word' id='word_1_1528' title='bbox 1502 2746 1617 2770; x_wconf 71' lang='lat' dir='ltr'>Facultai·</span> <span class='ocrx_word' id='word_1_1529' title='bbox 1630 2745 1738 2779; x_wconf 84' lang='lat' dir='ltr'>dicendi,</span> <span class='ocrx_word' id='word_1_1530' title='bbox 1752 2756 1795 2773; x_wconf 84' lang='lat' dir='ltr'>ars</span> <span class='ocrx_word' id='word_1_1531' title='bbox 1806 2747 1919 2781; x_wconf 75' lang='lat' dir='ltr'>dicendi,</span> <span class='ocrx_word' id='word_1_1532' title='bbox 1939 2751 2081 2784; x_wconf 76' lang='lat' dir='ltr'>eloquentia.</span> <span class='ocrx_word' id='word_1_1533' title='bbox 2117 2750 2195 2778; x_wconf 86' lang='lat' dir='ltr'>Idem</span> 
     </span>
     <span class='ocr_line' id='line_1_72' title="bbox 51 2775 2196 2819; baseline 0.004 -15"><span class='ocrx_word' id='word_1_1534' title='bbox 51 2778 92 2804; x_wconf 89' lang='lat' dir='ltr'>dis</span> <span class='ocrx_word' id='word_1_1535' title='bbox 107 2778 176 2812; x_wconf 89' lang='lat' dir='ltr'>quasi</span> <span class='ocrx_word' id='word_1_1536' title='bbox 190 2779 219 2804; x_wconf 89' lang='lat' dir='ltr'>in</span> <span class='ocrx_word' id='word_1_1537' title='bbox 231 2786 286 2805; x_wconf 87' lang='lat' dir='ltr'>arte</span> <span class='ocrx_word' id='word_1_1538' title='bbox 298 2778 418 2805; x_wconf 71' lang='lat' dir='ltr'>tradere?</span> <span class='ocrx_word' id='word_1_1539' title='bbox 487 2777 560 2804; x_wconf 88' lang='lat' dir='ltr'>Ideni</span> <span class='ocrx_word' id='word_1_1540' title='bbox 573 2778 684 2809; x_wconf 79' lang='lat' dir='ltr'>QFrat.</span> <span class='ocrx_word' id='word_1_1541' title='bbox 698 2785 721 2808; x_wconf 83' lang='lat'>3,</span> <span class='ocrx_word' id='word_1_1542' title='bbox 733 2785 768 2803; x_wconf 88' lang='lat'>20</span> <span class='ocrx_word' id='word_1_1543' title='bbox 783 2778 873 2810; x_wconf 83' lang='lat' dir='ltr'>Qiuui</span> <span class='ocrx_word' id='word_1_1544' title='bbox 886 2775 1089 2803; x_wconf 88' lang='lat' dir='ltr'>Testimonium</span> <span class='ocrx_word' id='word_1_1545' title='bbox 1151 2779 1180 2804; x_wconf 87' lang='lat' dir='ltr'>iii</span> <span class='ocrx_word' id='word_1_1546' title='bbox 1192 2779 1285 2810; x_wconf 88' lang='lat' dir='ltr'>Bruto,</span> <span class='ocrx_word' id='word_1_1547' title='bbox 1323 2799 1329 2805; x_wconf 93' lang='lat'>.</span> <span class='ocrx_word' id='word_1_1548' title='bbox 1368 2799 1374 2805; x_wconf 91' lang='lat'>.</span> <span class='ocrx_word' id='word_1_1549' title='bbox 1412 2780 1505 2805; x_wconf 88' lang='lat' dir='ltr'>Caesar</span> <span class='ocrx_word' id='word_1_1550' title='bbox 1517 2779 1547 2806; x_wconf 89' lang='lat' dir='ltr'>ad</span> <span class='ocrx_word' id='word_1_1551' title='bbox 1563 2779 1628 2806; x_wconf 90' lang='lat' dir='ltr'>hanc</span> <span class='ocrx_word' id='word_1_1552' title='bbox 1641 2781 1796 2816; x_wconf 80' lang='lat' dir='ltr'>elegantiam</span> <span class='ocrx_word' id='word_1_1553' title='bbox 1812 2782 1955 2810; x_wconf 88' lang='lat' dir='ltr'>verborum</span> <span class='ocrx_word' id='word_1_1554' title='bbox 1968 2785 2134 2819; x_wconf 85' lang='lat' dir='ltr'>Latinorum,</span> <span class='ocrx_word' id='word_1_1555' title='bbox 2147 2785 2196 2813; x_wconf 85' lang='lat' dir='ltr'>ad—</span> 
     </span>
     <span class='ocr_line' id='line_1_73' title="bbox 50 2811 2192 2854; baseline 0.004 -14"><span class='ocrx_word' id='word_1_1556' title='bbox 50 2812 192 2840; x_wconf 85' lang='lat' dir='ltr'>secundum</span> <span class='ocrx_word' id='word_1_1557' title='bbox 208 2813 285 2839; x_wconf 82' lang='lat' dir='ltr'>fidem</span> <span class='ocrx_word' id='word_1_1558' title='bbox 299 2820 324 2840; x_wconf 88' lang='lat' dir='ltr'>et</span> <span class='ocrx_word' id='word_1_1559' title='bbox 338 2813 496 2848; x_wconf 86' lang='lat' dir='ltr'>religionem</span> <span class='ocrx_word' id='word_1_1560' title='bbox 510 2812 656 2846; x_wconf 79' lang='lat' dir='ltr'>grauiffime</span> <span class='ocrx_word' id='word_1_1561' title='bbox 669 2812 797 2838; x_wconf 80' lang='lat' dir='ltr'>dixiffem.</span> <span class='ocrx_word' id='word_1_1562' title='bbox 867 2811 939 2838; x_wconf 89' lang='lat' dir='ltr'>Idem</span> <span class='ocrx_word' id='word_1_1563' title='bbox 954 2820 1003 2845; x_wconf 92' lang='lat' dir='ltr'>pro</span> <span class='ocrx_word' id='word_1_1564' title='bbox 1017 2811 1088 2837; x_wconf 86' lang='lat' dir='ltr'>Sulla</span> <span class='ocrx_word' id='word_1_1565' title='bbox 1150 2814 1238 2847; x_wconf 83' lang='lat' dir='ltr'>iungit</span> <span class='ocrx_word' id='word_1_1566' title='bbox 1251 2814 1297 2839; x_wconf 91' lang='lat' dir='ltr'>illa</span> <span class='ocrx_word' id='word_1_1567' title='bbox 1310 2815 1428 2841; x_wconf 84' lang='lat' dir='ltr'>oratoria</span> <span class='ocrx_word' id='word_1_1568' title='bbox 1442 2816 1603 2842; x_wconf 86' lang='lat' dir='ltr'>Ornamenta</span> <span class='ocrx_word' id='word_1_1569' title='bbox 1615 2816 1729 2844; x_wconf 89' lang='lat' dir='ltr'>dicendi.</span> <span class='ocrx_word' id='word_1_1570' title='bbox 1782 2819 1931 2846; x_wconf 87' lang='lat' dir='ltr'>Primordia</span> <span class='ocrx_word' id='word_1_1571' title='bbox 1945 2819 2048 2847; x_wconf 88' lang='lat' dir='ltr'>dicendi</span> <span class='ocrx_word' id='word_1_1572' title='bbox 2058 2821 2192 2854; x_wconf 71' lang='lat' dir='ltr'>Qiinctil.</span> 
     </span>
     <span class='ocr_line' id='line_1_74' title="bbox 50 2846 2194 2887; baseline 0.004 -13"><span class='ocrx_word' id='word_1_1573' title='bbox 50 2854 79 2882; x_wconf 79' lang='lat'>83</span> <span class='ocrx_word' id='word_1_1574' title='bbox 99 2849 155 2882; x_wconf 85' lang='lat' dir='ltr'>Qii</span> <span class='ocrx_word' id='word_1_1575' title='bbox 166 2849 367 2875; x_wconf 87' lang='lat' dir='ltr'>Testimonium</span> <span class='ocrx_word' id='word_1_1576' title='bbox 375 2849 407 2875; x_wconf 90' lang='lat' dir='ltr'>de</span> <span class='ocrx_word' id='word_1_1577' title='bbox 420 2847 604 2874; x_wconf 86' lang='lat' dir='ltr'>coniuratione</span> <span class='ocrx_word' id='word_1_1578' title='bbox 615 2846 673 2873; x_wconf 86' lang='lat' dir='ltr'>dixi</span> <span class='ocrx_word' id='word_1_1579' title='bbox 687 2846 716 2872; x_wconf 86' lang='lat' dir='ltr'>in</span> <span class='ocrx_word' id='word_1_1580' title='bbox 735 2847 811 2873; x_wconf 84' lang='lat' dir='ltr'>alios.</span> <span class='ocrx_word' id='word_1_1581' title='bbox 864 2848 896 2872; x_wconf 85' lang='lat' dir='ltr'>In</span> <span class='ocrx_word' id='word_1_1582' title='bbox 915 2847 991 2872; x_wconf 89' lang='lat' dir='ltr'>Verr.</span> <span class='ocrx_word' id='word_1_1583' title='bbox 1016 2865 1022 2872; x_wconf 94' lang='lat'>.</span> <span class='ocrx_word' id='word_1_1584' title='bbox 1047 2865 1055 2872; x_wconf 96' lang='lat'>.</span> <span class='ocrx_word' id='word_1_1585' title='bbox 1081 2865 1087 2871; x_wconf 96' lang='lat'>.</span> <span class='ocrx_word' id='word_1_1586' title='bbox 1150 2857 1170 2881; x_wconf 87' lang='lat'>1,</span> <span class='ocrx_word' id='word_1_1587' title='bbox 1184 2857 1210 2881; x_wconf 88' lang='lat'>9.</span> <span class='ocrx_word' id='word_1_1588' title='bbox 1267 2849 1346 2875; x_wconf 88' lang='lat' dir='ltr'>Ratio</span> <span class='ocrx_word' id='word_1_1589' title='bbox 1360 2849 1481 2882; x_wconf 90' lang='lat' dir='ltr'>dicendi,</span> <span class='ocrx_word' id='word_1_1590' title='bbox 1499 2854 1516 2876; x_wconf 85' lang='lat' dir='ltr'>i.</span> <span class='ocrx_word' id='word_1_1591' title='bbox 1531 2850 1623 2877; x_wconf 84' lang='lat' dir='ltr'>Modus</span> <span class='ocrx_word' id='word_1_1592' title='bbox 1635 2853 1765 2886; x_wconf 69' lang='lat' dir='ltr'>QuinCtil.</span> <span class='ocrx_word' id='word_1_1593' title='bbox 1780 2855 1900 2881; x_wconf 92' lang='lat' dir='ltr'>Prooem.</span> <span class='ocrx_word' id='word_1_1594' title='bbox 1916 2863 1935 2887; x_wconf 90' lang='lat'>1,</span> <span class='ocrx_word' id='word_1_1595' title='bbox 1958 2876 1964 2881; x_wconf 94' lang='lat'>.</span> <span class='ocrx_word' id='word_1_1596' title='bbox 1987 2875 1993 2882; x_wconf 92' lang='lat'>.</span> <span class='ocrx_word' id='word_1_1597' title='bbox 2030 2857 2194 2884; x_wconf 63' lang='lat' dir='ltr'>Rndimentae</span> 
     </span>
    </p>
   </div>
   <div class='ocr_carea' id='block_1_11' title="bbox 49 2881 2194 3068">
    <p class='ocr_par' dir='ltr' id='par_1_13' title="bbox 49 2881 2194 3068">
     <span class='ocr_line' id='line_1_75' title="bbox 52 2881 2194 2923; baseline 0.007 -18"><span class='ocrx_word' id='word_1_1598' title='bbox 52 2886 108 2918; x_wconf 61' lang='lat' dir='ltr'>Qfi</span> <span class='ocrx_word' id='word_1_1599' title='bbox 121 2884 210 2919; x_wconf 75' lang='lat' dir='ltr'>priore</span> <span class='ocrx_word' id='word_1_1600' title='bbox 222 2883 327 2910; x_wconf 66' lang='lat' dir='ltr'>afflone</span> <span class='ocrx_word' id='word_1_1601' title='bbox 339 2885 376 2910; x_wconf 70' lang='lat' dir='ltr'>ita</span> <span class='ocrx_word' id='word_1_1602' title='bbox 383 2883 555 2910; x_wconf 84' lang='lat' dir='ltr'>Testimonio</span> <span class='ocrx_word' id='word_1_1603' title='bbox 567 2882 697 2917; x_wconf 81' lang='lat' dir='ltr'>grauiter,</span> <span class='ocrx_word' id='word_1_1604' title='bbox 720 2881 942 2916; x_wconf 79' lang='lat' dir='ltr'>vehementerque</span> <span class='ocrx_word' id='word_1_1605' title='bbox 955 2881 1089 2921; x_wconf 73' lang='lat' dir='ltr'>dixerunt,</span> <span class='ocrx_word' id='word_1_1606' title='bbox 1150 2883 1257 2910; x_wconf 88' lang='lat' dir='ltr'>dicendi</span> <span class='ocrx_word' id='word_1_1607' title='bbox 1275 2884 1348 2911; x_wconf 86' lang='lat' dir='ltr'>Idem</span> <span class='ocrx_word' id='word_1_1608' title='bbox 1365 2894 1391 2919; x_wconf 81' lang='lat'>2,</span> <span class='ocrx_word' id='word_1_1609' title='bbox 1406 2895 1423 2912; x_wconf 92' lang='lat'>1.</span> <span class='ocrx_word' id='word_1_1610' title='bbox 1498 2886 1581 2912; x_wconf 86' lang='lat' dir='ltr'>Rudis</span> <span class='ocrx_word' id='word_1_1611' title='bbox 1595 2886 1700 2915; x_wconf 83' lang='lat' dir='ltr'>dicendi</span> <span class='ocrx_word' id='word_1_1612' title='bbox 1719 2889 1809 2915; x_wconf 89' lang='lat' dir='ltr'>Tacit.</span> <span class='ocrx_word' id='word_1_1613' title='bbox 1823 2898 1842 2922; x_wconf 92' lang='lat'>1,</span> <span class='ocrx_word' id='word_1_1614' title='bbox 1857 2899 1899 2923; x_wconf 91' lang='lat'>29.</span> <span class='ocrx_word' id='word_1_1615' title='bbox 1958 2891 2069 2919; x_wconf 83' lang='lat' dir='ltr'>Veniam</span> <span class='ocrx_word' id='word_1_1616' title='bbox 2083 2892 2194 2920; x_wconf 79' lang='lat' dir='ltr'>dicendi</span> 
     </span>
     <span class='ocr_line' id='line_1_76' title="bbox 50 2916 2193 2957; baseline 0.003 -11"><span class='ocrx_word' id='word_1_1617' title='bbox 50 2928 96 2946; x_wconf 81' lang='lat' dir='ltr'>etc.</span> <span class='ocrx_word' id='word_1_1618' title='bbox 150 2922 181 2947; x_wconf 85' lang='lat' dir='ltr'>In</span> <span class='ocrx_word' id='word_1_1619' title='bbox 193 2919 270 2946; x_wconf 84' lang='lat' dir='ltr'>Eund.</span> <span class='ocrx_word' id='word_1_1620' title='bbox 307 2939 314 2946; x_wconf 93' lang='lat'>.</span> <span class='ocrx_word' id='word_1_1621' title='bbox 352 2939 358 2945; x_wconf 96' lang='lat'>.</span> <span class='ocrx_word' id='word_1_1622' title='bbox 394 2919 468 2945; x_wconf 88' lang='lat' dir='ltr'>Idem</span> <span class='ocrx_word' id='word_1_1623' title='bbox 485 2918 575 2945; x_wconf 84' lang='lat' dir='ltr'>absens</span> <span class='ocrx_word' id='word_1_1624' title='bbox 592 2923 618 2945; x_wconf 91' lang='lat' dir='ltr'>et</span> <span class='ocrx_word' id='word_1_1625' title='bbox 631 2918 662 2944; x_wconf 92' lang='lat' dir='ltr'>de</span> <span class='ocrx_word' id='word_1_1626' title='bbox 683 2917 758 2944; x_wconf 84' lang='lat' dir='ltr'>istius</span> <span class='ocrx_word' id='word_1_1627' title='bbox 776 2917 886 2949; x_wconf 82' lang='lat' dir='ltr'>scelere,</span> <span class='ocrx_word' id='word_1_1628' title='bbox 906 2916 1088 2951; x_wconf 86' lang='lat' dir='ltr'>improbitate,</span> <span class='ocrx_word' id='word_1_1629' title='bbox 1104 2926 1136 2954; x_wconf 78' lang='lat'>75</span> <span class='ocrx_word' id='word_1_1630' title='bbox 1150 2926 1209 2946; x_wconf 79' lang='lat' dir='ltr'>ante</span> <span class='ocrx_word' id='word_1_1631' title='bbox 1222 2920 1289 2946; x_wconf 78' lang='lat' dir='ltr'>alios</span> <span class='ocrx_word' id='word_1_1632' title='bbox 1302 2922 1417 2955; x_wconf 72' lang='lat' dir='ltr'>exposcit</span> <span class='ocrx_word' id='word_1_1633' title='bbox 1445 2922 1536 2948; x_wconf 85' lang='lat' dir='ltr'>Tacit.</span> <span class='ocrx_word' id='word_1_1634' title='bbox 1556 2931 1591 2953; x_wconf 87' lang='lat'>12,</span> <span class='ocrx_word' id='word_1_1635' title='bbox 1612 2931 1633 2956; x_wconf 88' lang='lat'>5.</span> <span class='ocrx_word' id='word_1_1636' title='bbox 1723 2924 1779 2951; x_wconf 90' lang='lat' dir='ltr'>Cic.</span> <span class='ocrx_word' id='word_1_1637' title='bbox 1801 2925 1828 2951; x_wconf 92' lang='lat' dir='ltr'>in</span> <span class='ocrx_word' id='word_1_1638' title='bbox 1843 2926 1932 2957; x_wconf 87' lang='lat' dir='ltr'>Bruto,</span> <span class='ocrx_word' id='word_1_1639' title='bbox 1969 2945 1975 2953; x_wconf 89' lang='lat'>.</span> <span class='ocrx_word' id='word_1_1640' title='bbox 2013 2948 2019 2954; x_wconf 89' lang='lat'>.</span> <span class='ocrx_word' id='word_1_1641' title='bbox 2054 2928 2110 2954; x_wconf 90' lang='lat' dir='ltr'>Nec</span> <span class='ocrx_word' id='word_1_1642' title='bbox 2123 2938 2193 2955; x_wconf 82' lang='lat' dir='ltr'>vero</span> 
     </span>
     <span class='ocr_line' id='line_1_77' title="bbox 53 2952 2192 2994; baseline 0.001 -12"><span class='ocrx_word' id='word_1_1643' title='bbox 53 2955 161 2982; x_wconf 80' lang='lat' dir='ltr'>audacia</span> <span class='ocrx_word' id='word_1_1644' title='bbox 168 2955 368 2982; x_wconf 89' lang='lat' dir='ltr'>Testimonium</span> <span class='ocrx_word' id='word_1_1645' title='bbox 381 2954 459 2981; x_wconf 89' lang='lat' dir='ltr'>dicat.</span> <span class='ocrx_word' id='word_1_1646' title='bbox 529 2953 603 2981; x_wconf 90' lang='lat' dir='ltr'>Idem</span> <span class='ocrx_word' id='word_1_1647' title='bbox 617 2962 665 2988; x_wconf 87' lang='lat' dir='ltr'>pro</span> <span class='ocrx_word' id='word_1_1648' title='bbox 676 2953 761 2980; x_wconf 89' lang='lat' dir='ltr'>Planc.</span> <span class='ocrx_word' id='word_1_1649' title='bbox 775 2961 803 2986; x_wconf 89' lang='lat'>55</span> <span class='ocrx_word' id='word_1_1650' title='bbox 827 2952 908 2980; x_wconf 85' lang='lat' dir='ltr'>Multi</span> <span class='ocrx_word' id='word_1_1651' title='bbox 922 2953 1002 2979; x_wconf 87' lang='lat' dir='ltr'>etiam</span> <span class='ocrx_word' id='word_1_1652' title='bbox 1017 2961 1088 2979; x_wconf 87' lang='lat' dir='ltr'>com·</span> <span class='ocrx_word' id='word_1_1653' title='bbox 1151 2962 1204 2982; x_wconf 88' lang='lat' dir='ltr'>tam</span> <span class='ocrx_word' id='word_1_1654' title='bbox 1218 2955 1250 2982; x_wconf 90' lang='lat' dir='ltr'>de</span> <span class='ocrx_word' id='word_1_1655' title='bbox 1264 2956 1409 2983; x_wconf 83' lang='lat' dir='ltr'>virtutibus</span> <span class='ocrx_word' id='word_1_1656' title='bbox 1424 2957 1528 2984; x_wconf 87' lang='lat' dir='ltr'>dicendi</span> <span class='ocrx_word' id='word_1_1657' title='bbox 1540 2958 1608 2989; x_wconf 82' lang='lat' dir='ltr'>tuis,</span> <span class='ocrx_word' id='word_1_1658' title='bbox 1639 2968 1707 2994; x_wconf 89' lang='lat' dir='ltr'>quae</span> <span class='ocrx_word' id='word_1_1659' title='bbox 1728 2969 1787 2986; x_wconf 91' lang='lat' dir='ltr'>cum</span> <span class='ocrx_word' id='word_1_1660' title='bbox 1800 2961 1940 2994; x_wconf 86' lang='lat' dir='ltr'>omnibus,</span> <span class='ocrx_word' id='word_1_1661' title='bbox 1963 2968 2019 2988; x_wconf 88' lang='lat' dir='ltr'>tum</span> <span class='ocrx_word' id='word_1_1662' title='bbox 2033 2969 2101 2989; x_wconf 82' lang='lat' dir='ltr'>certe</span> <span class='ocrx_word' id='word_1_1663' title='bbox 2120 2963 2192 2990; x_wconf 71' lang='lat' dir='ltr'>mihi</span> 
     </span>
     <span class='ocr_line' id='line_1_78' title="bbox 51 2988 2191 3031; baseline 0.004 -15"><span class='ocrx_word' id='word_1_1664' title='bbox 51 2992 141 3017; x_wconf 63' lang='lat' dir='ltr'>munes</span> <span class='ocrx_word' id='word_1_1665' title='bbox 159 2991 262 3018; x_wconf 87' lang='lat' dir='ltr'>inimici</span> <span class='ocrx_word' id='word_1_1666' title='bbox 273 2999 382 3018; x_wconf 87' lang='lat' dir='ltr'>reorum</span> <span class='ocrx_word' id='word_1_1667' title='bbox 394 2990 531 3022; x_wconf 91' lang='lat' dir='ltr'>omnium,</span> <span class='ocrx_word' id='word_1_1668' title='bbox 551 2990 598 3024; x_wconf 90' lang='lat' dir='ltr'>qui</span> <span class='ocrx_word' id='word_1_1669' title='bbox 612 2990 648 3016; x_wconf 89' lang='lat' dir='ltr'>ita</span> <span class='ocrx_word' id='word_1_1670' title='bbox 662 2989 762 3023; x_wconf 88' lang='lat' dir='ltr'>semper</span> <span class='ocrx_word' id='word_1_1671' title='bbox 774 2988 974 3016; x_wconf 80' lang='lat' dir='ltr'>Testimonium</span> <span class='ocrx_word' id='word_1_1672' title='bbox 988 2988 1021 3014; x_wconf 87' lang='lat' dir='ltr'>de</span> <span class='ocrx_word' id='word_1_1673' title='bbox 1034 2997 1088 3014; x_wconf 89' lang='lat' dir='ltr'>am-</span> <span class='ocrx_word' id='word_1_1674' title='bbox 1150 2991 1295 3017; x_wconf 85' lang='lat' dir='ltr'>notislimae</span> <span class='ocrx_word' id='word_1_1675' title='bbox 1313 2993 1386 3025; x_wconf 89' lang='lat' dir='ltr'>sunt,</span> <span class='ocrx_word' id='word_1_1676' title='bbox 1415 3002 1493 3027; x_wconf 90' lang='lat' dir='ltr'>quam</span> <span class='ocrx_word' id='word_1_1677' title='bbox 1514 2993 1586 3028; x_wconf 91' lang='lat' dir='ltr'>quod</span> <span class='ocrx_word' id='word_1_1678' title='bbox 1601 2995 1694 3028; x_wconf 88' lang='lat' dir='ltr'>gradus</span> <span class='ocrx_word' id='word_1_1679' title='bbox 1714 3000 1789 3028; x_wconf 88' lang='lat' dir='ltr'>tuos,</span> <span class='ocrx_word' id='word_1_1680' title='bbox 1816 3002 1842 3022; x_wconf 88' lang='lat' dir='ltr'>et</span> <span class='ocrx_word' id='word_1_1681' title='bbox 1858 2997 1929 3031; x_wconf 88' lang='lat' dir='ltr'>quasi</span> <span class='ocrx_word' id='word_1_1682' title='bbox 1943 2999 2070 3031; x_wconf 82' lang='lat' dir='ltr'>processus</span> <span class='ocrx_word' id='word_1_1683' title='bbox 2083 2998 2191 3026; x_wconf 85' lang='lat' dir='ltr'>dicendi</span> 
     </span>
     <span class='ocr_line' id='line_1_79' title="bbox 49 3024 2191 3068; baseline 0.003 -15"><span class='ocrx_word' id='word_1_1684' title='bbox 49 3025 110 3054; x_wconf 88' lang='lat' dir='ltr'>bitu</span> <span class='ocrx_word' id='word_1_1685' title='bbox 123 3026 222 3053; x_wconf 88' lang='lat' dir='ltr'>dicunt.</span> <span class='ocrx_word' id='word_1_1686' title='bbox 302 3028 332 3053; x_wconf 79' lang='lat' dir='ltr'>Et</span> <span class='ocrx_word' id='word_1_1687' title='bbox 346 3026 378 3052; x_wconf 91' lang='lat' dir='ltr'>de</span> <span class='ocrx_word' id='word_1_1688' title='bbox 394 3026 431 3052; x_wconf 90' lang='lat' dir='ltr'>N.</span> <span class='ocrx_word' id='word_1_1689' title='bbox 447 3026 478 3052; x_wconf 91' lang='lat' dir='ltr'>D.</span> <span class='ocrx_word' id='word_1_1690' title='bbox 492 3034 515 3057; x_wconf 84' lang='lat'>3,</span> <span class='ocrx_word' id='word_1_1691' title='bbox 529 3030 556 3058; x_wconf 80' lang='lat'>83</span> <span class='ocrx_word' id='word_1_1692' title='bbox 597 3026 696 3052; x_wconf 88' lang='lat' dir='ltr'>Contra</span> <span class='ocrx_word' id='word_1_1693' title='bbox 710 3024 772 3051; x_wconf 86' lang='lat' dir='ltr'>deos</span> <span class='ocrx_word' id='word_1_1694' title='bbox 778 3024 981 3051; x_wconf 84' lang='lat' dir='ltr'>Testimonium</span> <span class='ocrx_word' id='word_1_1695' title='bbox 990 3024 1087 3050; x_wconf 89' lang='lat' dir='ltr'>dicere.</span> <span class='ocrx_word' id='word_1_1696' title='bbox 1150 3026 1243 3053; x_wconf 84' lang='lat' dir='ltr'>studeo</span> <span class='ocrx_word' id='word_1_1697' title='bbox 1255 3029 1418 3062; x_wconf 83' lang='lat' dir='ltr'>cognoscere.</span> <span class='ocrx_word' id='word_1_1698' title='bbox 1461 3028 1519 3055; x_wconf 76' lang='lat' dir='ltr'>Vici.</span> <span class='ocrx_word' id='word_1_1699' title='bbox 1541 3035 1562 3054; x_wconf 86' lang='lat' dir='ltr'>v</span> <span class='ocrx_word' id='word_1_1700' title='bbox 1572 3036 1581 3054; x_wconf 87' lang='lat'>1</span> <span class='ocrx_word' id='word_1_1701' title='bbox 1592 3037 1611 3056; x_wconf 82' lang='lat' dir='ltr'>R</span> <span class='ocrx_word' id='word_1_1702' title='bbox 1620 3037 1641 3056; x_wconf 87' lang='lat' dir='ltr'><strong>T</strong></span> <span class='ocrx_word' id='word_1_1703' title='bbox 1650 3038 1671 3057; x_wconf 92' lang='lat' dir='ltr'><strong>v</strong></span> <span class='ocrx_word' id='word_1_1704' title='bbox 1679 3037 1708 3062; x_wconf 76' lang='lat' dir='ltr'>s,</span> <span class='ocrx_word' id='word_1_1705' title='bbox 1742 3038 1763 3057; x_wconf 84' lang='lat' dir='ltr'>G</span> <span class='ocrx_word' id='word_1_1706' title='bbox 1771 3038 1790 3057; x_wconf 78' lang='lat' dir='ltr'>R</span> <span class='ocrx_word' id='word_1_1707' title='bbox 1799 3039 1820 3058; x_wconf 84' lang='lat' dir='ltr'>A</span> <span class='ocrx_word' id='word_1_1708' title='bbox 1830 3039 1847 3058; x_wconf 88' lang='lat' dir='ltr'>D</span> <span class='ocrx_word' id='word_1_1709' title='bbox 1858 3040 1878 3057; x_wconf 86' lang='lat' dir='ltr'>v</span> <span class='ocrx_word' id='word_1_1710' title='bbox 1888 3040 1900 3059; x_wconf 89' lang='lat' dir='ltr'>s</span> <span class='ocrx_word' id='word_1_1711' title='bbox 1909 3052 1918 3064; x_wconf 90' lang='lat'>,</span> <span class='ocrx_word' id='word_1_1712' title='bbox 1938 3039 1983 3059; x_wconf 74' lang='lat' dir='ltr'>etc.</span> <span class='ocrx_word' id='word_1_1713' title='bbox 2040 3034 2120 3060; x_wconf 87' lang='lat' dir='ltr'>Initia</span> <span class='ocrx_word' id='word_1_1714' title='bbox 2132 3043 2191 3068; x_wconf 79' lang='lat' dir='ltr'>gra-</span> 
     </span>
    </p>
   </div>
   <div class='ocr_carea' id='block_1_12' title="bbox 12 3060 2191 3878">
    <p class='ocr_par' dir='ltr' id='par_1_14' title="bbox 12 3060 2191 3136">
     <span class='ocr_line' id='line_1_80' title="bbox 12 3060 2191 3104; baseline 0.004 -16"><span class='ocrx_word' id='word_1_1715' title='bbox 12 3078 18 3079; x_wconf 32' lang='lat'><em>*</em></span> <span class='ocrx_word' id='word_1_1716' title='bbox 53 3062 113 3089; x_wconf 89' lang='lat' dir='ltr'>Liu.</span> <span class='ocrx_word' id='word_1_1717' title='bbox 149 3072 156 3089; x_wconf 87' lang='grc'>;</span> <span class='ocrx_word' id='word_1_1718' title='bbox 194 3082 200 3088; x_wconf 94' lang='grc'><strong>.</strong></span> <span class='ocrx_word' id='word_1_1719' title='bbox 237 3062 315 3095; x_wconf 82' lang='lat' dir='ltr'>Qiod</span> <span class='ocrx_word' id='word_1_1720' title='bbox 338 3062 433 3088; x_wconf 85' lang='lat' dir='ltr'>falsum</span> <span class='ocrx_word' id='word_1_1721' title='bbox 446 3060 569 3087; x_wconf 84' lang='lat' dir='ltr'>aduersus</span> <span class='ocrx_word' id='word_1_1722' title='bbox 585 3062 611 3087; x_wconf 84' lang='lat' dir='ltr'>se</span> <span class='ocrx_word' id='word_1_1723' title='bbox 626 3060 828 3086; x_wconf 87' lang='lat' dir='ltr'>Testimonium</span> <span class='ocrx_word' id='word_1_1724' title='bbox 843 3060 955 3086; x_wconf 75' lang='lat' dir='ltr'>dixisset.</span> <span class='ocrx_word' id='word_1_1725' title='bbox 1029 3060 1086 3087; x_wconf 89' lang='lat' dir='ltr'>Cic.</span> <span class='ocrx_word' id='word_1_1726' title='bbox 1150 3062 1197 3088; x_wconf 88' lang='lat' dir='ltr'>dus</span> <span class='ocrx_word' id='word_1_1727' title='bbox 1209 3068 1235 3089; x_wconf 87' lang='lat' dir='ltr'>et</span> <span class='ocrx_word' id='word_1_1728' title='bbox 1246 3063 1415 3097; x_wconf 88' lang='lat' dir='ltr'>eloquentiae</span> <span class='ocrx_word' id='word_1_1729' title='bbox 1437 3064 1511 3091; x_wconf 90' lang='lat' dir='ltr'>velut</span> <span class='ocrx_word' id='word_1_1730' title='bbox 1523 3065 1653 3099; x_wconf 87' lang='lat' dir='ltr'>quandam</span> <span class='ocrx_word' id='word_1_1731' title='bbox 1677 3066 1874 3099; x_wconf 88' lang='lat' dir='ltr'>educationem,</span> <span class='ocrx_word' id='word_1_1732' title='bbox 1899 3074 1970 3094; x_wconf 79' lang='lat' dir='ltr'>vacat</span> <span class='ocrx_word' id='word_1_1733' title='bbox 1990 3067 2077 3095; x_wconf 66' lang='lat' dir='ltr'>auHor</span> <span class='ocrx_word' id='word_1_1734' title='bbox 2088 3069 2191 3104; x_wconf 78' lang='lat' dir='ltr'>dialogi</span> 
     </span>
     <span class='ocr_line' id='line_1_81' title="bbox 53 3094 2190 3136; baseline 0 -6"><span class='ocrx_word' id='word_1_1735' title='bbox 53 3098 129 3124; x_wconf 72' lang='lat' dir='ltr'>verf-</span> <span class='ocrx_word' id='word_1_1736' title='bbox 150 3104 173 3131; x_wconf 75' lang='lat'>5,</span> <span class='ocrx_word' id='word_1_1737' title='bbox 209 3117 216 3124; x_wconf 77' lang='lat'><em>=</em></span> <span class='ocrx_word' id='word_1_1738' title='bbox 253 3117 261 3124; x_wconf 89' lang='lat'><strong>·</strong></span> <span class='ocrx_word' id='word_1_1739' title='bbox 296 3098 371 3124; x_wconf 71' lang='lat' dir='ltr'>Dicet</span> <span class='ocrx_word' id='word_1_1740' title='bbox 386 3097 408 3123; x_wconf 74' lang='lat' dir='ltr'>is</span> <span class='ocrx_word' id='word_1_1741' title='bbox 427 3105 476 3132; x_wconf 84' lang='lat' dir='ltr'>P1&#39;0</span> <span class='ocrx_word' id='word_1_1742' title='bbox 495 3096 683 3128; x_wconf 67' lang='lat' dir='ltr'>TestisswssiO,</span> <span class='ocrx_word' id='word_1_1743' title='bbox 701 3095 733 3122; x_wconf 71' lang='lat' dir='ltr'>de</span> <span class='ocrx_word' id='word_1_1744' title='bbox 751 3095 868 3122; x_wconf 69' lang='lat' dir='ltr'>ffliffiOsse</span> <span class='ocrx_word' id='word_1_1745' title='bbox 879 3102 1034 3128; x_wconf 77' lang='lat' dir='ltr'>nautarum,</span> <span class='ocrx_word' id='word_1_1746' title='bbox 1055 3094 1087 3121; x_wconf 79' lang='lat' dir='ltr'>de</span> <span class='ocrx_word' id='word_1_1747' title='bbox 1109 3104 1142 3131; x_wconf 81' lang='lat'>80</span> <span class='ocrx_word' id='word_1_1748' title='bbox 1149 3098 1181 3124; x_wconf 86' lang='lat' dir='ltr'>de</span> <span class='ocrx_word' id='word_1_1749' title='bbox 1194 3099 1355 3125; x_wconf 84' lang='lat' dir='ltr'>Oratoribus</span> <span class='ocrx_word' id='word_1_1750' title='bbox 1370 3108 1411 3132; x_wconf 86' lang='grc'>30,</span> <span class='ocrx_word' id='word_1_1751' title='bbox 1425 3108 1443 3126; x_wconf 87' lang='grc'>1.</span> <span class='ocrx_word' id='word_1_1752' title='bbox 1514 3101 1561 3126; x_wconf 81' lang='lat' dir='ltr'>Vis</span> <span class='ocrx_word' id='word_1_1753' title='bbox 1574 3100 1680 3128; x_wconf 90' lang='lat' dir='ltr'>dicendi</span> <span class='ocrx_word' id='word_1_1754' title='bbox 1697 3101 1828 3134; x_wconf 68' lang='lat' dir='ltr'>Quinctil.</span> <span class='ocrx_word' id='word_1_1755' title='bbox 1844 3111 1863 3133; x_wconf 90' lang='lat'>1,</span> <span class='ocrx_word' id='word_1_1756' title='bbox 1879 3111 1900 3128; x_wconf 84' lang='lat'>2.</span> <span class='ocrx_word' id='word_1_1757' title='bbox 1962 3103 2007 3129; x_wconf 85' lang='lat' dir='ltr'>Vis</span> <span class='ocrx_word' id='word_1_1758' title='bbox 2022 3103 2126 3136; x_wconf 66' lang='lat' dir='ltr'>strie’te,</span> <span class='ocrx_word' id='word_1_1759' title='bbox 2144 3113 2190 3130; x_wconf 86' lang='lat' dir='ltr'>ro-</span> 
     </span>
    </p>

    <p class='ocr_par' dir='ltr' id='par_1_15' title="bbox 28 3131 2190 3597">
     <span class='ocr_line' id='line_1_82' title="bbox 28 3131 2190 3174; baseline 0.003 -15"><span class='ocrx_word' id='word_1_1760' title='bbox 28 3143 32 3149; x_wconf 86' lang='lat'><em>·</em></span> <span class='ocrx_word' id='word_1_1761' title='bbox 55 3132 140 3165; x_wconf 85' lang='lat' dir='ltr'>fame,</span> <span class='ocrx_word' id='word_1_1762' title='bbox 159 3140 204 3160; x_wconf 84' lang='lat' dir='ltr'>etc.</span> <span class='ocrx_word' id='word_1_1763' title='bbox 259 3133 343 3168; x_wconf 89' lang='lat' dir='ltr'>Eques</span> <span class='ocrx_word' id='word_1_1764' title='bbox 356 3134 434 3161; x_wconf 84' lang='lat' dir='ltr'>Rom.</span> <span class='ocrx_word' id='word_1_1765' title='bbox 448 3133 477 3159; x_wconf 94' lang='lat' dir='ltr'>L.</span> <span class='ocrx_word' id='word_1_1766' title='bbox 486 3132 591 3159; x_wconf 83' lang='lat' dir='ltr'>Flauius</span> <span class='ocrx_word' id='word_1_1767' title='bbox 608 3131 836 3166; x_wconf 87' lang='lat' dir='ltr'>proTestimonio</span> <span class='ocrx_word' id='word_1_1768' title='bbox 848 3131 923 3163; x_wconf 85' lang='lat' dir='ltr'>dixit,</span> <span class='ocrx_word' id='word_1_1769' title='bbox 943 3131 1026 3157; x_wconf 86' lang='lat' dir='ltr'>securi</span> <span class='ocrx_word' id='word_1_1770' title='bbox 1039 3131 1092 3157; x_wconf 80' lang='lat' dir='ltr'>esse</span> <span class='ocrx_word' id='word_1_1771' title='bbox 1150 3133 1276 3169; x_wconf 88' lang='lat' dir='ltr'>busteque</span> <span class='ocrx_word' id='word_1_1772' title='bbox 1289 3134 1395 3161; x_wconf 87' lang='lat' dir='ltr'>dicendi</span> <span class='ocrx_word' id='word_1_1773' title='bbox 1414 3135 1545 3169; x_wconf 65' lang='lat' dir='ltr'>Quinctil.</span> <span class='ocrx_word' id='word_1_1774' title='bbox 1562 3144 1584 3169; x_wconf 86' lang='lat'>5,</span> <span class='ocrx_word' id='word_1_1775' title='bbox 1598 3145 1632 3163; x_wconf 84' lang='lat'>12.</span> <span class='ocrx_word' id='word_1_1776' title='bbox 1703 3137 1833 3169; x_wconf 82' lang='lat' dir='ltr'>Dicundi,</span> <span class='ocrx_word' id='word_1_1777' title='bbox 1853 3138 1904 3170; x_wconf 86' lang='lat' dir='ltr'>do,</span> <span class='ocrx_word' id='word_1_1778' title='bbox 1924 3137 1995 3164; x_wconf 89' lang='lat' dir='ltr'>dum.</span> <span class='ocrx_word' id='word_1_1779' title='bbox 2010 3146 2058 3174; x_wconf 79' lang='lat' dir='ltr'>pro</span> <span class='ocrx_word' id='word_1_1780' title='bbox 2072 3139 2190 3172; x_wconf 68' lang='lat' dir='ltr'>Dicendi,</span> 
     </span>
     <span class='ocr_line' id='line_1_83' title="bbox 56 3166 2189 3208; baseline 0.004 -15"><span class='ocrx_word' id='word_1_1781' title='bbox 56 3169 197 3202; x_wconf 78' lang='lat' dir='ltr'>percussum</span> <span class='ocrx_word' id='word_1_1782' title='bbox 230 3168 303 3195; x_wconf 91' lang='lat' dir='ltr'>Idem</span> <span class='ocrx_word' id='word_1_1783' title='bbox 319 3170 396 3196; x_wconf 86' lang='lat' dir='ltr'>Verr.</span> <span class='ocrx_word' id='word_1_1784' title='bbox 415 3177 436 3201; x_wconf 89' lang='lat'>1,</span> <span class='ocrx_word' id='word_1_1785' title='bbox 455 3177 492 3202; x_wconf 92' lang='lat'>14.</span> <span class='ocrx_word' id='word_1_1786' title='bbox 562 3168 711 3202; x_wconf 89' lang='lat' dir='ltr'>Turpiter,</span> <span class='ocrx_word' id='word_1_1787' title='bbox 736 3173 781 3194; x_wconf 87' lang='lat' dir='ltr'>aut</span> <span class='ocrx_word' id='word_1_1788' title='bbox 798 3167 958 3202; x_wconf 88' lang='lat' dir='ltr'>impotenter</span> <span class='ocrx_word' id='word_1_1789' title='bbox 984 3166 1088 3202; x_wconf 88' lang='lat' dir='ltr'>aliquid</span> <span class='ocrx_word' id='word_1_1790' title='bbox 1150 3176 1196 3196; x_wconf 79' lang='lat' dir='ltr'>etc.</span> <span class='ocrx_word' id='word_1_1791' title='bbox 1211 3170 1277 3205; x_wconf 79' lang='lat' dir='ltr'>apud</span> <span class='ocrx_word' id='word_1_1792' title='bbox 1288 3173 1404 3206; x_wconf 72' lang='lat' dir='ltr'>antiquos</span> <span class='ocrx_word' id='word_1_1793' title='bbox 1412 3181 1419 3195; x_wconf 88' lang='lat'>.·</span> <span class='ocrx_word' id='word_1_1794' title='bbox 1436 3171 1593 3198; x_wconf 87' lang='lat' dir='ltr'>Plaut.Rud.</span> <span class='ocrx_word' id='word_1_1795' title='bbox 1616 3192 1622 3198; x_wconf 96' lang='lat'>.</span> <span class='ocrx_word' id='word_1_1796' title='bbox 1659 3192 1667 3199; x_wconf 89' lang='lat'>.</span> <span class='ocrx_word' id='word_1_1797' title='bbox 1701 3173 1788 3199; x_wconf 88' lang='lat' dir='ltr'>Immo</span> <span class='ocrx_word' id='word_1_1798' title='bbox 1801 3173 1880 3200; x_wconf 90' lang='lat' dir='ltr'>etiam</span> <span class='ocrx_word' id='word_1_1799' title='bbox 1888 3174 2014 3208; x_wconf 87' lang='lat' dir='ltr'>amplius:</span> <span class='ocrx_word' id='word_1_1800' title='bbox 2033 3183 2092 3201; x_wconf 88' lang='lat' dir='ltr'>nam</span> <span class='ocrx_word' id='word_1_1801' title='bbox 2106 3174 2189 3202; x_wconf 84' lang='lat' dir='ltr'>finon</span> 
     </span>
     <span class='ocr_line' id='line_1_84' title="bbox 58 3202 1635 3238; baseline 0.004 -10"><span class='ocrx_word' id='word_1_1802' title='bbox 58 3203 185 3236; x_wconf 74' lang='lat' dir='ltr'>Qiinffil.</span> <span class='ocrx_word' id='word_1_1803' title='bbox 204 3205 230 3236; x_wconf 92' lang='lat'>6,</span> <span class='ocrx_word' id='word_1_1804' title='bbox 250 3212 272 3236; x_wconf 88' lang='grc'>3.</span> <span class='ocrx_word' id='word_1_1805' title='bbox 362 3204 438 3231; x_wconf 91' lang='lat' dir='ltr'>Tute</span> <span class='ocrx_word' id='word_1_1806' title='bbox 457 3203 547 3230; x_wconf 89' lang='lat' dir='ltr'>dicere</span> <span class='ocrx_word' id='word_1_1807' title='bbox 563 3203 637 3238; x_wconf 86' lang='lat' dir='ltr'>poffis</span> <span class='ocrx_word' id='word_1_1808' title='bbox 671 3204 774 3230; x_wconf 88' lang='lat' dir='ltr'>Lucret.</span> <span class='ocrx_word' id='word_1_1809' title='bbox 792 3211 814 3236; x_wconf 87' lang='grc'>3,</span> <span class='ocrx_word' id='word_1_1810' title='bbox 851 3223 857 3230; x_wconf 91' lang='grc'><strong>.</strong></span> <span class='ocrx_word' id='word_1_1811' title='bbox 896 3223 902 3229; x_wconf 92' lang='grc'><strong>.</strong></span> <span class='ocrx_word' id='word_1_1812' title='bbox 937 3206 955 3229; x_wconf 89' lang='lat' dir='ltr'>i.</span> <span class='ocrx_word' id='word_1_1813' title='bbox 973 3204 1013 3229; x_wconf 91' lang='lat' dir='ltr'>Tu</span> <span class='ocrx_word' id='word_1_1814' title='bbox 1028 3202 1088 3238; x_wconf 66' lang='lat' dir='ltr'>ipsc.</span> <span class='ocrx_word' id='word_1_1815' title='bbox 1149 3204 1208 3237; x_wconf 89' lang='lat' dir='ltr'>dat,</span> <span class='ocrx_word' id='word_1_1816' title='bbox 1228 3205 1365 3232; x_wconf 85' lang='lat' dir='ltr'>dominum</span> <span class='ocrx_word' id='word_1_1817' title='bbox 1378 3205 1519 3233; x_wconf 89' lang='lat' dir='ltr'>dicundum</span> <span class='ocrx_word' id='word_1_1818' title='bbox 1534 3208 1635 3234; x_wconf 88' lang='lat' dir='ltr'>censeo.</span> 
     </span>
     <span class='ocr_line' id='line_1_85' title="bbox 57 3237 2188 3274; baseline 0.002 -7"><span class='ocrx_word' id='word_1_1819' title='bbox 57 3237 178 3267; x_wconf 67' lang='lat' dir='ltr'>Valesub</span> <span class='ocrx_word' id='word_1_1820' title='bbox 191 3239 295 3266; x_wconf 66' lang='lat' dir='ltr'>notitem</span> <span class='ocrx_word' id='word_1_1821' title='bbox 309 3239 398 3266; x_wconf 88' lang='lat' dir='ltr'>dixere</span> <span class='ocrx_word' id='word_1_1822' title='bbox 427 3238 508 3267; x_wconf 91' lang='lat' dir='ltr'>Ouid.</span> <span class='ocrx_word' id='word_1_1823' title='bbox 523 3240 588 3266; x_wconf 91' lang='lat' dir='ltr'>Met.</span> <span class='ocrx_word' id='word_1_1824' title='bbox 610 3248 638 3272; x_wconf 88' lang='lat'>4,</span> <span class='ocrx_word' id='word_1_1825' title='bbox 658 3246 702 3273; x_wconf 89' lang='lat'>79.</span> <span class='ocrx_word' id='word_1_1826' title='bbox 772 3239 867 3267; x_wconf 85' lang='lat' dir='ltr'>Valere</span> <span class='ocrx_word' id='word_1_1827' title='bbox 884 3238 934 3265; x_wconf 89' lang='lat' dir='ltr'>sibi</span> <span class='ocrx_word' id='word_1_1828' title='bbox 947 3237 1000 3264; x_wconf 89' lang='lat' dir='ltr'>dici</span> <span class='ocrx_word' id='word_1_1829' title='bbox 1014 3238 1088 3264; x_wconf 89' lang='lat' dir='ltr'>iube·</span> <span class='ocrx_word' id='word_1_1830' title='bbox 1188 3247 1316 3274; x_wconf 80' lang='lat' dir='ltr'>DICENS,</span> <span class='ocrx_word' id='word_1_1831' title='bbox 1330 3242 1406 3268; x_wconf 88' lang='lat' dir='ltr'>entis.</span> <span class='ocrx_word' id='word_1_1832' title='bbox 1424 3243 1490 3268; x_wconf 87' lang='lat' dir='ltr'>Part.</span> <span class='ocrx_word' id='word_1_1833' title='bbox 1511 3243 1629 3269; x_wconf 90' lang='lat' dir='ltr'>Dicentis</span> <span class='ocrx_word' id='word_1_1834' title='bbox 1642 3242 1757 3270; x_wconf 86' lang='lat' dir='ltr'>fortunis</span> <span class='ocrx_word' id='word_1_1835' title='bbox 1770 3243 1866 3271; x_wconf 85' lang='lat' dir='ltr'>absona</span> <span class='ocrx_word' id='word_1_1836' title='bbox 1879 3244 1948 3271; x_wconf 63' lang='lat' dir='ltr'>dicia</span> <span class='ocrx_word' id='word_1_1837' title='bbox 1968 3245 2035 3270; x_wconf 87' lang='lat' dir='ltr'>Hor.</span> <span class='ocrx_word' id='word_1_1838' title='bbox 2049 3244 2078 3270; x_wconf 90' lang='lat' dir='ltr'>A.</span> <span class='ocrx_word' id='word_1_1839' title='bbox 2092 3244 2118 3270; x_wconf 89' lang='lat' dir='ltr'>P.</span> <span class='ocrx_word' id='word_1_1840' title='bbox 2139 3253 2188 3272; x_wconf 87' lang='lat'>112.</span> 
     </span>
     <span class='ocr_line' id='line_1_86' title="bbox 59 3270 2188 3312; baseline 0.005 -15"><span class='ocrx_word' id='word_1_1841' title='bbox 59 3270 105 3298; x_wconf 82' lang='lat' dir='ltr'>bat</span> <span class='ocrx_word' id='word_1_1842' title='bbox 120 3272 221 3307; x_wconf 75' lang='lat' dir='ltr'>Sueton.</span> <span class='ocrx_word' id='word_1_1843' title='bbox 235 3275 265 3301; x_wconf 92' lang='lat' dir='ltr'>in</span> <span class='ocrx_word' id='word_1_1844' title='bbox 279 3275 361 3302; x_wconf 84' lang='lat' dir='ltr'>Galba</span> <span class='ocrx_word' id='word_1_1845' title='bbox 378 3285 399 3302; x_wconf 92' lang='lat' dir='ltr'>c.</span> <span class='ocrx_word' id='word_1_1846' title='bbox 413 3284 442 3309; x_wconf 87' lang='lat'>4.</span> <span class='ocrx_word' id='word_1_1847' title='bbox 490 3274 549 3302; x_wconf 84' lang='lat' dir='ltr'>Vid.</span> <span class='ocrx_word' id='word_1_1848' title='bbox 569 3275 650 3306; x_wconf 87' lang='lat' dir='ltr'>Vale,</span> <span class='ocrx_word' id='word_1_1849' title='bbox 670 3278 698 3301; x_wconf 86' lang='lat' dir='ltr'>in</span> <span class='ocrx_word' id='word_1_1850' title='bbox 726 3280 748 3299; x_wconf 81' lang='lat' dir='ltr'>V</span> <span class='ocrx_word' id='word_1_1851' title='bbox 758 3281 831 3301; x_wconf 84' lang='lat' dir='ltr'>ALE</span> <span class='ocrx_word' id='word_1_1852' title='bbox 841 3281 869 3301; x_wconf 93' lang='grc'>0.</span> <span class='ocrx_word' id='word_1_1853' title='bbox 931 3275 999 3300; x_wconf 88' lang='lat' dir='ltr'>Vera</span> <span class='ocrx_word' id='word_1_1854' title='bbox 1021 3272 1086 3300; x_wconf 86' lang='lat' dir='ltr'>dicis</span> <span class='ocrx_word' id='word_1_1855' title='bbox 1104 3279 1133 3309; x_wconf 86' lang='lat'>85</span> <span class='ocrx_word' id='word_1_1856' title='bbox 1150 3276 1253 3303; x_wconf 90' lang='lat' dir='ltr'>Crebro</span> <span class='ocrx_word' id='word_1_1857' title='bbox 1266 3276 1396 3304; x_wconf 88' lang='lat' dir='ltr'>dicentem</span> <span class='ocrx_word' id='word_1_1858' title='bbox 1409 3278 1611 3312; x_wconf 86' lang='lat' dir='ltr'>interpellabant</span> <span class='ocrx_word' id='word_1_1859' title='bbox 1628 3279 1699 3305; x_wconf 89' lang='lat' dir='ltr'>Caes.</span> <span class='ocrx_word' id='word_1_1860' title='bbox 1715 3280 1741 3305; x_wconf 89' lang='grc' dir='ltr'>Β.</span> <span class='ocrx_word' id='word_1_1861' title='bbox 1756 3280 1785 3306; x_wconf 91' lang='lat' dir='ltr'>C.</span> <span class='ocrx_word' id='word_1_1862' title='bbox 1800 3288 1826 3312; x_wconf 88' lang='lat'>2,</span> <span class='ocrx_word' id='word_1_1863' title='bbox 1840 3289 1875 3312; x_wconf 87' lang='grc'>33,</span> <span class='ocrx_word' id='word_1_1864' title='bbox 1942 3281 1986 3306; x_wconf 92' lang='lat' dir='ltr'>Me</span> <span class='ocrx_word' id='word_1_1865' title='bbox 1999 3280 2100 3306; x_wconf 88' lang='lat' dir='ltr'>dicente</span> <span class='ocrx_word' id='word_1_1866' title='bbox 2119 3280 2188 3308; x_wconf 83' lang='lat' dir='ltr'>Hor.</span> 
     </span>
     <span class='ocr_line' id='line_1_87' title="bbox 58 3306 2189 3350; baseline 0.003 -19"><span class='ocrx_word' id='word_1_1867' title='bbox 58 3306 141 3333; x_wconf 76' lang='lat' dir='ltr'>Plaut.</span> <span class='ocrx_word' id='word_1_1868' title='bbox 157 3309 242 3336; x_wconf 80' lang='lat' dir='ltr'>Pseud.</span> <span class='ocrx_word' id='word_1_1869' title='bbox 263 3319 283 3343; x_wconf 82' lang='lat'>1,</span> <span class='ocrx_word' id='word_1_1870' title='bbox 303 3319 324 3344; x_wconf 80' lang='grc'>5,</span> <span class='ocrx_word' id='word_1_1871' title='bbox 346 3313 400 3338; x_wconf 82' lang='lat'>106.</span> <span class='ocrx_word' id='word_1_1872' title='bbox 478 3310 566 3337; x_wconf 83' lang='lat' dir='ltr'>Verba</span> <span class='ocrx_word' id='word_1_1873' title='bbox 583 3310 697 3337; x_wconf 78' lang='lat' dir='ltr'>amantia</span> <span class='ocrx_word' id='word_1_1874' title='bbox 717 3309 785 3336; x_wconf 78' lang='lat' dir='ltr'>dixit</span> <span class='ocrx_word' id='word_1_1875' title='bbox 819 3310 899 3336; x_wconf 78' lang='lat' dir='ltr'>Ouid.</span> <span class='ocrx_word' id='word_1_1876' title='bbox 915 3308 980 3335; x_wconf 76' lang='lat' dir='ltr'>Fast.</span> <span class='ocrx_word' id='word_1_1877' title='bbox 1000 3317 1023 3342; x_wconf 78' lang='grc' dir='ltr'>ς,</span> <span class='ocrx_word' id='word_1_1878' title='bbox 1043 3317 1088 3344; x_wconf 87' lang='lat'>70.</span> <span class='ocrx_word' id='word_1_1879' title='bbox 1151 3311 1202 3338; x_wconf 87' lang='lat' dir='ltr'>Od.</span> <span class='ocrx_word' id='word_1_1880' title='bbox 1217 3321 1237 3345; x_wconf 77' lang='lat'>3,</span> <span class='ocrx_word' id='word_1_1881' title='bbox 1252 3321 1286 3345; x_wconf 72' lang='lat'>13,</span> <span class='ocrx_word' id='word_1_1882' title='bbox 1299 3322 1337 3347; x_wconf 81' lang='lat'>¹4·</span> <span class='ocrx_word' id='word_1_1883' title='bbox 1408 3314 1465 3340; x_wconf 79' lang='lat' dir='ltr'>Cic,</span> <span class='ocrx_word' id='word_1_1884' title='bbox 1479 3314 1510 3340; x_wconf 85' lang='lat' dir='ltr'>de</span> <span class='ocrx_word' id='word_1_1885' title='bbox 1525 3314 1560 3340; x_wconf 79' lang='lat' dir='ltr'>N,</span> <span class='ocrx_word' id='word_1_1886' title='bbox 1575 3315 1607 3341; x_wconf 74' lang='lat' dir='ltr'>D,</span> <span class='ocrx_word' id='word_1_1887' title='bbox 1621 3323 1647 3346; x_wconf 68' lang='lat'>2,</span> <span class='ocrx_word' id='word_1_1888' title='bbox 1660 3316 1691 3347; x_wconf 72' lang='grc' dir='ltr'>ὅς</span> <span class='ocrx_word' id='word_1_1889' title='bbox 1704 3323 1725 3341; x_wconf 79' lang='lat' dir='ltr'>c,</span> <span class='ocrx_word' id='word_1_1890' title='bbox 1740 3323 1770 3348; x_wconf 71' lang='lat'>25</span> <span class='ocrx_word' id='word_1_1891' title='bbox 1790 3316 1867 3341; x_wconf 81' lang='lat' dir='ltr'>Hunc</span> <span class='ocrx_word' id='word_1_1892' title='bbox 1880 3315 1961 3350; x_wconf 79' lang='lat' dir='ltr'>igitur</span> <span class='ocrx_word' id='word_1_1893' title='bbox 1974 3315 2072 3341; x_wconf 80' lang='lat' dir='ltr'>Ennius</span> <span class='ocrx_word' id='word_1_1894' title='bbox 2087 3324 2189 3343; x_wconf 76' lang='lat' dir='ltr'>nuncu-</span> 
     </span>
     <span class='ocr_line' id='line_1_88' title="bbox 58 3341 1756 3385; baseline 0.006 -19"><span class='ocrx_word' id='word_1_1895' title='bbox 58 3341 147 3368; x_wconf 88' lang='lat' dir='ltr'>Verba</span> <span class='ocrx_word' id='word_1_1896' title='bbox 159 3345 312 3373; x_wconf 83' lang='lat' dir='ltr'>consolantia</span> <span class='ocrx_word' id='word_1_1897' title='bbox 324 3346 446 3373; x_wconf 85' lang='lat' dir='ltr'>dixerunt</span> <span class='ocrx_word' id='word_1_1898' title='bbox 465 3346 537 3373; x_wconf 88' lang='lat' dir='ltr'>Idem</span> <span class='ocrx_word' id='word_1_1899' title='bbox 545 3347 609 3373; x_wconf 88' lang='lat' dir='ltr'>Met.</span> <span class='ocrx_word' id='word_1_1900' title='bbox 624 3354 658 3379; x_wconf 95' lang='lat'>15,</span> <span class='ocrx_word' id='word_1_1901' title='bbox 670 3354 726 3379; x_wconf 89' lang='lat'>491.</span> <span class='ocrx_word' id='word_1_1902' title='bbox 797 3345 886 3371; x_wconf 88' lang='lat' dir='ltr'>Verba</span> <span class='ocrx_word' id='word_1_1903' title='bbox 898 3344 977 3379; x_wconf 82' lang='lat' dir='ltr'>digna</span> <span class='ocrx_word' id='word_1_1904' title='bbox 989 3344 1089 3371; x_wconf 88' lang='lat' dir='ltr'>rubore</span> <span class='ocrx_word' id='word_1_1905' title='bbox 1150 3353 1209 3382; x_wconf 85' lang='lat' dir='ltr'>pat,</span> <span class='ocrx_word' id='word_1_1906' title='bbox 1230 3348 1267 3374; x_wconf 84' lang='lat' dir='ltr'>ita</span> <span class='ocrx_word' id='word_1_1907' title='bbox 1280 3348 1385 3381; x_wconf 87' lang='lat' dir='ltr'>dicens,</span> <span class='ocrx_word' id='word_1_1908' title='bbox 1403 3349 1511 3384; x_wconf 79' lang='lat' dir='ltr'>Adspice</span> <span class='ocrx_word' id='word_1_1909' title='bbox 1522 3350 1566 3375; x_wconf 79' lang='lat' dir='ltr'>hoc</span> <span class='ocrx_word' id='word_1_1910' title='bbox 1572 3349 1693 3385; x_wconf 79' lang='lat' dir='ltr'>sublime,</span> <span class='ocrx_word' id='word_1_1911' title='bbox 1711 3357 1756 3376; x_wconf 80' lang='lat' dir='ltr'>etc.</span> 
     </span>
     <span class='ocr_line' id='line_1_89' title="bbox 61 3377 2188 3420; baseline 0.004 -17"><span class='ocrx_word' id='word_1_1912' title='bbox 61 3377 149 3403; x_wconf 84' lang='lat' dir='ltr'>dicere</span> <span class='ocrx_word' id='word_1_1913' title='bbox 175 3377 211 3403; x_wconf 89' lang='lat' dir='ltr'>Id.</span> <span class='ocrx_word' id='word_1_1914' title='bbox 223 3380 285 3407; x_wconf 83' lang='lat' dir='ltr'>Fast.</span> <span class='ocrx_word' id='word_1_1915' title='bbox 305 3392 333 3415; x_wconf 84' lang='lat'>4,</span> <span class='ocrx_word' id='word_1_1916' title='bbox 351 3384 394 3415; x_wconf 90' lang='lat'>69.</span> <span class='ocrx_word' id='word_1_1917' title='bbox 463 3382 553 3408; x_wconf 84' lang='lat' dir='ltr'>Verba</span> <span class='ocrx_word' id='word_1_1918' title='bbox 570 3382 717 3408; x_wconf 83' lang='lat' dir='ltr'>excusantia</span> <span class='ocrx_word' id='word_1_1919' title='bbox 729 3381 795 3407; x_wconf 90' lang='lat' dir='ltr'>dicit</span> <span class='ocrx_word' id='word_1_1920' title='bbox 823 3381 904 3407; x_wconf 88' lang='lat' dir='ltr'>Ouid.</span> <span class='ocrx_word' id='word_1_1921' title='bbox 918 3381 983 3407; x_wconf 91' lang='lat' dir='ltr'>Met.</span> <span class='ocrx_word' id='word_1_1922' title='bbox 997 3388 1023 3412; x_wconf 82' lang='lat'>9,</span> <span class='ocrx_word' id='word_1_1923' title='bbox 1037 3387 1089 3413; x_wconf 87' lang='lat'>215.</span> <span class='ocrx_word' id='word_1_1924' title='bbox 1189 3389 1207 3409; x_wconf 89' lang='lat' dir='ltr'>D</span> <span class='ocrx_word' id='word_1_1925' title='bbox 1219 3388 1354 3416; x_wconf 77' lang='lat' dir='ltr'>ICTVS,</span> <span class='ocrx_word' id='word_1_1926' title='bbox 1375 3393 1399 3417; x_wconf 87' lang='lat' dir='ltr'>a,</span> <span class='ocrx_word' id='word_1_1927' title='bbox 1420 3394 1474 3411; x_wconf 90' lang='lat' dir='ltr'>uin.</span> <span class='ocrx_word' id='word_1_1928' title='bbox 1494 3385 1586 3411; x_wconf 88' lang='lat' dir='ltr'>Partic.</span> <span class='ocrx_word' id='word_1_1929' title='bbox 1614 3385 1717 3420; x_wconf 50' lang='lat' dir='ltr'>[pm-0¹5,</span> <span class='ocrx_word' id='word_1_1930' title='bbox 1737 3387 1895 3419; x_wconf 72' lang='grc' dir='ltr'><strong>λελεγμένης,</strong></span> <span class='ocrx_word' id='word_1_1931' title='bbox 1911 3384 2074 3420; x_wconf 70' lang='grc' dir='ltr'>τεταγμένος]</span> <span class='ocrx_word' id='word_1_1932' title='bbox 2093 3386 2188 3413; x_wconf 59' lang='lat' dir='ltr'>Dictae</span> 
     </span>
     <span class='ocr_line' id='line_1_90' title="bbox 59 3412 2188 3455; baseline 0.004 -16"><span class='ocrx_word' id='word_1_1933' title='bbox 59 3412 149 3439; x_wconf 84' lang='lat' dir='ltr'>Vei-ba</span> <span class='ocrx_word' id='word_1_1934' title='bbox 163 3412 281 3446; x_wconf 82' lang='lat' dir='ltr'>lugubria</span> <span class='ocrx_word' id='word_1_1935' title='bbox 309 3416 381 3443; x_wconf 86' lang='lat' dir='ltr'>Idem</span> <span class='ocrx_word' id='word_1_1936' title='bbox 395 3417 424 3443; x_wconf 92' lang='lat' dir='ltr'>in</span> <span class='ocrx_word' id='word_1_1937' title='bbox 437 3417 499 3444; x_wconf 91' lang='lat' dir='ltr'>Ibin</span> <span class='ocrx_word' id='word_1_1938' title='bbox 512 3426 555 3451; x_wconf 91' lang='lat'>99.</span> <span class='ocrx_word' id='word_1_1939' title='bbox 624 3417 712 3444; x_wconf 88' lang='lat' dir='ltr'>Verba</span> <span class='ocrx_word' id='word_1_1940' title='bbox 723 3416 861 3443; x_wconf 84' lang='lat' dir='ltr'>nouissima</span> <span class='ocrx_word' id='word_1_1941' title='bbox 890 3417 966 3450; x_wconf 81' lang='lat' dir='ltr'>Virg.</span> <span class='ocrx_word' id='word_1_1942' title='bbox 981 3416 1045 3442; x_wconf 84' lang='lat' dir='ltr'>Aen.</span> <span class='ocrx_word' id='word_1_1943' title='bbox 1060 3425 1089 3449; x_wconf 78' lang='lat'>4,</span> <span class='ocrx_word' id='word_1_1944' title='bbox 1153 3424 1238 3453; x_wconf 86' lang='lat' dir='ltr'>partes</span> <span class='ocrx_word' id='word_1_1945' title='bbox 1259 3419 1378 3446; x_wconf 87' lang='lat' dir='ltr'>Scribon.</span> <span class='ocrx_word' id='word_1_1946' title='bbox 1393 3428 1443 3452; x_wconf 78' lang='lat'>125.</span> <span class='ocrx_word' id='word_1_1947' title='bbox 1516 3421 1583 3446; x_wconf 88' lang='lat' dir='ltr'>Ante</span> <span class='ocrx_word' id='word_1_1948' title='bbox 1598 3420 1669 3447; x_wconf 55' lang='lat' dir='ltr'>dicia</span> <span class='ocrx_word' id='word_1_1949' title='bbox 1683 3427 1727 3455; x_wconf 94' lang='lat'>47.</span> <span class='ocrx_word' id='word_1_1950' title='bbox 1741 3423 1780 3453; x_wconf 86' lang='lat'>65.</span> <span class='ocrx_word' id='word_1_1951' title='bbox 1796 3423 1846 3453; x_wconf 81' lang='lat'>163.</span> <span class='ocrx_word' id='word_1_1952' title='bbox 1897 3420 1965 3447; x_wconf 90' lang='lat' dir='ltr'>Ter.</span> <span class='ocrx_word' id='word_1_1953' title='bbox 1980 3421 2060 3447; x_wconf 87' lang='lat' dir='ltr'>Andr.</span> <span class='ocrx_word' id='word_1_1954' title='bbox 2075 3430 2095 3454; x_wconf 86' lang='lat'>1,</span> <span class='ocrx_word' id='word_1_1955' title='bbox 2109 3431 2130 3455; x_wconf 86' lang='lat'>1,</span> <span class='ocrx_word' id='word_1_1956' title='bbox 2144 3431 2188 3455; x_wconf 84' lang='lat'>103</span> 
     </span>
     <span class='ocr_line' id='line_1_91' title="bbox 61 3447 2190 3493; baseline 0.004 -18"><span class='ocrx_word' id='word_1_1957' title='bbox 61 3451 120 3481; x_wconf 78' lang='lat'>650.</span> <span class='ocrx_word' id='word_1_1958' title='bbox 168 3447 260 3488; x_wconf 29' lang='lat' dir='ltr'>&#39;Verba</span> <span class='ocrx_word' id='word_1_1959' title='bbox 272 3453 399 3484; x_wconf 86' lang='lat' dir='ltr'>precantia</span> <span class='ocrx_word' id='word_1_1960' title='bbox 412 3453 480 3479; x_wconf 86' lang='lat' dir='ltr'>dixit</span> <span class='ocrx_word' id='word_1_1961' title='bbox 500 3452 582 3480; x_wconf 91' lang='lat' dir='ltr'>Ouid.</span> <span class='ocrx_word' id='word_1_1962' title='bbox 590 3453 655 3479; x_wconf 87' lang='lat' dir='ltr'>Met.</span> <span class='ocrx_word' id='word_1_1963' title='bbox 667 3460 693 3487; x_wconf 88' lang='lat'>7,</span> <span class='ocrx_word' id='word_1_1964' title='bbox 708 3460 765 3485; x_wconf 89' lang='lat'>590.</span> <span class='ocrx_word' id='word_1_1965' title='bbox 838 3453 907 3479; x_wconf 89' lang='lat' dir='ltr'>Vere</span> <span class='ocrx_word' id='word_1_1966' title='bbox 923 3451 1011 3478; x_wconf 87' lang='lat' dir='ltr'>dicere</span> <span class='ocrx_word' id='word_1_1967' title='bbox 1032 3452 1088 3478; x_wconf 88' lang='lat' dir='ltr'>Cic.</span> <span class='ocrx_word' id='word_1_1968' title='bbox 1106 3461 1141 3485; x_wconf 91' lang='lat'>90</span> <span class='ocrx_word' id='word_1_1969' title='bbox 1149 3455 1201 3481; x_wconf 88' lang='lat' dir='ltr'>Hic</span> <span class='ocrx_word' id='word_1_1970' title='bbox 1216 3455 1314 3490; x_wconf 84' lang='lat' dir='ltr'>nuptiis</span> <span class='ocrx_word' id='word_1_1971' title='bbox 1329 3455 1414 3481; x_wconf 63' lang='lat' dir='ltr'>dietus</span> <span class='ocrx_word' id='word_1_1972' title='bbox 1428 3455 1463 3481; x_wconf 89' lang='lat' dir='ltr'>est</span> <span class='ocrx_word' id='word_1_1973' title='bbox 1477 3454 1541 3482; x_wconf 82' lang='lat' dir='ltr'>dies.</span> <span class='ocrx_word' id='word_1_1974' title='bbox 1613 3456 1721 3482; x_wconf 61' lang='lat' dir='ltr'>Didium</span> <span class='ocrx_word' id='word_1_1975' title='bbox 1733 3455 1817 3482; x_wconf 71' lang='lat' dir='ltr'>istud?</span> <span class='ocrx_word' id='word_1_1976' title='bbox 1834 3463 1897 3491; x_wconf 79' lang='lat' dir='ltr'>pro,</span> <span class='ocrx_word' id='word_1_1977' title='bbox 1916 3455 1956 3488; x_wconf 77' lang='lat' dir='ltr'>Est</span> <span class='ocrx_word' id='word_1_1978' title='bbox 1970 3466 1998 3482; x_wconf 81' lang='lat' dir='ltr'>ne</span> <span class='ocrx_word' id='word_1_1979' title='bbox 2012 3467 2109 3490; x_wconf 79' lang='lat' dir='ltr'>verum,</span> <span class='ocrx_word' id='word_1_1980' title='bbox 2123 3456 2190 3493; x_wconf 81' lang='lat' dir='ltr'>quod</span> 
     </span>
     <span class='ocr_line' id='line_1_92' title="bbox 61 3483 2189 3525; baseline 0.002 -11"><span class='ocrx_word' id='word_1_1981' title='bbox 61 3484 94 3511; x_wconf 73' lang='lat' dir='ltr'>de</span> <span class='ocrx_word' id='word_1_1982' title='bbox 110 3483 202 3517; x_wconf 74' lang='lat' dir='ltr'>Leglb·</span> <span class='ocrx_word' id='word_1_1983' title='bbox 217 3491 242 3515; x_wconf 67' lang='lat'>2,</span> <span class='ocrx_word' id='word_1_1984' title='bbox 278 3503 285 3510; x_wconf 94' lang='lat'><strong>·</strong></span> <span class='ocrx_word' id='word_1_1985' title='bbox 319 3505 324 3512; x_wconf 88' lang='lat'>-</span> <span class='ocrx_word' id='word_1_1986' title='bbox 393 3489 572 3515; x_wconf 85' lang='lat' dir='ltr'>Verecundius</span> <span class='ocrx_word' id='word_1_1987' title='bbox 587 3488 618 3514; x_wconf 91' lang='lat' dir='ltr'>de</span> <span class='ocrx_word' id='word_1_1988' title='bbox 632 3497 661 3514; x_wconf 85' lang='lat' dir='ltr'>re</span> <span class='ocrx_word' id='word_1_1989' title='bbox 674 3489 763 3522; x_wconf 84' lang='lat' dir='ltr'>aliqua</span> <span class='ocrx_word' id='word_1_1990' title='bbox 775 3487 862 3515; x_wconf 88' lang='lat' dir='ltr'>dicere</span> <span class='ocrx_word' id='word_1_1991' title='bbox 885 3487 1014 3522; x_wconf 69' lang='lat' dir='ltr'>Qiintffil.</span> <span class='ocrx_word' id='word_1_1992' title='bbox 1029 3496 1057 3520; x_wconf 88' lang='lat'>4,</span> <span class='ocrx_word' id='word_1_1993' title='bbox 1070 3496 1089 3513; x_wconf 89' lang='lat'>1.</span> <span class='ocrx_word' id='word_1_1994' title='bbox 1151 3490 1236 3516; x_wconf 81' lang='lat' dir='ltr'>dicis?</span> <span class='ocrx_word' id='word_1_1995' title='bbox 1271 3491 1353 3517; x_wconf 88' lang='lat' dir='ltr'>Plaut.</span> <span class='ocrx_word' id='word_1_1996' title='bbox 1367 3490 1488 3517; x_wconf 87' lang='lat' dir='ltr'>Bacchid.</span> <span class='ocrx_word' id='word_1_1997' title='bbox 1507 3500 1536 3525; x_wconf 83' lang='lat'>4,</span> <span class='ocrx_word' id='word_1_1998' title='bbox 1554 3499 1581 3524; x_wconf 89' lang='lat'>4,</span> <span class='ocrx_word' id='word_1_1999' title='bbox 1595 3500 1635 3518; x_wconf 88' lang='lat'>101</span> <span class='ocrx_word' id='word_1_2000' title='bbox 1670 3492 1755 3517; x_wconf 89' lang='lat' dir='ltr'>Immo</span> <span class='ocrx_word' id='word_1_2001' title='bbox 1767 3499 1795 3517; x_wconf 92' lang='lat' dir='ltr'>vt</span> <span class='ocrx_word' id='word_1_2002' title='bbox 1807 3500 1868 3517; x_wconf 90' lang='lat' dir='ltr'>eum</span> <span class='ocrx_word' id='word_1_2003' title='bbox 1880 3491 1975 3524; x_wconf 85' lang='lat' dir='ltr'>credis,</span> <span class='ocrx_word' id='word_1_2004' title='bbox 1991 3492 2085 3519; x_wconf 84' lang='lat' dir='ltr'>misera</span> <span class='ocrx_word' id='word_1_2005' title='bbox 2098 3502 2189 3519; x_wconf 85' lang='lat' dir='ltr'>amans</span> 
     </span>
     <span class='ocr_line' id='line_1_93' title="bbox 61 3518 2188 3561; baseline 0.004 -15"><span class='ocrx_word' id='word_1_2006' title='bbox 61 3520 159 3546; x_wconf 87' lang='lat' dir='ltr'>Versus</span> <span class='ocrx_word' id='word_1_2007' title='bbox 171 3518 258 3545; x_wconf 88' lang='lat' dir='ltr'>dicere</span> <span class='ocrx_word' id='word_1_2008' title='bbox 274 3519 346 3554; x_wconf 81' lang='lat' dir='ltr'>Virg.</span> <span class='ocrx_word' id='word_1_2009' title='bbox 358 3523 409 3550; x_wconf 88' lang='lat' dir='ltr'>Ecl.</span> <span class='ocrx_word' id='word_1_2010' title='bbox 423 3531 446 3557; x_wconf 85' lang='grc'><strong>5,</strong></span> <span class='ocrx_word' id='word_1_2011' title='bbox 460 3533 481 3551; x_wconf 88' lang='lat'>2.</span> <span class='ocrx_word' id='word_1_2012' title='bbox 533 3524 637 3550; x_wconf 87' lang='lat' dir='ltr'>Vitiose</span> <span class='ocrx_word' id='word_1_2013' title='bbox 658 3523 788 3557; x_wconf 71' lang='lat' dir='ltr'>Quin&amp;il.</span> <span class='ocrx_word' id='word_1_2014' title='bbox 806 3533 825 3556; x_wconf 91' lang='lat'>1,</span> <span class='ocrx_word' id='word_1_2015' title='bbox 839 3531 862 3556; x_wconf 90' lang='lat'>5.</span> <span class='ocrx_word' id='word_1_2016' title='bbox 916 3524 989 3549; x_wconf 88' lang='lat' dir='ltr'>Voce</span> <span class='ocrx_word' id='word_1_2017' title='bbox 1008 3522 1089 3549; x_wconf 91' lang='lat' dir='ltr'>Ouid.</span> <span class='ocrx_word' id='word_1_2018' title='bbox 1152 3525 1287 3553; x_wconf 84' lang='lat' dir='ltr'>desiderat.</span> <span class='ocrx_word' id='word_1_2019' title='bbox 1343 3534 1368 3554; x_wconf 90' lang='lat' dir='ltr'>C.</span> <span class='ocrx_word' id='word_1_2020' title='bbox 1398 3526 1506 3553; x_wconf 67' lang='lat' dir='ltr'>Dictum</span> <span class='ocrx_word' id='word_1_2021' title='bbox 1527 3526 1628 3553; x_wconf 73' lang='lat' dir='ltr'>isthuc?</span> <span class='ocrx_word' id='word_1_2022' title='bbox 1657 3534 1682 3554; x_wconf 82' lang='lat' dir='ltr'>P.</span> <span class='ocrx_word' id='word_1_2023' title='bbox 1697 3527 1780 3553; x_wconf 87' lang='lat' dir='ltr'>immo</span> <span class='ocrx_word' id='word_1_2024' title='bbox 1795 3525 1935 3559; x_wconf 86' lang='lat' dir='ltr'>Chrysale,</span> <span class='ocrx_word' id='word_1_2025' title='bbox 1956 3526 2032 3560; x_wconf 84' lang='lat' dir='ltr'>hem,</span> <span class='ocrx_word' id='word_1_2026' title='bbox 2050 3536 2119 3561; x_wconf 90' lang='lat' dir='ltr'>non,</span> <span class='ocrx_word' id='word_1_2027' title='bbox 2141 3536 2188 3556; x_wconf 75' lang='lat' dir='ltr'>etc.</span> 
     </span>
     <span class='ocr_line' id='line_1_94' title="bbox 62 3555 2187 3597; baseline 0.004 -16"><span class='ocrx_word' id='word_1_2028' title='bbox 62 3556 153 3581; x_wconf 85' lang='lat' dir='ltr'>Amor.</span> <span class='ocrx_word' id='word_1_2029' title='bbox 168 3563 191 3587; x_wconf 91' lang='grc'>3,</span> <span class='ocrx_word' id='word_1_2030' title='bbox 205 3562 227 3587; x_wconf 90' lang='grc'>5.</span> <span class='ocrx_word' id='word_1_2031' title='bbox 299 3555 352 3582; x_wconf 75' lang='lat' dir='ltr'>cic.</span> <span class='ocrx_word' id='word_1_2032' title='bbox 363 3558 394 3585; x_wconf 87' lang='lat' dir='ltr'>de</span> <span class='ocrx_word' id='word_1_2033' title='bbox 406 3559 512 3586; x_wconf 86' lang='lat' dir='ltr'>Amicit.</span> <span class='ocrx_word' id='word_1_2034' title='bbox 525 3565 557 3593; x_wconf 85' lang='lat'>98</span> <span class='ocrx_word' id='word_1_2035' title='bbox 590 3560 695 3594; x_wconf 83' lang='lat' dir='ltr'>Semper</span> <span class='ocrx_word' id='word_1_2036' title='bbox 709 3565 786 3594; x_wconf 85' lang='lat' dir='ltr'>auget</span> <span class='ocrx_word' id='word_1_2037' title='bbox 804 3558 938 3586; x_wconf 82' lang='lat' dir='ltr'>assentatio</span> <span class='ocrx_word' id='word_1_2038' title='bbox 947 3579 955 3591; x_wconf 90' lang='lat'>,</span> <span class='ocrx_word' id='word_1_2039' title='bbox 975 3557 1004 3584; x_wconf 88' lang='lat' dir='ltr'>id</span> <span class='ocrx_word' id='word_1_2040' title='bbox 1017 3557 1089 3592; x_wconf 87' lang='lat' dir='ltr'>quod</span> <span class='ocrx_word' id='word_1_2041' title='bbox 1150 3560 1259 3587; x_wconf 61' lang='lat' dir='ltr'>Dictum</span> <span class='ocrx_word' id='word_1_2042' title='bbox 1277 3568 1341 3597; x_wconf 87' lang='lat' dir='ltr'>puta</span> <span class='ocrx_word' id='word_1_2043' title='bbox 1370 3562 1437 3588; x_wconf 84' lang='lat' dir='ltr'>Ter.</span> <span class='ocrx_word' id='word_1_2044' title='bbox 1450 3561 1531 3589; x_wconf 89' lang='lat' dir='ltr'>Andr.</span> <span class='ocrx_word' id='word_1_2045' title='bbox 1553 3571 1572 3594; x_wconf 94' lang='lat'>1,</span> <span class='ocrx_word' id='word_1_2046' title='bbox 1588 3571 1608 3594; x_wconf 90' lang='lat'>1,</span> <span class='ocrx_word' id='word_1_2047' title='bbox 1621 3572 1643 3589; x_wconf 92' lang='lat'>2.</span> <span class='ocrx_word' id='word_1_2048' title='bbox 1712 3561 1805 3588; x_wconf 63' lang='lat' dir='ltr'>Dictae</span> <span class='ocrx_word' id='word_1_2049' title='bbox 1818 3570 1865 3596; x_wconf 85' lang='lat' dir='ltr'>per</span> <span class='ocrx_word' id='word_1_2050' title='bbox 1877 3563 1993 3589; x_wconf 86' lang='lat' dir='ltr'>carmina</span> <span class='ocrx_word' id='word_1_2051' title='bbox 2008 3564 2087 3589; x_wconf 83' lang='lat' dir='ltr'>sortes</span> <span class='ocrx_word' id='word_1_2052' title='bbox 2118 3565 2187 3591; x_wconf 84' lang='lat' dir='ltr'>Hor.</span> 
     </span>
    </p>

    <p class='ocr_par' dir='ltr' id='par_1_16' title="bbox 33 3589 2188 3878">
     <span class='ocr_line' id='line_1_95' title="bbox 33 3589 2188 3632; baseline 0.005 -16"><span class='ocrx_word' id='word_1_2053' title='bbox 33 3611 37 3615; x_wconf 92' lang='lat'>.</span> <span class='ocrx_word' id='word_1_2054' title='bbox 62 3591 95 3623; x_wconf 83' lang='lat' dir='ltr'>is,</span> <span class='ocrx_word' id='word_1_2055' title='bbox 109 3590 183 3616; x_wconf 85' lang='lat' dir='ltr'>cuius</span> <span class='ocrx_word' id='word_1_2056' title='bbox 198 3589 230 3616; x_wconf 92' lang='lat' dir='ltr'>ad</span> <span class='ocrx_word' id='word_1_2057' title='bbox 243 3589 408 3619; x_wconf 89' lang='lat' dir='ltr'>Voluntatem</span> <span class='ocrx_word' id='word_1_2058' title='bbox 420 3594 531 3628; x_wconf 83' lang='lat' dir='ltr'>dicitur,</span> <span class='ocrx_word' id='word_1_2059' title='bbox 553 3595 612 3621; x_wconf 89' lang='lat' dir='ltr'>vult</span> <span class='ocrx_word' id='word_1_2060' title='bbox 630 3596 678 3622; x_wconf 82' lang='lat' dir='ltr'>esse</span> <span class='ocrx_word' id='word_1_2061' title='bbox 690 3604 823 3629; x_wconf 85' lang='lat' dir='ltr'>magnum.</span> <span class='ocrx_word' id='word_1_2062' title='bbox 894 3594 1025 3628; x_wconf 61' lang='lat' dir='ltr'>Qiinc‘iil.</span> <span class='ocrx_word' id='word_1_2063' title='bbox 1039 3596 1064 3625; x_wconf 91' lang='grc'>6,</span> <span class='ocrx_word' id='word_1_2064' title='bbox 1079 3602 1090 3619; x_wconf 73' lang='lat'>1</span> <span class='ocrx_word' id='word_1_2065' title='bbox 1152 3598 1183 3622; x_wconf 90' lang='lat' dir='ltr'>A.</span> <span class='ocrx_word' id='word_1_2066' title='bbox 1200 3598 1224 3623; x_wconf 90' lang='lat' dir='ltr'>P.</span> <span class='ocrx_word' id='word_1_2067' title='bbox 1238 3606 1298 3631; x_wconf 81' lang='lat'>403.</span> <span class='ocrx_word' id='word_1_2068' title='bbox 1353 3598 1433 3624; x_wconf 91' lang='lat' dir='ltr'>Ouid.</span> <span class='ocrx_word' id='word_1_2069' title='bbox 1447 3598 1511 3624; x_wconf 89' lang='lat' dir='ltr'>Fast.</span> <span class='ocrx_word' id='word_1_2070' title='bbox 1525 3607 1548 3630; x_wconf 87' lang='grc'>3,</span> <span class='ocrx_word' id='word_1_2071' title='bbox 1561 3606 1609 3630; x_wconf 86' lang='lat'>205</span> <span class='ocrx_word' id='word_1_2072' title='bbox 1637 3596 1804 3623; x_wconf 85' lang='lat' dir='ltr'>conueniunt</span> <span class='ocrx_word' id='word_1_2073' title='bbox 1817 3603 1913 3632; x_wconf 85' lang='lat' dir='ltr'>nuptae</span> <span class='ocrx_word' id='word_1_2074' title='bbox 1925 3598 2022 3624; x_wconf 66' lang='lat' dir='ltr'>dietam</span> <span class='ocrx_word' id='word_1_2075' title='bbox 2036 3599 2144 3626; x_wconf 91' lang='lat' dir='ltr'>Iunonis</span> <span class='ocrx_word' id='word_1_2076' title='bbox 2159 3600 2188 3626; x_wconf 89' lang='lat' dir='ltr'>in</span> 
     </span>
     <span class='ocr_line' id='line_1_96' title="bbox 61 3626 2187 3668; baseline 0.004 -15"><span class='ocrx_word' id='word_1_2077' title='bbox 61 3626 158 3653; x_wconf 87' lang='lat' dir='ltr'>Cicero</span> <span class='ocrx_word' id='word_1_2078' title='bbox 177 3634 226 3660; x_wconf 86' lang='lat' dir='ltr'>pro</span> <span class='ocrx_word' id='word_1_2079' title='bbox 238 3626 343 3652; x_wconf 89' lang='lat' dir='ltr'>Vareno</span> <span class='ocrx_word' id='word_1_2080' title='bbox 359 3628 437 3655; x_wconf 88' lang='lat' dir='ltr'>multa</span> <span class='ocrx_word' id='word_1_2081' title='bbox 455 3630 523 3657; x_wconf 88' lang='lat' dir='ltr'>dixit</span> <span class='ocrx_word' id='word_1_2082' title='bbox 542 3631 655 3657; x_wconf 92' lang='lat' dir='ltr'>Vrbane.</span> <span class='ocrx_word' id='word_1_2083' title='bbox 726 3632 774 3657; x_wconf 93' lang='lat' dir='ltr'>Vt:</span> <span class='ocrx_word' id='word_1_2084' title='bbox 798 3630 866 3657; x_wconf 86' lang='lat' dir='ltr'>Ter.</span> <span class='ocrx_word' id='word_1_2085' title='bbox 883 3630 964 3657; x_wconf 89' lang='lat' dir='ltr'>Andr.</span> <span class='ocrx_word' id='word_1_2086' title='bbox 983 3639 1005 3665; x_wconf 81' lang='lat'>3,</span> <span class='ocrx_word' id='word_1_2087' title='bbox 1019 3638 1046 3661; x_wconf 85' lang='lat'>4,</span> <span class='ocrx_word' id='word_1_2088' title='bbox 1063 3631 1091 3655; x_wconf 87' lang='lat'>16</span> <span class='ocrx_word' id='word_1_2089' title='bbox 1110 3636 1142 3662; x_wconf 83' lang='lat'>95</span> <span class='ocrx_word' id='word_1_2090' title='bbox 1151 3631 1250 3658; x_wconf 86' lang='lat' dir='ltr'>aedem.</span> <span class='ocrx_word' id='word_1_2091' title='bbox 1319 3633 1400 3659; x_wconf 70' lang='lat' dir='ltr'>Dicto</span> <span class='ocrx_word' id='word_1_2092' title='bbox 1413 3634 1506 3666; x_wconf 83' lang='lat' dir='ltr'>citius,</span> <span class='ocrx_word' id='word_1_2093' title='bbox 1530 3636 1548 3658; x_wconf 78' lang='lat' dir='ltr'>i.</span> <span class='ocrx_word' id='word_1_2094' title='bbox 1569 3633 1649 3658; x_wconf 74' lang='lat' dir='ltr'>Citius</span> <span class='ocrx_word' id='word_1_2095' title='bbox 1663 3641 1731 3666; x_wconf 83' lang='lat' dir='ltr'>quam</span> <span class='ocrx_word' id='word_1_2096' title='bbox 1746 3632 1798 3659; x_wconf 84' lang='lat' dir='ltr'>dici</span> <span class='ocrx_word' id='word_1_2097' title='bbox 1805 3631 1900 3667; x_wconf 71' lang='lat' dir='ltr'>potest:</span> <span class='ocrx_word' id='word_1_2098' title='bbox 1937 3634 2010 3668; x_wconf 85' lang='lat' dir='ltr'>Virg.</span> <span class='ocrx_word' id='word_1_2099' title='bbox 2025 3634 2089 3660; x_wconf 91' lang='lat' dir='ltr'>Aen.</span> <span class='ocrx_word' id='word_1_2100' title='bbox 2104 3644 2125 3668; x_wconf 91' lang='lat'>1,</span> <span class='ocrx_word' id='word_1_2101' title='bbox 2140 3643 2187 3668; x_wconf 78' lang='lat'>142</span> 
     </span>
     <span class='ocr_line' id='line_1_97' title="bbox 61 3660 2187 3702; baseline 0.004 -14"><span class='ocrx_word' id='word_1_2102' title='bbox 61 3662 177 3688; x_wconf 89' lang='lat' dir='ltr'>Domum</span> <span class='ocrx_word' id='word_1_2103' title='bbox 185 3660 266 3688; x_wconf 90' lang='lat' dir='ltr'>modo</span> <span class='ocrx_word' id='word_1_2104' title='bbox 278 3661 341 3687; x_wconf 69' lang='lat' dir='ltr'>ibo?</span> <span class='ocrx_word' id='word_1_2105' title='bbox 359 3662 393 3687; x_wconf 86' lang='lat' dir='ltr'>Vt</span> <span class='ocrx_word' id='word_1_2106' title='bbox 405 3671 572 3699; x_wconf 86' lang='lat' dir='ltr'>apparentur,</span> <span class='ocrx_word' id='word_1_2107' title='bbox 584 3666 679 3699; x_wconf 90' lang='lat' dir='ltr'>dicam,</span> <span class='ocrx_word' id='word_1_2108' title='bbox 692 3672 771 3701; x_wconf 87' lang='lat' dir='ltr'>atque</span> <span class='ocrx_word' id='word_1_2109' title='bbox 784 3665 835 3692; x_wconf 91' lang='lat' dir='ltr'>huc</span> <span class='ocrx_word' id='word_1_2110' title='bbox 847 3666 980 3693; x_wconf 89' lang='lat' dir='ltr'>renuntio.</span> <span class='ocrx_word' id='word_1_2111' title='bbox 1017 3665 1090 3690; x_wconf 89' lang='lat' dir='ltr'>Idem</span> <span class='ocrx_word' id='word_1_2112' title='bbox 1153 3667 1195 3693; x_wconf 87' lang='lat' dir='ltr'>Sic</span> <span class='ocrx_word' id='word_1_2113' title='bbox 1208 3667 1259 3693; x_wconf 90' lang='lat' dir='ltr'>ait:</span> <span class='ocrx_word' id='word_1_2114' title='bbox 1286 3673 1312 3694; x_wconf 89' lang='lat' dir='ltr'>et</span> <span class='ocrx_word' id='word_1_2115' title='bbox 1325 3668 1398 3695; x_wconf 61' lang='lat' dir='ltr'>dicio</span> <span class='ocrx_word' id='word_1_2116' title='bbox 1413 3669 1489 3695; x_wconf 89' lang='lat' dir='ltr'>citius</span> <span class='ocrx_word' id='word_1_2117' title='bbox 1508 3666 1607 3694; x_wconf 87' lang='lat' dir='ltr'>tumida</span> <span class='ocrx_word' id='word_1_2118' title='bbox 1624 3675 1740 3701; x_wconf 84' lang='lat' dir='ltr'>aequora</span> <span class='ocrx_word' id='word_1_2119' title='bbox 1754 3667 1844 3701; x_wconf 89' lang='lat' dir='ltr'>placat.</span> <span class='ocrx_word' id='word_1_2120' title='bbox 1915 3670 1982 3696; x_wconf 86' lang='lat' dir='ltr'>Hor.</span> <span class='ocrx_word' id='word_1_2121' title='bbox 2001 3669 2051 3696; x_wconf 88' lang='lat' dir='ltr'>Sat.</span> <span class='ocrx_word' id='word_1_2122' title='bbox 2073 3678 2099 3702; x_wconf 84' lang='lat'>2,</span> <span class='ocrx_word' id='word_1_2123' title='bbox 2118 3679 2143 3702; x_wconf 83' lang='lat'>2,</span> <span class='ocrx_word' id='word_1_2124' title='bbox 2161 3675 2187 3700; x_wconf 77' lang='lat'>81</span> 
     </span>
     <span class='ocr_line' id='line_1_98' title="bbox 61 3696 2188 3739; baseline 0.005 -17"><span class='ocrx_word' id='word_1_2125' title='bbox 61 3698 127 3724; x_wconf 87' lang='lat' dir='ltr'>Eun.</span> <span class='ocrx_word' id='word_1_2126' title='bbox 142 3706 170 3730; x_wconf 91' lang='lat'>4,</span> <span class='ocrx_word' id='word_1_2127' title='bbox 190 3704 212 3730; x_wconf 89' lang='lat'>5,</span> <span class='ocrx_word' id='word_1_2128' title='bbox 231 3705 247 3730; x_wconf 91' lang='lat'>9</span> <span class='ocrx_word' id='word_1_2129' title='bbox 279 3696 358 3723; x_wconf 89' lang='lat' dir='ltr'>Nihil</span> <span class='ocrx_word' id='word_1_2130' title='bbox 374 3696 441 3724; x_wconf 88' lang='lat' dir='ltr'>dixit</span> <span class='ocrx_word' id='word_1_2131' title='bbox 458 3705 513 3727; x_wconf 89' lang='lat' dir='ltr'>tum</span> <span class='ocrx_word' id='word_1_2132' title='bbox 526 3703 561 3729; x_wconf 89' lang='lat' dir='ltr'>Vt</span> <span class='ocrx_word' id='word_1_2133' title='bbox 584 3703 721 3737; x_wconf 88' lang='lat' dir='ltr'>sequerere</span> <span class='ocrx_word' id='word_1_2134' title='bbox 739 3702 806 3728; x_wconf 65' lang='lat' dir='ltr'>sese!</span> <span class='ocrx_word' id='word_1_2135' title='bbox 877 3703 914 3728; x_wconf 91' lang='lat' dir='ltr'>Vt</span> <span class='ocrx_word' id='word_1_2136' title='bbox 927 3710 968 3727; x_wconf 61' lang='lat' dir='ltr'>res</span> <span class='ocrx_word' id='word_1_2137' title='bbox 982 3700 1018 3726; x_wconf 89' lang='lat' dir='ltr'>est</span> <span class='ocrx_word' id='word_1_2138' title='bbox 1029 3699 1091 3725; x_wconf 88' lang='lat' dir='ltr'>dico</span> <span class='ocrx_word' id='word_1_2139' title='bbox 1153 3702 1243 3737; x_wconf 83' lang='lat' dir='ltr'>Alter,</span> <span class='ocrx_word' id='word_1_2140' title='bbox 1260 3702 1308 3729; x_wconf 90' lang='lat' dir='ltr'>vbi</span> <span class='ocrx_word' id='word_1_2141' title='bbox 1326 3703 1399 3730; x_wconf 66' lang='lat' dir='ltr'>dieto</span> <span class='ocrx_word' id='word_1_2142' title='bbox 1414 3705 1492 3730; x_wconf 91' lang='lat' dir='ltr'>citius</span> <span class='ocrx_word' id='word_1_2143' title='bbox 1511 3708 1599 3729; x_wconf 89' lang='lat' dir='ltr'>curata</span> <span class='ocrx_word' id='word_1_2144' title='bbox 1616 3703 1706 3736; x_wconf 86' lang='lat' dir='ltr'>sopori</span> <span class='ocrx_word' id='word_1_2145' title='bbox 1741 3703 1862 3730; x_wconf 86' lang='lat' dir='ltr'>Membra</span> <span class='ocrx_word' id='word_1_2146' title='bbox 1881 3703 1953 3730; x_wconf 88' lang='lat' dir='ltr'>dedit</span> <span class='ocrx_word' id='word_1_2147' title='bbox 1968 3712 2091 3739; x_wconf 86' lang='lat' dir='ltr'>vegetus,</span> <span class='ocrx_word' id='word_1_2148' title='bbox 2114 3714 2188 3739; x_wconf 85' lang='lat' dir='ltr'>prae-</span> 
     </span>
     <span class='ocr_line' id='line_1_99' title="bbox 61 3733 2187 3775; baseline 0.003 -16"><span class='ocrx_word' id='word_1_2149' title='bbox 61 3733 143 3759; x_wconf 88' lang='lat' dir='ltr'>Plaut.</span> <span class='ocrx_word' id='word_1_2150' title='bbox 156 3733 236 3759; x_wconf 87' lang='lat' dir='ltr'>Merc.</span> <span class='ocrx_word' id='word_1_2151' title='bbox 255 3740 278 3765; x_wconf 88' lang='lat'>2,</span> <span class='ocrx_word' id='word_1_2152' title='bbox 297 3741 320 3765; x_wconf 87' lang='grc'>3,</span> <span class='ocrx_word' id='word_1_2153' title='bbox 340 3740 376 3767; x_wconf 82' lang='grc'>17.</span> <span class='ocrx_word' id='word_1_2154' title='bbox 404 3733 429 3758; x_wconf 91' lang='lat' dir='ltr'>h.</span> <span class='ocrx_word' id='word_1_2155' title='bbox 442 3743 460 3760; x_wconf 81' lang='lat' dir='ltr'>e.</span> <span class='ocrx_word' id='word_1_2156' title='bbox 479 3737 535 3763; x_wconf 84' lang='lat' dir='ltr'>Rem</span> <span class='ocrx_word' id='word_1_2157' title='bbox 553 3738 645 3773; x_wconf 75' lang='lat' dir='ltr'>ipfizm,</span> <span class='ocrx_word' id='word_1_2158' title='bbox 665 3745 694 3764; x_wconf 85' lang='lat' dir='ltr'>vt</span> <span class='ocrx_word' id='word_1_2159' title='bbox 706 3735 750 3770; x_wconf 82' lang='lat' dir='ltr'>est,</span> <span class='ocrx_word' id='word_1_2160' title='bbox 764 3743 788 3764; x_wconf 77' lang='lat' dir='ltr'>et</span> <span class='ocrx_word' id='word_1_2161' title='bbox 800 3736 867 3773; x_wconf 80' lang='lat' dir='ltr'>vtse</span> <span class='ocrx_word' id='word_1_2162' title='bbox 878 3737 1088 3770; x_wconf 74' lang='lat' dir='ltr'>habet‚exprimo.</span> <span class='ocrx_word' id='word_1_2163' title='bbox 1151 3738 1247 3773; x_wconf 85' lang='lat' dir='ltr'>scripta</span> <span class='ocrx_word' id='word_1_2164' title='bbox 1264 3738 1297 3765; x_wconf 89' lang='lat' dir='ltr'>ad</span> <span class='ocrx_word' id='word_1_2165' title='bbox 1315 3740 1406 3766; x_wconf 87' lang='lat' dir='ltr'>munia</span> <span class='ocrx_word' id='word_1_2166' title='bbox 1425 3739 1515 3773; x_wconf 79' lang='lat' dir='ltr'>surgit.</span> <span class='ocrx_word' id='word_1_2167' title='bbox 1579 3737 1658 3763; x_wconf 59' lang='lat' dir='ltr'>Diolo</span> <span class='ocrx_word' id='word_1_2168' title='bbox 1678 3746 1760 3773; x_wconf 90' lang='lat' dir='ltr'>prope</span> <span class='ocrx_word' id='word_1_2169' title='bbox 1778 3739 1855 3765; x_wconf 88' lang='lat' dir='ltr'>citius</span> <span class='ocrx_word' id='word_1_2170' title='bbox 1873 3748 1970 3775; x_wconf 88' lang='lat' dir='ltr'>equum</span> <span class='ocrx_word' id='word_1_2171' title='bbox 1985 3741 2011 3766; x_wconf 85' lang='lat' dir='ltr'>in</span> <span class='ocrx_word' id='word_1_2172' title='bbox 2026 3741 2095 3766; x_wconf 88' lang='lat' dir='ltr'>viam</span> <span class='ocrx_word' id='word_1_2173' title='bbox 2110 3741 2187 3767; x_wconf 88' lang='lat' dir='ltr'>Clau·</span> 
     </span>
     <span class='ocr_line' id='line_1_100' title="bbox 64 3767 2186 3811; baseline 0.003 -17"><span class='ocrx_word' id='word_1_2174' title='bbox 64 3768 118 3794; x_wconf 89' lang='lat' dir='ltr'>Cic.</span> <span class='ocrx_word' id='word_1_2175' title='bbox 132 3767 165 3794; x_wconf 88' lang='lat' dir='ltr'>de</span> <span class='ocrx_word' id='word_1_2176' title='bbox 178 3768 215 3794; x_wconf 93' lang='lat' dir='ltr'>N.</span> <span class='ocrx_word' id='word_1_2177' title='bbox 228 3768 260 3794; x_wconf 92' lang='lat' dir='ltr'>D.</span> <span class='ocrx_word' id='word_1_2178' title='bbox 273 3776 294 3800; x_wconf 84' lang='grc'>3,</span> <span class='ocrx_word' id='word_1_2179' title='bbox 308 3776 341 3801; x_wconf 90' lang='lat'>54</span> <span class='ocrx_word' id='word_1_2180' title='bbox 372 3769 487 3801; x_wconf 81' lang='lat' dir='ltr'>Qartus</span> <span class='ocrx_word' id='word_1_2181' title='bbox 499 3771 536 3803; x_wconf 87' lang='lat' dir='ltr'>is,</span> <span class='ocrx_word' id='word_1_2182' title='bbox 556 3781 635 3806; x_wconf 83' lang='lat' dir='ltr'>quem</span> <span class='ocrx_word' id='word_1_2183' title='bbox 653 3773 768 3800; x_wconf 77' lang='lat' dir='ltr'>heroicis</span> <span class='ocrx_word' id='word_1_2184' title='bbox 786 3771 951 3807; x_wconf 85' lang='lat' dir='ltr'>temporibus</span> <span class='ocrx_word' id='word_1_2185' title='bbox 971 3769 1090 3798; x_wconf 89' lang='lat' dir='ltr'>Acantho</span> <span class='ocrx_word' id='word_1_2186' title='bbox 1153 3773 1211 3800; x_wconf 84' lang='lat' dir='ltr'>dius</span> <span class='ocrx_word' id='word_1_2187' title='bbox 1237 3775 1291 3808; x_wconf 80' lang='lat' dir='ltr'>egit</span> <span class='ocrx_word' id='word_1_2188' title='bbox 1321 3775 1381 3802; x_wconf 88' lang='lat' dir='ltr'>Liu.</span> <span class='ocrx_word' id='word_1_2189' title='bbox 1402 3784 1441 3807; x_wconf 81' lang='lat'>23,</span> <span class='ocrx_word' id='word_1_2190' title='bbox 1477 3794 1483 3799; x_wconf 94' lang='lat'>.</span> <span class='ocrx_word' id='word_1_2191' title='bbox 1520 3793 1526 3799; x_wconf 95' lang='lat'>.</span> <span class='ocrx_word' id='word_1_2192' title='bbox 1598 3773 1674 3799; x_wconf 68' lang='lat' dir='ltr'>Dicta</span> <span class='ocrx_word' id='word_1_2193' title='bbox 1689 3773 1725 3800; x_wconf 87' lang='lat' dir='ltr'>est</span> <span class='ocrx_word' id='word_1_2194' title='bbox 1737 3774 1812 3802; x_wconf 83' lang='lat' dir='ltr'>soror</span> <span class='ocrx_word' id='word_1_2195' title='bbox 1823 3781 1885 3807; x_wconf 78' lang='lat' dir='ltr'>tua,</span> <span class='ocrx_word' id='word_1_2196' title='bbox 1909 3778 1927 3801; x_wconf 88' lang='lat' dir='ltr'>i.</span> <span class='ocrx_word' id='word_1_2197' title='bbox 1946 3775 2048 3801; x_wconf 66' lang='lat' dir='ltr'>Die‘lum</span> <span class='ocrx_word' id='word_1_2198' title='bbox 2066 3774 2099 3808; x_wconf 66' lang='lat' dir='ltr'>&lt;ft</span> <span class='ocrx_word' id='word_1_2199' title='bbox 2113 3777 2186 3811; x_wconf 82' lang='lat' dir='ltr'>vulgo</span> 
     </span>
     <span class='ocr_line' id='line_1_101' title="bbox 64 3802 2186 3845; baseline 0.004 -16"><span class='ocrx_word' id='word_1_2200' title='bbox 64 3802 153 3829; x_wconf 84' lang='lat' dir='ltr'>Rhodi</span> <span class='ocrx_word' id='word_1_2201' title='bbox 167 3803 290 3838; x_wconf 83' lang='lat' dir='ltr'>peperisse</span> <span class='ocrx_word' id='word_1_2202' title='bbox 303 3804 410 3830; x_wconf 85' lang='lat' dir='ltr'>dicitur.</span> <span class='ocrx_word' id='word_1_2203' title='bbox 445 3805 482 3829; x_wconf 83' lang='lat' dir='ltr'>De</span> <span class='ocrx_word' id='word_1_2204' title='bbox 495 3805 592 3833; x_wconf 82' lang='lat' dir='ltr'>Solibus.</span> <span class='ocrx_word' id='word_1_2205' title='bbox 661 3810 717 3836; x_wconf 89' lang='lat' dir='ltr'>Cic.</span> <span class='ocrx_word' id='word_1_2206' title='bbox 730 3808 843 3835; x_wconf 86' lang='lat' dir='ltr'>deOrat.</span> <span class='ocrx_word' id='word_1_2207' title='bbox 857 3816 880 3840; x_wconf 92' lang='grc'>3,</span> <span class='ocrx_word' id='word_1_2208' title='bbox 892 3809 939 3834; x_wconf 88' lang='lat'>160</span> <span class='ocrx_word' id='word_1_2209' title='bbox 959 3806 1219 3840; x_wconf 56' lang='lat' dir='ltr'>Qgiamuis100tuam</span> <span class='ocrx_word' id='word_1_2210' title='bbox 1236 3810 1395 3845; x_wconf 70' lang='lat' dir='ltr'>effi‘fhrorem</span> <span class='ocrx_word' id='word_1_2211' title='bbox 1415 3810 1482 3836; x_wconf 90' lang='lat' dir='ltr'>Ter.</span> <span class='ocrx_word' id='word_1_2212' title='bbox 1496 3808 1560 3834; x_wconf 84' lang='lat' dir='ltr'>Eun.</span> <span class='ocrx_word' id='word_1_2213' title='bbox 1577 3817 1596 3841; x_wconf 90' lang='lat'>1,</span> <span class='ocrx_word' id='word_1_2214' title='bbox 1609 3817 1634 3841; x_wconf 84' lang='lat'>2,</span> <span class='ocrx_word' id='word_1_2215' title='bbox 1650 3811 1692 3836; x_wconf 86' lang='lat'>66.</span> <span class='ocrx_word' id='word_1_2216' title='bbox 1764 3810 1836 3836; x_wconf 86' lang='lat' dir='ltr'>Idem</span> <span class='ocrx_word' id='word_1_2217' title='bbox 1850 3810 1930 3837; x_wconf 89' lang='lat' dir='ltr'>Andr.</span> <span class='ocrx_word' id='word_1_2218' title='bbox 1944 3820 1971 3844; x_wconf 88' lang='lat'>4,</span> <span class='ocrx_word' id='word_1_2219' title='bbox 1988 3819 2014 3844; x_wconf 86' lang='lat'>4,</span> <span class='ocrx_word' id='word_1_2220' title='bbox 2025 3820 2054 3843; x_wconf 86' lang='lat'>14</span> <span class='ocrx_word' id='word_1_2221' title='bbox 2078 3811 2186 3845; x_wconf 85' lang='lat' dir='ltr'>Semper</span> 
     </span>
     <span class='ocr_line' id='line_1_102' title="bbox 65 3837 2184 3878; baseline 0.003 -14"><span class='ocrx_word' id='word_1_2222' title='bbox 65 3837 198 3871; x_wconf 83' lang='lat' dir='ltr'>sphaeram</span> <span class='ocrx_word' id='word_1_2223' title='bbox 211 3839 238 3864; x_wconf 89' lang='lat' dir='ltr'>in</span> <span class='ocrx_word' id='word_1_2224' title='bbox 254 3840 355 3866; x_wconf 88' lang='lat' dir='ltr'>scenam</span> <span class='ocrx_word' id='word_1_2225' title='bbox 373 3840 426 3871; x_wconf 90' lang='lat' dir='ltr'>(Vt</span> <span class='ocrx_word' id='word_1_2226' title='bbox 438 3838 554 3872; x_wconf 89' lang='lat' dir='ltr'>dicitur)</span> <span class='ocrx_word' id='word_1_2227' title='bbox 570 3844 684 3871; x_wconf 86' lang='lat' dir='ltr'>attulerit</span> <span class='ocrx_word' id='word_1_2228' title='bbox 696 3845 809 3876; x_wconf 83' lang='lat' dir='ltr'>Ennius,</span> <span class='ocrx_word' id='word_1_2229' title='bbox 830 3849 917 3870; x_wconf 84' lang='lat' dir='ltr'>tamen</span> <span class='ocrx_word' id='word_1_2230' title='bbox 937 3843 965 3869; x_wconf 90' lang='lat' dir='ltr'>in</span> <span class='ocrx_word' id='word_1_2231' title='bbox 983 3842 1090 3877; x_wconf 76' lang='lat' dir='ltr'>sphaera</span> <span class='ocrx_word' id='word_1_2232' title='bbox 1152 3845 1224 3871; x_wconf 87' lang='lat' dir='ltr'>enim</span> <span class='ocrx_word' id='word_1_2233' title='bbox 1236 3846 1292 3871; x_wconf 87' lang='lat' dir='ltr'>eius</span> <span class='ocrx_word' id='word_1_2234' title='bbox 1304 3845 1375 3871; x_wconf 68' lang='lat' dir='ltr'>dieta</span> <span class='ocrx_word' id='word_1_2235' title='bbox 1385 3845 1421 3870; x_wconf 89' lang='lat' dir='ltr'>est</span> <span class='ocrx_word' id='word_1_2236' title='bbox 1434 3844 1496 3870; x_wconf 92' lang='lat' dir='ltr'>hacc</span> <span class='ocrx_word' id='word_1_2237' title='bbox 1508 3850 1586 3878; x_wconf 83' lang='lat' dir='ltr'>atque</span> <span class='ocrx_word' id='word_1_2238' title='bbox 1596 3843 1687 3871; x_wconf 86' lang='lat' dir='ltr'>habita</span> <span class='ocrx_word' id='word_1_2239' title='bbox 1700 3845 1736 3872; x_wconf 89' lang='lat' dir='ltr'>est</span> <span class='ocrx_word' id='word_1_2240' title='bbox 1749 3846 1831 3873; x_wconf 93' lang='lat' dir='ltr'>soror.</span> <span class='ocrx_word' id='word_1_2241' title='bbox 1903 3848 1935 3872; x_wconf 78' lang='lat' dir='ltr'>Et</span> <span class='ocrx_word' id='word_1_2242' title='bbox 1953 3847 2048 3872; x_wconf 86' lang='lat' dir='ltr'>Heaut.</span> <span class='ocrx_word' id='word_1_2243' title='bbox 2068 3854 2090 3878; x_wconf 88' lang='lat'>2,</span> <span class='ocrx_word' id='word_1_2244' title='bbox 2109 3854 2132 3877; x_wconf 89' lang='grc'>3,</span> <span class='ocrx_word' id='word_1_2245' title='bbox 2150 3852 2184 3876; x_wconf 84' lang='lat'>29</span> 
     </span>
    </p>
   </div>
   <div class='ocr_carea' id='block_1_13' title="bbox 63 3872 2185 4025">
    <p class='ocr_par' dir='ltr' id='par_1_17' title="bbox 63 3872 2185 4025">
     <span class='ocr_line' id='line_1_103' title="bbox 66 3872 2184 3913; baseline 0.004 -16"><span class='ocrx_word' id='word_1_2246' title='bbox 66 3872 174 3900; x_wconf 84' lang='lat' dir='ltr'>fornicis</span> <span class='ocrx_word' id='word_1_2247' title='bbox 192 3874 336 3901; x_wconf 75' lang='lat' dir='ltr'>similitudo</span> <span class='ocrx_word' id='word_1_2248' title='bbox 355 3884 410 3901; x_wconf 92' lang='lat' dir='ltr'>non</span> <span class='ocrx_word' id='word_1_2249' title='bbox 427 3875 510 3910; x_wconf 85' lang='lat' dir='ltr'>potest</span> <span class='ocrx_word' id='word_1_2250' title='bbox 526 3875 611 3903; x_wconf 87' lang='lat' dir='ltr'>inesse.</span> <span class='ocrx_word' id='word_1_2251' title='bbox 680 3881 716 3906; x_wconf 89' lang='lat' dir='ltr'>Vt</span> <span class='ocrx_word' id='word_1_2252' title='bbox 734 3880 770 3906; x_wconf 86' lang='lat' dir='ltr'>ita</span> <span class='ocrx_word' id='word_1_2253' title='bbox 789 3879 873 3906; x_wconf 86' lang='lat' dir='ltr'>dicam</span> <span class='ocrx_word' id='word_1_2254' title='bbox 892 3883 929 3911; x_wconf 80' lang='lat'>38,</span> <span class='ocrx_word' id='word_1_2255' title='bbox 950 3887 1002 3911; x_wconf 88' lang='lat'>105.</span> <span class='ocrx_word' id='word_1_2256' title='bbox 1029 3886 1090 3904; x_wconf 77' lang='lat' dir='ltr'>nouo</span> <span class='ocrx_word' id='word_1_2257' title='bbox 1153 3881 1229 3913; x_wconf 74' lang='lat' dir='ltr'>Qiae</span> <span class='ocrx_word' id='word_1_2258' title='bbox 1241 3880 1277 3906; x_wconf 83' lang='lat' dir='ltr'>est</span> <span class='ocrx_word' id='word_1_2259' title='bbox 1290 3880 1360 3906; x_wconf 69' lang='lat' dir='ltr'>dieta</span> <span class='ocrx_word' id='word_1_2260' title='bbox 1373 3886 1456 3906; x_wconf 85' lang='lat' dir='ltr'>mater</span> <span class='ocrx_word' id='word_1_2261' title='bbox 1472 3880 1519 3906; x_wconf 79' lang='lat' dir='ltr'>esse</span> <span class='ocrx_word' id='word_1_2262' title='bbox 1531 3880 1557 3906; x_wconf 86' lang='lat' dir='ltr'>ei</span> <span class='ocrx_word' id='word_1_2263' title='bbox 1570 3880 1694 3913; x_wconf 86' lang='lat' dir='ltr'>antehac,</span> <span class='ocrx_word' id='word_1_2264' title='bbox 1718 3890 1771 3907; x_wconf 87' lang='lat' dir='ltr'>non</span> <span class='ocrx_word' id='word_1_2265' title='bbox 1786 3882 1846 3907; x_wconf 83' lang='lat' dir='ltr'>fuit.</span> <span class='ocrx_word' id='word_1_2266' title='bbox 1919 3883 1952 3907; x_wconf 82' lang='lat' dir='ltr'>It.</span> <span class='ocrx_word' id='word_1_2267' title='bbox 1968 3889 1990 3913; x_wconf 90' lang='lat'>5,</span> <span class='ocrx_word' id='word_1_2268' title='bbox 2005 3890 2032 3913; x_wconf 84' lang='lat'>4,</span> <span class='ocrx_word' id='word_1_2269' title='bbox 2047 3889 2062 3906; x_wconf 90' lang='lat'>2</span> <span class='ocrx_word' id='word_1_2270' title='bbox 2092 3879 2184 3906; x_wconf 62' lang='lat' dir='ltr'>Dictus</span> 
     </span>
     <span class='ocr_line' id='line_1_104' title="bbox 63 3908 2183 3950; baseline 0.003 -16"><span class='ocrx_word' id='word_1_2271' title='bbox 63 3908 136 3934; x_wconf 78' lang='lat' dir='ltr'>verbo</span> <span class='ocrx_word' id='word_1_2272' title='bbox 145 3916 261 3943; x_wconf 71' lang='lat' dir='ltr'>parumne</span> <span class='ocrx_word' id='word_1_2273' title='bbox 273 3910 378 3943; x_wconf 75' lang='lat' dir='ltr'>usitato,</span> <span class='ocrx_word' id='word_1_2274' title='bbox 396 3914 425 3936; x_wconf 83' lang='lat' dir='ltr'>it.</span> <span class='ocrx_word' id='word_1_2275' title='bbox 437 3911 564 3937; x_wconf 82' lang='lat' dir='ltr'>audaciori</span> <span class='ocrx_word' id='word_1_2276' title='bbox 581 3914 710 3940; x_wconf 82' lang='lat' dir='ltr'>tralationi</span> <span class='ocrx_word' id='word_1_2277' title='bbox 727 3914 814 3941; x_wconf 85' lang='lat' dir='ltr'>addita</span> <span class='ocrx_word' id='word_1_2278' title='bbox 827 3915 952 3950; x_wconf 80' lang='lat' dir='ltr'>formula.</span> <span class='ocrx_word' id='word_1_2279' title='bbox 1020 3913 1088 3940; x_wconf 89' lang='lat' dir='ltr'>Ter.</span> <span class='ocrx_word' id='word_1_2280' title='bbox 1154 3916 1224 3941; x_wconf 83' lang='lat' dir='ltr'>filius</span> <span class='ocrx_word' id='word_1_2281' title='bbox 1244 3922 1303 3942; x_wconf 87' lang='lat' dir='ltr'>tuus</span> <span class='ocrx_word' id='word_1_2282' title='bbox 1322 3921 1366 3941; x_wconf 90' lang='lat' dir='ltr'>tua</span> <span class='ocrx_word' id='word_1_2283' title='bbox 1383 3915 1526 3942; x_wconf 86' lang='lat' dir='ltr'>voluntate.</span> <span class='ocrx_word' id='word_1_2284' title='bbox 1599 3915 1663 3942; x_wconf 87' lang='lat' dir='ltr'>Plin.</span> <span class='ocrx_word' id='word_1_2285' title='bbox 1678 3921 1744 3948; x_wconf 89' lang='lat'>28‚8</span> <span class='ocrx_word' id='word_1_2286' title='bbox 1772 3918 1842 3943; x_wconf 85' lang='lat' dir='ltr'>Haec</span> <span class='ocrx_word' id='word_1_2287' title='bbox 1862 3917 1919 3942; x_wconf 88' lang='lat' dir='ltr'>sunt</span> <span class='ocrx_word' id='word_1_2288' title='bbox 1932 3925 1998 3949; x_wconf 89' lang='lat' dir='ltr'>quae</span> <span class='ocrx_word' id='word_1_2289' title='bbox 2018 3915 2132 3941; x_wconf 79' lang='lat' dir='ltr'>retulisse</span> <span class='ocrx_word' id='word_1_2290' title='bbox 2145 3915 2183 3940; x_wconf 77' lang='lat' dir='ltr'>fas</span> 
     </span>
     <span class='ocr_line' id='line_1_105' title="bbox 66 3943 2185 3984; baseline 0.002 -13"><span class='ocrx_word' id='word_1_2291' title='bbox 66 3943 129 3970; x_wconf 86' lang='lat' dir='ltr'>Eun.</span> <span class='ocrx_word' id='word_1_2292' title='bbox 147 3952 175 3976; x_wconf 86' lang='lat'>4,</span> <span class='ocrx_word' id='word_1_2293' title='bbox 193 3953 215 3977; x_wconf 85' lang='grc'>3,</span> <span class='ocrx_word' id='word_1_2294' title='bbox 232 3953 266 3971; x_wconf 84' lang='lat'>22</span> <span class='ocrx_word' id='word_1_2295' title='bbox 301 3947 422 3973; x_wconf 89' lang='lat' dir='ltr'>Norasne</span> <span class='ocrx_word' id='word_1_2296' title='bbox 440 3955 502 3973; x_wconf 86' lang='lat' dir='ltr'>eum</span> <span class='ocrx_word' id='word_1_2297' title='bbox 519 3946 608 3981; x_wconf 69' lang='lat' dir='ltr'>prius?</span> <span class='ocrx_word' id='word_1_2298' title='bbox 643 3954 700 3975; x_wconf 85' lang='lat' dir='ltr'>Do.</span> <span class='ocrx_word' id='word_1_2299' title='bbox 719 3950 797 3982; x_wconf 86' lang='lat' dir='ltr'>Non,</span> <span class='ocrx_word' id='word_1_2300' title='bbox 821 3959 868 3976; x_wconf 90' lang='lat' dir='ltr'>nec</span> <span class='ocrx_word' id='word_1_2301' title='bbox 881 3950 938 3984; x_wconf 83' lang='lat' dir='ltr'>quis</span> <span class='ocrx_word' id='word_1_2302' title='bbox 953 3949 1026 3981; x_wconf 79' lang='lat' dir='ltr'>esset,</span> <span class='ocrx_word' id='word_1_2303' title='bbox 1045 3957 1091 3975; x_wconf 93' lang='lat' dir='ltr'>vn-</span> <span class='ocrx_word' id='word_1_2304' title='bbox 1153 3951 1198 3982; x_wconf 84' lang='lat' dir='ltr'>sit,</span> <span class='ocrx_word' id='word_1_2305' title='bbox 1215 3960 1243 3977; x_wconf 85' lang='lat' dir='ltr'>ae</span> <span class='ocrx_word' id='word_1_2306' title='bbox 1256 3951 1380 3984; x_wconf 86' lang='lat' dir='ltr'>pleraque</span> <span class='ocrx_word' id='word_1_2307' title='bbox 1394 3958 1425 3976; x_wconf 83' lang='lat' dir='ltr'>cx</span> <span class='ocrx_word' id='word_1_2308' title='bbox 1440 3950 1480 3976; x_wconf 82' lang='lat' dir='ltr'>his</span> <span class='ocrx_word' id='word_1_2309' title='bbox 1493 3959 1548 3977; x_wconf 91' lang='lat' dir='ltr'>non</span> <span class='ocrx_word' id='word_1_2310' title='bbox 1559 3951 1606 3977; x_wconf 89' lang='lat' dir='ltr'>nisi</span> <span class='ocrx_word' id='word_1_2311' title='bbox 1621 3951 1722 3978; x_wconf 86' lang='lat' dir='ltr'>honore</span> <span class='ocrx_word' id='word_1_2312' title='bbox 1733 3952 1821 3984; x_wconf 44' lang='lat' dir='ltr'>dicio,</span> <span class='ocrx_word' id='word_1_2313' title='bbox 1847 3955 1863 3978; x_wconf 84' lang='lat' dir='ltr'>i.</span> <span class='ocrx_word' id='word_1_2314' title='bbox 1878 3961 1929 3976; x_wconf 78' lang='lat' dir='ltr'>cum</span> <span class='ocrx_word' id='word_1_2315' title='bbox 1947 3950 2100 3984; x_wconf 67' lang='lat' dir='ltr'>praefiniam</span> <span class='ocrx_word' id='word_1_2316' title='bbox 2112 3950 2185 3975; x_wconf 82' lang='lat' dir='ltr'>hono-</span> 
     </span>
     <span class='ocr_line' id='line_1_106' title="bbox 65 3979 2185 4025; baseline 0.003 -21"><span class='ocrx_word' id='word_1_2317' title='bbox 65 3987 142 4014; x_wconf 87' lang='lat' dir='ltr'>quam</span> <span class='ocrx_word' id='word_1_2318' title='bbox 155 3979 286 4007; x_wconf 86' lang='lat' dir='ltr'>audieram</span> <span class='ocrx_word' id='word_1_2319' title='bbox 300 3981 393 4009; x_wconf 82' lang='lat' dir='ltr'>dicier.</span> <span class='ocrx_word' id='word_1_2320' title='bbox 570 3997 573 3999; x_wconf 93' lang='lat'>·</span> <span class='ocrx_word' id='word_1_2321' title='bbox 622 3980 643 4020; x_wconf 55' lang='lat' dir='ltr'>fl</span> <span class='ocrx_word' id='word_1_2322' title='bbox 671 3992 689 4016; x_wconf 83' lang='lat'>4</span> <span class='ocrx_word' id='word_1_2323' title='bbox 733 3986 806 4011; x_wconf 83' lang='lat' dir='ltr'>Aliae</span> <span class='ocrx_word' id='word_1_2324' title='bbox 814 3985 956 4021; x_wconf 78' lang='lat' dir='ltr'>formulae:</span> <span class='ocrx_word' id='word_1_2325' title='bbox 973 3985 1091 4013; x_wconf 86' lang='lat' dir='ltr'>Diceret:</span> <span class='ocrx_word' id='word_1_2326' title='bbox 1103 3997 1144 4025; x_wconf 78' lang='lat'>¹05</span> <span class='ocrx_word' id='word_1_2327' title='bbox 1152 3990 1198 4014; x_wconf 81' lang='lat' dir='ltr'>ris.</span> <span class='ocrx_word' id='word_1_2328' title='bbox 1250 3987 1372 4019; x_wconf 61' lang='lat' dir='ltr'>Dia-atus,</span> <span class='ocrx_word' id='word_1_2329' title='bbox 1392 3987 1561 4022; x_wconf 79' lang='lat' dir='ltr'>consecratus:</span> <span class='ocrx_word' id='word_1_2330' title='bbox 1581 3987 1654 4023; x_wconf 64' lang='lat' dir='ltr'>virg.</span> <span class='ocrx_word' id='word_1_2331' title='bbox 1661 3988 1726 4015; x_wconf 89' lang='lat' dir='ltr'>Aen.</span> <span class='ocrx_word' id='word_1_2332' title='bbox 1740 3993 1764 4022; x_wconf 84' lang='lat'>8,</span> <span class='ocrx_word' id='word_1_2333' title='bbox 1776 3996 1828 4021; x_wconf 75' lang='lat'>344</span> <span class='ocrx_word' id='word_1_2334' title='bbox 1860 3987 1890 4013; x_wconf 86' lang='lat' dir='ltr'>Et</span> <span class='ocrx_word' id='word_1_2335' title='bbox 1901 3985 1986 4021; x_wconf 81' lang='lat' dir='ltr'>gelida</span> <span class='ocrx_word' id='word_1_2336' title='bbox 1999 3984 2123 4012; x_wconf 76' lang='lat' dir='ltr'>monstrat</span> <span class='ocrx_word' id='word_1_2337' title='bbox 2138 3984 2185 4011; x_wconf 89' lang='lat' dir='ltr'>sub</span> 
     </span>
    </p>
   </div>
   <div class='ocr_carea' id='block_1_14' title="bbox 60 4015 2186 4066">
    <p class='ocr_par' dir='ltr' id='par_1_18' title="bbox 60 4015 2186 4066">
     <span class='ocr_line' id='line_1_107' title="bbox 60 4015 2186 4066; baseline 0.007 -25"><span class='ocrx_word' id='word_1_2338' title='bbox 60 4020 109 4050; x_wconf 75' lang='lat' dir='ltr'>pro</span> <span class='ocrx_word' id='word_1_2339' title='bbox 124 4015 211 4042; x_wconf 79' lang='lat' dir='ltr'>Dicere</span> <span class='ocrx_word' id='word_1_2340' title='bbox 218 4015 309 4052; x_wconf 66' lang='lat' dir='ltr'>pqffiet:</span> <span class='ocrx_word' id='word_1_2341' title='bbox 336 4017 405 4045; x_wconf 85' lang='lat' dir='ltr'>Ter.</span> <span class='ocrx_word' id='word_1_2342' title='bbox 418 4016 499 4046; x_wconf 86' lang='lat' dir='ltr'>Andr.</span> <span class='ocrx_word' id='word_1_2343' title='bbox 515 4027 534 4051; x_wconf 91' lang='lat'>1,</span> <span class='ocrx_word' id='word_1_2344' title='bbox 547 4027 568 4050; x_wconf 93' lang='lat'>1,</span> <span class='ocrx_word' id='word_1_2345' title='bbox 583 4026 623 4044; x_wconf 81' lang='lat'>112</span> <span class='ocrx_word' id='word_1_2346' title='bbox 641 4017 698 4045; x_wconf 85' lang='lat' dir='ltr'>Nec</span> <span class='ocrx_word' id='word_1_2347' title='bbox 709 4018 770 4047; x_wconf 78' lang='lat' dir='ltr'>satis</span> <span class='ocrx_word' id='word_1_2348' title='bbox 781 4020 813 4047; x_wconf 85' lang='lat' dir='ltr'>ad</span> <span class='ocrx_word' id='word_1_2349' title='bbox 825 4019 1022 4055; x_wconf 86' lang='lat' dir='ltr'>obiurgandum</span> <span class='ocrx_word' id='word_1_2350' title='bbox 1033 4028 1092 4047; x_wconf 92' lang='lat' dir='ltr'>cau·</span> <span class='ocrx_word' id='word_1_2351' title='bbox 1326 4021 1358 4048; x_wconf 87' lang='lat' dir='ltr'>T</span> <span class='ocrx_word' id='word_1_2352' title='bbox 1384 4030 1408 4066; x_wconf 51' lang='lat'>2²</span> <span class='ocrx_word' id='word_1_2353' title='bbox 2120 4029 2186 4055; x_wconf 61' lang='lat' dir='ltr'>rupe</span> 
     </span>
    </p>
   </div>
  </div>
 </body>
</html>
