2479 4225
20 196 177 279 'm3133
497 221 512 261 l
599 193 643 262 N
731 224 768 262 Ο
1615 232 1632 273 Ι
1722 232 1767 272 Ν
1860 236 1886 277 S
2164 255 2245 293 1134

732 261 796 281 ν

44 307 60 333 J
99 305 244 342 inquinare
261 306 454 336 medicamento
474 310 594 336 Scribon.
615 316 656 340 80.
734 311 860 346 Inquinat
877 312 998 345 egregios
1019 312 1140 342 adiuncta
1243 327 1283 347 ιΝ
1294 327 1311 346 R
1322 326 1530 353 ED1V1vvs,
1547 329 1576 353 a,
1595 330 1650 349 um.
1681 320 1744 349 Adi.
1780 323 1874 351 Catuli.
1889 333 1926 360 17,
1939 336 1950 358 3
1968 327 1998 354 de
2011 334 2101 363 ponte,
2125 330 2243 363 Vernis,

101 343 224 378 superbia
235 343 324 370 Mores
342 344 435 372 Claud.
448 346 525 372 Cons.
540 347 611 372 Ηοη.
624 355 652 385 4,
670 354 730 379 304.
801 346 914 381 Nuptias
934 348 1000 387 lior.
1014 349 1102 376 Carm.
1117 359 1140 383 3,
1205 346 1369 381 irrediuiuus
1389 355 1432 381 Ne
1452 356 1558 390 supinus
1583 363 1640 390 eat,
1661 359 1680 384 i.
1700 358 1891 393 irreparabilis,
1910 367 1938 387 υτ
1955 371 1985 388 ne
2009 365 2106 399 quidam
2117 366 2243 402 Jizperlint

102 380 130 410 6,
143 383 176 408 18.
247 379 376 406 Ordinem
395 380 669 415 mummolum-Catus
682 382 710 408 in
722 381 738 408 l.
754 391 763 408 ι
778 383 811 409 D.
824 382 856 408 de
868 381 1010 409 collnuone
1021 384 1141 419 dctegcn-
1206 390 1329 417 rediuiua
1343 400 1367 416 u.
1384 400 1409 416 υ.

103 413 146 440 da.
179 414 302 449 Loquitur
319 416 346 442 de
358 416 456 452 struis,
468 419 512 452 qui
525 417 555 452 se
569 424 658 453 gerunt
668 424 715 451 pro
733 420 854 453 ingenuis.
874 451 881 457 ι
925 418 956 443 Se
984 418 1141 447 libidinibus
1240 433 1334 452 1NRE
1345 432 1360 451 L
1372 432 1380 451 1
1391 431 1431 452 G1
1446 431 1465 452 0
1476 434 1488 453 s
1498 433 1523 453 Ε.
1550 427 1617 454 Adu.
1652 427 1743 455 Tacit.
1756 428 1824 455 Ann.
1841 437 1869 461 2,
1881 436 1923 462 50.

102 449 156 476 Cic.
172 448 254 476 Tusc.
270 458 289 482 1,
305 459 345 485 72.
386 468 388 475 κ
417 453 534 486 Segctem
553 452 620 479 lolio
639 452 740 479 iniecto
754 453 858 488 leian.
872 458 900 492 in
915 452 930 478 l.
950 453 966 479 ti
986 455 1074 481 seruus
1088 458 1138 483 ser·
1162 463 1176 489 5
1242 467 1283 487 IN
1294 468 1337 487 nr,
1346 468 1368 487 M
1381 468 1390 486 1
1402 468 1414 487 s
1425 468 1471 487 su.
1510 462 1575 489 Adu.
1612 464 1742 490 Ammian.
1761 473 1802 497 29,
1821 472 1845 490 2.

101 493 164 512 vum
178 481 308 520 §.inquit
326 486 368 513 lex
384 488 418 513 D.
437 486 470 513 ad
489 487 573 522 legem
591 488 735 522 Aquiliam.
805 488 950 514 Sermtium
965 490 1140 524 inquinatum,
1243 503 1249 520 1
1263 503 1310 522 NR
1321 504 1336 522 ιε
1346 505 1358 523 s
1368 504 1389 522 T
1400 503 1490 523 1NCT
1500 504 1519 523 v
1529 506 1557 530 s,
1576 506 1606 531 a,
1627 507 1681 526 um.
1702 499 1762 526 Adi.
1797 499 1843 526 Sil.
1854 507 1879 533 3,
1893 507 1925 534 29
1943 499 2097 530 Intestineta
2110 504 2177 531 sotis
2189 505 2241 532 ser-

100 519 279 547 deformatum
293 541 302 555 ‚
334 524 486 555 peruersum
501 542 509 555 ,
540 523 727 549 conturbatum
760 522 818 562 Cic..
842 521 874 548 de
894 525 986 559 Arusp.
1005 527 1079 561 Resp.
1100 536 1139 560 25.
1203 537 1267 557 vant
1279 532 1371 558 altaria
1390 532 1518 558 flammae.
1930 540 1932 544 ’

99 554 270 589 Splendorem
292 556 432 585 obscurare
451 564 477 584 et
496 559 636 593 inquinare
652 558 729 592 ,Idem
743 557 776 584 de
789 559 847 584 Ftn.
868 565 888 598 ς,
904 567 944 585 22.
1017 562 1138 597 Tempus
1240 574 1279 592 1N
1290 575 1307 593 R
1318 574 1353 593 [G
1366 575 1373 593 1
1385 574 1402 594 D
1413 574 1431 594 o
1442 587 1450 599 ,
1467 572 1518 594 Ere.
1561 567 1630 595 Vnde

99 593 211 617 aureum
225 591 376 626 inquinauit
394 602 455 620 aere
475 594 541 620 Hor.
556 594 638 628 Epod.
653 597 690 626 16,
706 596 750 626 64.
817 593 978 621 Vestimenta
998 597 1137 631 inquinare
1239 609 1279 628 IN
1289 609 1307 628 R
1318 610 1325 628 1
1335 609 1355 628 G
1366 610 1374 627 1
1384 609 1402 629 D
1412 609 1490 629 nTv
1500 612 1528 634 s,
1544 612 1574 635 a,
1594 613 1647 630 um.
1664 605 1730 631 Part.
1767 605 1816 632 Sed
1830 605 1927 633 melius
1944 605 2052 641 pluuiae
2064 606 2082 634 si
2097 607 2126 634 sit
2135 608 2241 637 decoGta

99 625 208 660 leian.
222 627 250 654 in
264 629 279 653 l.
296 628 313 653 li
327 629 416 655 seruus
430 630 533 655 seruum
548 627 571 664 §.
585 629 603 655 si
618 630 676 664 quis
695 628 848 668 vestimenta
863 629 894 654 D.
914 630 944 655 ad
959 630 1040 665 legem
1056 634 1138 668 Aqui·
1155 642 1184 661 10
1203 637 1325 671 liquore,
1345 638 1374 664 Et
1394 637 1426 663 fic
1448 638 1495 664 sub
1515 638 1561 666 dio
1581 640 1653 674 prius
1673 640 1814 674 inrigidata
1832 641 1942 668 bibatur
1961 643 2059 669 Macer.
2081 652 2100 675 ι,
2117 651 2137 674 3,
2157 655 2176 678 4
2190 647 2241 680 jer.

100 660 174 687 liam.
248 663 307 689 Vita
322 664 445 691 omnibus
458 665 532 691 vitiis
547 665 684 699 inquinata
697 665 753 690 Cic.
769 673 816 699 pro
832 665 905 690 Rosc.
920 667 1006 693 Amet.
1020 670 1050 698 68
1063 679 1084 695 ι’.
1094 678 1137 702 24-
1205 673 1294 699 Barth.
1306 673 1370 699 Adit.
1386 683 1421 705 12,
1435 683 1472 699 20.

99 696 192 723 Vellus
212 698 356 732 inquinare
373 701 490 733 murice,
503 707 552 735 pro
570 701 693 737 Tingsre,
706 699 815 736 inficere.
851 700 965 728 Martini.
978 711 1005 735 4,
1019 714 1037 738 4
1058 705 1138 738 Qlod
1241 716 1281 735 1N
1293 714 1311 734 R
1326 715 1394 735 ιΜο
1404 716 1420 734 R
1431 728 1438 740 ,
1456 710 1503 736 firi.
1530 710 1595 744 Dep.
1633 710 1700 737 Cum
1713 711 1829 737 occultos
1843 711 2020 747 peruestigans
2033 712 2161 741 intimare
2173 713 2242 741 sinus

100 731 143 759 bis
157 734 258 760 murice
273 734 355 761 vellus
371 736 550 770 inquinatum.
1203 744 1296 770 Pacuu.
1313 744 1379 778 apud
1393 744 1464 770 Non.
1482 754 1508 777 4,
1522 753 1574 778 395.
1594 749 1612 771 i.
1627 746 1812 782 perscrutaris,
1828 754 1963 782 perquiris.

139 774 149 794 1
161 775 182 794 N
192 776 241 807 qv
252 776 260 794 1
272 775 292 794 N
303 777 324 796 A
337 776 359 797 ‘r
371 778 389 796 v
399 778 427 803 s,
453 772 510 803 ior,
534 769 638 796 illimus.
673 769 830 805 [μαλυντ-ἐς]
865 771 932 805 Qus
950 773 977 799 in
994 774 1139 811 *voluptati-
1238 787 1277 805 1N
1289 786 1335 805 nv
1345 785 1361 805 F
1371 786 1392 805 A
1402 786 1422 805 r1·
1432 786 1452 805 A
1462 786 1486 805 M
1507 779 1614 807 defi-uto
1633 781 1784 808 lenticulam
1801 781 1817 807 fl
1838 781 1888 808 tibi
1908 782 2050 815 obtulero,
2065 782 2151 810 statim
2172 790 2243 811 totos

98 801 149 830 bus
169 804 195 830 in
227 804 335 832 linatior
354 806 410 833 Cic.
423 815 472 843 pro
488 806 558 832 Cael.
572 815 594 832 c.
608 808 634 832 6.
700 805 814 833 Foedior
825 807 1082 846 atquelinquinatior
1100 812 1138 838 ld.
1156 816 1182 844 15
1202 814 1329 853 primatus
1349 820 1408 841 tuos
1427 814 1521 841 vendes
1534 816 1613 843 Tert.
1627 815 1659 843 de
1672 817 1758 843 Ieiun.
1778 823 1870 844 contra
1882 815 1970 850 Psych.
1984 819 2032 854 sub
2043 818 2096 855 fin.
2131 817 2173 853 ΕΒ
2184 829 2243 857 ergo

99 838 132 864 de
145 814 237 874 Antip.
252 841 327 875 Resp.
342 849 378 873 51.
434 843 464 868 Et
478 850 528 875 pro
541 841 622 868 Flacc.
636 850 663 874 53
678 851 698 868 c.
714 850 741 868 22
777 841 854 868 Nihil
868 851 940 869 enim
955 844 1001 870 illo
1014 846 1137 880 iuquina-
1200 851 1332 877 incusatus
1351 850 1507 877 rubicundus.

97 873 160 901 tius.
175 875 200 902 h.
217 885 238 902 e.
257 876 387 902 Sordidius
399 883 422 903 et
439 879 546 911 turpius.
618 878 689 909 Ore,
703 877 808 911 lingua,
821 886 914 908 manu,
929 881 1002 906 omni
1023 881 1075 907 vita
1096 882 1137 909 in*
1597 890 1611 920 1
1711 890 1743 922 N
1839 890 1858 922 S

100 910 223 944 quinatus
246 910 327 937 homo
347 912 403 938 Cic.
418 921 466 946 pro
481 912 550 938 Cael.
565 917 606 946 78.
677 913 778 939 Lauare
797 918 823 938 et
840 922 950 947 purgare
968 916 1136 950 inquinatum

98 946 166 972 Cato
179 955 200 972 c.
216 948 255 979 65.
325 948 415 974 Sermo
429 947 648 982 inquinatiffimus
667 949 723 974 Cic.
740 949 816 974 Vei-r.
830 956 842 980 3
857 957 878 976 c.
892 952 933 975 26.
991 951 1135 980 Sordidilli.
1239 964 1249 983 ι
1263 963 1306 984 NS
1317 963 1339 984 Α
1349 957 1444 984 Lx'run
1454 965 1485 985 ις
1495 977 1503 990 ,
1522 967 1545 985 e.
1566 958 1626 985 Adi.
1663 957 1794 993 [ivvyuis]
1831 959 1905 994 Quod
1916 958 1949 992 est
1962 959 2066 988 salubri
2080 965 2240 990 contrarium.

96 989 141 1009 ma
153 987 178 1007 et
190 982 394 1015 inquinatiffima
407 984 476 1009 ratio
494 983 550 1010 Cic.
563 983 619 1010 Off.
631 992 653 1016 2,
665 992 689 1009 21
704 993 725 1010 c.
740 985 765 1010 6.
1151 997 1186 1016 20
1201 993 1269 1020 Plin.
1289 998 1324 1024 ιε,
1344 1001 1356 1026 5
1388 993 1482 1028 Neque
1501 993 1687 1020 fecundiffimis
1711 994 1775 1020 locis
1795 995 1955 1022 insalubrem
1975 1004 2067 1029 agrum
2088 998 2242 1031 parandum.

135 1024 145 1043 1
155 1023 176 1042 N
187 1023 234 1056 qv
246 1023 253 1042 1
264 1019 316 1044 NK
328 1024 350 1043 ‘r
361 1025 386 1044 Ε.
413 1018 481 1045 Adu.
518 1020 530 1053 [
543 1020 755 1052 μεμολυσμένως]
792 1018 907 1050 Sordide,
921 1025 1036 1057 turpiter.
1078 1024 1135 1051 Cic.
1158 1040 1159 1047 κ
1201 1029 1271 1055 Gell.
1287 1038 1324 1059 19,
1339 1037 1350 1060 ς
1375 1030 1464 1055 Manet
1478 1029 1549 1063 quod
1564 1029 1599 1055 cst
1613 1029 1718 1062 grauius
1732 1036 1758 1055 et
1778 1030 1910 1056 sordidius
1923 1036 1950 1057 et
1962 1031 2129 1059 insalubrius.
2174 1034 2241 1061 Plin.

96 1050 133 1079 de
146 1051 215 1078 Clar.
230 1053 304 1079 Orat.
319 1062 366 1085 ¹40
380 1063 401 1079 c.
416 1062 446 1088 37
467 1055 558 1088 ltaque
577 1053 718 1088 diligenter
735 1053 862 1088 loquendi
883 1055 957 1083 laude
978 1059 1077 1092 caruit,
1092 1069 1136 1086 ne·
1201 1073 1237 1097 23,
1254 1073 1263 1090 1
1285 1064 1384 1090 Vinum
1397 1064 1413 1090 si
1430 1064 1458 1090 tit
1474 1064 1550 1090 fumo
1563 1064 1757 1094 inueteratum,
1776 1064 2009 1092 insaluber-timum
2027 1067 2073 1094 est.

98 1096 151 1122 que
163 1093 249 1115 tamen
264 1088 300 1114 est
312 1088 455 1115 admodum
470 1090 607 1130 inquinate
618 1090 728 1116 loeutus.
757 1089 825 1116 Add.
840 1090 875 1116 ib.
891 1101 912 1117 c.
926 1100 969 1125 74.
1237 1106 1298 1126 INS
1308 1106 1327 1125 A
1340 1106 1354 1125 1,
1364 1107 1383 1125 v
1394 1106 1436 1126 BR
1448 1098 1520 1126 fTA
1530 1107 1559 1131 s,
1580 1099 1639 1126 gtis,
1666 1100 1685 1126 f,
1723 1099 1789 1126 Ptin.
1808 1108 1844 1132 3¹,
1862 1108 1877 1132 3
1891 1100 1931 1126 tit.
1959 1101 1998 1127 De
2018 1102 2145 1136 qualitate
2164 1112 2243 1139 aqua.

136 1128 176 1149 IN
186 1129 253 1161 (ζνι
264 1129 351 1150 ΝΛΜ
362 1130 378 1149 E
391 1131 441 1151 ΝΤ
451 1132 503 1151 vm
514 1145 522 1157 ‚
547 1131 566 1151 t.
594 1134 619 1150 n.
654 1126 775 1157 μίασμα,
788 1127 910 1155 contagio
924 1128 1001 1155 Gloff.
1016 1129 1061 1156 Gr.
1077 1130 1133 1157 Lat.
1199 1144 1259 1162 rum
1270 1155 1277 1167 ‚
1291 1135 1487 1167 insalubritate,
1504 1135 1700 1162 commoditate.

95 1157 263 1190 [μολυσμὸς]
299 1159 387 1186 Sordes
411 1167 435 1186 ct
460 1159 624 1186 immunditia.
661 1160 729 1186 Geli.
750 1168 772 1190 2,
795 1163 809 1187 6
836 1162 917 1188 Cuius
937 1163 1133 1197 significationis
1150 1173 1181 1199 25
1236 1177 1277 1197 IN
1289 1176 1436 1197 SALVBR
1448 1178 1455 1196 1
1468 1176 1556 1197 TER.
1584 1170 1651 1197 Adu.
1688 1168 1808 1197 Macrob.
1823 1169 1913 1196 Somn.
1928 1169 1996 1205 Scip.
2011 1179 2030 1204 ι,
2045 1174 2060 1196 6
2086 1172 2150 1198 Non
2172 1180 2242 1200 tena-

93 1192 181 1219 multo
200 1192 348 1228 affiduoque
369 1196 414 1221 vsu
433 1201 519 1222 totum
539 1194 650 1222 verbum
668 1195 704 1221 ita
725 1197 932 1224 contaminatum
953 1199 988 1225 est
1001 1220 1009 1232 ‚
1033 1206 1060 1227 vt
1081 1201 1133 1228 iam
1198 1206 1265 1232 citer
1284 1211 1402 1238 tantum,
1429 1206 1470 1232 sed
1489 1205 1570 1232 etiam
1590 1205 1760 1234 insalubriter
1778 1205 1941 1232 vinciuntur.
1978 1207 2053 1242 Conf.
2075 1207 2189 1235 Saluian.
2209 1209 2242 1235 de

95 1227 202 1262 squalor
216 1227 249 1254 de
262 1237 291 1254 re
310 1230 381 1256 nulla
398 1230 464 1263 alia,
485 1239 563 1265 quam
581 1230 613 1256 de
631 1230 839 1265 inquinamentis
856 1234 916 1259 solis
935 1235 989 1261 dici
1008 1238 1135 1271 coeperit.
1199 1243 1277 1268 Auar.
1292 1250 1302 1274 3
1322 1250 1346 1275 p.
1362 1249 1397 1273 90
1411 1248 1434 1267 ee
1448 1250 1490 1273 92.

92 1263 171 1298 c0’1f-
187 1264 306 1291 MsscrOb·
320 1268 345 1298 6,
362 1276 382 1297 7·
419 1266 536 1292 'I'ertulh
550 1264 581 1291 de
595 1265 709 1299 spectac.
724 1276 744 1292 c.
761 1276 797 1293 ιο.
1235 1284 1244 1302 ι
1257 1283 1277 1302 Ν
1290 1282 1302 1301 S
1312 1283 1333 1303 A
1343 1283 1358 1302 L
1371 1282 1391 1301 V
1403 1283 1424 1303 T
1434 1279 1482 1302 AR
1492 1283 1500 1302 1
1510 1285 1540 1310 s,
1561 1286 1584 1305 e.
1621 1276 1682 1303 Adi.
1720 1275 1798 1310 Apul.
1812 1276 1876 1302 Met.
1890 1285 1903 1302 2
1921 1285 1945 1310 p.
1961 1284 2004 1310 195
2017 1277 2137 1305 stewech.
2168 1279 2243 1305 Licet

132 1305 297 1337 INQVIO,
317 1301 355 1333 is,
374 1301 404 1327 it.
428 1303 447 1327 i.
472 1303 543 1327 Dico.
580 1302 697 1335 [wrm-l]
739 1303 843 1329 Verbum
867 1303 1016 1340 deflflizmm
1045 1310 1135 1335 tertiae
1198 1312 1341 1339 insalutare
1363 1320 1418 1338 non
1433 1312 1492 1338 erit.

93 1333 166 1360 Coni.
181 1334 245 1369 quod
262 1338 289 1360 in
308 1336 348 1362 his
362 1335 422 1372 fere
440 1343 536 1362 tantum
550 1337 666 1373 persenis>
684 1340 793 1374 legitur,·
818 1340 887 1370 (uid.
908 1342 1029 1368 Priscian.
1049 1341 1066 1368 l.
1088 1346 1134 1374 ιο)
1148 1350 1180 1375 30
1234 1354 1344 1374 1NSA1
1361 1353 1541 1379 VTATVS,
1558 1356 1587 1378 a,
1612 1356 1667 1374 um.
1688 1345 1750 1374 Adi.
1787 1347 1877 1373 Sidon.
1895 1347 1972 1381 Epist.
1991 1356 2018 1380 4,
2035 1356 2063 1373 10
2086 1349 2168 1376 Annis
2189 1349 2242 1375 iam

89 1368 152 1395 Cic.
167 1368 199 1395 de
213 1370 287 1396 Orat.
301 1379 325 1400 2,
336 1373 382 1403 256
411 1371 543 1406 Aucupari
564 1372 645 1399 verba
662 1373 936 1409 oportebit,inquio:
962 1384 990 1403 vt
1004 1387 1050 1410 ea,
1066 1387 1134 1412 quae
1198 1383 1289 1410 multis
1311 1383 1472 1410 insalutatus,
1528 1385 1576 1410 Per
1595 1383 1679 1417 tmtfin
1708 1383 1782 1417 Virg.
1806 1384 1870 1409 Aen.
1890 1390 1918 1415 9,
1930 1388 1978 1413 289
1998 1384 2081 1418 Inque
2103 1385 2242 1412 salutatum

87 1404 154 1431 >sum
177 1405 317 1439 frigidiora
338 1406 461 1433 vitemus.
498 1408 534 1433 Ex
553 1406 646 1439 vetusto
661 1409 742 1435 codice
761 1411 871 1446 legitur,
886 1412 914 1437 In
935 1422 997 1447 quo.
1038 1414 1134 1440 Catuli.
1198 1418 1302 1453 linquo.

93 1446 133 1472 ιο,
147 1447 190 1473 27.
226 1440 300 1475 Conf.
317 1440 381 1474 Voffl
396 1441 425 1468 de
438 1444 546 1479 Aualug.
565 1452 587 1474 3,
605 1440 638 1469 1'1.
708 1445 775 1471 Pers.
799 1453 818 1477 1,
839 1454 875 1472 112
903 1449 961 1474 Hoc
977 1449 1067 1481 iuuat,
1082 1449 1134 1481 hic,
1235 1459 1438 1485 1NSANCTVS‚
1457 1462 1470 1479 a
1481 1474 1488 1486 ,
1509 1463 1563 1480 um.
1588 1453 1648 1480 Adi.
1668 1454 1747 1480 Gloss.
1762 1453 1808 1479 Gr.
1822 1453 1877 1480 Lat.
1893 1453 2042 1486 Insanetus,
2056 1452 2069 1480 ὅ
2081 1453 2117 1486 μή
2131 1451 2205 1487 ἅγιος.

91 1473 200 1509 inquis,
211 1481 272 1502 veto
285 1477 424 1511 quisquam
444 1478 510 1504 faxit
529 1477 637 1505 oletum.
707 1480 799 1507 quen.
813 1481 861 1507 Sat.
876 1492 897 1515 3,
911 1491 936 1509 ιι
966 1485 1079 1517 Qando
1095 1494 1135 1511 ar-
1237 1497 1246 1516 χ
1261 1496 1283 1516 N
1293 1496 1306 1515 s
1316 1496 1415 1521 ANA,
1435 1498 1474 1516 ae,
1494 1490 1515 1516 f,
1553 1490 1650 1522 Herba,
1664 1499 1723 1524 quae
1743 1496 1764 1514 et
1779 1489 1947 1524 Hyoscyamus
1959 1490 1998 1515 vel
2012 1489 2191 1525 symphoniam
2204 1489 2243 1516 di.

90 1508 180 1542 tibus,
195 1510 299 1545 inquit,
315 1512 437 1538 honestis.
472 1514 546 1549 Conf.
567 1514 634 1548 Nep.
648 1521 688 1546 23,
702 1523 728 1547 2,
740 1524 762 1547 3.
832 1517 976 1545 Communi
997 1521 1068 1546 sensu
1083 1520 1134 1554 pla-
1151 1525 1180 1552 35
1199 1528 1275 1552 citur,
1311 1525 1378 1551 Plin.
1393 1527 1432 1557 ιδ,
1444 1534 1489 1558 44.
1526 1525 1604 1559 Apul,
1618 1525 1650 1551 de
1663 1524 1747 1551 Herb.
1767 1533 1789 1550 c.
1802 1534 1829 1558 4.

76 1554 134 1580 ‚ne
145 1553 228 1576 caret,
243 1547 377 1581 inquimus
396 1549 464 1574 Hor.
478 1548 560 1574 Serm.
581 1557 601 1581 ι,
620 1558 643 1581 3,
664 1551 706 1576 66.
778 1551 922 1586 Inquiunt:
949 1555 1003 1581 Cic.
1018 1557 1093 1582 Verr.
1107 1567 1135 1590 4,
1234 1568 1243 1587 ι
1256 1567 1278 1586 N
1289 1567 1302 1586 s
1312 1562 1431 1592 ᾹΝνε,
1463 1557 1521 1591 ior,
1550 1560 1656 1587 iffimus.
1702 1558 1821 1594 [μανικᾶε
1833 1578 1841 1590 ,
1870 1556 2002 1594 μανιώδης,
2033 1559 2242 1595 μ’λανκθλίκός]

90 1589 126 1614 54
141 1581 196 1607 Vbi
215 1583 272 1608 sunt
292 1582 442 1617 Pamphile,
455 1584 595 1618 inquiunt,
615 1584 724 1619 scyphi?
740 1593 759 1608 κη’
808 1587 881 1614 Idem
900 1589 932 1615 de
952 1591 1025 1618 Orat.
1046 1600 1067 1624 2,
1089 1599 1134 1624 259
1200 1597 1257 1622 Non
1273 1596 1366 1631 fimus,
1380 1598 1422 1631 qui
1440 1605 1487 1622 non
1500 1595 1533 1628 est
1541 1596 1603 1632 sani
1619 1595 1730 1630 consilii,
1744 1602 1767 1621 et
1779 1597 1821 1630 qui
1835 1603 1883 1620 non
1902 1595 1972 1620 babet
1987 1602 2088 1621 mentem
2103 1599 2244 1631 integram:

90 1615 140 1643 TU
161 1625 226 1643 vero
245 1617 371 1652 incinistss
385 1619 507 1646 ”mlestus
526 1628 579 1646 ”0¹¹
595 1621 656 1646 esis·
729 1621 785 1648 Cic·
799 1623 875 1650 verf-
895 1633 920 1657 ²,
933 1634 966 1659 45
995 1627 1078 1660 ErgO.
1095 1628 1133 1653 in·
1197 1638 1249 1657 tum
1261 1641 1391 1667 magnum,
1405 1637 1428 1657 et
1441 1632 1536 1657 modum
1555 1640 1698 1667 quacunque
1715 1634 1811 1657 ratione
1829 1630 1959 1662 excedens,
1971 1630 2090 1656 insanum
2104 1639 2186 1656 vocar.
2201 1630 2245 1665 fh-

87 1651 167 1686 «quiet
181 1652 295 1687 aliquis,
308 1653 417 1680 donauit
431 1655 492 1689 Pop.
508 1655 665 1687 Syracusano
679 1656 750 1683 illam
764 1657 946 1687 hereditatem.
982 1663 1039 1688 Vni.
1056 1663 1132 1689 Prisc.
1197 1668 1239 1693 let.
1277 1667 1346 1693 Ter.
1361 1667 1425 1692 Eun.
1439 1675 1460 1697 2,
1473 1676 1496 1699 2,
1509 1675 1539 1699 23
1563 1667 1616 1693 Hic
1631 1666 1751 1693 homines
1771 1665 1877 1699 prorsus
1897 1673 1929 1690 ex
1947 1665 2031 1691 stultis
2051 1665 2154 1690 insanos
2171 1665 2243 1705 facit.

89 1695 121 1714 ιο
129 1694 172 1722 pr.
244 1687 312 1715 Ter.
326 1690 421 1715 Heaut.
434 1699 461 1723 4,
475 1698 502 1724 7,
516 1699 524 1716 1
550 1691 643 1717 Eccum
665 1701 721 1723 me,
733 1693 824 1727 inque.
863 1696 930 1723 ΑΜ.
948 1696 1028 1723 Plant.
1042 1699 1132 1725 Pseud.
1145 1704 1183 1729 40
1199 1701 1268 1728 Ibid.
1283 1711 1306 1734 ς,
1321 1711 1345 1734 2,
1359 1710 1391 1728 22
1418 1701 1469 1727 Abi
1490 1701 1552 1727 hinc
1568 1702 1665 1727 insana.
1733 1703 1816 1726 Amor
1838 1701 1905 1733 Virg
1924 1699 1976 1725 Ecl.
1991 1705 2028 1731 10¹,
2043 1708 2090 1738 44,-
2161 1700 2243 1726 Ouid.

88 1729 114 1754 1,
128 1731 149 1754 ς,
166 1731 221 1755 124.
293 1725 369 1751 Auci.
391 1725 423 1751 ad
440 1727 540 1752 Heren.
555 1736 573 1759 4
587 1736 628 1759 c.3
649 1727 723 1761 Qtid
741 1729 813 1754 enim
834 1730 885 1757 tibi
905 1732 961 1764 vis,
977 1732 1074 1767 aliquis
1094 1734 1133 1760 in·
1198 1737 1278 1771 Epist.
1296 1746 1316 1769 ι,
1330 1740 1346 1763 6
1375 1737 1482 1763 Vtinam
1501 1751 1548 1756 —
1567 1737 1686 1762 Obrutus
1705 1735 1802 1761 insanis
1821 1734 1880 1760 esset
1894 1734 1998 1773 adulter
2018 1743 2102 1773 aquisr
2118 1737 2137 1761 i.
2157 1736 2244 1775 tumul-

87 1757 183 1792 quiat?
202 1758 300 1785 Modus*
303 1762 460 1795 potentiales.
481 1765 499 1787 i.
520 1763 610 1788 Dicere
618 1762 714 1797 potest,
726 1766 766 1790 ve!
781 1769 883 1798 poterit.
953 1769 1073 1801 Inquit0,
1088 1771 1134 1794 Fu·
1153 1785 1163 1798 ἢ
1197 1772 1342 1803 mantibus,
1354 1771 1454 1806 sun-tofi
1467 1769 1641 1802 aestuantibus.
1662 1771 1703 1797 Sic
1716 1768 1831 1795 Fluetus.
1867 1803 1872 1808 .
1902 1769 2005 1795 Contio
2018 1769 2173 1796 insanissima
2187 1771 2243 1797 Cic.

84 1799 146 1820 euro
163 1795 322 1828 Imperatiuz‘:
366 1796 446 1822 Plaut.
462 1797 521 1823 Aul.
536 1806 564 1830 4,
580 1806 618 1828 10,
632 1803 659 1829 58
696 1799 735 1824 lta
754 1798 781 1825 di
801 1800 900 1833 faxint,
916 1801 1031 1835 inquito.
1057 1805 1135 1828 Anti·
1197 1815 1247 1839 pro
1262 1806 1319 1831 Mil.
1334 1815 1355 1831 c.
1369 1812 1407 1838 17.
1480 1805 1564 1832 Cursu
1580 1805 1672 1832 insano
1691 1805 1794 1831 concita
1808 1802 1900 1830 =Ou¹d-
1914 1806 1978 1830 Met.
1998 1814 2019 1837 3,
2039 1814 2086 1836 711-
2158 1806 2243 1832 Dolor

86 1837 162 1863 quum
174 1829 216 1860 cst.
241 1831 343 1856 Haecin
358 1831 402 1865 vfia
410 1832 488 1866 fiant:
506 1833 600 1867 reliqua
612 1835 671 1858 olim
684 1833 762 1864 Ιεὲῗα,
775 1836 930 1867 Inquimus‚
944 1837 1075 1870 Inquitis,
1089 1838 1132 1862 In·
1198 1841 1275 1874 Vix-g,
1290 1841 1354 1865 Aen.
1375 1848 1401 1871 2,
1415 1842 1478 1873 776.
1502 1843 1521 1866 i.
1538 1849 1626 1876 magno
1641 1841 1713 1867 Seru.
1786 1840 1893 1872 Fames,
1915 1840 1968 1865 vid.
1991 1846 2109 1876 FANEs.
2182 1842 2242 1867 Flu·

109 1863 196 1894 uiam,
217 1864 339 1898 Inquite,
360 1866 513 1899 inquirent,
526 1873 572 1893 etc.
662 1868 790 1902 Inquam,
809 1872 827 1893 i.
849 1871 981 1902 Dicebam,
1013 1873 1054 1897 uel
1076 1871 1133 1897 dixi
1149 1872 1184 1898 4⁵
1199 1874 1256 1901 Eius
1274 1875 1376 1906 insani,
1389 1882 1419 1901 vt
1432 1883 1460 1909 p.
1476 1885 1500 1901 a.
1519 1877 1610 1910 Aquae
1627 1876 1702 1910 Virg.
1717 1873 1769 1901 Ecl.
1790 1883 1818 1907 9,
1834 1881 1876 1907 43.
1948 1875 2063 1907 Forum,
2080 1875 2242 1909 Litigiosum

86 1871 171 1924 aaut.
185 1899 260 1932 Capt.
279 1908 301 1931 3,
320 1908 340 1931 ι,
360 1908 395 1930 19.
449 1900 518 1927 Ter.
533 1899 616 1927 Andr.
628 1909 657 1934 4,
668 1910 694 1934 2,
707 1910 738 1934 32
772 1904 884 1930 Matura.
906 1912 933 1931 D.
947 1906 1000 1932 iam
1022 1906 1132 1940 inquam
1197 1910 1318 1937 Seruius:
1338 1911 1414 1944 Virg.
1434 1911 1530 1944 Georg.
1547 1919 1567 1942 1,
1579 1916 1633 1943 481.
1701 1910 1792 1943 Iurgia
1811 1907 1891 1935 Ouid.
1905 1909 1968 1936 Fast.
1989 1918 2009 1942 1,
2029 1918 2070 1945 73.
2140 1912 2241 1939 Labori

86 1931 132 1960 hic
145 1933 235 1960 adero.
292 1934 348 1961 Cic.
362 1935 477 1970 Philipp.
491 1944 515 1966 2,
529 1945 568 1962 ιη
582 1945 602 1962 c.
616 1946 654 1971 44
680 1938 757 1964 Hunc
769 1947 850 1965 vnum
865 1939 951 1972 diem,
967 1941 1035 1967 hunc
1048 1951 1132 1968 vnum
1197 1946 1289 1972 insano
1310 1945 1462 1978 indulgere,
1476 1946 1573 1979 Magno
1587 1945 1706 1971 Seruius:
1740 1945 1814 1978 Virg.
1830 1946 1894 1970 Aen.
1907 1953 1933 1975 2,
1946 1948 2006 1979 776.
2079 1946 2179 1973 Malum
2200 1947 2241 1973 in.

85 1968 199 2003 inquam
215 1968 375 1997 hodiernum
388 1970 458 1996 diem
472 1971 583 1997 defende
601 1971 619 1997 fi
634 1978 717 2004 potes.
751 1973 800 1999 Con
819 1993 825 1999 .
841 1975 895 2001 Cic.
909 1984 957 2009 pro
973 1977 1060 2002 Deiot.
1073 1986 1094 2002 c.
1110 1986 1131 2009 3.
1196 1981 1287 2006 sanum
1307 1981 1343 2006 est
1360 1979 1389 2005 in
1406 1979 1552 2013 hospitium
1571 1979 1673 2007 diuorti
1692 1979 1724 2006 ad
1737 1979 1897 2014 Cupidinem
1919 1980 1999 2007 Plaut.
2014 1980 2096 2007 Trin.
2118 1990 2139 2013 3,
2156 1991 2181 2014 2,
2194 1991 2240 2017 47.

88 2010 114 2030 et
130 2005 184 2030 Art.
203 2009 225 2034 8,
242 2012 263 2036 3.
468 2003 489 2042 q
511 2014 523 2031 2
559 2007 657 2039 Inquio
674 2008 714 2032 uel
729 2008 782 2042 Inq'
798 2017 815 2034 o
839 2012 912 2035 etiam
934 2010 977 2043 effe
1003 2011 1130 2045 polluere,
1195 2016 1270 2041 Mens
1283 2014 1393 2041 Tibull.
1408 2023 1432 2046 2,
1445 2023 1471 2049 7.
1542 2016 1628 2042 Moles
1649 2016 1753 2042 insanae
1768 2014 1992 2041 substructionum
2012 2016 2068 2042 Cic.
2081 2025 2129 2050 pro
2143 2019 2201 2044 Mil.
2218 2027 2239 2044 c.

86 2039 192 2075 colligas
206 2047 235 2065 ex
247 2039 373 2066 Varronis
387 2040 438 2066 100⁰
449 2059 456 2070 ι
474 2049 542 2075 quem
555 2041 640 2067 laudat
654 2041 726 2068 Non·
744 2051 766 2074 2,
779 2050 828 2077 757
847 2044 889 2070 vbi
908 2050 945 2071 ita
959 2047 1089 2073 Met-cerus
1102 2056 1132 2072 ex
1149 2050 1181 2077 50
1194 2059 1237 2078 ιο.
1271 2050 1329 2076 Vid.
1348 2049 1558 2077 Substruffiones
1576 2051 1690 2077 insanae.
1768 2051 1873 2076 Montes
1893 2050 1997 2083 Insani,
2011 2056 2116 2086 proprio
2135 2057 2239 2086 nomine,

86 2073 158 2101 bonit
169 2074 259 2101 libris:
294 2075 325 2100 Et
341 2082 369 2101 vt
387 2075 416 2101 in
436 2084 515 2110 grege
529 2076 616 2110 opilio
630 2085 694 2103 oues
713 2077 800 2104 minus
815 2078 924 2106 idoneas
939 2090 1079 2108 remouere
1093 2083 1132 2109 so·
1188 2085 1291 2122 suntin
1307 2085 1440 2117 sardium,
1453 2090 1634 2112 commemorati
1647 2087 1706 2112 Liu.
1721 2094 1760 2116 30,
1772 2093 1812 2117 39.
1833 2092 1856 2111 et
1870 2085 1950 2112 Floro
1964 2096 1990 2118 z,
2005 2090 2031 2117 6,
2044 2096 2071 2119 35
2091 2088 2239 2115 sardiniam

86 2109 142 2141 let,
155 2118 220 2144 quas
236 2109 347 2136 reiculas
359 2110 488 2144 appellat:
509 2112 584 2146 saepe
597 2112 668 2138 enim
690 2122 755 2139 vnus
774 2123 840 2148 puer
853 2116 968 2148 petulans
982 2124 1060 2151 atque
1081 2118 1130 2143 im·
1195 2121 1328 2147 Gracchus
1347 2120 1470 2154 arripuit.
1512 2121 1592 2147 Nihil
1618 2121 1660 2146 illi
1679 2121 1797 2155 gentium
1818 2121 1922 2152 feritas,
1942 2122 2112 2155 Insanorum,
2127 2132 2185 2149 nam
2206 2124 2240 2150 sic

39 2171 42 2173 ,
87 2153 170 2180 purus
183 2145 270 2180 inquit
291 2148 340 2177 (al.
353 2146 494 2180 inquinat)
513 2156 618 2181 gregem
631 2157 782 2182 puerorum.
819 2151 860 2176 Sic
872 2153 945 2176 etiam
958 2153 1049 2178 editum
1063 2153 1129 2179 Ven.
1194 2161 1340 2185 vocantur,
1363 2155 1513 2181 immanitas
1534 2157 1665 2183 montium
1685 2156 1818 2191 profuere.
1894 2156 1983 2183 Sidera
2013 2158 2101 2183 insana
2129 2159 2240 2193 Caprae,

87 2185 152 2213 1498
165 2180 185 2208 f.
227 2180 284 2208 vid.
303 2187 361 2207 C01
367 2188 475 2221 NQVIO
490 2183 530 2208 ubi
537 2183 663 2218 suspicati
666 2184 752 2218 Jitmus
763 2185 842 2222 'Pfi‘ffl
857 2186 953 2218 inquio
969 2189 1009 2212 vel
1020 2187 1131 2220 inquam
1194 2190 1387 2224 Tempestuosa
1400 2191 1487 2216 Acron
1508 2194 1689 2227 interpretatur
1707 2192 1774 2218 Hor.
1787 2192 1875 2218 Carm.
1889 2200 1913 2224 3,
1928 2200 1955 2226 7,
1968 2195 1993 2218 6.
2067 2194 2143 2233 Vates
2165 2196 2238 2234 Virg.

81 2216 154 2251 forte
167 2224 182 2241 α
198 2219 282 2251 prima
295 2216 340 2243 illa
352 2224 450 2243 notione
460 2217 585 2244 caedendi
597 2219 740 2252 (caedendo
752 2221 934 2255 proJanandi)
947 2220 1063 2247 dufium.
1078 2231 1131 2248 cum
1147 2224 1177 2251 55
1194 2226 1260 2251 Aen.
1276 2233 1298 2257 3,
1310 2234 1362 2258 443
1381 2225 1410 2251 de
1426 2226 1525 2260 Silgylla.
1596 2226 1696 2254 Turbo
1716 2227 1778 2253 Stat.
1793 2225 1884 2253 Theb.
1907 2236 1927 2259 ι,
1948 2230 2004 2259 366.
2076 2229 2154 2255 vires
2174 2231 2240 2257 insa-

85 2254 160 2279 etiam
182 2252 313 2278 sermones
327 2252 434 2278 caedere
448 2253 535 2279 dicunt
548 2255 662 2279 Romani.
1194 2270 1242 2287 nae
1257 2260 1346 2286 Austri
1359 2260 1439 2287 Ouid.
1453 2262 1516 2288 Met.
1533 2271 1567 2297 12,
1583 2271 1636 2295 5¹0·
1648 2291 1660 2299 .›
1707 2263 1780 2289 Vites
1793 2262 1901 2296 quidem
1915 2268 1941 2288 et
1960 2263 2068 2289 triferae
2082 2264 2153 2295 sunt,
2175 2275 2239 2300 quas

123 2293 132 2311 1
141 2293 220 2326 NQV
230 2290 239 2313 ἰ
249 2293 266 2313 R
277 2293 314 2319 0,
334 2289 402 2319 sini,
422 2290 516 2318 situm,
537 2289 589 2313 ere.
626 2287 774 2322 [s'mg'nrsm
788 2289 928 2321 μεταλλᾶω
937 2310 943 2321 ,
957 2291 1049 2326 ῗῖσρὲω]
1086 2294 1128 2319 In-
1193 2296 1229 2322 ob
1244 2295 1270 2322 id
1285 2297 1389 2322 insanas
1400 2303 1511 2330 vocant,
1524 2298 1651 2332 quoniam
1663 2298 1692 2324 in
1707 2298 1739 2324 iis
1753 2298 1804 2324 alia
1816 2298 2001 2328 maturescunt,
2015 2299 2068 2324 alia
2082 2301 2239 2334 turgescunt,

64 2328 65 2333 ¹
82 2319 214 2357 vestigate.
250 2322 305 2348 Cic.
318 2321 401 2348 Tusc.
416 2331 442 2351 2,
456 2330 484 2354 25
509 2324 609 2348 Amore
628 2324 722 2349 mortis
742 2324 878 2358 inquirens
898 2328 1041 2353 terminum
1055 2328 1129 2355 mali.
1192 2332 1243 2358 alia
1260 2332 1354 2358 florent
1373 2332 1439 2358 Plin.
1456 2335 1494 2365 16,
1506 2341 1543 2367 27.
1616 2332 1829 2360 Substruetiones
1851 2332 1955 2359 insanae
1968 2333 2097 2368 Capitolii
2117 2337 2183 2362 Plin.
2198 2340 2239 2369 36,

83 2358 122 2384 Ex
135 2357 219 2383 Poeta.
274 2355 366 2383 lustin.
381 2365 402 2388 3,
415 2367 444 2390 4,
456 2366 485 2383 10
509 2357 549 2383 Ad
568 2357 640 2384 sedes
659 2359 831 2393 inquirendas
850 2361 1052 2394 proficiscuntur
1067 2366 1127 2390 Par·
1194 2376 1226 2400 ις.
1247 2376 1308 2402 quas
1323 2370 1360 2393 ita
1374 2371 1500 2394 mirantur
1511 2369 1637 2401 homines,
1653 2376 1681 2394 vt
1696 2374 1786 2403 parum
1800 2368 1873 2394 sanos
1888 2375 1993 2403 putent,
2007 2373 2049 2404 qui
2060 2377 2155 2396 tantum
2166 2379 2239 2407 peru-

80 2392 188 2419 thensau.
259 2391 315 2417 Cic.
329 2392 412 2418 Tusc.
426 2400 449 2424 3,
462 2401 474 2424 3
488 2402 509 2419 c.
526 2402 540 2418 2
566 2395 717 2428 Veramque
733 2395 805 2421 illam
819 2395 981 2424 honestatem
995 2405 1128 2433 expetens,
1137 2403 1172 2426 60
1192 2406 1247 2428 niae
1264 2409 1287 2428 et
1301 2403 1394 2428 laboris
1406 2406 1439 2428 im
1458 2403 1580 2429 auderint.
1651 2404 1763 2438 Compar.
1787 2404 1842 2430 cic.
1856 2405 1932 2430 Vcrr.
1946 2413 1964 2437 4
1977 2414 1999 2431 c.
2013 2410 2039 2435 ¹8
2053 2413 2117 2432 extr.
2138 2407 2238 2434 Similis

81 2436 162 2461 quam
175 2435 253 2454 vnam
268 2433 361 2453 natura
374 2428 488 2453 maxime
502 2428 626 2461 inquirit.
662 2430 702 2455 Sic
716 2431 989 2467 Grut.Gron.Q1iclrtm
1002 2435 1126 2468 requirit.
1192 2437 1266 2464 istius
1278 2437 1422 2470 cupiditas,
1453 2446 1485 2464 oc
1501 2438 1581 2464 etiam
1601 2439 1690 2465 acrior
1707 2445 1786 2473 atque
1804 2440 1937 2472 insanior,
1951 2440 2023 2474 quod
2041 2441 2087 2467 illa
2107 2443 2237 2476 cupiebat,

78 2461 156 2492 ,Idem
170 2462 223 2489 Off.
241 2472 258 2494 t,
272 2470 314 2494 125
329 2472 350 2489 c,
367 2471 396 2494 34
421 2463 556 2496 Peregrini
575 2470 663 2490 autem
676 2471 753 2499 atque
772 2467 873 2493 incolae
888 2467 1007 2495 officium
1021 2470 1073 2502 est,
1086 2471 1126 2496 ni-
1190 2479 1236 2499 etc.
1306 2474 1370 2499 Vter
1381 2472 1417 2499 est
1437 2473 1555 2500 insanior
1571 2473 1685 2501 horum?
1698 2475 1766 2500 Hor.
1781 2474 1861 2502 Serm.
1876 2483 1901 2504 2,
1915 2485 1935 2507 3,
1947 2482 1985 2504 82.
2058 2477 2149 2511 Superi.
2177 2479 2234 2504 Cic.

80 2497 121 2525 hil
136 2504 238 2532 praeter
253 2498 327 2523 suum
343 2498 478 2531 negotium
492 2507 583 2532 agere,
606 2499 674 2526 nihil
688 2500 720 2527 de
733 2501 821 2528 alieno
834 2503 987 2538 inquirere,
1001 2505 1125 2532 minime·
1190 2517 1239 2542 pro
1252 2508 1327 2534 Rosc.
1340 2509 1429 2534 Amer.
1445 2518 1470 2540 33
1485 2519 1506 2535 c.
1523 2518 1549 2535 12
1579 2510 1723 2536 Hominem
1741 2510 1819 2543 longe
1838 2509 2029 2537 audaciffimum
2044 2520 2128 2545 nuper
2142 2513 2236 2540 habui-

82 2542 134 2568 que
148 2533 197 2558 effe
210 2533 238 2558 in
256 2532 342 2558 aliena
355 2532 455 2567 Repub.
470 2535 612 2561 curiosum.
684 2536 728 2562 In:
750 2537 805 2563 Cic.
821 2547 868 2572 pro
882 2540 1004 2566 Muraen.
1018 2548 1049 2575 75
1069 2541 1124 2567 Scis
1189 2553 1247 2570 mus
1260 2544 1288 2569 in
1301 2544 1426 2576 ciuitate,
1440 2545 1470 2570 C.
1484 2544 1647 2577 Fimbriam,
1660 2551 1685 2571 et
1699 2544 1770 2579 quod
1789 2546 1860 2572 inter
1871 2554 1962 2572 omnes
1975 2544 2088 2580 constat,
2104 2548 2151 2574 nisi
2165 2549 2235 2576 inter

80 2576 111 2595 tu
124 2569 202 2595 illum
214 2567 405 2595 accusationem
416 2568 546 2603 cogitare,
559 2571 694 2605 inquirere
707 2571 734 2597 in
747 2573 943 2607 competitores,
958 2576 1032 2601 testes
1046 2584 1124 2611 quae·
1141 2577 1173 2607 65
1191 2588 1246 2611 eos,
1261 2579 1308 2613 qui
1323 2579 1369 2612 ipsi
1384 2588 1491 2614 quoque
1511 2580 1658 2614 insaniunt,
1672 2580 1866 2606 insanissimum.
2019 2584 2039 2618 ’ᾗ
2059 2591 2072 2608 2
2101 2584 2234 2617 insanum,

81 2605 158 2632 rere?
213 2603 286 2629 Idem
302 2605 378 2630 Verr.
391 2604 448 2630 Att.
463 2613 482 2636 ι,
494 2607 512 2631 6
539 2606 631 2640 ltaque
650 2616 733 2641 quum
753 2617 803 2642 ego
816 2608 886 2635 diem
907 2611 934 2636 in
949 2611 1067 2637 Siciliam
1085 2612 1124 2638 in·
1188 2615 1367 2640 aduerbialitcr
1380 2623 1487 2650 pontiur
1501 2622 1549 2650 pro
1569 2615 1654 2642 Valde.
1690 2616 1773 2642 Plaut.
1790 2616 1881 2642 Bacch.
1898 2625 1926 2650 4,
1941 2624 1954 2649 5
1965 2623 2008 2651 pr.
2039 2618 2158 2645 Insanum
2180 2629 2235 2646 ma-

80 2638 207 2674 quirendi
227 2639 394 2673 perexiguam
408 2639 612 2674 postulauifl'em,
632 2642 737 2669 inuenit
752 2644 809 2676 iste,
825 2645 872 2679 qui
887 2644 935 2671 sibi
954 2647 983 2672 in
999 2647 1124 2674 Achaiam
1189 2659 1270 2684 gnum
1290 2651 1390 2676 molior
1408 2651 1553 2684 negotium.
1606 2651 1679 2677 Idem
1695 2651 1799 2678 Mostel.
1816 2660 1838 2684 3,
1853 2660 1876 2684 3,
1891 2660 1903 2685 5
1939 2653 2119 2686 Qioiusmodi
2140 2664 2233 2689 gynae-

81 2675 165 2702 biduo
184 2673 310 2700 breuiore
329 2674 400 2701 diem
420 2676 568 2709 postularet.
585 2680 603 2703 i.
626 2679 746 2713 Exiguum
764 2686 857 2714 tempus
875 2681 949 2706 eundi
965 2685 993 2707 in
1013 2683 1126 2709 Siciliam
1189 2685 1279 2712 ceum!
1298 2695 1376 2720 quam
1392 2692 1416 2712 et
1431 2687 1578 2720 porticum!
1598 2694 1649 2713 ΤΕ.
1668 2687 1789 2713 insanum
1803 2687 1908 2714 bonam.
1935 2688 2008 2725 Conf.
2032 2696 2125 2716 leAa
2135 2697 2162 2717 E.

79 2709 152 2745 causa
166 2710 308 2745 inquirendi
322 2710 352 2736 de
368 2711 456 2737 Verris
468 2712 621 2738 criminibus.
694 2713 750 2739 Cic.
764 2715 817 2741 Off.
831 2724 854 2747 2,
868 2725 905 2749 44
919 2725 940 2742 c·
957 2725 979 2748 13
1007 2718 1037 2743 In
1054 2717 1124 2744 huuc
1226 2729 1266 2748 tN
1277 2729 1289 2748 S
1298 2723 1320 2748 A
1329 2729 1349 2746 N
1360 2728 1384 2748 E.
1404 2721 1486 2748 Adu.-
1509 2722 1651 2756 [μανικῶς]
1694 2724 1858 2755 Vehementer,
1873 2731 1896 2750 et
1907 2733 1959 2749 cum
1971 2727 2076 2759 impetu:
2097 2735 2154 2761 quus
2167 2726 2233 2762 insa-

79 2745 154 2771 oculi
166 2745 288 2771 omnium
305 2746 500 2779 coniiciuntur,
520 2753 599 2781 atque
612 2748 640 2774 in
655 2757 714 2774 eum
730 2749 794 2784 quid
814 2757 888 2784 agat,
901 2752 1122 2785 quemadmodum
1135 2761 1171 2789 70
1187 2759 1215 2782 ni
1235 2761 1317 2783 omnia
1334 2757 1439 2792 faciunt
1463 2758 1542 2783 veluti
1562 2767 1615 2784 cum
1649 2758 1733 2784 nodam
1751 2758 1853 2794 surore.
1908 2759 1988 2785 Plaut.
2004 2760 2062 2787 Mil.
2081 2769 2099 2792 1,
2113 2770 2131 2793 ι,
2145 2762 2182 2795 24'
2205 2762 2232 2788 Si

79 2781 170 2812 vitiat,
185 2781 341 2815 inquiritur.
411 2781 495 2808 Filius
507 2788 568 2808 ante
580 2782 650 2809 diem
665 2786 762 2817 patrios
775 2785 889 2820 inquirit
902 2787 930 2813 in
944 2797 1025 2814 annos
1040 2789 1122 2816 Ouid.
1186 2801 1269 2819 vnum
1282 2793 1415 2827 epityrum
1434 2793 1509 2819 edam
1526 2794 1592 2827 apud
1613 2793 1631 2819 il
1645 2802 1688 2820 um
1704 2794 1821 2820 esuriens
1840 2794 1927 2820 insane
1944 2794 2020 2821 bene.
2058 2797 2155 2823 Laudat
2169 2797 2233 2823 hunc

78 2816 145 2842 Met.
160 2824 178 2847 1,
195 2822 249 2849 148.
277 2815 351 2852 Cous.
365 2816 465 2851 Digero
479 2818 577 2844 Annos.
648 2820 726 2846 Fama
744 2826 830 2848 totum
850 2823 964 2857 inquirit
983 2825 1012 2850 in
1026 2824 1122 2851 orbem
1186 2828 1264 2854 locum
1277 2829 1362 2854 Varro
1377 2828 1409 2854 de
1424 2829 1454 2854 L.
1470 2829 1498 2854 L.
1514 2831 1539 2859 6,
1554 2836 1566 2861 ς
1579 2838 1604 2863 ρ.
1618 2837 1663 2863 79,
1677 2839 1688 2859 ς
1707 2837 1730 2855 et
1741 2829 1826 2860 addit,
1846 2830 1918 2857 Dicit
1933 2830 2038 2862 insane3
2062 2831 2133 2866 quod
2148 2832 2233 2859 insani

79 2851 162 2877 Ouid·
177 2852 239 2877 Met.
256 2860 292 2881 12,
304 2855 343 2884 63-
415 2853 444 2879 In
459 2854 649 2887 Patrimonium
661 2862 687 2881 et
706 2857 764 2882 vasa
778 2857 914 2892 inquirere
933 2859 990 2885 Seu·
1006 2860 1085 2894 Epist·
1103 2869 1122 2887 1-
1185 2863 1287 2890 faciunt
1300 2865 1393 2891 omnia
1405 2864 1586 2891 vehementer.
1623 2867 1726 2900 Proprie
1740 2865 1802 2891 idem
1817 2865 1899 2892 Plaut.
1912 2867 1990 2893 Cure.
2007 2875 2026 2899 1,
2042 2876 2063 2900 3,
2075 2876 2109 2893 20
2129 2869 2232 2895 Bonum

79 2887 137 2913 Cic.
157 2887 185 2912 in
198 2887 272 2913 Brut.
291 2892 332 2916 282
356 2887 384 2913 de
396 2888 483 2919 Caluo,
510 2889 589 2924 Qiod
608 2889 714 2918 dicendi
733 2900 812 2926 genus
832 2902 992 2929 quamquam
1009 2896 1122 2922 scienter
1187 2899 1224 2925 est
1243 2900 1393 2933 pauxillum
1412 2909 1500 2926 amare
1517 2901 1590 2930 sane,
1612 2900 1700 2926 insane
1717 2910 1772 2927 non
1794 2901 1893 2928 bonum
1915 2901 1960 2928 cst.
2033 2904 2144 2937 Compar.
2165 2905 2232 2930 Hor.

78 2917 266 2956 eflganterque
284 2922 428 2954 tranabat,
450 2924 566 2951 nimium
586 2931 672 2952 tamen
695 2927 832 2962 inquirens
851 2930 878 2955 in
900 2931 940 2962 se,
967 2937 1046 2965 atque
1066 2932 1120 2966 ipse
1139 2938 1171 2966 75
1185 2935 1266 2960 Serm.
1283 2944 1303 2965 ι,
1320 2944 1355 2966 ιο,
1369 2944 1401 2969 34
1420 2937 1451 2961 In
1464 2935 1553 2962 siluam
1569 2945 1623 2961 non
1638 2936 1709 2970 ligna
1723 2936 1790 2963 feras
1806 2937 1930 2963 insanius.
1973 2937 2043 2972 Sulp.
2058 2938 2145 2964 Seuer.
2160 2939 2229 2965 Dial.

78 2958 130 2984 sese
145 2957 303 2991 obseruans,
320 2965 493 2994 metuensque
506 2969 539 2986 ne
551 2961 678 2988 vitiosum
691 2963 845 2998 colligeret,
866 2965 944 2993 etiam
957 2976 1051 2994 verum
1067 2969 1121 2994 san-
1185 2969 1217 2996 de
1232 2971 1301 2996 Virt.
1318 2971 1391 2996 Mon.
1406 2980 1427 2996 c.
1443 2982 1453 3002 3
1481 2971 1528 2997 Sed
1545 2972 1666 3005 Episcopi
1682 2972 1791 3006 quidem
1806 2973 1833 2998 in
1853 2972 1929 2999 libris
1945 2972 2023 3006 ipfins
2039 2973 2154 3001 insanius
2170 2975 2230 3000 t‘cri-

77 2993 185 3027 guinem
199 2992 366 3028 deperdebat.
400 2995 527 3036 ¹Nimium
540 2996 678 3038 inquirens
691 2998 719 3025 in
732 3000 772 3031 se,
785 3001 851 3036 quod
864 3002 967 3041 qescirct
981 3012 1078 3029 manum
1092 3003 1120 3029 de
1183 3011 1226 3039 pta
1242 3006 1433 3032 memorabant.
1506 3008 1600 3042 Superi.
1620 3008 1757 3041 Augustin.
1773 3008 1851 3042 Epist.
1866 3014 1911 3041 238
1944 3009 1980 3036 Vt
2001 3017 2030 3035 ea
2049 3018 2115 3043 quae
2135 3010 2230 3036 restant

76 3028 162 3056 tabula
178 3029 278 3061 tollere,
298 3037 326 3055 vt
345 3027 379 3061 est
393 3039 420 3056 m
434 3033 581 3066 prouerbzo,
596 3032 773 3072 ζιακιςότεχνος.
846 3037 903 3064 Cic.
918 3037 1031 3073 Philipp.
1044 3047 1077 3071 ιι,
1093 3048 1122 3065 ιο
1182 3041 1339 3067 insanissime
1358 3041 1535 3076 desperentur.

78 3063 189 3090 Occulta
200 3065 272 3091 enim
286 3071 359 3092 erant
378 3066 445 3092 vitia
459 3076 513 3093 non
525 3068 682 3103 inquirenti.
1222 3084 1230 3102 1
1243 3084 1263 3103 N
1273 3084 1285 3103 s
1295 3084 1315 3103 A
1327 3084 1349 3103 N
1360 3084 1369 3102 1
1382 3083 1402 3103 O
1411 3097 1420 3109 ‚
1445 3078 1483 3103 fui
1493 3097 1501 3110 ,
1523 3081 1571 3104 ire.
1608 3079 1762 3112 [ffloeiyoffioeg
1777 3077 1945 3113 παρακόπτω]
1981 3077 2109 3112 Defipere,
2123 3086 2146 3105 ct
2164 3080 2230 3115 infin

117 3104 128 3124 1
139 3105 160 3125 N
171 3105 220 3138 Qv
231 3102 313 3127 1si'r
323 3108 342 3126 ν
352 3108 380 3131 s,
400 3110 432 3134 a,
451 3111 506 3129 um.
534 3103 601 3129 Part.
636 3103 823 3141 [ἐπιζητηθεῐς]
860 3107 919 3135 Liu.
935 3117 972 3139 ιο,
985 3119 1021 3143 40
1050 3109 1120 3136 Ter·
1132 3116 1165 3141 80
1183 3122 1239 3137 num
1248 3111 1319 3147 ficri.
1356 3113 1424 3139 Ter.
1440 3113 1513 3140 Adel.
1528 3122 1552 3144 2,
1566 3123 1582 3145 1,
1595 3123 1627 3148 43
1653 3114 1766 3141 Minime
1786 3114 1886 3144 miror,
1899 3114 1946 3148 qui
1965 3113 2080 3140 insanire
2093 3115 2229 3149 occipiunt

77 3133 161 3165 tiam,
174 3143 251 3168 quam
266 3136 321 3170 ipse
335 3145 383 3170 pro
403 3137 527 3172 inquisita
539 3147 568 3165 ac
588 3138 635 3165 fibi
654 3148 786 3175 comperta
805 3141 888 3170 affert.
961 3144 1036 3171 Idem
1049 3154 1088 3176 22,
1103 3153 1121 3179 7
1184 3157 1215 3174 ex
1231 3148 1340 3174 iniuria.
1377 3149 1449 3183 Cous.
1465 3149 1524 3175 Liu.
1537 3157 1562 3184 7,
1576 3158 1614 3181 39.
1668 3150 1736 3176 Ter.
1752 3150 1816 3175 Eun.
1831 3157 1853 3180 3,
1868 3156 1891 3182 5,
1903 3155 1916 3177 8
1938 3149 2017 3174 Sanus
2030 3149 2092 3182 sim,
2105 3159 2173 3177 anne
2189 3151 2228 3177 in-

79 3169 208 3196 Flaminii
220 3179 312 3205 corpus
324 3181 417 3206 magna
431 3182 490 3200 cum
503 3183 565 3200 cura
581 3174 735 3209 inquisitum
755 3186 809 3203 non
823 3178 935 3205 inuenit.
1063 3178 1084 3218 ff
1107 3189 1120 3206 2
1184 3184 1292 3210 faniam.
1354 3183 1422 3210 Ibid.
1438 3193 1458 3216 1,
1473 3193 1492 3217 1,
1507 3187 1534 3210 16
1558 3186 1659 3211 Incerta
1673 3185 1735 3210 haec
1750 3185 1767 3210 ti
1781 3191 1809 3210 tu
1823 3183 1933 3218 postules
1949 3184 2063 3211 Ratione
2077 3192 2145 3211 certa
2161 3186 2227 3212 face-

80 3206 140 3232 Non
154 3204 299 3240 exquisitus,
314 3210 482 3242 inexploratus
492 3220 499 3234 .·
539 3210 621 3237 Plaut.
635 3212 729 3247 Amph.
750 3221 778 3247 4,
792 3222 813 3245 1,
824 3222 841 3246 9
869 3215 1057 3249 Quaestionem
1079 3218 1119 3244 in·
1184 3228 1230 3249 re,
1248 3219 1336 3245 nihilo
1357 3220 1415 3253 plus
1433 3229 1508 3254 agas,
1527 3229 1606 3255 quam
1625 3220 1643 3246 si
1662 3220 1706 3246 des
1725 3229 1846 3254 operam,
1861 3226 1889 3246 vt
1909 3228 1970 3245 cum
1987 3221 2089 3246 ratione
2105 3221 2228 3249 insanisu.

78 3240 201 3276 qnififfim
214 3240 342 3269 ammes&
365 3244 560 3280 C⁰⁷²fi1bld·22
573 3254 598 3278 2³
612 3254 670 3281 217.
1183 3255 1300 3281 Insanire
1319 3264 1410 3282 amore
1431 3255 1542 3282 alicuius
1567 3256 1631 3281 Plin.
1652 3264 1689 3287 ιο,
1710 3263 1746 3289 37.
1818 3256 1848 3281 In
1867 3255 1966 3281 alienos
1985 3255 2088 3282 insanus
2107 3256 2227 3284 insanisti

90 3304 93 3307 .
116 3283 128 3302 1
139 3281 340 3310 NQVISITE.
370 3279 438 3306 Adu.
475 3281 543 3307 Geli.
560 3290 580 3313 1,
594 3290 607 3313 3
626 3283 737 3318 Compar.
756 3284 958 3319 Theophrastus
977 3287 1054 3321 super
1071 3286 1118 3314 hac
1137 3284 1166 3313 35
1184 3289 1241 3316 Cic.
1253 3291 1282 3316 in
1296 3292 1370 3317 Orat.
1387 3299 1408 3317 c.
1421 3294 1463 3325 67.
1534 3290 1678 3317 Amoribus
1692 3291 1806 3318 insanire
1821 3291 1887 3317 Hor.
1901 3290 1981 3317 Serm.
1995 3299 2015 3322 1,
2026 3301 2054 3325 4,
2071 3299 2110 3326 27.
2167 3293 2225 3320 Cic.

26 3341 43 3352 ,Ι
79 3320 110 3343 te
124 3310 276 3345 ianffitiUS
291 3320 369 3345 quam
388 3315 485 3342 Cicero
503 3316 636 3350 disseruit,
653 3321 671 3344 i.
691 3318 852 3356 diligentius,
863 3325 1012 3348 accuratius.
1184 3327 1261 3352 Verr.
1275 3337 1303 3361 4,
1318 3335 1348 3359 39
1368 3328 1403 3352 Vt
1417 3325 1470 3352 sme
1483 3326 1535 3352 vlla
1552 3326 1718 3352 dubitatione
1730 3326 1845 3352 insanire
1857 3326 1996 3359 omnibus,
2008 3335 2036 3353 ac
2052 3327 2140 3353 furere
2153 3329 2226 3354 vide-

14 3367 27 3373 ·<
115 3353 371 3386 INQVISl'T210‚
390 3351 457 3377 smis-
484 3352 503 3378 f·
540 3352 711 3388 [ἐπιζήτησις]
749 3355 919 3392 Ῑνῑκέῖίῗίςαιίο,
955 3357 1011 3384 Cic.
1027 3358 1078 3385 Off.
1096 3368 1117 3392 1,
1181 3370 1265 3388 retur.
1338 3362 1396 3388 Nili
1415 3370 1464 3395 ego
1484 3361 1601 3387 insanio:
1622 3365 1640 3387 i.
1666 3361 1723 3395 Nzfl
1743 3362 1814 3388 ualde
1832 3361 1935 3395 aberro,
1949 3369 1972 3387 et
1990 3372 2005 3388 a
2019 3367 2139 3388 communi
2150 3364 2226 3398 sensu

15 3380 25 3402 3³
44 3411 47 3416 „
79 3391 104 3415 ¹3
117 3391 137 3409 c.
152 3392 171 3416 4
196 3382 226 3407 ln
242 3390 385 3422 prunisque
398 3384 512 3414 hominis
526 3388 562 3415 est
577 3389 683 3423 propria
697 3391 755 3417 veri
767 3391 906 3426 inquisitio
919 3398 999 3426 atque
1011 3394 1118 3421 inuesti-
1175 3397 1232 3434 sum
1245 3398 1350 3423 alienus.
1384 3397 1440 3424 Cic.
1453 3398 1506 3423 Att.
1520 3404 1546 3430 7,
1560 3406 1588 3423 ιο
1610 3396 1701 3423 Adhuc
1714 3403 1784 3424 certe
1797 3397 1864 3429 (nisi
1881 3406 1930 3431 ego
1942 3398 2026 3429 sanio)
2042 3397 2117 3424 stulte
2126 3401 2225 3430 omnia,

79 3418 160 3452 {3⁴³in-
229 3417 346 3458 1³stthss
359 3420 445 3452 operis
456 3422 595 3457 inquisitio
614 3425 746 3458 Qtinc‘til.
759 3427 865 3461 Tryph.
938 3428 1043 3456 Firluic-
1058 3438 1078 3462 ς,
1093 3440 1117 3462 13
1181 3438 1206 3459 et
1222 3433 1335 3461 incaute.
1406 3433 1474 3459 Ter.
1488 3432 1593 3458 Phorm.
1610 3442 1636 3465 4,
1648 3441 1671 3465 3,
1687 3440 1720 3467 37
1749 3433 1837 3459 Primo
1851 3432 1933 3459 homo
1945 3432 2091 3467 insanibat,
2110 3437 2129 3460 i.
2152 3437 2226 3460 nimi-

23 3458 39 3489 ἶ..
78 3453 123 3480 Sol
136 3452 256 3479 homines
274 3453 354 3478 factet
372 3455 516 3487 profundae
535 3460 723 3494 cogitationis,
741 3467 768 3489 et
787 3463 833 3497 qui
852 3472 892 3489 res
910 3472 1014 3496 magnas
1035 3472 1059 3491 et
1073 3475 1115 3492 oc-
1130 3471 1166 3496 90
1180 3478 1220 3494 um
1238 3467 1385 3502 postulabat.
1457 3467 1575 3494 Insanire
1595 3467 1660 3494 libet
1680 3468 1807 3502 quoniam
1826 3467 1894 3507 tibi,
1915 3471 1933 3494 i.
1953 3467 2059 3500 stultam
2071 3469 2224 3504 sponsionem

23 3487 35 3514 ’.ἶ
55 3491 58 3495 ’
79 3489 160 3516 cultas
174 3488 258 3521 sagaci
278 3488 379 3521 semper
397 3489 565 3524 inquisitione
583 3497 745 3530 perquirant.
815 3499 897 3525 Plaut.
913 3499 995 3525 Cafln.
1014 3509 1035 3532 3,
1051 3509 1070 3532 ι,
1087 3504 1116 3528 16
1175 3503 1265 3539 facere
1279 3504 1355 3537 Virg.
1371 3503 1424 3528 Ecl.
1445 3511 1467 3534 3,
1486 3506 1526 3534 36.
1574 3503 1672 3538 Injlmit
1692 3507 1754 3529 enim
1768 3504 1890 3535 Seruius,
1902 3513 1955 3529 cum
1975 3508 2029 3535 ait,
2043 3504 2162 3531 Insanire
2181 3504 2224 3538 effe

24 3525 34 3544 ’ἶ
48 3533 53 3536 ·
76 3523 127 3551 Sed
142 3530 169 3550 tu
183 3532 245 3549 caue
264 3523 431 3557 inquisitioni
444 3534 478 3551 ne
491 3528 558 3556 mihi
571 3531 611 3557 fis.
630 3535 649 3558 i.
673 3534 721 3558 Fac
735 3540 758 3559 te
772 3533 837 3560 domi
855 3535 987 3562 inueniam.
1058 3537 1116 3563 Cic.
1181 3540 1294 3565 Carmen
1314 3547 1488 3572 componere:
1509 3537 1772 3572 quodPoetae,d11m
1792 3539 1909 3564 carmina
1924 3538 2109 3572 conscribunt,
2129 3541 2224 3568 furore

76 3568 127 3594 Pro
141 3560 259 3585 Mumen·
272 3567 310 3591 44
329 3559 401 3599 .N⁰¹¹.
411 3560 493 3599 placet
506 3563 726 3602 mihffinqssifisso
746 3569 874 3597 candidati
884 3590 891 3601 9
906 3571 1058 3603 ΡΓΘΕΠΠΜῑδ
1077 3581 1116 3598 re·
1181 3575 1281 3608 corripi
1295 3574 1423 3600 dicantur.
1459 3573 1535 3600 Vnde
1549 3575 1636 3600 insani
1651 3574 1770 3600 dicantur
1784 3574 1885 3600 Poetae.
1945 3575 2063 3601 Insanire
2076 3577 2106 3601 de
2113 3576 2225 3610 sumtuo-

77 3594 175 3629 pulsae,
216 3595 306 3629 Nempe
327 3602 440 3631 inqiut-it
455 3596 564 3631 ficturus
581 3603 721 3638 accufiztor,
734 3612 763 3630 vt
781 3605 848 3632 modo
869 3606 986 3632 vidimus.
1042 3607 1116 3634 Idem
1174 3609 1303 3643 fi1Plaut.
1315 3610 1374 3636 Mil.
1389 3617 1411 3641 3,
1424 3612 1507 3640 ι,ιάο.
1545 3609 1660 3637 Αιιξὶ.εά
1670 3610 1805 3642 Her.4,63
1819 3619 1840 3635 c.
1850 3617 1881 3641 50
1895 3609 2019 3636 :rameru
2033 3610 2060 3636 in
2068 3610 2222 3637 Tusculano

39 3629 41 3634 ¹
78 3631 156 3657 Verr-
171 3639 193 3662 2³
209 3639 231 3656 Π
245 3639 305 3669 ⁶24·
377 3631 461 3664 Agere
474 3632 689 3672 inquisitionem,
709 3640 763 3666 vid.
776 3647 855 3669 AGO.
1127 3648 1160 3674 95
1181 3645 1290 3679 quidem
1306 3645 1381 3679 coepi
1395 3644 1509 3671 insanire
1519 3664 1525 3675 ‚
1543 3652 1569 3671 et
1582 3646 1610 3671 in
1628 3643 1724 3671 iisdem
1744 3645 1921 3671 fundamentis
1937 3644 2082 3673 aedificare.
2153 3647 2221 3673 Insa-

29 3666 45 3695 ΪΪ.
115 3672 125 3691 1
137 3673 158 3691 N
170 3671 219 3705 ἣν
231 3673 260 3692 IS
273 3672 280 3690 ¹
291 3672 312 3692 T
322 3672 385 3698 0R,
410 3666 474 3707 5²4⁵:
495 3677 533 3707 *¹¹¹-
570 3671 745 3709 [ἕταξητητῆς]
781 3677 832 3711 ‚Qti
843 3674 984 3712 inuestigat,
998 3679 1115 3712 inquirit.
1179 3681 1239 3706 nire
1254 3681 1381 3707 insaniam
1396 3679 1507 3707 hilarem
1526 3680 1583 3706 Sen.
1598 3680 1630 3706 de
1643 3680 1705 3706 Vita
1717 3679 1793 3706 beata
1806 3689 1827 3705 c.
1844 3688 1875 3706 12.
1887 3681 1919 3706 al.
1933 3680 2026 3708 hilare.

39 3706 41 3708 '
76 3701 144 3727 Plin.
156 3707 179 3736 8,
192 3710 228 3734 40
261 3701 395 3727 Scrutatur
409 3701 517 3736 vestigia
538 3709 615 3739 atque
631 3711 817 3745 persequitur,
843 3713 1013 3739 comitantem
1027 3711 1059 3738 ad
1078 3713 1116 3738 fe·
1216 3722 1339 3743 thAN
1349 3724 1358 3742 1
1369 3723 1385 3742 Ε
1396 3722 1415 3740 N
1426 3723 1454 3745 S,
1476 3716 1550 3741 entis.
1581 3716 1674 3741 Partic.
1711 3713 1891 3749 [μαινόμενος]
1928 3715 1996 3743 Ter.
2010 3717 2083 3743 Adel.
2103 3725 2130 3749 4,
2148 3724 2173 3746 2,
2192 3723 2219 3747 23

75 3745 134 3763 ram
154 3736 338 3771 inquisitorem
358 3736 419 3763 ¹010
440 3737 588 3771 retrahens,
602 3747 647 3769 etc,
664 3744 693 3770 de
710 3747 820 3774 canibur.
892 3748 946 3774 Cic.
962 3749 1037 3773 Verr.
1060 3757 1079 3780 ι,
1099 3750 1116 3774 6
1179 3751 1278 3777 Verum
1293 3752 1366 3777 venit
1378 3751 1432 3785 posi
1449 3751 1588 3784 insaniens,
1601 3759 1666 3786 prae
1678 3754 1727 3776 ira.
1801 3751 1965 3785 Bosphorum
1981 3753 2151 3778 insanientem
2165 3758 2220 3777 ten·

37 3792 39 3794 ·
77 3781 99 3798 Ε·
113 3781 125 3798 2
146 3772 194 3798 11¹0
215 3772 342 3811 Achfliffl}
362 3772 512 3806 inquisitor.
567 3775 632 3802 Pliu-
645 3778 720 3812 Epist.
739 3791 761 3814 3,
782 3792 799 3815 9
829 3784 986 3810 Norbanum
1000 3783 1115 3810 Licinia·
1179 3792 1234 3812 tare
1255 3787 1321 3813 Hor.
1338 3788 1425 3813 Carni.
1440 3795 1461 3817 3,
1477 3795 1504 3818 4,
1519 3795 1558 3818 30.
1629 3785 1761 3820 Sapientia
1778 3786 1909 3814 insaniens
1927 3787 2000 3815 Idem
2012 3788 2099 3813 Carni.
2114 3794 2134 3818 ι,
2147 3793 2189 3818 34,
2202 3793 2220 3811 2.

75 3816 140 3833 num
158 3807 272 3841 legatum
290 3814 316 3834 et
330 3808 515 3842 inquisitorem
527 3817 601 3836 reum
619 3813 767 3845 postulauit.
803 3819 876 3855 Cous.
891 3820 959 3845 Suet.
972 3820 1043 3845 Caes.
1057 3828 1080 3846 c.
1093 3828 1169 3846 1.100
1178 3822 1335 3856 Philosophia
1350 3823 1477 3856 Epicurea.
1770 3838 1780 3845 ι
2181 3854 2188 3859 ·

32 3870 35 3876 ,
76 3843 109 3870 Ee
120 3843 178 3870 Sen.
194 3843 256 3870 Nat.
272 3844 377 3877 Qlaest.
393 3847 420 3876 6,
433 3852 467 3876 13.
487 3845 528 3870 vel
540 3845 659 3873 Macrob.
673 3848 762 3878 Somn.
774 3854 842 3889 Scip.
859 3865 876 3887 l,
892 3862 967 3890 upr.
1216 3863 1340 3883 INSAN
1352 3864 1358 3882 1
1369 3858 1473 3883 Tx'er
1483 3862 1511 3885 s,
1531 3865 1562 3888 a,
1582 3865 1637 3883 um.
1663 3856 1729 3883 Part.
1765 3857 1823 3884 Cic.
1837 3857 1890 3884 Att.
1903 3866 1937 3890 ι3,
1949 3865 1979 3890 29
2008 3854 2142 3881 Othonem
2160 3862 2220 3881 vm-

744 3906 745 3911 =
1181 3900 1222 3918 cas
1238 3892 1316 3918 volo:
1333 3901 1380 3918 nec
1395 3898 1482 3918 tamen
1497 3891 1672 3918 insaniturum
1686 3892 1761 3918 illum
1775 3899 1848 3927 puto.

459 3907 472 3937 I
566 3908 596 3938 N
702 3911 730 3941 R
1218 3934 1228 3952 Ι
1238 3934 1258 3952 N
1268 3934 1280 3953 S
1289 3934 1310 3954 A
1319 3934 1341 3952 N
1351 3935 1358 3952 1
1369 3934 1389 3954 Α
1399 3947 1407 3959 ,
1427 3935 1464 3953 ae.
1483 3927 1502 3952 f.
1539 3928 1653 3962 [μανία]
1688 3929 1825 3954 Dementia.
1848 3929 1916 3954 Plur.
1951 3924 2031 3950 Plaut·
2047 3924 2135 3951 Afflssl-
2149 3933 2177 3958 42
2191 3933 2219 3956 4³

111 3956 235 3978 INREC
248 3957 270 3978 'r
285 3957 305 3977 v
316 3959 346 3985 S,
364 3960 393 3982 a,
411 3961 466 3978 um.
491 3951 551 3978 Adi.
589 3953 732 3988 Vulpinari
746 3956 846 3988 ιὶὶᾶωῃ
859 3962 893 3989 ab
902 3962 1005 3990 ing-0610
1012 3956 1117 3998 (finon
1182 3971 1206 3991 15
1232 3963 1332 3989 Laruae
1347 3963 1431 3991 hunc,
1445 3967 1523 3995 atque
1542 3963 1715 3997 intemperiae
1729 3964 1897 3996 insaniaeque
1916 3961 2013 3993 agitant
2029 3960 2123 3999 senem:
2145 3994 2149 3998 Ι
2167 3960 2221 3999 *An

75 3983 165 4019 γρᾶο]
179 3985 223 4012 sed
233 3987 336 4014 intorto
349 3988 473 4023 vulPlum
487 3989 563 4014 cursu
584 3988 658 4016 Non.
670 3999 691 4024 1,
705 3993 765 4018 226.
1125 4002 1170 4030 [ος
1182 3997 1218 4025 est
1232 3997 1376 4033 quidquam
1398 3997 1508 4024 similius
1526 3998 1650 4031 insaniae,
1658 4008 1737 4034 quam
1750 3999 1808 4027 isa}
1828 4005 1906 4031 quam
1919 3995 1985 4022 bene
1999 3995 2097 4021 Ennius
2110 4002 2222 4021 mltum}

282 4036 292 4055 f
1378 4040 1395 4068 7
1418 4033 1441 4060 D
1477 4041 1493 4060 2
2152 4029 2221 4057 dixit
