2479 4225
260 215 304 254 95
639 181 912 227 DEP

261 288 302 315 vel
317 290 419 313 contra,
440 277 588 313 Depositum
607 275 658 306 est,
683 272 752 308 quod
781 266 977 309 custodiendum
988 263 1081 324 dalicui
1117 257 1284 330 datlssgmffnnqsi,

262 323 359 350 dicium
377 326 406 343 cx
421 325 467 346 ec,
487 312 557 348 quod
573 311 687 349 ponitur.
722 308 878 343 praepositio
897 309 968 326 enini
1006 308 1036 332 e,
1057 307 1121 348 auge
1178 332 1180 335 .
1198 315 1204 320 .
1277 313 1285 333 .’

593 347 596 351 '
669 353 675 357 ⁴
689 344 735 368 esse
749 339 924 367 0011111111111111,
963 335 1015 361 uod
1035 334 1066 360 ad
1084 331 1227 359 custodiam
1246 337 1286 355 rei

261 364 289 383 Vt
308 352 421 415 iiiigiidat
440 348 710 417 tOtEIelpsscllffimelugsC
725 377 832 402 Caesare
847 371 879 397 ad
894 345 984 410 aedi-lui
996 370 1060 403 Opis
1080 373 1233 408 occupatum
1254 364 1287 390 ab

262 400 380 452 {liii-onio
391 420 459 446 Vell.
474 428 487 445 2
518 421 561 448 60,
577 426 604 449 4.
674 410 823 445 Depoiituin
843 407 927 440 sospes
948 413 997 432 erit
1017 407 1105 430 lunen.
1120 405 1170 428 bat.
1186 410 1218 432 13,
1231 405 1286 440 1718.
1309 413 1322 439 5

263 462 308 487 Cic
329 458 410 484 Tusc.
426 464 436 478 2
463 439 498 480 1-1,
511 452 564 485 Qui
577 454 682 484 propter
694 445 830 472 auaritiam
845 442 920 468 Clam
940 440 1084 474 depositum
1097 447 1149 464 non
1163 435 1290 474 reddidit,

282 479 332 520 uod
346 492 380 518 est
396 473 547 516 iiiiiistitiae.
617 482 767 517 Depositum
782 478 926 512 abnegare,
951 476 1003 516 mii.
1021 480 1161 512 ABNFGO·
1207 474 1289 513 ⁴Acci-

263 505 324 555 qere
338 526 479 560 depolitum
492 519 599 554 Qiine't.
610 527 636 552 7,
647 527 664 549 4
679 521 723 549 (3).
794 513 887 539 Celare
900 512 1044 546 depositum
1057 510 1181 537 alicuius,
1201 516 1218 532 1.
1235 515 1290 531 corz-

257 540 357 602 }ruarc
377 568 398 587 ct
416 560 554 594 abscondere
572 553 707 580 Claudian.
721 549 752 574 de
767 549 842 583 Rapt.
854 549 970 581 Proser-p.
985 555 1008 578 3,
1044 564 1050 571 .
1090 563 1096 570 .
1168 544 1291 575 Aruaque

264 598 330 626 iussit
346 597 443 623 Fallere
457 591 600 625 depolitum
612 587 691 615 Ouid.
701 586 762 611 Met.
776 592 799 616 ς,
814 588 856 617 48.
875 587 893 610 i.
903 580 1021 619 fruHum
1033 579 1170 619 nonfesre.
1223 575 1290 603 Red-
1308 592 1336 610 10

265 635 325 661 dere
339 630 479 666 depositum
494 626 565 652 ldeni
577 625 609 650 de
625 625 685 649 Arre
698 621 755 646 Ain.
770 628 789 651 1,
803 622 859 652 641.
913 616 1190 656 Reddere'depositum
1206 613 1292 646 legen-

265 670 334 697 tibus
354 663 458 699 Qiincl.
473 671 492 694 1,
505 669 530 695 7.
570 659 637 686 Aild.
652 657 705 682 Cic.
723 654 811 681 Parad.
825 662 847 686 3,
863 662 881 679 1.
951 654 1101 690 Depositum
1122 659 1149 675 in
1163 648 1291 687 sequestre

296 714 312 730 ο
332 704 369 728 rie
383 701 474 725 dicitur
503 695 582 729 Qiod
595 703 609 720 a
622 691 740 727 pluribus
749 689 898 715 insolidum
911 695 982 715 certa
989 687 1141 713 conditione
1148 683 1293 711 custodien-

265 713 329 766 giiuli
344 717 553 765 reddenduinque
561 729 670 755 traditur
684 726 701 752 l.
708 729 723 752 6
732 727 762 751 D.
771 724 877 758 depolit.
921 722 1074 757 Depositum
1083 721 1117 747 est
1126 719 1291 759 Contrac‘lus‚

284 783 317 800 uo
326 759 364 798 ies
377 770 462 803 aliqua
476 776 504 793 ea
520 767 574 798 lege
586 763 654 797 apud
668 762 779 788 alterum
793 759 943 794 deponitur,
956 765 983 785 vt
993 758 1014 784 is
1021 758 1112 783 dolum
1120 763 1220 783 tantum
1230 764 1256 794 in
1264 762 1294 780 ea
1309 766 1335 792 ¹5

265 785 393 836 ileddeuda
435 812 487 828 non
505 801 606 833 culpam
619 797 746 833 praestare
768 795 861 821 debeat
881 795 898 821 l.
919 803 927 820 1
955 795 987 820 D.
1007 793 1039 819 de
1053 793 1135 826 oblig.
1151 798 1175 817 et
1195 791 1292 817 achon.

264 825 414 876 Depositun'i
429 836 550 863 iudiciale
563 834 614 866 est,
634 835 722 867 Qium
736 840 777 858 res
789 839 834 863 ea,
853 830 884 856 de
897 838 948 864 qua
963 827 1149 868 Controuerfia
1161 827 1205 857 sit,
1225 824 1294 860 apud

264 877 395 905 officium,
420 872 460 898 vel
477 871 524 897 vbi
542 866 622 896 iisdex
643 868 777 899 statuerit,
796 865 937 900 deponitur
954 865 972 890 l.
985 866 1012 890 16
1033 873 1060 889 111
1074 863 1120 890 tin.
1145 863 1178 889 D.
1198 862 1229 888 de
1247 856 1293 887 off.

263 902 342 949 praes.
362 911 378 935 l.
392 917 408 943 7
430 906 452 941 6.
465 907 513 933 vlt.
540 907 572 932 D.
586 905 641 938 Qi
653 903 738 931 satisd.
754 910 811 936 cog.
829 902 872 935 l.7
892 901 924 926 D.
937 899 1045 934 depofit.

299 954 316 973 D
325 953 341 972 r.
350 953 364 971 P
373 951 391 970 o
401 952 413 970 s
423 952 432 969 i
441 950 462 969 Τ
472 950 480 967 1
491 949 509 968 0
518 961 525 973 ,
538 944 605 967 onis.
629 941 649 966 f.
680 938 761 967 Actus
774 938 824 974 ipse
839 935 982 972 deponendi.
1019 935 1137 961 Florent.
1152 933 1189 959 in.
1203 933 1219 958 1.
1235 932 1297 958 lieet
1309 947 1343 966 20

261 983 392 1017 deponere
418 980 451 1005 D.
469 977 593 1015 depolit3
774 1011 778 1015 Ι
872 1009 876 1013 .
1072 1007 1076 1011 ⁴
1215 1002 1221 1007 .

297 1024 315 1043 D
325 1024 340 1043 E
351 1022 393 1041 ro
403 1022 414 1040 s
424 1022 431 1040 1
441 1019 461 1039 T
471 1020 534 1045 ou,
553 1014 617 1038 oris.
654 1019 688 1036 m.
726 1009 776 1044 Qu
790 1006 902 1042 deponit,
920 1012 963 1032 aut
979 1005 1096 1041 depoflnt.
1138 1004 1199 1037 le.
1213 1012 1241 1028 ni
1254 1002 1270 1027 l.
1288 1009 1298 1028 1

264 1051 287 1090 §.
302 1051 377 1086 Apud
390 1050 521 1076 Iulianum
547 1048 579 1074 D.
592 1045 700 1080 depolit.
772 1045 826 1070 Iani
842 1042 904 1068 cede
917 1041 1030 1073 Sabelli,
1047 1039 1238 1074 Depofitorque
1254 1038 1298 1064 Pa»

262 1089 310 1115 tris
324 1086 441 1120 Natique
454 1084 541 1110 insane
558 1088 667 1115 negator
684 1080 761 1107 Prud.
777 1077 873 1113 Apoth.
895 1087 920 1103 ν.
934 1085 987 1112 179.

300 1130 318 1149 D
328 1130 343 1149 Ε
352 1130 366 1149 P
375 1128 394 1149 O
404 1128 415 1147 S
428 1126 436 1146 1
449 1127 469 1146 T
478 1127 499 1145 A
509 1126 527 1145 R
537 1126 545 1144 l
554 1124 573 1143 V
581 1125 593 1144 s
603 1134 610 1147 ‚
631 1116 661 1142 ii.
696 1125 730 1142 m.
767 1113 1003 1151 [σννθηκοφύλαξ]
1029 1109 1113 1141 Custos
1128 1109 1241 1145 depositi,
1259 1109 1300 1134 vel
1310 1117 1341 1144 25

263 1159 389 1195 Suscepwr
403 1154 561 1190 depositarum
573 1161 663 1179 rerum.
701 1151 759 1190 le.
772 1151 789 1176 l.
804 1159 812 1175 1
834 1147 857 1185 §
873 1149 899 1189 §i
912 1156 1021 1182 pecunia
1039 1147 1071 1172 D.
1085 1146 1206 1186 depolsti,
1222 1145 1299 1184 Satis·-

264 1194 370 1220 datione
397 1199 483 1217 autem
507 1197 561 1215 non
580 1189 772 1214 interueniente
792 1194 848 1211 rem
873 1193 902 1209 in
921 1183 1012 1209 aedem
1032 1182 1147 1216 deponi,
1180 1187 1205 1207 et
1223 1189 1297 1220 omni

263 1229 367 1256 36110110
380 1225 564 1260 depositarium
576 1222 695 1249 liberari.
767 1221 948 1255 Deponentem
962 1217 1107 1254 significare
1119 1216 1218 1243 videtur
1231 1215 1298 1242 ibid.

251 1265 312 1299 'l.7
337 1262 421 1301 61111.
551 1296 563 1300 -

299 1300 635 1326 DEPONTANI,0rum.
656 1300 692 1318 m.

263 1333 412 1369 Depontani
420 1333 489 1358 senes
504 1328 719 1364 appellabantur,
740 1327 787 1361 qui
798 1324 999 1360 sexagenariide
1007 1329 1086 1358 ponte
1094 1323 1296 1349 deiiciebantur.

262 1371 309 1398 Sed
314 1369 375 1396 illud
380 1368 455 1403 ipsimi
463 1366 586 1401 obscurum
593 1363 634 1396 est.
656 1362 742 1390 Festus
749 1362 820 1389 uerbo
828 1360 1013 1395 Sexagenarios
1020 1361 1117 1395 longam
1124 1359 1194 1385 habet
1201 1368 1227 1384 ea
1236 1358 1264 1384 dc
1270 1366 1297 1384 re

261 1405 464 1441 disputationem,
485 1404 553 1426 cuius
570 1402 631 1430 loci,
647 1408 696 1434 qua
712 1404 841 1432 corruptus
861 1395 893 1429 est
914 1397 1094 1431 Scaligeranam
1118 1393 1245 1433 lechonem
1264 1403 1296 1419 an

259 1442 486 1474 interpretationem
498 1439 510 1461 ,ἵ
527 1442 643 1469 ponemus
656 1444 663 1458 ;
689 1432 874 1466 Sexagenarios
888 1431 919 1457 de
931 1438 1011 1465 ponte
1024 1430 1096 1457 mitti
1114 1430 1179 1456 olim
1194 1428 1297 1455 diceba·

261 1481 319 1507 tur,
339 1474 412 1499 cuius
431 1471 531 1497 causam
544 1469 667 1494 Manilius
687 1467 752 1492 hanc
767 1467 858 1498 affert,
877 1467 949 1500 quod
967 1466 1014 1500 qui
1035 1466 1196 1492 incoluerint
1216 1464 1297 1499 primi
1312 1474 1340 1501 ὃς

261 1511 318 1536 loca
332 1508 419 1539 vrbis,
437 1505 572 1532 hominem
588 1502 718 1536 sexaginta
735 1510 816 1527 annos
829 1507 919 1526 natum
931 1501 988 1526 Diti
1005 1501 1074 1534 patri
1092 1502 1233 1534 quotannis
1247 1501 1296 1526 im-

262 1545 362 1572 molare
382 1541 512 1571 solebant,
537 1539 616 1573 idque
636 1539 721 1564 facere
739 1545 783 1562 eos
804 1535 924 1561 destitisse
942 1536 1057 1560 aduentu
1077 1535 1220 1560 Herculis:
1252 1535 1296 1561 sed

262 1580 392 1613 religione
411 1575 507 1603 veteris
530 1575 613 1600 moris
634 1573 741 1606 scirpeas
762 1569 859 1605 effigies
882 1569 1022 1596 hominum
1042 1578 1086 1595 eos
1112 1569 1297 1607 tantummodo

263 1617 367 1642 mittere
385 1613 416 1639 de
431 1617 519 1646 ponte.
556 1609 611 1635 Alii
627 1609 715 1640 aiunt,
734 1612 853 1633 morante
872 1605 899 1632 in
912 1605 988 1631 Italia
1002 1604 1134 1635 Hercule,
1152 1604 1223 1638 quod
1237 1612 1297 1637 qni-

264 1652 322 1677 dam
343 1650 398 1675 eius
414 1647 542 1673 comitum
561 1643 738 1670 habitauerint
751 1641 889 1668 secundum
908 1641 993 1674 ripam
1007 1640 1137 1672 Tiberis,
1157 1646 1235 1674 atque
1249 1640 1296 1665 Ar·
1303 1653 1341 1678 40

264 1695 324 1721 geos
340 1686 364 1711 se
381 1681 536 1710 vocauerint
555 1680 587 1706 ab
603 1679 679 1713 Argis
695 1689 703 1710 ς
729 1686 845 1712 quorum
861 1678 886 1702 P.
899 1676 948 1702 Ro.
968 1676 1081 1710 (Populo
1094 1675 1224 1709 Romano)
1243 1683 1297 1700 me-

263 1722 375 1748 moriam
391 1716 573 1750 redintegrari.
627 1716 664 1740 Eo
683 1721 758 1748 gente
772 1712 882 1739 Graecia
904 1712 1016 1745 legatum
1036 1711 1166 1746 quendam
1181 1711 1297 1749 Argeum

263 1766 321 1783 curn
336 1756 368 1781 iis
382 1756 480 1780 Romae
492 1757 624 1777 moratum
637 1751 692 1776 effe.
726 1751 750 1775 Is
764 1754 791 1775 vt
805 1747 911 1778 obierit,
923 1746 1070 1773 institutum
1082 1755 1096 1772 a
1111 1744 1300 1776 sacerdotibus,

261 1798 289 1818 vt
307 1789 405 1823 effigies
419 1789 517 1821 scirpea
529 1795 560 1812 ex
574 1786 697 1811 omnibus
717 1782 990 1820 (Jcirpei'sfimzalacris
1005 1783 1088 1808 XXX
1097 1782 1218 1814 numero)
1239 1789 1299 1806 cum

261 1828 326 1861 quae
343 1823 444 1858 publica
459 1828 533 1847 erant
551 1821 688 1846 nuntiasset
703 1821 778 1854 (Hic
787 1822 868 1855 igitur
880 1821 968 1844 mimus
985 1817 1082 1853 quitiam
1102 1824 1170 1847 erat,
1181 1815 1338 1856 sacerdo-43

259 1869 296 1888 tes
310 1859 426 1895 quaedam
439 1858 503 1882 dicis
515 1856 586 1890 causa
599 1859 695 1881 nomine
706 1857 783 1890 legati
792 1854 904 1889 solebant
912 1853 996 1889 fari)
1010 1862 1056 1887 per
1070 1853 1168 1878 flumen
1184 1861 1212 1878 ac
1227 1860 1299 1877 mare

261 1897 290 1923 in
304 1896 413 1930 patriam
425 1892 612 1919 remitteretur.
655 1891 722 1924 Qcae
730 1889 868 1924 sequuntur
884 1887 955 1920 Festi,
970 1890 1036 1915 nihil
1046 1888 1135 1914 habent
1146 1887 1177 1913 ab
1190 1890 1299 1925 ingenio,

257 1932 304 1969 sed
318 1941 346 1956 ex
359 1930 430 1956 libris
437 1928 514 1962 fiant,
533 1935 591 1961 quos
604 1925 690 1950 laudat
705 1927 777 1950 ctiam
795 1922 892 1949 lsz'Hor.
910 1925 940 1949 V.
955 1924 984 1949 L.
999 1929 1033 1955 18,
1050 1930 1081 1957 7:
1105 1923 1183 1952 Sunt,
1199 1923 1245 1955 qui
1260 1921 1299 1946 di-

264 1974 337 1998 cant,
356 1964 411 1999 post
430 1962 521 1988 vrbem
536 1969 550 1986 a
564 1960 644 1986 Gallis
659 1960 796 1986 liberatam
812 1958 848 1984 ob
862 1958 980 1992 inopiam
993 1958 1094 1983 cibatus
1110 1962 1216 1991 coeptos
1229 1957 1299 1995 sexa:

263 2003 335 2037 ginta
350 2007 479 2026 annorum
498 1996 618 2022 homines
637 1995 687 2021 iaci
703 1995 730 2020 in
745 1994 890 2025 Tiberim,
911 2002 942 2019 ex
959 2002 1013 2027 quo
1032 2001 1145 2019 numero
1165 2001 1230 2018 vnus
1248 1991 1299 2017 filii
1311 2003 1343 2030 50

264 2039 359 2073 pictate
369 2034 511 2061 occultatus
525 2032 598 2065 saepe
612 2030 744 2064 profuerit
758 2029 857 2063 patriae
871 2028 979 2054 consilio
992 2028 1039 2054 sub
1053 2029 1163 2062 persona
1175 2027 1234 2054 filii.
1270 2027 1301 2052 ld

263 2080 292 2100 vt
308 2072 336 2098 sit
353 2070 501 2104 cognitum,
521 2067 546 2092 ei
560 2066 653 2092 iuueni
668 2066 714 2091 esse
728 2065 863 2098 ignotum,
882 2069 907 2089 et
927 2064 1101 2096 sexagenariis
1118 2064 1174 2089 vita
1187 2063 1301 2088 concessa

266 2110 332 2142 (aut
349 2114 374 2132 et
391 2103 513 2130 delendum
529 2102 644 2133 videtur,
664 2108 707 2127 aut
726 2100 864 2136 legendum,
881 2100 964 2125 vitam
979 2099 1137 2130 concessam)
1171 2113 1216 2117 —
1253 2096 1303 2123 Sed

264 2140 493 2178 exploratissimuin
509 2137 575 2163 illud
594 2136 628 2163 est
648 2136 756 2162 causae:
783 2144 836 2169 quo
851 2141 969 2174 tempore
990 2134 1105 2167 primum
1126 2142 1172 2167 per
1192 2138 1300 2167 pontem

264 2182 408 2213 coeperunt
422 2173 538 2200 comitiis
558 2172 709 2206 susti-agium
721 2171 807 2202 serre,
826 2172 944 2196 iuniores
960 2169 1203 2200 conclamauerunt‚
1220 2169 1256 2194 Vt
1270 2167 1303 2194 de
1319 2175 1346 2201 55¹

266 2221 345 2249 ponte
359 2211 536 2238 deiicerentur
554 2207 723 2241 sexagenarii,
734 2207 780 2240 qui
796 2207 848 2232 iam
868 2205 941 2232 nullo
960 2205 1068 2238 publico
1084 2213 1193 2230 munere
1208 2204 1301 2238 funge-

265 2257 372 2279 rentur,
394 2254 421 2272 vt
436 2244 481 2279 ipfi
495 2244 582 2278 potius
595 2243 645 2268 sibi
659 2251 736 2277 quani
751 2241 793 2267 illi
808 2241 952 2275 deligerent
968 2241 1162 2274 imperatorem.
1218 2240 1301 2266 Cuius

265 2283 406 2312 sententiae
419 2281 455 2307 est
468 2280 546 2306 etiam
559 2279 662 2304 Sinnius
681 2276 799 2311 (l'icslor.
813 2276 942 2307 Sicinius)
958 2276 1062 2309 Capito.
1099 2277 1200 2301 Vanam
1212 2281 1302 2301 autem

265 2321 419 2355 opinionem
440 2316 471 2341 de
492 2320 571 2349 ponte
591 2314 743 2345 Tiberino,
767 2312 933 2338 confirmauit
953 2311 1077 2336 Afranius
1097 2311 1125 2336 in
1145 2310 1302 2345 Repudiato.

264 2358 349 2382 Varro
363 2354 394 2380 de
403 2352 464 2377 Vita
476 2352 537 2384 Pop.
552 2351 628 2375 Rom.
643 2358 656 2375 2
681 2348 746 2384 apud
759 2348 830 2373 Non.
847 2356 883 2379 12,
897 2355 930 2373 22
957 2347 1046 2379 Qium
1061 2346 1089 2371 in
1110 2347 1231 2385 quintum
1246 2356 1302 2380 gra·
1309 2350 1345 2375 60

264 2391 325 2417 dum
340 2393 521 2424 peruenerant,
541 2391 618 2419 atque
632 2384 762 2411 habebant
776 2383 907 2417 sexaginta
919 2390 1009 2413 3111105,
1029 2388 1085 2407 111111
1099 2380 1214 2415 denique
1227 2388 1301 2408 erant

264 2436 279 2453 a
299 2423 411 2460 publicis
431 2421 545 2454 negotiis
565 2420 644 2446 liberi
662 2426 739 2454 atque
758 2418 844 2444 otiofi.
898 2417 962 2444 Ideo
981 2418 1009 2442 in
1028 2416 1174 2456 prouerbio
1192 2416 1301 2450 quidam

265 2467 354 2497 putant
373 2457 483 2488 venisse,
502 2462 530 2481 vt
550 2455 698 2488 diceretur,
720 2453 904 2487 Sexagenarios
925 2452 957 2478 de
971 2459 1049 2486 ponte
1068 2452 1149 2478 deiici
1167 2458 1302 2486 oportere,

265 2497 336 2531 quod
354 2489 576 2526 stiffi-agium‘non
596 2489 730 2519 ferebant,
751 2488 823 2522 quod
845 2497 891 2522 per
909 2494 1017 2523 pontem
1033 2487 1164 2514 ferebant.
1218 2487 1300 2514 Ouid.

266 2531 333 2560 Fast.
346 2538 370 2563 ς,
382 2532 428 2555 621
449 2527 490 2552 vbi
505 2526 532 2551 de
547 2525 631 2551 Idibus
645 2526 725 2550 Maiis

418 2562 496 2588 Tum
509 2569 615 2593 quoque
628 2560 771 2593 priscorum
783 2557 864 2591 virgo
881 2556 1016 2583 simulacra
1029 2557 1152 2584 virorum

460 2595 568 2621 Mittere
587 2594 702 2620 roboreo
721 2594 818 2626 scirpea
834 2599 913 2626 ponte
932 2592 1005 2618 solet.

421 2631 540 2664 Corpora
560 2628 616 2663 post
633 2629 717 2654 decies
736 2629 808 2653 senos
832 2628 880 2661 qui
900 2627 1011 2653 credidit
1023 2636 1105 2654 annos

461 2665 535 2691 Missa
549 2664 623 2695 neci,
640 2663 744 2690 sceleris
763 2662 874 2687 crimine
894 2662 997 2687 damnat
1016 2671 1088 2688 auos.

268 2703 362 2733 Deinde
370 2704 443 2740 ponit
456 2709 534 2726 corum
541 2700 707 2735 sententiam,
727 2701 768 2732 qui
776 2697 916 2731 putabant,
930 2703 979 2730 pro
993 2696 1082 2722 duabus
1089 2696 1190 2731 senibus
1202 2703 1303 2732 quorqn—
1310 2709 1346 2737 70

267 2743 309 2766 nis
330 2749 358 2766 ex
378 2738 474 2764 oraculo
491 2738 560 2761 mitti
580 2737 608 2760 in
626 2734 735 2760 Tiberim
754 2733 856 2768 solitis,
882 2732 999 2757 Herculis
1016 2729 1130 2763 instituto
1149 2731 1303 2757 stramineos

266 2775 386 2809 Quirites
404 2770 520 2798 iafkatos.
776 2801 782 2806 .
1000 2800 1005 2804 .
1084 2800 1090 2805 ι

422 2808 480 2834 Pars
500 2809 586 2839 putat,
605 2808 634 2830 vt
655 2802 755 2829 ferrent
775 2808 884 2827 iuuenes
903 2799 1025 2834 suffragia
1042 2800 1110 2833 soli,

464 2840 589 2867 Pontibus
614 2838 732 2865 infirmos
756 2836 930 2871 praecipitasse
956 2836 1035 2862 senes.

269 2881 378 2914 Dem‘que
391 2877 440 2913 ἱρῇ
454 2876 544 2911 probat
558 2875 621 2901 hanc
630 2874 779 2909 sententiam
788 2892 796 2904 ,
815 2874 941 2908 Argiuos,
958 2874 1001 2907 qui
1012 2880 1066 2898 cum
1080 2868 1194 2896 Euandro
1207 2868 1254 2895 huc
1266 2877 1304 2895 υε-
1316 2873 1348 2902 73

271 2915 372 2948 institit,
393 2912 479 2947 iusti-[72²
491 2917 593 2945 corpora
600 2910 649 2945 sua
662 2911 688 2934 in
695 2909 790 2944 flumen
809 2911 872 2938 iaci,
889 2914 917 2933 vt
923 2905 962 2940 fic
974 2910 1002 2932 in
1014 2915 1095 2938 mare,
1113 2911 1137 2932 et
1148 2904 1205 2932 inde
1221 2908 1248 2931 in
1256 2912 1304 2940 fa-

270 2954 347 2977 triam
365 2949 530 2984 dfifrrrcntur,
782 2977 788 2982 Α
989 2976 995 2981 .

424 2982 548 3016 Displicet
566 2979 658 3006 heredi
675 2977 791 3005 mandati
810 2985 871 3003 cura
887 2976 1013 3010 sepulcri,

466 3019 588 3044 Mortuus
601 3014 715 3041 Ausonia
732 3013 855 3039 conditur
874 3012 965 3046 hospes
984 3012 1084 3043 humo,

425 3054 527 3086 Scirpea
549 3060 597 3085 pro
617 3050 726 3076 domino
739 3049 839 3075 Tiberi
859 3047 971 3074 iactatur
989 3048 1093 3080 imago,

467 3090 501 3114 Vt
522 3092 620 3121 repetat
640 3086 735 3112 Graius
753 3093 798 3119 per
816 3084 883 3110 freta
903 3083 981 3117 longa
999 3082 1101 3108 domos.

278 3124 333 3150 Vici.
357 3129 437 3150 ARG
448 3130 464 3150 13
475 3131 498 3154 1,
531 3127 561 3148 it.
580 3127 747 3148 CASNAR.
802 3118 846 3146 Αά
863 3119 926 3145 hunc
945 3121 1020 3144 ritum
1040 3124 1063 3142 ct
1071 3115 1187 3152 fabulam
1205 3113 1306 3150 respicit

274 3160 328 3185 Cic.
349 3168 396 3193 pro
411 3159 506 3185 Roscio
520 3160 607 3184 Amer.
622 3166 667 3183 100
695 3165 716 3182 c.
732 3163 759 3188 35
785 3154 879 3181 Habeo
898 3154 977 3180 etiam
997 3152 1098 3184 dicere,
1117 3160 1194 3191 quem
1211 3155 1308 3191 ‘contra

273 3203 373 3221 morem
397 3195 528 3221 maiorum
550 3193 681 3219 minorem
708 3190 841 3225 sexaginta
863 3189 938 3216 annis
975 3189 1007 3215 de
1027 3195 1105 3222 ponte
1130 3196 1158 3213 in
1177 3185 1307 3212 Tiberim

277 3229 404 3255 deiecerit.

313 3271 505 3295 iiizroN‘ro,
525 3268 577 3290 are.
612 3264 649 3288 De
659 3269 734 3297 ponte
748 3261 862 3291 deiicere,
882 3266 906 3287 et
919 3259 1080 3294 deponmnum
1088 3257 1184 3293 facere.
1219 3257 1305 3282 Varro

279 3298 434 3331 sexagesimo
452 3301 519 3334 (qua
539 3301 622 3326 Satira
642 3299 709 3324 illum
730 3297 757 3322 cle
776 3297 821 3323 bac
839 3306 865 3322 re
884 3295 966 3331 egisti,
985 3293 1129 3327 ostendunt,
1147 3301 1205 3332 que-ie
1223 3290 1308 3317 lauda-

278 3343 327 3358 mus
342 3343 367 3357 m
381 3340 396 3359 c
407 3341 423 3359 Α
434 3342 446 3360 s
455 3342 473 3359 >s
486 3343 504 3361 Α
515 3342 530 3361 R
541 3337 551 3365 )
569 3334 654 3360 Acciti
667 3334 762 3364 sumus,
776 3338 804 3358 vt
819 3331 1032 3366 depontareniur,
1042 3337 1161 3355 murmur
1177 3330 1205 3354 sat
1218 3336 1305 3354 verus.

278 3369 317 3393 stc
333 3369 378 3403 leg.
393 3369 503 3406 0111113011
518 3369 632 3404 Gothofr.
652 3376 676 3394 rt
694 3370 830 3395 Mrrcerus.

316 3409 332 3427 D
343 3410 356 3427 Υ
366 3410 379 3427 Γ
388 3410 406 3426 0
418 3409 430 3427 Ρ
443 3410 460 3427 V
472 3411 486 3429 l<
494 3412 536 3431 01³
547 3425 554 3436 ,
576 3405 622 3430 firi.
652 3403 866 3438 [λαφυραγωγέω,
877 3399 961 3435 δῇίόω]
997 3399 1126 3431 praedari,
1138 3397 1192 3432 flue
1206 3397 1351 3435 ἀφῆκ’-’90

282 3435 351 3468 clari,
368 3437 496 3471 paffimquc
508 3446 529 3463 ct
544 3440 609 3473 quasi
619 3447 652 3474 po
670 3442 755 3465 atatim
771 3439 888 3472 deripere.
925 3436 1065 3463 Cic-Verr.
1075 3443 1097 3466 3,
1105 3439 1138 3468 84
1154 3434 1208 3467 Qii
1223 3442 1304 3473 quum

283 3479 355 3503 agros
375 3472 501 3497 maximos
517 3481 544 3498 ac
560 3447 723 3500 feracissimos
743 3483 789 3508 pei·
808 3473 933 3506 seipsum,
954 3471 1003 3497 hoc
1022 3470 1074 3502 est,
1094 3479 1140 3504 per
1155 3471 1304 3503 Apronium

284 3507 389 3531 Verrem
406 3507 514 3532 alterum
530 3507 735 3542 depopularetur,
806 3510 873 3534 Aues
893 3506 1085 3541 depopulantur
1104 3505 1172 3531 dona
1187 3504 1308 3531 Cerealia

283 3540 362 3579 Quid.
377 3541 438 3565 Fau.
455 3550 474 3571 1,
487 3544 539 3572 683.
609 3545 723 3571 Humum
737 3543 891 3579 depopulari
907 3543 945 3569 ld.
959 3541 1043 3568 Trist.
1060 3549 1079 3572 3,
1095 3549 1131 3572 10,
1146 3542 1185 3573 56.
1243 3541 1304 3566 Pro-

285 3583 395 3600 vinciam
414 3576 468 3601 Cic.
483 3577 573 3601 Diuin.
588 3578 662 3603 Verr.
682 3590 702 3606 c.
717 3590 742 3613 4.

282 3610 347 3643 apios
359 3611 426 3635 Hirt.
441 3611 471 3635 de
486 3611 549 3636 Bell.
564 3611 669 3644 Hispan.
686 3624 706 3639 c.
720 3624 754 3647 42
769 3621 831 3641 extr.
850 3614 943 3648 Agros,
963 3612 1126 3645 vestramque
1140 3620 1305 3645 prouinciam

284 3645 368 3670 vestro
389 3645 498 3678 impulsu
512 3645 688 3679 dcpopulauit.
753 3651 841 3676 Valer.
857 3651 955 3683 Argon.
968 3651 998 3678 6,
1019 3656 1062 3680 532
1088 3647 1175 3673 Furtis
1195 3647 1305 3672 assiietus

284 3679 373 3704 inultis
395 3680 549 3713 depopulare
569 3690 665 3714 grech.
716 3684 842 3711 Caecilius
867 3686 963 3716 Asoto,
989 3682 1145 3709 Iamdudum
1165 3681 1305 3715 depopulat

284 3714 428 3739 macellum.
466 3716 560 3740 Ennius
574 3715 726 3748 Ambracia,
742 3720 823 3752 Agros
836 3720 943 3746 audaces
958 3718 1117 3753 depopulant
1137 3719 1207 3743 serui
1221 3717 1305 3742 domi-

283 3758 376 3774 norinn
389 3749 501 3775 dominis
519 3750 623 3775 Nonius
637 3758 663 3784 7,
680 3754 718 3776 26.

321 3790 361 3809 ni:
372 3791 433 3810 ror
445 3791 461 3807 v
474 3791 488 3809 1,
499 3791 575 3810 Λτν
586 3792 615 3815 S,
635 3794 658 3816 a,
677 3794 730 3811 uin.
768 3786 866 3821 Paffiue.
903 3789 965 3818 Agri
985 3789 1050 3815 Plin.
1066 3796 1091 3820 2,
1107 3795 1142 3820 53-

284 3819 354 3845 Decl.
369 3827 390 3849 ¹3
412 3828 434 3852 p.
451 3822 505 3848 286.
540 3819 606 3844 ΑΜ.
621 3820 678 3845 Liu.
693 3828 731 3854 37,
746 3829 768 3852 13
786 3829 809 3847 et
822 3830 858 3847 21.
898 3819 987 3849 lustin.
998 3833 1041 3856 42,
1058 3832 1112 3855 2,1.

321 3861 336 3879 Γ,
347 3861 361 3879 13
371 3861 385 3879 P
396 3860 414 3879 Ο
427 3861 439 3879 Ρ
450 3860 485 3878 Vl
504 3861 522 3879 A
534 3860 554 3879 Τ
563 3861 570 3879 Ι
580 3862 598 3879 0
608 3874 615 3885 ,
639 3855 706 3880 [mis.
742 3856 762 3881 f.
796 3856 944 3890 [πᾶοθησις]
989 3859 1165 3893 Deptipiilatio
1185 3857 1305 3892 praedio-

286 3897 341 3914 rum
357 3889 411 3914 Cic.
426 3898 473 3922 pro
487 3889 573 3914 Domo
590 3892 635 3921 146
652 3898 672 3915 c.
687 3894 722 3921 58.
792 3893 923 3925 Agrorum
938 3892 1106 3926 depopulatio
1127 3895 1198 3920 Idem
1213 3894 1240 3919 in
1256 3894 1304 3920 Pis.

286 3931 320 3953 40
345 3932 365 3949 c.
379 3932 416 3957 17.

1196 3786 1305 3821 Qiisiel.

725 1292 824 1323 Romae,
837 1292 880 1326 qui
892 1287 1082 1324 diHifuerine,
1101 1287 1185 1314 doceat
1199 1287 1296 1318 Festus,
1308 1295 1341 1322 30

1314 2532 1346 2563 65

1317 3048 1350 3075 80

1321 3227 1349 3256 85

937 3575 958 3614 ff
975 3586 991 3603 2
1027 3575 1306 3616 Depopularegafviiue
1318 3585 1350 3611 95

1314 3763 1360 3781 100

1744 169 1782 209 D
1877 173 1910 213 E
2012 173 2040 214 Ρ

1349 259 1462 286 Aedium
1479 260 1607 286 sacrarum
1621 258 1681 290 fuit,
1691 258 1911 294 publicorumque
1924 269 2035 296 operum
2050 261 2229 296 depopulatio.

1349 295 1496 328 pulationes
1512 304 1536 321 et
1550 295 1706 321 vastationes
1720 295 1773 321 Cic.
1788 294 1899 329 Philipp.
1913 305 1934 331 ς,
1950 307 1985 331 25.
2059 297 2209 324 Defendere
2223 298 2388 332 prouincia-i

1351 338 1366 355 a
1379 330 1583 364 depopulatione
1603 331 1675 356 Idem
1690 340 1737 364 pro
1752 331 1826 356 Font.
1841 338 1863 355 c.
1875 334 1910 356 16.
1979 334 2034 360 Cic.
2055 333 2087 359 de
2102 334 2194 367 Arusp.
2209 334 2282 368 Resp.
2304 342 2316 365 3
2341 343 2362 359 c.
2376 342 2389 359 2

1352 364 1529 398 Excifioneni,
1551 366 1803 397 inflammationem,
1824 365 1998 400 enci-sionem,
2016 368 2264 403 depopulationem,
2284 368 2389 395 vastita-

1353 406 1407 426 tem
1421 408 1477 425 eani
1491 401 1534 426 sua
1548 410 1606 427 cuin
1623 401 1716 435 praeda
1729 402 1795 427 meis
1809 401 1933 427 omnibus
1947 403 2021 430 tectis
2040 411 2117 438 atque
2131 405 2199 437 agris
2213 404 2369 430 intulerunt.

1391 441 1409 460 D
1420 442 1435 460 E
1444 441 1458 461 Ρ
1468 442 1486 461 0
1496 442 1510 461 P
1519 442 1538 460 v
1549 443 1565 462 L
1574 437 1595 462 Ᾱ
1605 444 1625 462 Τ
1637 443 1656 462 o
1668 443 1685 462 R
1695 457 1703 469 ‚
1723 438 1785 463 oris.
1820 446 1855 462 m.
1892 434 2023 474 [δηΐωτῆς]
2060 439 2240 474 Depopulator
2256 440 2312 466 fori
2331 440 2387 466 Cic.

1354 479 1402 505 pro
1417 471 1504 496 Domo
1519 477 1543 502 13
1565 481 1585 496 c.
1601 480 1621 504 ς.
2247 502 2252 503 .

1392 513 1411 532 D
1421 513 1436 531 E
1446 513 1461 531 P
1471 512 1489 531 O
1500 512 1518 531 R
1527 513 1547 531 T
1557 512 1576 532 O
1584 526 1592 537 ‚
1611 510 1662 532 ire.
1699 505 1885 540 [κατακομίζω,
1900 505 2053 542 ἅνακομίζω]
2087 511 2123 536 De
2139 510 2188 535 Ioco
2196 515 2309 544 Portare,
2345 511 2392 535 Di.

1356 544 1432 567 cimus
1445 548 1523 567 autem
1537 541 1681 574 Deportare
1695 541 1727 567 ad
1740 543 1841 574 locum,
1861 551 1881 567 ct
1897 542 2042 576 Deportare
2060 543 2090 570 de
2105 546 2173 571 loco.
2211 547 2250 571 Ac
2258 546 2392 579 peculiari.

1356 583 1394 602 ter
1416 576 1445 602 dc
1466 577 1506 603 his
1530 576 1637 608 dicitur,
1661 580 1702 612 qni
1725 587 1753 603 ex
1772 579 1904 603 prouincia
1928 577 2024 612 aliquid
2044 579 2141 606 Romam
2157 581 2239 616 secum
2263 580 2392 616 auferunt.

1357 612 1446 646 Pomp.
1462 611 1508 647 fi‘b
1523 611 1578 637 Cic.
1593 612 1643 637 Att.
1653 620 1690 646 12,
1704 618 1716 642 8
1739 614 1813 645 Qiae
1827 621 1898 638 arma
1913 613 2081 647 superabant,
2094 623 2123 640 ea
2134 615 2153 641 si
2167 614 2340 642 Brundusium
2354 616 2394 641 iu-

1356 648 1452 673 mentis
1472 647 1692 680 deportaueritis,
1711 649 1881 674 vehementer
1895 648 2018 683 Reipubl.
2038 649 2200 683 profueritis.
2271 651 2344 677 Caes.
2364 651 2393 677 B.

1357 683 1389 709 G.
1405 691 1426 715 3,
1440 691 1467 708 12
1490 684 1587 715 Magno
1600 690 1711 708 numero
1723 683 1842 709 Nauium
1856 684 1963 718 appulso
1979 685 2023 710 sua
2038 685 2128 710 omnia
2141 685 2312 720 deportabant
2326 697 2331 712 :
2358 687 2394 712 se-

1357 728 1409 753 que
1423 719 1450 744 in
1464 719 1583 752 proxima
1597 716 1693 757 oppida
1706 719 1875 752 recipiebant.
1947 720 2092 754 Deportare
2109 720 2133 745 se
2142 739 2150 751 ‚
2162 728 2210 754 pro
2223 723 2251 749 Se
2265 721 2391 757 conferre.

1358 755 1413 781 Cic.
1428 755 1499 780 Fam.
1513 755 1550 785 16,
1568 762 1576 779 1
1604 752 1675 778 Mihi
1696 753 1828 786 placebat,
1850 753 1865 779 li
1882 753 1986 781 firmior
2006 757 2082 787 effes,
2104 761 2131 781 vt
2149 761 2175 781 te
2188 756 2334 783 Leucadem
2352 756 2396 783 de-

1358 796 1477 824 portares
1487 809 1494 821 ,
1510 797 1537 814 vt
1551 788 1590 814 ibi
1603 794 1628 814 te
1642 788 1718 822 plane
1732 789 1908 815 confirmares.
1978 792 2008 816 In
2028 792 2181 821 triremem,
2200 800 2265 825 quae
2285 793 2316 819 ad
2335 801 2396 818 eum

1359 823 1551 859 deportandum
1566 830 1621 850 erat
1634 824 1722 855 missa,
1742 823 1874 850 adscendit
1895 825 1985 859 Nepos
1999 834 2025 861 7,
2038 836 2066 859 4,
2078 835 2100 859 3.
2171 827 2226 852 Cic.
2241 827 2311 854 Fam.
2327 831 2353 860 6,
2372 834 2397 860 13

1359 860 1431 887 Mihi
1451 859 1543 892 crede,
1562 859 1632 885 nihil
1650 860 1685 885 Ex
1705 859 1752 885 ista
1773 860 1911 893 prouincia
1926 868 2017 894 potes,
2041 861 2113 897 quod
2131 861 2271 888 iucundius
2292 863 2335 894 fit,
2355 862 2397 888 de-

1360 902 1474 930 portare.
1544 895 1610 921 Plin.
1625 902 1650 929 7,
1664 903 1695 927 30
1721 895 1880 928 Deportauit
1894 904 1926 921 ex
1939 897 2045 931 Cypria.
2153 898 2210 924 Oss'a
2223 897 2280 923 eius
2299 898 2330 924 ad
2343 907 2396 925 ma-

1361 938 1430 958 trern
1459 930 1619 965 deportanda
1645 937 1769 957 curarunt
1805 930 1894 964 Nepos
1914 936 1954 963 18,
1981 941 2021 965 13,
2041 942 2067 965 4.
2138 934 2194 959 Cic.
2215 934 2291 959 Verr.
2315 942 2343 965 3,
2367 935 2398 965 36

1361 967 1459 993 Omnes
1481 967 1602 993 decumas
1617 965 1656 991 Ad
1672 974 1765 1000 aquarn
1779 965 1925 999 deportatas
1944 965 2079 994 haberent.
2148 968 2186 994 Id.
2201 969 2254 994 Att.
2269 976 2294 999 1,
2309 977 2324 994 2
2350 966 2401 995 Ilii

1363 1003 1454 1029 omnia
1467 1003 1498 1029 In
1510 1001 1694 1028 Tusculanum
1712 1000 1867 1036 deportabo.
1944 1002 1975 1027 In
1993 1003 2059 1030 solas
2077 1009 2173 1035 terras,
2189 1011 2238 1039 pro
2254 1005 2284 1030 In
2300 1005 2402 1031 exilium
2440 1014 2443 1015 ⁷

1363 1041 1461 1064 mittere
1475 1038 1542 1064 Ter.
1557 1037 1662 1063 Phorm.
1676 1045 1699 1070 5,
1713 1045 1740 1071 7,
1753 1043 1790 1070 85.
1861 1036 1987 1070 Captiuos
2001 1039 2113 1065 Romam
2135 1039 2195 1065 Liu.
2210 1039 2242 1065 de
2257 1039 2322 1065 Bell.
2336 1040 2400 1065 Pun.

1410 1093 1417 1100 .
1451 1093 1458 1099 .
1500 1073 1605 1100 Videtur
1617 1072 1750 1108 fiabaudiri
1767 1071 1900 1099 Ablatiuus
1920 1072 2002 1100 Naui.
2096 1075 2262 1107 Exercitum,
2282 1073 2314 1107 est
2327 1076 2402 1101 Exer-

1363 1112 1438 1135 citum
1456 1111 1484 1134 in
1495 1111 1608 1144 patriam
1627 1108 1755 1134 reducere:
1775 1107 1834 1134 Liu.
1849 1116 1889 1139 23,
1923 1127 1930 1133 .
1967 1128 1975 1134 .
2011 1108 2125 1135 Annibal
2139 1109 2227 1136 viftor
2241 1110 2269 1136 in
2284 1110 2403 1138 Africam

1363 1144 1425 1171 hinc
1447 1144 1569 1176 decedat,
1589 1144 1791 1178 Exercitumque
1812 1142 1942 1176 deportet.
1982 1159 1988 1161 >
2045 1145 2101 1170 Cic.
2119 1154 2167 1178 pro
2182 1146 2251 1180 Lege
2265 1145 2358 1172 Manil.
2373 1147 2401 1171 61

1362 1179 1466 1206 Bellum
1480 1180 1509 1206 in
1520 1180 1610 1206 Africa
1628 1180 1772 1205 maximum
1785 1178 1916 1210 confecit,
1936 1177 2067 1205 vi&orem
2081 1181 2229 1207 Exercitum
2243 1180 2402 1216 deportauit.

1363 1216 1490 1242 Pecuniae
1509 1224 1539 1241 ex
1558 1215 1704 1249 prouinciis
1718 1216 1829 1241 Romam
1850 1223 1863 1240 a
1879 1213 2061 1248 quaestoribus
2078 1215 2109 1241 de
2129 1215 2282 1243 ortabantur
2294 1216 2364 1243 Vell.
2377 1224 2403 1248 2,

1364 1254 1407 1284 62,
1422 1259 1444 1283 3.
1513 1251 1621 1277 Minore
1637 1251 1753 1276 exercitu
1767 1249 1887 1283 infigneis
1901 1250 2036 1284 captiuos,
2060 1259 2103 1276 cae
2124 1260 2164 1277 cm
2177 1251 2265 1284 ducis,
2282 1252 2402 1286 bellique

1364 1285 1479 1313 confecti
1493 1286 1591 1312 famam
1602 1286 1754 1321 deportarat
1767 1286 1944 1318 Tac.Ann.4,
1960 1288 2000 1311 26.
2094 1287 2237 1321 Flagitium
2250 1295 2278 1313 ac
2291 1286 2403 1313 dedecus

1361 1323 1390 1349 in
1405 1322 1463 1348 Asia
1477 1322 1637 1356 susceptum,
1656 1328 1700 1348 aut
1721 1330 1752 1347 ex
1772 1321 1830 1347 Asia
1847 1321 2030 1355 deportatum,
2049 1321 2092 1347 vbi
2111 1326 2166 1358 quis
2184 1332 2231 1348 non
2250 1326 2404 1349 continenter

1360 1361 1428 1385 vixit
1441 1358 1497 1384 Cic.
1512 1366 1560 1392 pro
1573 1358 1699 1384 Muraena
1715 1366 1738 1383 ιε
1759 1366 1780 1382 0.
1796 1364 1817 1389 ς.
1887 1356 2007 1383 Gloriam
2020 1358 2100 1390 [Cim.
2114 1366 2147 1390 9,
2162 1366 2205 1390 10,
2227 1366 2267 1392 24.
2344 1358 2404 1384 Plus

1361 1394 1493 1420 victoriae
1508 1402 1587 1428 quam
1601 1392 1711 1428 praedae
1729 1392 1802 1418 Idem
1820 1400 1858 1424 10,
1872 1400 1894 1424 2,
1909 1401 1940 1418 11.
2011 1393 2196 1427 Triumphum
2209 1393 2278 1428 Nep.
2287 1401 2332 1427 24,
2346 1402 2368 1426 2,
2384 1391 2411 1420 ιζ

1362 1430 1419 1456 Cic.
1434 1429 1466 1455 de
1481 1429 1581 1455 Seneel.
1597 1437 1607 1454 1
1626 1428 1701 1454 Noui
1716 1429 1787 1454 enim
1802 1428 2011 1454 moderationem
2024 1429 2106 1455 animi
2118 1429 2168 1461 tui,
2187 1435 2212 1455 et
2226 1429 2402 1463 aequitatem:

1363 1472 1442 1500 teque
1458 1473 1512 1490 non
1532 1473 1679 1498 cognomen
1695 1464 1779 1490 solum
1794 1463 1904 1489 Athenis
1925 1463 2081 1497 deportasse,
2101 1463 2145 1490 sed
2158 1465 2404 1492 Humanitatem-et

1362 1500 1529 1535 prudentiam
1553 1500 1683 1534 intelligo.
1790 1499 1892 1525 Literas
1914 1498 2054 1533 deportare
2078 1509 2108 1525 ex
2131 1500 2223 1526 Sicilia
2244 1500 2272 1526 in
2292 1501 2403 1526 Verrem

1362 1536 1417 1562 Cic.
1434 1537 1510 1560 Verr.
1527 1535 1644 1560 Dininat.
1660 1540 1699 1565 28.
1771 1533 1845 1560 Idem
1859 1533 1935 1560 offic.
1956 1543 1980 1566 1,
1999 1539 2031 1570 78
2061 1535 2132 1561 Mihi
2145 1535 2253 1570 quidem
2269 1542 2340 1562 certe
2361 1535 2404 1561 vir

1362 1569 1496 1595 abundans
1516 1569 1621 1595 bellicis
1636 1569 1758 1596 laudibus
1778 1570 1827 1595 Cn.
1841 1570 1980 1604 Pompeius
1999 1570 2090 1596 multis
2110 1571 2277 1597 audientibus
2295 1570 2407 1597 1100111-

1363 1604 1440 1636 buit,
1460 1610 1488 1630 vt
1507 1603 1607 1630 diceret
1625 1605 1721 1630 frustra
1741 1605 1766 1629 se
1781 1606 1889 1630 tertium
1898 1605 2072 1640 (triumphum
2095 1606 2293 1641 deportaturum
2312 1606 2405 1637 fuisse,

1363 1638 1412 1665 nisi
1431 1647 1491 1666 meo
1512 1639 1540 1664 in
1557 1639 1724 1673 Rempublic.
1744 1639 1891 1670 beneficio,
1908 1639 1955 1665 vbi
1974 1641 2165 1675 triumpharet,
2184 1643 2243 1668 ess'et
2258 1641 2405 1667 habiturus.

1363 1673 1384 1710 Ἴ
1406 1683 1422 1700 2
1459 1675 1620 1708 Deportare,
1639 1678 1665 1700 in
1678 1675 1777 1700 exilium
1790 1676 1903 1699 mittere:
1927 1675 2063 1701 Iustinian.
2078 1674 2100 1711 §.
2117 1685 2126 1701 1
2145 1677 2204 1701 inst.
2225 1676 2308 1708 Qiib.
2317 1674 2405 1701 modis

1363 1710 1403 1735 ius
1416 1710 1514 1743 patriae
1527 1716 1583 1743 pot.
1598 1711 1666 1735 Cum
1681 1716 1768 1735 autern
1784 1709 1822 1741 is,
1842 1709 1887 1742 qni
1902 1709 1938 1735 ob
1951 1709 2060 1745 aliquod
2080 1710 2239 1736 maleficium
2252 1712 2280 1736 in
2295 1710 2406 1736 insulam

1363 1745 1532 1778 deportatur,
1551 1744 1687 1770 ciuitatem
1702 1744 1818 1770 amittit:
1838 1744 1973 1777 sequitur,
1990 1752 2027 1775 vt,
2039 1747 2084 1780 qui
2099 1755 2131 1771 eo
2144 1746 2225 1771 modo
2245 1755 2277 1771 ex
2290 1753 2405 1772 numero

1363 1780 1464 1806 ciuium
1479 1780 1589 1805 Roman.
1605 1779 1723 1809 tollitur,
1743 1777 1861 1812 perinde,
1874 1778 1942 1812 quasi
1957 1787 1989 1805 eo
2003 1786 2128 1812 mortuo,
2148 1780 2263 1806 desinant
2278 1780 2359 1806 liberi
2378 1780 2407 1805 in

1362 1815 1487 1850 potestate
1507 1815 1563 1840 eins
1585 1815 1641 1840 esse.
1676 1829 1722 1834 —
1757 1814 1875 1848 Relegati
1895 1819 1983 1840 autem
2003 1821 2087 1848 patres
2103 1815 2131 1840 in
2144 1815 2271 1847 insulam,
2291 1815 2318 1840 in
2331 1820 2407 1849 pote-

1363 1851 1426 1878 state
1434 1850 1531 1876 liberos
1540 1850 1655 1876 retinent
1663 1856 1708 1875 etc.
1752 1849 1810 1876 Vid.
1820 1856 1863 1876 DE
1873 1856 1887 1875 r
1896 1855 1915 1875 o
1924 1856 1943 1875 R
1952 1857 1973 1876 T
1982 1856 2033 1876 AT
2044 1857 2063 1875 v
2073 1857 2085 1877 s
2099 1856 2173 1876 etDE
2183 1857 2197 1876 P
2206 1857 2225 1877 o
2234 1857 2253 1876 R
2265 1856 2287 1876 Τ
2298 1857 2318 1876 Α
2329 1856 2406 1875 Tio.

1400 1892 1419 1911 D
1427 1892 1443 1911 E
1453 1892 1467 1911 P
1476 1891 1495 1910 O
1505 1892 1524 1911 R
1533 1891 1554 1911 T
1564 1885 1586 1910 Ᾱ
1595 1892 1617 1911 Τ
1626 1892 1647 1910 V
1655 1892 1668 1911 S
1680 1904 1689 1917 ,
1708 1893 1733 1916 a,
1758 1893 1813 1911 um.
1851 1885 1943 1910 Partic.
1980 1885 2252 1918 Γκκτακεκομισμὲνος]
2292 1884 2336 1911 Ad
2351 1891 2407 1919 poe-

1363 1930 1421 1946 nam
1429 1920 1489 1955 fere
1507 1922 1596 1945 ciuium
1608 1921 1770 1945 Romanorum
1779 1922 1899 1953 pertinet.
1943 1920 2048 1954 leian.
2064 1921 2111 1955 l.,7
2131 1921 2308 1954 relegatorum
2329 1920 2361 1946 D.
2374 1918 2407 1945 de

1365 1953 1498 1981 interdic).
1517 1960 1542 1980 et
1560 1954 1641 1989 releg.
1662 1955 1735 1980 Haec
1756 1953 1791 1979 est
1810 1953 1959 1980 differentia
1976 1956 2046 1981 inter
2062 1955 2212 1989 deportatos
2226 1961 2252 1981 et
2264 1955 2408 1989 relegatos:

1367 1989 1440 2025 quod
1454 1990 1482 2016 in
1497 1989 1608 2016 insulam
1626 1989 1738 2024 relegari
1759 1995 1784 2015 et
1801 1988 1833 2016 ad
1847 1995 1965 2023 tempus,
1986 1995 2011 2016 et
2029 1990 2057 2016 in
2071 1994 2227 2024 perpetuum
2241 1991 2300 2025 quis
2315 1990 2408 2025 potest.

1368 2027 1430 2053 Siue
1444 2025 1475 2051 ad
1491 2031 1608 2060 tempus,
1625 2025 1679 2052 siue
1692 2025 1719 2051 in
1733 2031 1889 2059 perpetuum
1904 2025 1963 2059 quis
1976 2025 2059 2051 fuerit
2070 2026 2215 2059 relegatus,
2231 2032 2257 2052 et
2269 2027 2408 2053 ciuitatem

1367 2063 1445 2087 Rom.
1460 2061 1573 2093 retinet,
1593 2067 1619 2087 et
1636 2061 1784 2087 testamenti
1802 2059 1946 2086 factionem
1967 2069 2021 2086 11011
2034 2061 2143 2087 amittit.
2197 2061 2244 2088 Sed
2261 2061 2278 2087 l.
2292 2071 2322 2095 14
2338 2061 2406 2088 ibid.

1370 2096 1527 2131 Deportatio
1540 2097 1675 2123 ciuitatem
1690 2102 1715 2122 et
1730 2095 1800 2122 bona
1814 2094 1915 2121 adimit.
1972 2095 2034 2121 Eoi.
2050 2104 2073 2128 ις
2094 2096 2252 2130 Deportatus
2272 2097 2409 2123 ciuitatem

1368 2132 1485 2163 amittit,
1504 2140 1559 2157 non
1574 2131 1733 2164 libertatem,
1747 2137 1772 2157 et
1785 2131 1890 2165 speciali
1904 2130 2012 2165 quidem
2026 2132 2084 2158 iure
2101 2132 2218 2159 ciuitatis
2231 2141 2286 2158 non
2299 2132 2410 2166 fruitur,

1369 2168 1428 2194 11110
1445 2173 1532 2194 tamen
1551 2167 1669 2201 gentium
1684 2167 1775 2194 vtitur.
1829 2167 1859 2192 Et
1873 2167 1889 2192 l.
1905 2168 1921 2193 6
1946 2168 2019 2193 Inter
2037 2176 2134 2201 poenas
2153 2167 2189 2194 est
2207 2168 2286 2194 etiam
2306 2168 2408 2194 insulae

1369 2203 1530 2237 deportatio,
1544 2211 1611 2237 quae
1625 2211 1708 2237 poena
1722 2201 1815 2228 adimit
1829 2202 1964 2228 ciuitatem
1978 2203 2089 2229 Roman.
2143 2203 2306 2238 Deportandi
2318 2209 2408 2229 autem

1369 2239 1398 2265 in
1418 2239 1529 2264 insulam
1549 2239 1590 2264 ius
1608 2238 1768 2272 praesidibus
1784 2238 1938 2271 prouinciae
1952 2247 2006 2264 non
2019 2238 2054 2264 est
2068 2238 2172 2270 datum,
2208 2252 2255 2258 -—
2289 2244 2318 2265 vt
2337 2233 2409 2273 prin-

1370 2283 1428 2309 ceps
1443 2274 1574 2306 aestimet,
1593 2282 1625 2300 an
1660 2288 1706 2293 ——
1741 2273 1875 2308 deportari
1892 2273 1920 2300 in
1934 2273 2044 2299 insulam
2057 2273 2158 2300 debeat.
2200 2273 2258 2301 Vz‘d.
2274 2280 2298 2300 et
2316 2274 2334 2300 l.
2348 2282 2357 2300 1
2384 2271 2412 2311 §-

2332 175 2386 225 96

2299 259 2387 297 Depo-

1369 2318 1382 2336 2
1408 2310 1439 2336 D.
1453 2309 1484 2336 de
1495 2309 1572 2344 legat.
1594 2316 1619 2336 et
1632 2308 1764 2335 fideicom.
1783 2308 1829 2335 lib.
1842 2317 1879 2341 32.
1912 2311 1942 2336 it.
1957 2310 1973 2335 l.
1987 2315 2020 2342 48
2039 2309 2066 2335 ff.
2085 2309 2125 2335 tit.
2139 2318 2178 2335 22.
2249 2309 2411 2344 Deportatus

1367 2345 1469 2372 mortui
1482 2345 1543 2371 loco
1557 2345 1684 2377 habetur,
1707 2344 1761 2371 vid.
1774 2344 1790 2371 l.
1804 2354 1823 2378 4
1850 2342 1874 2381 §.
1887 2352 1903 2370 2
1925 2343 1952 2370 ff.
1969 2344 2000 2370 de
2013 2345 2090 2371 bouis
2107 2344 2198 2372 libert.
2277 2352 2278 2355 ¹

1406 2386 1425 2406 D
1435 2387 1473 2407 ΕΡ
1484 2387 1503 2407 O
1511 2387 1529 2406 R
1539 2387 1560 2407 T
1570 2388 1589 2407 Α
1601 2387 1622 2407 T
1632 2388 1641 2406 1
1652 2386 1671 2406 Ο
1682 2399 1689 2411 ,
1708 2381 1776 2406 onis.
1805 2381 1825 2406 f.
1862 2380 2002 2413 [ἓξοειῡ-μᾶς
2010 2398 2018 2410 ,
2032 2380 2213 2414 κατακᾶμισις]
2249 2381 2315 2407 cato
2329 2388 2351 2406 c.
2360 2388 2410 2414 144

1367 2416 1407 2442 De
1421 2415 1506 2441 fundo
1520 2416 1589 2450 ligna
1610 2422 1635 2442 et
1649 2416 1735 2442 oleam
1755 2423 1787 2442 ne
1802 2415 1950 2450 deportato.
2004 2417 2060 2448 Qii
2074 2416 2161 2442 oleam
2174 2415 2284 2450 legerit,
2303 2416 2351 2450 qui
2365 2416 2409 2442 de·

1367 2451 1495 2485 portarit,
1516 2452 1544 2477 in
1557 2451 1666 2485 lingulas
1679 2450 1874 2485 deportationes
1892 2457 1944 2476 HS·
1964 2451 1995 2478 Νᾷ
2015 2459 2053 2478 11.
2080 2451 2257 2482 deducentur,
2276 2460 2364 2486 neque
2379 2450 2408 2478 id

1368 2485 1518 2511 debebitur.
1715 2485 1736 2520 q
1755 2494 1771 2512 2
1806 2486 1977 2519 Deportatio‚
1998 2485 2030 2518 est
2046 2488 2165 2521 Perpetua
2182 2489 2209 2511 in
2223 2489 2341 2519 exilium,
2354 2486 2410 2519 flue

1366 2522 1470 2557 infidam
1489 2520 1671 2551 condemviatio,
1690 2524 1779 2547 ciuium
1793 2522 1955 2546 Romanorum
1970 2528 2065 2554 poena,
2085 2530 2144 2556 quae
2156 2520 2270 2556 J'uccfft
2290 2525 2410 2546 inlocum

1367 2566 1442 2592 aquae
1456 2563 1479 2582 et
1492 2560 1560 2592 ignis
1576 2555 1780 2588 interdit‘bonis,
1797 2565 1843 2591 qua
1863 2559 1900 2587 ei,
1918 2559 1959 2591 qui
1972 2556 2102 2582 damnatus
2116 2553 2149 2588 esi
2157 2575 2166 2588 ,
2185 2563 2250 2582 certo
2257 2556 2342 2591 sparso
2361 2558 2410 2580 cir-

1366 2592 1540 2626 cumscribitur
1576 2601 1648 2618 venae
1663 2599 1781 2626 perpetuo
1799 2591 1939 2626 pendendae
1963 2593 2037 2617 Iocus.
2093 2593 2206 2617 Aeterna
2225 2590 2410 2624 deportatione

1368 2627 1459 2661 puniri
1475 2626 1492 2652 l.
1508 2629 1521 2652 6
1568 2647 1574 2652 .
1586 2635 1596 2652 1
1617 2627 1647 2652 C.
1673 2627 1748 2652 Vnde
1760 2627 1796 2652 vi.
1852 2627 1925 2661 Corzs.
1947 2625 1962 2650 l.
1975 2635 1987 2657 3
2010 2626 2042 2651 D.
2055 2625 2088 2651 ad
2102 2626 2131 2651 L.
2146 2626 2194 2651 Iul.
2207 2625 2290 2658 pecul.
2312 2632 2335 2650 et
2348 2634 2408 2660 quae

1366 2662 1434 2688 modo
1453 2664 1480 2686 in
1498 2668 1540 2688 DE
1548 2669 1563 2688 Ρ
1573 2669 1591 2688 o
1600 2668 1619 2687 R
1630 2667 1650 2686 T
1660 2669 1682 2687 Α
1691 2666 1712 2686 Τ
1722 2668 1742 2687 ν
1751 2668 1764 2686 s
1779 2660 1897 2686 dedimus.
1931 2661 2066 2686 Iustinian.
2080 2659 2103 2696 ᾗ.
2114 2668 2126 2686 2
2146 2659 2313 2694 publicorum
2327 2660 2408 2686 instit.

1368 2696 1401 2723 de
1413 2696 1484 2731 publ.
1500 2696 1583 2723 Iudic.
1602 2696 1771 2732 publicorum
1785 2695 1948 2721 iudiciorum
1983 2710 2029 2715 —
2064 2696 2184 2730 capitalia
2198 2695 2323 2725 dicimus,
2339 2702 2407 2728 quae

1367 2732 1463 2757 vltimo
1483 2733 1611 2765 supplicio
1625 2730 1741 2757 afficiunt
1760 2731 1895 2761 homines,
1913 2730 1956 2755 vel
1972 2731 2053 2756 etiam
2071 2739 2154 2766 aquae
2174 2737 2200 2757 et
2216 2730 2284 2764 ignis
2299 2729 2410 2756 interdi-

1369 2765 1473 2796 &ione,
1492 2767 1534 2791 vel
1549 2766 1747 2799 deportatione,
1761 2765 1804 2790 vel
1820 2764 1936 2790 metallo.

1405 2807 1424 2826 D
1433 2806 1449 2825 E
1460 2806 1474 2825 P
1484 2806 1502 2825 o
1514 2805 1532 2824 R
1542 2805 1563 2824 'r
1573 2808 1593 2825 A
1602 2807 1623 2825 τ
1633 2806 1651 2825 0
1661 2806 1680 2825 R
1690 2805 1727 2825 iv
1737 2807 1760 2831 s,
1769 2807 1854 2831 a,um.
1875 2798 1936 2825 Adi.
1957 2799 1988 2826 L.
2004 2809 2014 2826 1
2029 2800 2097 2828 Cod.
2105 2800 2136 2827 de
2144 2798 2294 2832 Veteranis,
2307 2799 2409 2834 Depor·

1368 2835 1467 2860 tatorio
1480 2843 1560 2860 onere
1573 2833 1651 2860 affici.

1408 2875 1451 2896 DE
1460 2876 1474 2896 i>
1483 2876 1502 2896 Ο
1511 2876 1523 2895 s
1533 2875 1550 2895 C
1563 2875 1582 2895 o
1592 2889 1601 2902 ,
1625 2867 1778 2903 depoposci,
1798 2869 1850 2895 dre.
1872 2869 2009 2903 [ἓξαιτέω]
2051 2869 2208 2895 Vehementer
2217 2869 2324 2906 poscere.
2351 2870 2409 2898 Cic.

1369 2905 1448 2931 Verr.
1462 2914 1490 2938 4,
1529 2924 1535 2930 .
1565 2924 1572 2931 .
1608 2905 1641 2930 Vt
1660 2904 1704 2930 illa
1718 2905 1822 2930 flamma
1835 2904 1964 2931 diuinitus
1982 2903 2103 2931 exstitisse
2116 2904 2253 2938 videatur,
2274 2914 2326 2932 non
2340 2915 2409 2941 quae

1369 2940 1470 2967 deleret
1489 2939 1562 2966 Iouis
1579 2939 1640 2973 Opt.
1655 2941 1724 2966 Max.
1745 2940 1888 2974 templum,
1910 2939 1951 2966 sed
1972 2948 2039 2973 quae
2057 2940 2215 2974 praeclarius
2240 2942 2408 2976 magnificen-

1369 2976 1476 3010 tiusque
1495 2975 1651 3009 deposceret.
1723 2976 1795 3002 Caes.
1808 2976 1836 3001 Β.
1850 2975 1880 3001 G.
1895 2982 1921 3009 7,
1935 2983 1943 3001 1
1969 2975 2101 3001 Omnibus
2120 2975 2359 3009 pollicitationibus
2379 2985 2409 3003 ac

1371 3010 1496 3046 praemiis
1510 3011 1665 3045 deposcunt,
1685 3011 1732 3045 qui
1746 3011 1808 3037 belli
1825 3010 1932 3036 initium
1947 3010 2060 3043 faciant,
2081 3017 2106 3037 et
2120 3011 2160 3037 sui
2179 3012 2271 3046 capitis
2289 3011 2408 3046 periculo

1371 3047 1487 3073 Galliam
1500 3046 1527 3072 in
1540 3046 1690 3072 libertatem
1704 3046 1853 3072 vendicent.
1918 3046 1982 3072 Non
1996 3045 2078 3072 modo
2092 3055 2146 3072 non
2160 3048 2279 3074 recusare
2293 3046 2408 3082 aliquid,

1371 3081 1414 3108 sed
1429 3082 1507 3108 etiam
1522 3081 1661 3115 deposcere
1680 3082 1735 3107 Cic.
1750 3091 1797 3115 pro
1812 3083 1903 3107 Flacco
1917 3089 1960 3115 97.
2029 3081 2102 3108 Idem
2120 3081 2233 3117 Philipp.
2247 3091 2276 3115 3,
2296 3091 2322 3115 33
2347 3091 2368 3108 c.
2382 3091 2407 3114 ¹3

1371 3117 1401 3145 Id
1415 3117 1496 3144 modo
1515 3126 1568 3143 non
1581 3118 1712 3149 recusem,
1732 3117 1774 3143 sed
1789 3123 1907 3151 appetam
1922 3117 2000 3143 etiam
2019 3124 2098 3152 atque
2112 3117 2256 3152 deposcam.
2329 3117 2408 3144 Silius

1371 3161 1398 3187 7,
1413 3160 1462 3186 234
1497 3166 1542 3172 ——
1577 3161 1657 3186 quum
1673 3152 1790 3186 optabile
1804 3160 1905 3187 tenipus
1940 3152 2067 3186 Deposcet
2083 3153 2201 3180 Dextras.

1373 3196 1395 3221 ς,
1410 3190 1459 3222 634
1479 3188 1510 3214 Et
1524 3189 1616 3214 Persen
1630 3187 1704 3214 simul
1721 3194 1746 3214 et
1762 3188 1864 3220 Minyas
1879 3187 2040 3221 deposcimus
2053 3188 2155 3214 Hostes.

1372 3224 1447 3249 cuius
1457 3243 1463 3254 ,
1492 3223 1544 3250 vid.
1566 3230 1589 3249 M
1600 3230 1622 3250 Α
1631 3230 1650 3249 Ν
1663 3229 1680 3249 D
1691 3229 1741 3249 AT
1752 3230 1770 3248 v
1779 3230 1813 3249 Μ.
1884 3223 2007 3257 Aliquem
2027 3223 2059 3249 ad
2075 3223 2231 3257 supplicium
2250 3225 2321 3250 Η111.
2335 3225 2407 3251 Caes.

1373 3260 1399 3285 B.
1414 3260 1445 3285 G.
1462 3264 1485 3291 8,
1502 3264 1537 3290 38.
1609 3259 1663 3285 Cic.
1681 3268 1728 3293 pro
1743 3259 1835 3285 Caelio
1850 3265 1884 3292 70
1905 3259 1960 3285 Hac
1980 3259 2036 3291 lege
2049 3259 2134 3285 Caelii
2155 3259 2332 3286 adolescentia
2352 3267 2406 3286 non

1370 3293 1402 3320 ad
1417 3295 1539 3328 Reipubl.
1555 3303 1667 3328 poenas,
1689 3294 1733 3320 sed
1751 3294 1784 3320 ad
1802 3294 1922 3320 mulieris
1941 3293 2066 3320 libidines
2082 3300 2107 3320 et
2127 3293 2233 3320 delicias
2251 3295 2407 3329 deposcitur.

1371 3330 1432 3357 Liu.
1446 3338 1483 3361 21,
1496 3331 1512 3355 6
1535 3329 1575 3355 Ad
1588 3329 1681 3355 ducem
1700 3330 1784 3363 ipsum
1805 3330 1834 3355 in
1851 3337 1962 3364 poenam
1980 3329 2096 3355 foederis
2112 3330 2184 3363 rupti
2206 3329 2405 3365 deposcendum.

1372 3366 1404 3390 Et
1423 3373 1461 3396 21,
1477 3373 1505 3390 10
1535 3364 1677 3391 Auftorein
1695 3365 1786 3399 culpae
1806 3372 1831 3391 et
1850 3374 1924 3391 reum
1943 3365 2062 3390 criminis
2085 3364 2233 3398 deposcunt.
2286 3367 2317 3392 Et
2334 3373 2405 3395 mox,

1373 3400 1430 3426 Nec
1444 3399 1590 3425 dedendum
1604 3401 1687 3426 solum
1701 3400 1727 3426 id
1743 3401 1873 3434 piaculum
1894 3400 1965 3434 rupti
1980 3400 2092 3432 federis,
2113 3401 2171 3433 sed,
2190 3401 2208 3428 si
2228 3409 2306 3427 nemo
2325 3399 2404 3433 depo-

1373 3436 1440 3466 scat,
1459 3435 1657 3468 deuehendum,
1672 3443 1716 3461 etc.
1772 3436 1856 3462 Morti
1870 3434 2026 3470 deposcere,
2042 3443 2090 3470 pro
2103 3437 2136 3462 ad
2145 3444 2253 3462 mortem.
2285 3435 2406 3470 Refertur

1371 3477 1451 3497 autem
1467 3471 1629 3504 Deposcendi
1645 3472 1742 3497 verbum
1751 3472 1899 3506 frequenter
1913 3470 1946 3496 ad
1957 3471 2104 3506 Supplicium
2116 3482 2123 3496 :
2149 3472 2239 3498 Tacit.
2251 3471 2317 3496 Ann.
2331 3480 2355 3502 1,
2374 3478 2404 3503 23

1373 3506 1442 3532 Dum
1451 3506 1642 3532 Centurionem
1655 3514 1831 3540 cognomento
1847 3506 1988 3540 Stirpicum
2001 3507 2046 3532 illa
2060 3507 2140 3533 morti
2154 3505 2276 3541 deposcit.
2330 3507 2405 3532 Prae-

1372 3541 1408 3567 lia
1422 3541 1542 3575 deposces
1560 3542 1604 3567 Sil.
1620 3549 1657 3575 17,
1694 3561 1700 3567 .
1737 3561 1744 3567 .
1816 3542 1894 3568 Tene
1914 3541 1972 3567 istas
1991 3549 2074 3576 partes
2090 3541 2277 3577 depoposcisse,
2294 3547 2338 3573 vt,
2356 3548 2403 3568 etc.

1372 3577 1428 3603 Cic.
1448 3585 1495 3610 pro
1509 3577 1581 3602 Rosc.
1596 3577 1684 3602 Amet.
1699 3584 1737 3609 95.
1806 3577 1883 3603 Votis
1904 3577 2041 3611 deposcere
2061 3586 2170 3612 pugnam
2187 3576 2283 3601 Lucan.
2304 3585 2334 3608 2,
2353 3584 2415 3609 533.⁴

1372 3612 1503 3646 Supplicia
1518 3613 1590 3638 saeua
1605 3612 1665 3637 Stat.
1680 3610 1772 3638 Theb.
1789 3619 1826 3644 12,
1840 3615 1901 3644 460.
1975 3613 2119 3647 Deposcere
2131 3618 2207 3645 atque
2221 3617 2342 3646 expetere
2355 3612 2404 3638 im—

1371 3655 1519 3682 peratorem
1533 3647 1565 3673 ad
1580 3647 1679 3673 bellum
1695 3647 1751 3673 Cic.
1768 3656 1814 3680 pro
1825 3648 1893 3681 Lege
1906 3648 1996 3675 Manil.
2009 3660 2054 3683 44.

1409 3689 1426 3709 D
1436 3690 1452 3709 E
1462 3690 1476 3709 P
1485 3689 1503 3709 ο
1512 3690 1524 3709 S
1534 3689 1550 3708 C
1560 3690 1575 3709 Ε
1586 3690 1606 3708 Ν
1618 3690 1630 3708 s
1639 3701 1646 3713 ,
1666 3683 1741 3708 entis.
1770 3683 1861 3708 l'artic.
1899 3682 2031 3719 [ἔξαθι-ων]
2066 3681 2181 3709 Cic.Att.
2197 3689 2218 3714 ς,
2228 3690 2241 3707 2
2261 3681 2403 3708 Hortensio

1372 3717 1522 3752 deposcenti
1541 3717 1660 3744 mandata
1675 3726 1748 3749 mea,
1769 3723 1870 3744 caetera
1889 3720 2009 3746 vniuersa
2025 3717 2154 3745 mandaui.

1409 3759 1643 3783 DEPOSITVS,
1682 3758 1930 3787 DEPOSITVM,
1970 3758 2285 3781 DEP081TAR1VS.

1374 3794 1393 3814 1)
1405 3795 1421 3815 Ε
1433 3795 1447 3814 P
1461 3795 1480 3814 o
1492 3795 1513 3814 Ν
1527 3794 1545 3813 0
1558 3808 1563 3814 .

1407 3830 1425 3849 D
1435 3829 1451 3850 E
1461 3830 1475 3849 P
1484 3830 1503 3850 Ο
1516 3830 1527 3848 s
1540 3821 1590 3849 TW*
1600 3828 1613 3847 1
1624 3829 1643 3849 Ο
1652 3842 1660 3854 ,
1687 3827 1738 3849 are.
1775 3822 1908 3859 [ἕξαιτέω]
1950 3825 2103 3851 Vehementer
2116 3821 2248 3857 postulare.
2285 3821 2356 3848 Hirt.
2375 3822 2403 3848 B.

1371 3859 1480 3892 Hispan.
1501 3868 1521 3884 c.
1537 3867 1546 3893 1
1567 3858 1694 3885 Ciuitates
1712 3860 1858 3886 contrariae
1875 3861 1999 3895 Pompeio
2014 3857 2113 3883 auxilio
2129 3858 2175 3884 fibi
2198 3857 2403 3892 depostulabant.

1408 3901 1426 3920 D
1435 3900 1451 3920 E
1460 3901 1474 3920 P
1486 3900 1504 3919 o
1515 3901 1527 3919 s
1536 3901 1557 3920 Τ
1567 3900 1587 3917 V
1600 3901 1614 3918 1.
1625 3901 1644 3919 Α
1655 3900 1678 3919 '1'
1690 3900 1710 3919 O
1720 3900 1737 3920 R
1747 3914 1753 3924 ‚
1774 3895 1836 3921 oris.
1868 3905 1902 3922 in.
1940 3892 2057 3921 Tertull.
2072 3893 2147 3926 Apol.
2165 3903 2186 3919 c.
2201 3902 2228 3926 35
2248 3893 2401 3928 Depostula-

2272 3153 2330 3179 Val.
2344 3154 2406 3187 Arg.

2227 3188 2348 3215 Mandata
2361 3188 2409 3215 ali-

2345 3750 2404 3779 Vid-
2438 3758 2444 3759 ’

485 3924 539 3950 Cic·
554 3925 628 3950 Verr-
645 3933 662 3950 2
680 3924 753 3956 (Λὲἲ-
768 3929 795 3955 ι)
817 3934 843 3952 12
870 3935 891 3952 c.
903 3935 922 3959 4
952 3928 1032 3954 Cuius
1056 3936 1178 3963 praetura
1197 3929 1303 3960 vrbana,
1314 3940 1358 3967 ¹05
1369 3935 1439 3956 tores
1452 3929 1679 3961 Christianorum,
1698 3929 1756 3964 scil.
1770 3930 1801 3956 ad
1814 3931 1989 3966 Supplicium,
1999 3928 2044 3964 fii«
2056 3933 2216 3964 accujatores.

2311 3969 2400 3990 DEPO-
