2479 4225
416 182 699 223 FAC

671 271 787 298 Credere
800 271 899 297 facinus
914 267 1011 295 timido
1020 276 1077 295 cor-

677 307 753 333 Edita
766 307 883 333 facinora
899 304 996 330 habent
1016 304 1076 330 Liu.

1 279 4 287 ⁴
40 284 94 306 tere
104 273 219 308 exempla
232 272 381 300 facinorum
399 272 457 298 Seu.
469 271 561 298 Theb.
575 280 599 298 2.

5 330 8 337 .
41 313 69 342 di
86 311 165 339 Plaut.
178 308 265 336 Pseud.
278 317 304 340 2,
319 316 339 340 1,
351 316 373 340 3.
410 307 463 334 vid.
486 314 606 334 caeno.

1 358 5 369 r
42 357 84 383 39,
119 365 126 372 .
161 365 168 371 .
219 342 327 370 Efficere
341 342 476 369 mirabilia
489 343 607 370 facinora
625 342 681 369 Cic.
695 342 806 376 Philipp.
822 350 844 373 3,
860 348 914 372 109.
985 339 1079 365 Facere

42 382 156 413 facinus,
174 381 290 406 Latinum
303 377 345 412 este
353 379 445 414 probat
459 380 543 405 Burni.
556 378 589 405 ad
604 377 713 411 Qiiuc‘i.
729 378 800 404 Decl.
816 385 837 406 2,
852 381 864 404 8
878 385 902 409 p.
916 376 960 406 46.
1038 376 1080 400 In-

0 429 6 445 ,-
44 418 130 454 eipere
141 415 258 446 facinus,
274 415 400 443 Inuenire
412 415 529 447 facinus,
547 414 598 440 oid.
612 415 655 441 hh.
671 422 713 439 υυ.
802 411 897 437 Moliri
912 410 1013 436 facinus
1034 411 1079 436 Sil.

2 455 4 459 ’
44 462 78 487 11,
110 464 119 479 ¹.
152 470 159 477 .
193 450 279 477 Obire
295 449 405 485 aliquod
430 451 487 476 Cic.
510 451 539 476 in
552 450 630 476 Catil.
644 457 665 481 1,
678 450 721 474 26.
881 481 885 486 .
916 443 936 483 ff
977 454 994 471 2
1030 447 1080 485 Pro

0 484 4 495 ⁴
42 489 131 518 Scelere
155 492 178 512 ee
191 486 305 522 flagitio.
339 483 519 520 [duco-imme,
537 485 657 516 α’τόπημω
670 481 791 515 Vet.Gl.]
826 482 863 508 Ex
879 481 958 507 illane
975 480 1078 507 familia

42 530 95 553 tam
106 521 235 549 illiberale
250 521 352 547 facinus
364 521 412 547 css'e
426 528 514 548 ortum
528 522 537 547 3
572 521 641 546 Ter.
654 518 728 544 Adel.
741 526 763 549 3,
776 526 804 549 4,
818 525 840 549 3.
904 516 975 543 Idem
985 517 1079 542 Heaut.

43 567 100 591 πμ,
114 562 127 588 8
147 558 171 584 Ia
192 555 261 583 mihi
284 556 335 583 vbi
355 557 458 584 abdibit
478 556 534 592 plus
556 554 660 590 paullo,
680 553 725 578 sua
744 561 811 587 quae
837 558 925 579 narrat
947 551 1079 578 facinora!

41 593 101 622 Liu.
112 601 152 626 39,
165 600 190 625 13
210 592 290 619 Nihil
302 592 342 618 ibi
355 592 499 624 facinoris,
516 591 585 618 nihil
600 589 639 616 ibi
653 588 749 622 flagitii
762 588 979 622 praetermiffiim.
1023 588 1079 614 Cic.

11 631 14 643 ²
31 636 89 665 pro
101 628 171 655 Cael.
186 630 217 660 56
233 629 350 654 Primum
361 627 393 654 ad
407 629 431 654 se
444 631 598 655 reuocarent
611 623 720 651 maximi
734 623 862 650 facinoris
876 625 986 650 crimen.
1042 622 1079 649 Id.

32 672 91 700 ¹pro
102 665 128 690 P.
140 663 202 689 Sull.
217 665 248 693 68
268 663 364 698 Neque
378 665 450 690 enim
463 663 570 690 istorum
585 660 734 687 facinorum
749 665 902 691 tantorum,
917 665 970 685 tam
985 659 1082 685 atroci-

12 695 15 702 '
32 708 88 727 'nm
101 699 201 726 crimen
213 698 316 725 Iudices
329 700 355 726 P.
371 700 456 725 Sullae
472 698 581 733 persona
602 695 716 730 suscipit.
822 696 918 722 Forma
931 695 1081 720 facinorum

34 731 100 763 :Secu
114 734 206 761 otuu.
219 735 237 760 s.
251 743 277 768 4.
349 735 413 761 Non
426 733 499 761 rudis
512 732 660 758 facinorum
679 730 770 757 Tacit.
784 731 852 757 Ann.
867 739 902 761 12,
915 738 949 762 5¹-
996 730 1081 756 Series

44 771 190 799 facinorum
210 769 268 796 sen.
283 769 377 797 oetan.
390 771 409 797 s.
419 779 446 804 4.
516 766 790 794 Animaduertendum
807 767 875 792 Ter.
884 766 1036 798 Audr.4,4‚
1046 771 1081 795 28.

41 807 124 834 Atrox
143 805 200 832 Sen.
214 805 319 832 Troad.
334 811 388 839 289.
458 803 566 834 Audax,
586 802 721 836 Capitale,
738 802 790 828 vid.
811 802 853 828 hh.
866 801 891 827 ΙΙ.
983 802 1081 827 Cruen-

42 847 97 870 tum
116 841 172 867 Sen.
186 841 296 876 Hip'pol.
310 842 328 867 s.
341 850 366 874 4.
418 857 422 861 -
435 839 553 873 Dignum
566 844 652 864 morte
671 838 728 864 Sen.
742 837 853 872 Hippol.
868 837 886 863 s.
901 844 937 862 12.
1017 837 1081 862 Foe-

41 877 103 904 dum
117 885 146 902 ac
158 877 246 903 ferum
280 877 340 903 Liu.
354 880 394 906 28,
407 882 449 900 22.
521 873 693 900 Hori-endum
731 874 788 899 Sen.
804 872 896 899 Theb.
910 880 935 898 2.
1007 871 1081 899 Idem

40 912 151 946 Hippoi.
171 915 216 945 169
236 912 342 946 Expelle
353 909 453 936 facinus
466 914 553 936 mente
566 909 677 935 castifica
690 908 841 935 horridum.
948 908 1081 942 Ignotum,

660 944 793 971 Illiberale
812 944 881 970 Ter.
898 942 1003 976 Adel.3,
1017 952 1045 975 4,
1060 953 1081 975 3.

846 978 986 1013 Indignum
1011 980 1079 1006 Ter.

823 1015 931 1048 Ingens,
949 1015 1002 1040 vicl.
1015 1015 1037 1042 b.
1054 1025 1079 1041 υ.

39 947 164 979 efferum,
179 947 329 975 inusitatum
350 946 406 971 Sen.
421 944 514 972 Theb.
528 947 589 978 264.

38 984 207 1017 Incognitum
221 984 380 1013 facinus,·ac
394 979 483 1007 dirum
497 981 569 1007 nefas
587 981 644 1006 Sen.
657 979 728 1007 Med.
742 988 776 1007 12.

41 1018 122 1046 Andr.
135 1026 160 1051 ς,
172 1027 198 1052 2,
212 1027 244 1051 13.
314 1015 455 1043 Infandum
473 1016 544 1043 Ter.
558 1016 624 1042 Eun.
637 1026 670 1050 4,
683 1024 695 1047 3
704 1035 713 1048 ,
725 1024 750 1041 2.

38 1054 111 1081 Lene
129 1055 197 1080 Hor.
211 1052 287 1088 Epist.
301 1061 321 1084 1,
338 1053 376 1083 16,
389 1053 429 1084 56.
537 1052 628 1079 Tacit.
643 1053 710 1077 Ann.
727 1059 762 1083 12,
777 1055 790 1080 8
823 1051 857 1076 At
870 1050 1029 1084 Agrippina,
1046 1060 1079 1077 ne

38 1095 141 1116 tantum
155 1089 231 1115 Malis
244 1087 404 1115 facinoribus
417 1089 569 1114 notesceret.
641 1086 755 1113 Mortale
769 1086 870 1112 facinus
881 1085 1000 1112 nondum
1008 1086 1080 1120 fuga-

39 1130 79 1153 rat
108 1124 252 1155 Iustitiam,
282 1125 300 1149 i.
322 1121 453 1156 Astraeam
480 1123 562 1151 Ouid.
578 1122 643 1149 Fast.
659 1131 677 1154 1,
690 1130 752 1155 249.
788 1121 916 1148 comitiae
925 1128 974 1157 pro
979 1122 1080 1163 'saeculo

39 1166 163 1203 corrupm.
244 1158 401 1188 Nefarium,
420 1158 474 1184 viel.
496 1165 667 1197 NEFARWS.
775 1157 889 1184 Nullum
903 1166 957 1184 non
971 1161 1079 1200 facinus,

37 1194 303 1258 ‹siginiiSVCicx-yss’err.
317 1194 486 1262 ffiollggienum
495 1193 616 1256 Tgsfsi'rss
629 1193 823 1261 lgerffiugf'igei‘t'.
832 1201 895 1258 111392-3.
973 1194 1081 1255 §tirel-{ges

41 1271 112 1302 parat
124 1265 224 1292 facinus
245 1264 326 1291 Ouid.
340 1266 404 1291 Met.
418 1267 444 1297 6,
459 1267 515 1297 623.
712 1261 733 1300 ἦ
754 1273 766 1296 3
807 1264 887 1290 Verba
901 1275 909 1289 :
945 1263 1081 1291 Adducere

41 1301 74 1330 ad
83 1301 198 1334 facinus,
215 1300 269 1326 vid.
283 1301 307 1327 h.
321 1309 346 1327 υ.
419 1300 568 1327 Admittere
582 1299 682 1326 facinus
697 1299 807 1334 aliquod
826 1300 1081 1332 quen.Sat.10,2;;.

0 1356 5 1370 3
43 1336 254 1368 Animaduertcre
267 1336 383 1368 facinus,
400 1335 454 1362 oid.
467 1336 493 1362 h.
507 1345 533 1362 v.
641 1335 733 1362 Tacit.
746 1335 814 1362 Hist.
827 1345 847 1368 1,
863 1341 887 1365 18
921 1336 952 1361 In
966 1345 998 1362 eo
1010 1343 1080 1361 metu

4 1375 5 1378 ’
45 1372 158 1414 Aponius
170 1372 334 1403 Saturninus,
348 1371 461 1398 Moesiae
473 1371 572 1404 re&or,
580 1370 713 1406 pessimum
727 1371 828 1397 facinus
842 1370 929 1397 audet.
1001 1372 1021 1398 C
1025 1380 1081 1397 oin-

46 1409 147 1436 msttere
158 1407 272 1440 facinus,
307 1407 473 1434 Consciscere
486 1407 603 1437 facinus,
626 1405 751 1440 vidffill.
824 1407 881 1433 Cic.
896 1406 928 1433 de
941 1407 999 1433 Fin.
1015 1416 1040 1438 2,
1049 1414 1079 1439 95⁶

3 1473 9 1476 ,
45 1443 72 1470 si
83 1443 150 1470 enim
163 1443 199 1470 ita
211 1443 264 1474 cst,
280 1442 343 1469 vide
354 1451 388 1469 ne
401 1443 501 1469 facinus
514 1443 618 1475 Faciam,
637 1451 719 1477 quum
736 1442 808 1469 mori
827 1442 942 1469 suadeas.
1031 1444 1081 1468 Ge-

0 1495 6 1499 =-
42 1478 141 1505 minare
153 1477 254 1504 facinus
272 1478 352 1505 Ouid.
366 1479 430 1505 Met.
445 1487 482 1510 ιο,
496 1486 555 1513 471.

41 1512 84 1540 det
96 1513 170 1540 vultu
183 1513 258 1540 fassus
274 1514 453 1540 Telamonius
464 1514 531 1541 iram
540 1534 548 1546 ,
585 1514 670 1547 Inque
685 1513 769 1539 oculis
783 1513 883 1540 facinus
897 1513 1009 1540 barbara
1028 1523 1081 1540 ma-

38 1553 79 1576 ter
90 1549 185 1575 Habet.
258 1550 392 1584 Inceptare
406 1549 507 1576 facinus
528 1549 596 1575 Ter.
610 1550 704 1575 Heaut.
718 1557 741 1580 3,
757 1557 780 1581 3,
790 1557 829 1581 39.

37 1584 111 1610 einus
131 1584 213 1611 Ouid.
231 1586 296 1612 Met.
312 1593 394 1617 1,242.

36 1618 138 1646 Natum
152 1620 189 1646 est
201 1620 304 1646 facinus
318 1629 434 1651 nouum,

35 1655 137 1682 facinus
150 1655 259 1689 aliquod
278 1655 359 1680 Ouid.
374 1656 436 1680 Met.
450 1663 476 1687 9,
491 1663 541 1687 150.

474 1619 570 1646 Oritur
581 1619 699 1651 facinus,
715 1619 769 1645 vid.
784 1620 825 1645 hh.
840 1629 883 1646 υυ.

0 1749 3 1751 .
38 1725 134 1752 Milon.
147 1733 193 1759 47.
264 1725 400 1758 Repellere
413 1726 514 1752 facinus
533 1725 615 1752 Ouid.
630 1727 691 1751 Met.
706 1733 740 1758 13,

0 1772 2 1780 v
36 1761 139 1787 facinus
159 1761 220 1786 Stat.
235 1760 325 1786 Theb.
340 1769 360 1793 ς,
373 1766 433 1793 489.

12 1799 13 1803 ’
37 1796 118 1821 Sualit
131 1804 206 1821 amor
220 1795 322 1822 facinus
339 1795 421 1822 Ouid.
435 1797 500 1822 Met.
515 1801 536 1826 8,
549 1804 593 1827 90.

36 1830 142 1856 Cluent.
156 1837 211 1863 170.
367 1847 393 1880 ρ

757 1734 819 1760 777·

35 1936 150 1969 denique
164 1934 286 1960 omnium
299 1934 522 1960 facinorosorum.
605 1933 688 1967 Culpa
706 1932 763 1959 Val.
778 1934 848 1959 Max.
862 1942 886 1964 2,
901 1936 927 1965 6,
941 1942 962 1965 3.

35 1977 62 1998 ta
82 1971 136 1998 Cic.
152 1969 183 1996 de
197 1969 290 2004 Legib.
304 1978 324 2001 1,
338 1978 374 2002 40
387 1978 408 1995 c.
423 1977 462 2002 14.

36 2007 95 2035 stin.
107 2008 145 2038 16,
157 2004 186 2039 4,
200 2007 225 2032 6.
295 2004 363 2032 Add.
380 2004 469 2031 Sidon.
484 2004 530 2039 Ep.
543 2013 566 2037 3,
583 2013 616 2037 13.

37 2042 92 2075 Cic.
105 2050 152 2076 pro
165 2041 231 2067 Sext.
250 2050 272 2066 c.
286 2046 322 2072 38.

72 2080 90 2105 ’ῐέ
99 2084 121 2104 Α
133 2083 150 2104 C
161 2084 171 2103 1
180 2083 203 2103 N
213 2082 232 2103 O
241 2082 288 2102 RO
300 2083 313 2102 s
325 2081 351 2101 F.
373 2075 440 2103 Adu.
475 2075 553 2112 Apud
566 2077 702 2111 Augustin.
739 2097 746 2105 .
784 2097 791 2105 .
828 2097 835 2104 .

43 2116 377 2175 dsFAclTERGIVM,
401 2111 419 2138 i.
457 2120 485 2138 n.
520 2113 650 2146 Linteum,
675 2123 721 2150 quo
751 2112 904 2150 abstergitur
930 2112 1016 2149 facies
1035 2111 1080 2140 Ifi-

60 2157 97 2176 or.
109 2157 120 2175 1
138 2168 145 2180 ‚
158 2155 197 2181 25.

77 2157 148 2212 PA9c
159 2190 254 2218 VLA,
273 2191 312 2210 ae.
332 2182 353 2210 f.
389 2182 491 2210 Dimin.
527 2193 542 2210 a
556 2184 618 2211 Fax.
654 2184 698 2210 vbi
711 2185 766 2211 vid.

17 2227 19 2246 l
79 2225 300 2251 racvnnvs,
319 2228 349 2252 a,
375 2228 429 2246 um.
468 2218 528 2247 Adi.
566 2217 721 2254 [somenam
740 2220 836 2253 λόγως,
855 2219 958 2253 εὐεπὴς]
994 2218 1080 2255 Diser-

18 2250 19 2283 1
40 2260 94 2286 tus,
111 2264 128 2282 a
141 2251 219 2281 Fando
232 2264 242 2284 ,·
277 2257 320 2290 qui
339 2263 376 2288 ea,
390 2264 449 2290 quae
472 2261 550 2281 mente
562 2259 715 2290 conceperit,
733 2256 767 2282 ad
776 2256 904 2282 audientes
911 2255 994 2292 facile
1007 2261 1080 2290 atquc

29 2292 122 2324 ‘optate
130 2289 240 2326 profert.
259 2293 277 2316 i.
292 2289 379 2325 fatur.
468 2292 556 2317 Varro
570 2291 602 2317 de
615 2291 644 2317 L.
659 2292 688 2317 L.
703 2299 725 2324 ς,
740 2300 758 2327 7
774 2301 799 2326 p.
812 2300 854 2324 34,
868 2300 896 2325 ¹7
928 2292 984 2325 Qu
997 2291 1077 2317 facile

18 2339 19 2351 1
37 2324 139 2358 fantur,
158 2325 266 2352 facundi
279 2325 354 2352 dicti.
460 2326 542 2353 Ouid.
556 2326 588 2352 de
602 2327 664 2352 Arte
679 2328 738 2353 Am.
754 2336 780 2360 2,
795 2336 837 2359 123
865 2328 930 2353 Non
944 2327 1078 2353 formosus

17 2374 20 2387 ι
36 2366 105 2394 erat,
123 2361 166 2388 sed
178 2367 234 2388 erat
247 2361 373 2387 facundus
385 2361 492 2394 Vlyffes.

0 2394 9 2425 ὖ
35 2395 83 2423 hus
95 2396 160 2423 alius
172 2397 227 2424 alio
241 2397 380 2423 facundior
393 2397 519 2428 habetur,
539 2403 564 2424 et
576 2397 605 2424 in
619 2398 771 2432 eloquendo
783 2398 867 2424 dulcis
880 2398 972 2432 magis.
1035 2397 1074 2424 Id.

35 2439 69 2463 13,
81 2439 98 2458 2
109 2439 173 2459 extr.
190 2433 221 2459 In
235 2432 386 2466 exemplum
399 2432 466 2459 bene
478 2431 584 2458 dicendi
598 2433 806 2460 facundissimum
827 2442 961 2468 quemque
979 2442 1076 2468 propo-

32 2472 76 2494 net
89 2466 138 2494 fibi
150 2466 182 2494 ad
195 2468 363 2494 imitandum.
433 2467 556 2493 Prudent.
570 2467 629 2493 adu.
643 2468 789 2500 Symmach.
803 2478 835 2501 2,
849 2478 877 2502 19
993 2470 1076 2495 Auso-

31 2503 91 2530 niae
104 2503 148 2530 vir
160 2502 340 2529 facundiffime
360 2502 475 2537 linguae.
547 2502 626 2529 Dicta
651 2503 733 2530 Ouid.
747 2505 811 2531 Met.
823 2514 859 2537 13,
874 2512 928 2539 127.

30 2538 73 2565 nis
91 2539 187 2564 Lucan.
202 2538 234 2564 ad
247 2537 329 2563 pison.
343 2544 388 2572 97.
458 2538 494 2564 Os
511 2538 593 2565 Ouid.
607 2538 673 2566 Fast.
685 2547 709 2573 5,
721 2542 780 2573 698.

29 2573 76 2600 bus
80 2572 200 2605 studetur
207 2572 347 2608 facundiae
372 2572 463 2599 Claud.
499 2593 507 2599 .
543 2594 550 2600 .
588 2593 595 2600 .

68 2614 86 2635 F
94 2614 116 2634 A
125 2613 142 2634 C
150 2613 172 2633 V
181 2614 203 2634 N
213 2614 231 2634 D
240 2615 250 2634 1
258 2614 295 2640 A,
314 2616 352 2634 ae.
379 2608 398 2634 f.
436 2607 572 2643 [εὖφροιδίοι
582 2629 590 2642 ,
612 2609 709 2643 εὖεπῖοι,
728 2610 837 2645 {orm-125]
875 2612 992 2638 Facultas
1006 2610 1034 2636 dr·
1055 2609 1077 2637 ἓ-

30 2643 105 2672 rendi
115 2651 170 2670 cum
183 2642 312 2683 dignitate,
325 2646 418 2680 gratia.
453 2644 557 2678 Gell.4‚
565 2654 582 2678 9
599 2648 692 2672 interea
702 2646 799 2682 refert,
817 2647 988 2677 Facundiam,
997 2640 1076 2679 quae,

31 2679 95 2706 ficut
110 2679 179 2713 ipsae
190 2684 321 2705 virtutum
333 2679 521 2714 amplitudines
530 2698 538 2711 ‚
551 2680 630 2706 nullis
644 2681 742 2707 finibus
756 2682 927 2712 cohibentur,
935 2680 977 2706 sed
994 2688 1075 2714 quan-

30 2720 61 2742 to
72 2716 175 2741 maiora
187 2714 359 2749 auctioraque
380 2715 439 2740 sunt
447 2733 455 2746 ,
475 2719 549 2740 tanto
562 2715 642 2741 etiam
656 2715 805 2742 laudatiora
819 2717 886 2742 sunt.
965 2714 1031 2740 Plin.
1046 2722 1073 2748 7,

31 2759 64 2784 30
78 2749 225 2777 Facundiae
239 2749 427 2784 Latiarumque
440 2749 576 2776 literarum
590 2759 682 2784 parens
691 2751 798 2777 Cicero.

26 2784 99 2818 ,GelL
112 2794 135 2818 3,
148 2793 174 2819 7.
253 2786 334 2812 Arma
347 2785 485 2812 facundiae
505 2785 636 2819 Quinctil.
651 2794 676 2817 2,
692 2788 729 2812 16.
819 2786 937 2820 Linguae
951 2785 1075 2812 facundia

26 2828 31 2839 ³
57 2821 112 2849 uid.
127 2820 213 2847 Trist.
228 2829 250 2852 3,
264 2828 286 2853 ς,
300 2829 338 2853 29.
409 2821 504 2847 Comta
517 2821 640 2848 facundia
660 2821 751 2848 Tacit.
763 2823 830 2848 Anu.
846 2824 872 2854 6,
883 2831 916 2855 ις.
989 2821 1075 2854 Digna

31 2857 149 2892 principe
162 2855 285 2882 facundia
304 2855 384 2882 Ouid.
395 2865 426 2882 ex
440 2857 513 2883 Pont.
522 2865 544 2889 2,
552 2865 617 2890 >¹255-
652 2858 744 2883 quen.
753 2858 802 2884 Sat.
812 2867 849 2889 ιο,
859 2866 887 2883 10
922 2871 969 2877 ——-
1003 2855 1075 2882 Mul-

31 2893 66 2920 t'is
99 2893 131 2920 Et
143 2892 187 2918 sua
200 2891 342 2918 Mortifera
355 2892 391 2918 est
405 2892 535 2919 facundia.

33 2927 78 2955 dia
89 2927 200 2962 Virgilii
213 2927 332 2954 Macrob.
346 2927 448 2954 Saturn.
462 2936 485 2960 ς,
501 2937 521 2954 1.

32 2964 106 2990 Po'et.
119 2970 182 2997 217..
243 2963 320 2989 Alere
332 2963 483 2990 facundiam
502 2962 632 2997 Qunc‘til.
645 2964 673 2990 in
686 2965 806 2991 Prooem.
820 2974 830 2991 1
845 2971 910 2991 extr.

34 2996 179 3024 mandatam
191 2997 313 3025 facundia
324 2999 426 3025 causam
445 2998 526 3025 Ouid.
541 3000 605 3026 Met.
619 3007 646 3034 7,
659 3007 713 3032 505.

71 3038 224 3059 FACVND
234 3032 247 3060 ἴ
258 3040 279 3059 Τ
288 3041 330 3061 As
339 3054 348 3067 ‚
366 3035 424 3061 atis.
445 3035 465 3061 f.
500 3035 576 3062 Idem.
613 3035 695 3062 Plaut.
709 3035 793 3062 Truc.
807 3044 830 3068 ει,
844 3037 871 3068 6,
883 3043 907 3068 13
925 3034 1013 3061 Facile
1025 3034 1075 3061 fibi

36 3065 221 3094 facunditatem
233 3069 317 3096 virtus
332 3076 451 3105 argutam
466 3070 578 3097 inuenit.

67 3108 92 3142 'F
101 3107 122 3127 A
131 3107 175 3141 §JV
185 3101 269 3142 N3DE.
291 3105 358 3132 Adu-
396 3104 526 3141 [φραδῶς]
561 3105 669 3141 Diserte.
705 3106 766 3133 Liu.
785 3111 832 3138 28,
847 3111 872 3136 18
899 3105 948 3132 Sed
973 3105 1075 3132 hostem

37 3142 118 3164 etiam
131 3135 313 3167 infestlffimum
324 3141 434 3168 facunde
446 3141 607 3177 alloquendo
620 3141 668 3168 sibi
681 3142 838 3169 conciliarit.
872 3142 947 3178 Conf.
961 3141 1031 3168 Gell.
1040 3150 1075 3174 13,

2 3176 6 3195 Ι
38 3178 62 3203 8.
96 3178 120 3198 et
134 3170 308 3213 VfllssMaffij,
318 3185 331 3208 3
345 3184 408 3204 extr.
427 3181 470 3213 qui
483 3178 553 3204 habet
567 3181 594 3203 in
608 3178 702 3212 Superl.

74 3214 91 3234 F
99 3214 121 3234 A
130 3212 147 3233 C
155 3214 178 3246 y
188 3213 237 3234 Ν-Ι)
246 3216 281 3236 10
289 3217 329 3237 sv
337 3218 350 3238 s
358 3232 366 3244 ,
385 3222 416 3246 a,
436 3222 491 3239 um.
510 3213 571 3239 Adi.
608 3210 755 3248 [εὖεπιώδης]
791 3212 960 3248 Sempronius
975 3212 1075 3238 Asellio

9 3254 11 3258 ’
37 3243 190 3277 νΓυΥΡᾶῑΙῑΐ,
209 3241 265 3275 teste
279 3245 343 3274 Gell.
357 3257 385 3281 4,
398 3257 414 3281 9
430 3257 501 3284 quum
509 3248 548 3283 fic
562 3253 599 3274 ait
611 3259 622 3279 ;
657 3249 721 3276 XIII
739 3257 828 3275 rerum
843 3249 987 3283 gestarum,
1006 3247 1074 3274 faeie·

36 3280 103 3342 2¹²¹,-
113 3277 229 3312 spefiiare
258 3287 377 3313 oportere
395 3295 401 3311 z
438 3283 509 3311 dicta
538 3293 610 3319 non,
633 3284 651 3311 fi
690 3284 777 3311 minus
805 3284 958 3311 facundiosa
989 3284 1076 3310 essent.

12 3324 14 3331 ⁴
65 3324 79 3340 n
93 3323 184 3348 tquum.
224 3320 228 3326 ’

74 3353 284 3380 FACVNDO,
303 3351 353 3377 ire.
388 3354 526 3382 Facundum
537 3355 636 3392 facere.
672 3354 784 3383 Sidonio
806 3362 830 3383 et
852 3354 967 3391 Apuleio
987 3354 1077 3381 tribui-

9 3392 11 3394 ·
36 3390 90 3412 eur.
124 3385 184 3412 Non
196 3383 268 3413 babet
278 3385 354 3412 Index
374 3389 475 3417 floridi,

276 3457 449 3492 FAD
529 3473 558 3496 et
642 3465 826 3496 FAE

64 3533 90 3570 ¹1⁷
104 3535 127 3555 A
140 3533 184 3568 D·1
196 3533 218 3553 V
233 3533 245 3553 S
258 3546 279 3568 ⁵,
303 3527 390 3553 Gemi!
407 3537 502 3569 nemen,
522 3543 533 3560 e
550 3543 597 3570 qua
617 3535 779 3570 Pompeianus
796 3535 881 3565 miles,
904 3537 975 3560 cuius
992 3535 1075 3560 memi-

41 3569 80 3590 mt
96 3563 195 3590 Asinius
214 3563 299 3589 Pollio
320 3562 386 3598 apud
405 3564 459 3590 Cic.
472 3567 542 3596 Fam,
563 3578 607 3602 ιο,
626 3578 663 3602 3²·
719 3568 761 3603 Est
774 3573 847 3596 etiam
861 3570 954 3596 Eidem
969 3569 1001 3596 de
1015 3568 1074 3595 Fin.

41 3607 70 3632 a,
88 3606 124 3632 55.
178 3600 330 3641 Qamquam
348 3605 452 3634 utroque
468 3601 517 3628 loco
535 3605 632 3639 quidam
654 3605 750 3632 Fabius
772 3605 878 3632 habent.

26 3643 28 3645 ·
76 3640 290 3665 FAESVLAE‚
307 3642 397 3664 aruum
422 3640 446 3660 et
465 3641 660 3673 FAESVLA,
679 3649 717 3667 ae.
755 3642 775 3667 f.
812 3643 928 3667 Etruriae
947 3639 1022 3670 vrbs,
1043 3636 1077 3663 ad

3 3687 15 3706 Ἥ.
38 3668 181 3703 Apennini
197 3669 311 3710 radices,
330 3671 493 3709 Romanorum
503 3673 608 3707 colonia,
626 3674 716 3709 castris
728 3676 888 3703 Catilmariis
907 3682 975 3702 nota.
1015 3672 1076 3699 Vid.

1 3706 12 3727 h
29 3704 70 3739 vSa
80 3705 137 3731 lust.
150 3705 228 3732 Catu.
243 3713 286 3740 27.
324 3712 347 3731 et
361 3706 415 3731 Cle·
432 3705 511 3731 Catll·
525 3713 547 3738 2,
560 3710 585 3735 6·
629 3711 676 3738 Sil.
688 3717 711 3743 8,
725 3718 777 3747 478
793 3712 900 3739 Faesula
912 3717 937 3737 et
950 3709 1074 3744 antiquus

1 3745 12 3775 ἑ
39 3738 162 3767 Romanis
180 3741 321 3770 moenibus
340 3740 446 3767 horror.

1000 2505 1077 2531 que.

608 2929 730 2963 Praeceps
744 2928 867 2955 facundia
884 2930 953 2955 Hor.
967 2928 1074 2990 inIArte

1015 2968 1075 2990 uult

1107 428 1120 454 5
1147 415 1203 440 Art.
1218 415 1289 440 Po'e't.
1304 420 1365 448 277.

1101 786 1124 811 ι)

1095 967 1130 985 20

1098 1144 1126 1171 ²5

1099 1325 1129 1348 30

632 1477 705 1504 Idem
717 1478 803 1504 Trist.
818 1487 844 1510 2,
857 1480 903 1512 526
943 1479 1031 1512 thue
1045 1479 1082 1504 se·
1097 1498 1126 1524 33

898 1550 989 1575 Iurare
1002 1549 1030 1575 in
1045 1550 1082 1575 fa-

488 1585 574 1610 Luere
587 1592 682 1617 poenas
695 1584 845 1610 facinorum
865 1584 1026 1611 Sen.0e”tau.
1035 1586 1051 1610 s.
1061 1592 1083 1618 ς.

989 1621 1082 1646 Parare

646 1656 749 1681 Patrai-e
763 1655 880 1687 facinus,
897 1654 949 1681 vid.
965 1662 1082 1682 PATRO.
1090 1675 1127 1700 40

37 1691 100 1716 Prae
122 1691 147 1716 se
172 1691 244 1716 ferre
265 1696 291 1715 et
316 1689 436 1716 confiteri
458 1690 538 1716 scelus
550 1696 575 1715 et
586 1689 686 1716 facinus
700 1690 821 1716 manibus
835 1691 948 1717 cruentis
963 1691 1018 1717 Cic.
1035 1700 1083 1725 pro

936 1727 1083 1760 Reposcere

506 1761 620 1787 Suadere
633 1761 732 1787 malum
745 1761 846 1786 facinus
866 1760 963 1786 Tibul.
976 1770 1001 1791 2,
1010 1770 1038 1793 4,
1046 1769 1082 1792 23.

685 1796 818 1828 Suscipere
830 1796 931 1820 facinus
955 1795 1019 1827 «Cic.
1033 1803 1083 1828 pro

72 1871 89 1892 1³
97 1868 143 1892 A‘C
152 1872 161 1890 1
172 1871 194 1890 Ν
204 1871 223 1890 o
231 1871 251 1890 R
260 1865 301 1890 os
311 1872 331 1889 ν
340 1872 353 1890 s
361 1883 370 1896 ,
389 1873 404 1890 a
413 1883 421 1895 ,
441 1872 495 1889 um.
526 1862 588 1889 Adi.
624 1863 781 1902 [nuxifyof]
818 1860 935 1895 scelestus
943 1882 951 1894 ,
965 1862 1083 1902 flagitio·
1094 1848 1127 1873 43

27 1899 84 1938 -Jias,
119 1899 174 1926 Cic.
187 1898 265 1925 Catil.
279 1907 305 1931 4,
319 1907 351 1930 29
372 1898 502 1931 Quintum
527 1906 608 1932 genus
629 1897 665 1923 est
684 1896 895 1932 parricidarum,
915 1897 1081 1959 fifflffisux'ss’

1061 1942 1081 1960 1-

571 1968 758 1996 Facinorofior
781 1968 899 1995 redditus
924 1969 1008 1995 exilio
1039 1970 1081 1995 Iu-

722 2004 959 2032 Facinorolissimus
975 2004 1081 2032 ficai-jus
1096 2028 1128 2054 50
1143 2014 1171 2041 4,
1187 2009 1224 2040 16,
1240 2016 1258 2039 1,
1275 2015 1354 2044 quom.
1366 2017 1392 2034 ue
1405 2008 1507 2042 φέκλην,
1522 2014 1565 2033 auc
1580 2007 1687 2041 φαίκλην
1704 2009 1851 2033 recentiores
1865 2006 1954 2032 Graeci
1965 2006 2060 2038 dicunt,
2081 2016 2108 2033 ea
2115 2007 2189 2043 forte

1095 2200 1123 2226 55
1143 2186 1202 2213 Oct.
1217 2195 1256 2220 14,
1272 2195 1305 2212 12.

583 2362 693 2395 Qlinc’t.
708 2372 745 2394 12,
758 2372 786 2389 ιο
810 2364 841 2388 ln
855 2362 979 2389 omnibus
993 2362 1077 2397 genti·
1090 2375 1124 2399 60
1141 2367 1192 2397 136.

849 2541 930 2573 Otia,
945 2542 964 2568 i·
980 2541 1011 2567 1²2
1022 2543 1076 2576 qui·
1094 2556 1125 2580 6-
1141 2541 1172 2568 de
1185 2544 1215 2569 R.
1230 2544 1262 2570 R.
1283 2552 1304 2570 c.
1320 2552 1364 2578 ¹54
1388 2542 1461 2577 Quod
1480 2552 1495 2582 e.
1504 2543 1621 2577 faecibus
1641 2539 1771 2575 capr-‹fficm
1790 2537 1832 2572 cst.

1107 3265 1118 3273 -
1140 3253 1212 3279 tulae
1234 3252 1362 3278 recubans
1385 3253 1432 3280 sub
1451 3253 1567 3287 tegmine
1586 3253 1649 3286 fagi.

1090 3615 1122 3642 95
1140 3608 1198 3634 Post
1212 3608 1301 3634 valido
1313 3608 1398 3635 nitens
1413 3608 1459 3634 sub
1473 3608 1589 3642 pondere
1604 3607 1707 3640 faginus
1721 3612 1787 3630 axis.

1512 181 1663 222 FA
1748 181 1787 219 G
2111 194 2188 232 590

1136 271 1276 307 fiaebfidunt.
1328 271 1399 297 Hinc
1406 269 1493 306 fhrder
1508 273 1581 297 ceiam
1593 271 1656 298 aliae
1669 270 1738 297 Facx
1747 288 1754 301 ,
1772 270 1814 295 vel
1819 270 1913 304 plural.
1928 272 2021 299 Faeces
2034 272 2090 299 dici
2097 271 2191 308 solent.

1145 308 1213 333 Hor.
1228 308 1316 334 Carm.
1332 315 1352 338 1,
1366 314 1405 339 35,
1419 310 1451 332 26
1484 306 1634 341 Diffugiunt
1648 305 1718 333 cadis
1754 305 1822 331 Cum
1840 305 1912 332 faece
1933 308 2029 335 siccatis
2048 309 2144 340 amici,
2173 309 2193 333 i.

1145 342 1180 369 ad
1198 343 1275 378 ipfiam
1298 351 1373 377 osque
1386 341 1498 377 fundum
1517 343 1595 368 exhau
1619 345 1648 368 is.
1705 341 1811 369 Dicitur
1832 345 1857 366 et
1878 341 1996 374 plaustris
2016 344 2112 370 vexiffe
2132 344 2193 377 poe-

1147 384 1215 405 mata
1227 378 1359 412 Thespis,
1383 377 1439 410 Qli
1457 384 1579 404 canerent
1597 382 1755 412 agerentque
1775 374 1897 411 perunffi
1917 377 2034 404 faecibus
2055 389 2101 405 ora
2121 380 2191 405 Hor.

1438 412 1569 439 Columel.
1585 421 1622 445 12,
1635 421 1672 445 19,
1685 421 1703 445 4
1724 411 1863 447 Qudquid
1877 411 1958 437 faecis
1971 414 2132 447 subsc-derit,
2148 423 2193 440 ex-

1147 450 1243 483 agitet,
1263 454 1287 474 et
1301 450 1328 475 in
1342 449 1472 474 summum
1489 447 1613 481 reducat,
1633 448 1661 474 de
1673 447 1748 482 mullo
1769 446 1926 483 incoquendo.
1999 449 2087 475 Sidon.
2102 451 2191 476 Carm.

1148 494 1174 517 9,
1187 493 1232 515 232
1260 485 1363 510 Pic'hun
1381 483 1498 509 faecibus
1512 484 1658 516 Aeschylon
1676 485 1785 510 secutus.
1854 483 1996 513 Pannosam
2019 483 2116 510 fat-cem
2136 494 2192 510 mo-

1147 520 1238 546 rientis
1253 519 1341 546 sorbet
1353 519 1420 545 aceti
1435 519 1501 545 Pers.
1517 528 1543 551 4,
1559 527 1596 550 32.
1668 521 1778 546 Faecem
1791 517 1912 545 rubentis
1931 518 1998 544 aceti
2018 526 2091 544 vocat
2110 521 2191 546 Mart.

1148 564 1181 588 11,
1196 564 1232 588 57.
1304 554 1419 582 Martial.
1436 563 1455 586 1,
1465 561 1495 588 27
1519 556 1586 580 Faex
1602 555 1732 581 Laletana.
1754 555 1782 581 de
1796 556 1855 580 vino
1869 555 1917 580 vila·
1934 560 1957 580 et
1972 554 2080 580 turbido,
2151 557 2193 582 Sic

1099 607 1128 625 10
1150 599 1170 623 1,
1185 600 1232 624 104
1249 593 1276 616 in
1290 591 1408 617 hominem
1415 589 1561 625 fizrdnlum,
1581 590 1721 617 Veientani
1736 590 1839 617 bibitur
1851 589 1909 615 faex
1921 590 2001 616 crassa
2018 589 2123 616 rubelli.
2161 591 2193 616 Et

1147 635 1176 659 4,
1189 634 1207 658 4
1232 627 1372 652 Ceromata
1383 625 1455 651 faece
1470 624 1502 650 de
1517 624 1625 656 Sabina,
1648 627 1665 653 i.
1687 626 1715 651 dc
1727 627 1775 652 olco
1787 627 1836 651 vili
1850 632 1873 650 et
1885 625 1992 651 turbido.
2047 624 2094 652 Scd
2106 634 2144 656 10,
2159 631 2193 658 48

1147 662 1186 688 De
1200 662 1367 688 Nomentana
1382 661 1474 686 vinum
1491 660 1543 686 linc
1557 661 1629 687 faece
1643 660 1743 695 lagena.
1816 662 1848 686 Et
1867 668 1904 690 12,
1923 665 1956 693 84
1983 661 2109 687 Fumosae
2123 660 2194 686 feret

1148 697 1155 723 i
1178 697 1202 722 se
1219 697 1310 730 tropin
1330 696 1362 722 de
1377 697 1448 722 faece
1464 695 1578 730 lagenae.
1635 698 1703 723 Hinc
1721 696 1755 723 ad
1767 695 1888 731 quidquid
1907 695 1939 727 ej!
1956 696 2079 722 turbidum
2099 702 2121 722 et
2129 695 2193 732 sor-

1147 706 1231 759 didum
1250 732 1370 767 refertur.
1413 733 1443 757 V.
1453 741 1486 792 ig
1508 733 1587 758 Mart.
1602 737 1623 763 8,
1639 740 1668 765 14
1693 732 1840 767 Specularia
1854 740 1934 765 puros
1948 732 2098 758 Admittunt
2116 731 2193 764 soles,

1116 785 1126 792 .
1147 774 1174 794 et
1190 767 1242 794 fine
1261 768 1333 794 faece
1346 767 1428 799 diem,
1447 776 1474 792 ιι·
1488 773 1555 799 aere,
1574 768 1666 793 nebulis
1685 775 1708 793 ct
1727 768 1818 793 nimbis
1837 767 1944 793 turbato.
2051 767 2193 802 Metaphor.

1147 805 1214 830 Faex
1230 803 1347 829 ciuitatis
1361 813 1366 828 :
1393 804 1509 828 Homines
1525 805 1587 829 viles
1600 810 1624 829 et
1636 801 1741 833 abiecti,
1757 806 1837 829 vitam
1851 809 1950 838 agentes
1958 802 2098 837 sordidam.
2135 803 2192 829 Cic.

1147 848 1196 874 pro
1210 839 1293 865 Flacc.
1311 843 1336 867 ¹8
1356 847 1378 864 c.
1393 843 1406 868 8
1427 837 1541 872 Opifices
1554 845 1580 864 et
1593 838 1773 869 tabernarios,
1790 844 1868 872 atque
1882 838 1956 864 illam
1971 846 2076 864 onmem
2090 838 2193 865 faecem

1147 875 1303 905 ciuitatum,
1323 873 1387 907 quid
1401 873 1437 899 est
1451 874 1551 907 negotii
1567 874 1699 900 concitare
1712 875 1721 900 3
1791 873 1865 899 Idem
1880 874 1919 907 Q
1931 874 2013 900 Fratr.
2029 882 2059 907 2,
2079 877 2094 900 6
2120 874 2193 901 Nam

1147 911 1214 944 apud
1233 909 1429 944 perditillimam
1450 910 1521 936 illam
1543 909 1661 936 intimam
1682 910 1780 935 faecem
1800 909 1910 943 populi,
1930 916 1975 934 etc.
2084 909 2141 936 Cic.
2163 907 2192 936 in

1147 947 1218 972 Brut.
1239 954 1260 971 c.
1275 948 1309 977 69
1334 945 1410 970 Tum
1426 945 1541 977 Atticus,
1561 945 1609 971 Tu
1623 944 1733 979 quidem
1753 943 1785 969 de
1799 944 1886 975 faece,
1905 943 2009 978 inquit,
2030 943 2134 976 hauris,
2151 944 2192 971 id-

1146 990 1197 1016 que
1211 980 1381 1013 iamdudum,
1403 981 1444 1006 scd
1466 981 1601 1008 tacebam:
1633 981 1683 1007 hoc
1701 988 1766 1007 vero
1785 988 1839 1004 non
1857 979 1997 1013 putabam,
2018 986 2043 1006 te
2057 989 2139 1015 vsque
2158 980 2192 1007 ad

1146 1017 1263 1043 Stalenos
1283 1021 1308 1042 et
1323 1017 1468 1042 Autronios
1483 1018 1531 1042 cll'e
1544 1021 1694 1042 venturum.
1741 1012 1845 1041 Difium
1859 1015 1889 1040 ab
1904 1016 1992 1040 Attico
2005 1015 2032 1040 in
2047 1016 2193 1048 Crcerouem,

1145 1055 1190 1088 qui
1204 1059 1297 1087 tempus
1310 1058 1401 1078 tereret
1419 1055 1446 1077 in
1461 1051 1676 1078 commemorandis
1697 1049 1838 1076 oratoribus
1857 1049 2000 1084 quibusdum
2020 1051 2143 1085 obscuris,
2163 1061 2193 1078 ac

1145 1088 1237 1114 nullius
1245 1094 1324 1122 paene
1337 1090 1451 1113 nominis.
1506 1088 1562 1113 Cic.
1576 1088 1629 1113 Au.
1643 1095 1667 1117 2,
1682 1095 1690 1112 1
1708 1085 1741 1111 de
1755 1085 1866 1117 Catone,
1887 1084 1998 1118 Optimo
2013 1087 2103 1112 animo
2116 1095 2190 1113 vtens

1146 1129 1172 1149 et
1186 1124 1287 1149 summa
1301 1122 1367 1154 fide,
1386 1128 1463 1149 nocet
1477 1122 1611 1149 interdum
1625 1121 1748 1156 Reipubl.
1785 1120 1858 1146 Dicit
1872 1120 1942 1146 enim
1957 1128 2081 1155 tanquam
2097 1123 2125 1147 in
2139 1122 2194 1148 l’la-

1146 1159 1216 1186 tonis
1235 1158 1363 1191 πολιτεὶςι,
1379 1167 1433 1184 non
1445 1164 1570 1193 tanquam
1584 1158 1612 1184 in
1626 1157 1735 1184 Romuli
1749 1156 1836 1188 faece,
1858 1156 2026 1182 sententiam:
2056 1159 2083 1183 in
2092 1158 2191 1192 fistulo

1144 1194 1216 1221 valde
1227 1201 1343 1228 corrupto
1363 1202 1386 1220 et
1397 1194 1511 1230 degenere
1530 1204 1545 1220 a
1562 1197 1657 1220 virtute
1670 1192 1832 1219 conditorum.
1902 1192 1978 1217 Tota
1992 1200 2032 1218 res
2047 1193 2192 1220 etiamnum

1146 1229 1276 1256 fluctuat:
1305 1229 1362 1254 κατ’
1378 1229 1467 1262 ὀπώραν
1482 1229 1557 1265 τρὺξ,
1577 1237 1644 1264 quae
1664 1227 1682 1254 fi
1703 1227 1849 1259 desederit,
1869 1227 1950 1262 magis
1970 1234 2048 1254 erunt
2067 1228 2191 1261 iudicata,

1146 1274 1213 1300 quae
1232 1265 1344 1291 scribam
1358 1266 1414 1291 Cic.
1429 1265 1482 1291 Art.
1498 1274 1522 1295 2,
1543 1274 1575 1291 12.
1635 1266 1726 1298 Nempe
1747 1263 1805 1289 faex
1827 1263 1896 1289 circa
1916 1268 2071 1289 autumnum
2091 1264 2192 1290 turbare

1146 1304 1231 1326 vinum
1238 1301 1319 1336 solet,
1338 1300 1412 1327 donec
1429 1304 1564 1336 eliquatum
1576 1307 1599 1325 rt
1611 1300 1738 1335 limpidum
1744 1300 1805 1334 fiat.
1901 1297 1995 1325 Sordes
2008 1306 2033 1324 et
2046 1300 2103 1325 faex
2118 1299 2192 1326 vrbis

1145 1336 1219 1362 Idem
1231 1337 1284 1363 Att.
1304 1345 1324 1368 1,
1346 1345 1380 1368 13.
1578 1333 1598 1371 ἢ
1624 1344 1637 1361 2
1673 1335 1758 1367 Faex,
1778 1334 1948 1367 Condimenti,
1961 1334 2016 1368 fiae
2034 1336 2192 1371 Liffuaminis

1144 1381 1230 1408 genus.
1286 1373 1354 1398 Hor.
1369 1372 1451 1399 Serm.
1468 1380 1501 1403 2,
1514 1381 1542 1405 4,
1557 1379 1588 1406 73

1434 1408 1489 1441 Ego
1512 1408 1611 1433 sacrem
1632 1406 1748 1441 primus,
1771 1411 1796 1432 et
1817 1405 1888 1438 alec,

1320 1442 1422 1469 Primus
1442 1450 1467 1469 et
1487 1443 1578 1469 inueni
1598 1443 1673 1477 piper
1691 1441 1781 1468 album
1803 1451 1863 1467 cum
1880 1441 1934 1467 sale
1949 1441 2029 1476 nigro

1320 1479 1452 1505 Incretum
1473 1479 1545 1512 puris
1566 1477 1777 1512 circumposuisse
1798 1477 1903 1503 catillis.

1146 1515 1280 1550 Liquamen
1293 1523 1322 1540 ex
1333 1514 1492 1547 craſjlzmenlo
1507 1517 1560 1539 uini
1572 1514 1650 1539 adhuc
1665 1517 1692 1539 in
1706 1513 1750 1548 vsu
1765 1511 1807 1546 eff}
1824 1512 1956 1544 flandris,
1976 1512 2075 1538 indicat
2088 1512 2123 1538 ad
2134 1512 2158 1539 h.
2172 1513 2190 1539 l.

1144 1550 1275 1584 Cruquius.
1310 1550 1368 1575 Vsa.
1388 1556 1544 1576 FAECVLA.
1587 1547 1627 1582 Est
1641 1551 1713 1575 ceiam
1724 1549 1790 1574 Faex
1805 1546 1912 1582 expreffi
1925 1554 2058 1582 vnguento
2072 1548 2192 1580 crocino,

1147 1584 1218 1620 quod
1238 1594 1419 1618 crocomagma
1439 1585 1570 1619 appellant
1589 1585 1654 1611 Plin.
1670 1593 1714 1616 21,
1729 1593 1762 1610 20
1790 1584 1807 1609 s.
1823 1589 1860 1613 82.
1933 1584 2001 1609 Cels.
2022 1591 2048 1615 ς,
2068 1588 2092 1612 18
2119 1583 2189 1617 quasi

1146 1629 1338 1647 recrementum
1365 1621 1436 1647 croci
1457 1622 1572 1655 appcllat.
1633 1621 1722 1646 Vtrum
1740 1619 1798 1645 vini
1816 1619 1916 1644 faecem
1936 1619 2112 1653 intelligimus,
2137 1627 2192 1643 cum

1145 1665 1314 1683 commemorat
1330 1655 1515 1687 Ouid.Met.8,
1529 1658 1578 1688 66,-
1596 1654 1763 1688 Conditaque
1777 1655 1804 1679 in
1818 1653 1921 1687 liquida
1935 1661 2016 1678 corna
2029 1653 2191 1678 autumnalia

1145 1692 1218 1718 faece
1233 1702 1239 1717 ε
1265 1702 1298 1717 an
1309 1691 1348 1725 fic
1362 1692 1452 1727 succus
1466 1691 1564 1717 illorum
1582 1689 1703 1724 exprestus
1720 1695 1823 1714 vocatur
1834 1691 1846 1714 ἒ
1872 1689 1914 1713 An
1929 1688 1975 1713 huc
1991 1691 2065 1713 etiam
2079 1690 2193 1722 pertinet

1146 1727 1214 1752 Plin.
1231 1732 1263 1756 18,
1277 1735 1306 1757 32
1325 1728 1343 1752 s.
1360 1734 1396 1759 74
1417 1727 1476 1751 Hoc
1490 1731 1516 1751 ct
1531 1733 1609 1758 poma
1624 1723 1765 1757 colligendi
1784 1730 1885 1756 tempus
1921 1737 1966 1743 ——
2002 1722 2051 1748 hoc
2070 1729 2096 1749 et
2107 1723 2192 1750 faeces

1147 1761 1334 1794 exprimendi:
1361 1761 1412 1786 hoc
1432 1767 1457 1786 et
1472 1760 1607 1786 defrutum
1627 1758 1767 1792 coquendi.
1803 1759 1913 1784 Dixerat
1925 1757 1954 1784 de
1965 1757 2099 1784 vindemia.

1183 1801 1199 1820 F
1209 1801 1280 1821 AEc
1290 1793 1335 1820 x71.
1345 1801 1382 1824 A,
1405 1804 1443 1822 ae,
1481 1795 1501 1820 f.
1539 1794 1640 1820 Dimin.
1678 1794 1781 1819 Lucret.
1794 1802 1820 1825 2,
1834 1801 1885 1826 430
1906 1793 1949 1819 ubi
1961 1796 2015 1829 agit
2029 1793 2058 1819 de
2072 1797 2115 1826 iis,
2130 1803 2190 1830 quae

1146 1829 1278 1854 Titillare
1297 1830 1379 1862 magis
1393 1829 1492 1860 sensus,
1512 1838 1590 1863 quam
1604 1828 1708 1855 laedere
1721 1830 1837 1864 possunt,
1854 1828 1926 1855 addit
1938 1829 2048 1855 Faecula
2063 1829 2116 1855 iam
2134 1839 2190 1864 quo

1145 1863 1177 1889 de
1191 1872 1286 1897 genere
1302 1864 1347 1890 est.
1402 1866 1457 1899 Qu)
1472 1867 1499 1890 iu
1512 1866 1562 1891 loco
1570 1864 1680 1899 sumitur
1692 1872 1741 1900 pro
1756 1864 1912 1891 Condimcnto
1925 1864 1969 1899 seu
1986 1866 2118 1899 liquamine
2131 1865 2191 1901 fieb-

1144 1899 1215 1926 acido
1228 1899 1414 1935 ficbamaroquc.
1470 1900 1543 1936 Conf.
1558 1901 1625 1927 l-i'or.
1642 1900 1724 1926 serm.
1739 1908 1764 1932 2,
1778 1905 1801 1932 8,
1817 1907 1832 1931 9
1858 1899 1959 1925 Lall'um
1973 1900 2122 1934 peruellunt
2139 1900 2190 1927 sto-

1145 1935 1268 1961 machum
1288 1935 1364 1968 siser,
1383 1936 1465 1968 allec,
1480 1936 1581 1962 faecula
1597 1936 1661 1962 Coa.
1715 1934 1763 1963 Sed
1774 1944 1845 1970 quam
1857 1937 1885 1960 in
1898 1935 2096 1968 medicamentis,
2116 1936 2190 1970 colly-

1144 1974 1194 1997 riis
1204 1971 1363 2007 praesertim,
1376 1979 1562 1998 commemorant
1575 1971 1760 1997 Scribon.226.
1771 1975 1826 2000 228.
1840 1978 1895 2002 230.
1930 1973 1960 1996 it.
1976 1972 2065 2005 Vegct.
2074 1972 2188 1998 Mulom.

1142 2042 1175 2076 est
1185 2043 1251 2080 faex
1264 2044 1358 2077 comba]
1369 2053 1385 2070 a
1402 2053 1428 2071 ea
1442 2046 1555 2076 ratione,
1575 2051 1648 2079 quam
1668 2042 1736 2071 docet
1752 2042 1864 2079 Dtoscor.
1874 2051 1905 2077 5,
1920 2051 1967 2074 132.
2004 2042 2078 2079 Conf.
2092 2042 2189 2070 Scribo-

1141 2082 1242 2106 niammz
1258 2081 1316 2106 Lex.
1332 2079 1434 2106 Rhodii.

1180 2122 1226 2142 ΡΑ
1236 2122 1252 2142 Β
1262 2121 1279 2142 c
1291 2123 1311 2141 V
1323 2122 1338 2140 L
1349 2123 1365 2142 E
1376 2123 1397 2141 Ν
1410 2121 1432 2142 '1'
1444 2121 1503 2147 vs,
1524 2123 1555 2147 a,
1579 2124 1633 2141 um.
1671 2114 1731 2141 Adi.
1768 2111 1924 2149 [τρυγώδης]
1967 2112 2040 2149 Quod
2056 2111 2090 2147 est
2102 2113 2189 2150 faecis·

1137 2152 1246 2185 plenum.
1283 2151 1437 2177 Faeculenta
1450 2160 1518 2185 aqua
1536 2151 1602 2178 Plin.
1618 2159 1653 2183 31,
1668 2159 1688 2182 3.
1760 2150 1863 2176 Vinum
1881 2149 2012 2175 Columcl.
2027 2157 2053 2181 2,
2068 2157 2089 2176 2.
2126 2149 2191 2178 Pall.

1360 2187 1409 2213 Pus
1427 2187 1494 2212 Cels.
1509 2194 1532 2219 ς,
1547 2189 1589 2213 26.
1645 2186 1737 2213 Tabes
1756 2185 1874 2212 Macrob.
1890 2185 1991 2211 Saturn.
2005 2192 2032 2219 7,
2047 2194 2070 2211 ιε·
2126 2185 2190 2211 Fae-

1142 2222 1278 2248 culentum
1298 2215 1395 2256 mingit
1414 2222 1511 2248 animal
1531 2223 1596 2256 Veg.
1611 2231 1633 2254 3,
1646 2231 1664 2255 4
1682 2232 1710 2248 ex
1725 2223 1782 2247 MS.
1840 2220 2022 2247 Faeculcmior
2038 2220 2188 2255 superficies

1142 2258 1223 2284 Soliu.
1238 2260 1282 2290 46.
1356 2259 1450 2293 Supcrl.
1471 2257 1538 2293 apud
1550 2257 1734 2292 Augustinrde
1748 2256 1835 2290 Relig.
1849 2266 1912 2282 vera
1931 2266 1952 2282 c.
1966 2265 2011 2289 40.

1179 2300 1195 2320 F
1204 2301 1225 2320 A
1235 2301 1251 2320 E
1260 2300 1276 2320 c
1287 2300 1307 2319 v
1318 2300 1334 2319 L
1343 2301 1360 2320 E
1371 2301 1391 2319 N
1405 2300 1427 2320 'r
1438 2300 1468 2320 E.
1504 2293 1573 2320 Adu.
1609 2293 1687 2328 Apud
1698 2293 1764 2319 Cels.
1786 2291 1828 2325 effic
1846 2292 1950 2318 dicitur.

1179 2335 1196 2355 F
1205 2336 1250 2356 ΛΕ
1260 2336 1276 2356 c
1287 2335 1306 2354 V
1317 2336 1332 2355 1.
1342 2337 1358 2356 E
1367 2337 1390 2356 N
1399 2336 1420 2355 T
1429 2337 1440 2356 t
1449 2337 1485 2360 A,
1505 2337 1544 2355 ae.
1581 2329 1602 2356 f.
1639 2329 1734 2355 Sordes.
1771 2328 1890 2362 Fulgent.
1907 2328 1934 2353 in
1948 2327 2055 2354 Contin.
2068 2326 2142 2362 Virg.
2163 2337 2188 2363 p.

1237 2365 1295 2391 Via.
1310 2365 1347 2391 ibi
1360 2365 1477 2392 Munkcr.
1492 2371 1542 2391 not.
1598 2364 1688 2391 Sidon.
1703 2363 1780 2398 Epist.
1794 2372 1817 2396 3,
1834 2372 1857 2395 13
1881 2363 2047 2390 Faeculcntia
2061 2372 2108 2397 par
2121 2363 2190 2390 cloa-

1140 2401 1200 2426 cali.
1236 2400 1310 2436 Conf.
1323 2401 1416 2427 Claud.
1431 2402 1554 2427 Mamert.
1570 2409 1590 2433 1,
1604 2407 1630 2434 7.

1179 2443 1249 2462 ΒΑΕ
1260 2442 1277 2462 c
1289 2437 1339 2463 AR
1352 2444 1361 2462 1
1375 2444 1395 2462 v
1405 2444 1433 2466 s,
1451 2445 1476 2469 a,
1495 2445 1548 2462 um.
1585 2435 1647 2462 Adi.
1685 2435 1751 2462 Cato
1769 2434 1800 2460 de
1816 2435 1846 2461 R.
1861 2434 1893 2460 R.
1908 2441 1928 2459 c.
1938 2442 1959 2459 11
1981 2434 2089 2468 Sportae
2101 2433 2186 2460 faeca-

1140 2471 1196 2498 riae
1214 2471 1348 2505 videntur,
1368 2471 1456 2508 quibus
1473 2472 1507 2498 ad
1519 2472 1614 2498 vinum
1627 2471 1756 2497 faecatum
1769 2477 1905 2496 uterentur.

1176 2513 1402 2540 FAECATVS,
1421 2516 1445 2539 a,
1466 2516 1521 2533 um.
1558 2506 1618 2533 Adi.
1656 2505 1812 2540 [τρυγωτός]
1849 2505 1987 2530 Faecatum
2005 2503 2098 2529 vinum
2118 2503 2187 2530 Cato

1892 2540 2014 2564 Ponamus
2030 2538 2084 2574 ipsa
2102 2539 2186 2570 verba,

1113 2572 1124 2588 ³
1141 2579 1241 2605 Vinum
1256 2579 1386 2605 faecatum
1400 2578 1432 2603 fic
1447 2579 1537 2603 facito.
1583 2576 1696 2603 Fiscinas
1713 2575 1824 2600 olearias
1837 2574 2007 2607 Campanicas
2025 2574 2088 2607 (hoe
2101 2574 2186 2600 viden-

1140 2620 1184 2639 tur
1197 2615 1299 2646 sportae
1315 2613 1454 2644 faecariae,
1464 2611 1492 2637 de
1504 2611 1590 2647 quibus
1603 2609 1688 2644 modo)
1702 2610 1764 2635 duas
1778 2609 1838 2635 illae
1850 2609 1891 2636 rei
1905 2608 2010 2636 habeto.
2047 2610 2094 2636 Eas
2106 2610 2187 2636 faecis

1141 2648 1269 2680 impleto,
1289 2647 1336 2673 sub
1351 2647 1507 2681 prelumque
1521 2646 1627 2672 subdito
1642 2646 1848 2680 exprimitoque.

1175 2689 1248 2708 FAE
1260 2688 1276 2708 C
1290 2681 1332 2708 iN
1343 2690 1352 2708 1
1362 2689 1420 2713 vs,
1446 2691 1477 2714 a,
1501 2691 1555 2708 um.
1592 2681 1653 2708 Adi.
1691 2681 1828 2708 Faeciniae
1847 2679 1915 2706 vites
1934 2677 1977 2713 effe
1989 2678 2104 2714 pofflnt,
2127 2690 2187 2717 qua.-

1138 2726 1193 2742 rum
1211 2727 1272 2744 vuae
1298 2718 1431 2753 [τρυγεραί
1446 2717 1577 2752 ςαφυλαῖ]
1609 2719 1667 2753 plus
1679 2726 1750 2752 quam
1763 2722 1872 2742 caeterae
1878 2715 1965 2752 faecis
1976 2715 2098 2749 affin-unt.
2135 2718 2187 2743 Co-

870 2751 981 2777 Pluralis
993 2748 1074 2784 cstap.
1087 2737 1123 2765 7⁰
1138 2751 1229 2779 lumel.
1244 2761 1266 2785 3,
1283 2761 1310 2785 2,
1325 2762 1362 2786 ¹4·

1175 2795 1246 2815 FAE
1257 2795 1274 2816 c
1287 2787 1329 2815 fN
1339 2795 1360 2815 V
1369 2795 1399 2821 S,
1418 2797 1442 2820 a,
1460 2797 1515 2814 um.
1551 2787 1610 2814 Adi.
1648 2787 1721 2813 Forte
1733 2786 1806 2813 idem.
1843 2786 1986 2813 Faecinum
1999 2785 2094 2813 vinum
2107 2787 2188 2814 Colu-

1138 2824 1200 2850 mel.
1215 2833 1251 2855 12,
1264 2832 1306 2859 43,
1320 2827 1345 2851 6.
1380 2825 1413 2850 al.
1433 2824 1562 2850 Setinum.

1174 2862 1394 2892 FAEC6SVS,
1417 2869 1441 2892 a,
1460 2868 1515 2886 um.
1553 2858 1614 2885 Adi.
1650 2852 1767 2885 Martial.
1782 2865 1825 2890 13,
1843 2865 1889 2884 102
1916 2857 1982 2884 Gari
2000 2857 2124 2893 epitheton
2143 2857 2186 2892 qsl.

604 2892 744 2927 Multiplex
759 2900 784 2919 et
797 2893 973 2919 multiformis
987 2892 1076 2918 facun-
1088 2910 1121 2939 75
1138 2896 1181 2922 An
1197 2895 1242 2922 hoc
1254 2896 1317 2922 illud
1328 2897 1466 2931 liquamen,
1486 2895 1515 2921 de
1533 2904 1578 2930 quo
1595 2901 1622 2928 p.
1635 2903 1659 2920 α.
1679 2897 1706 2920 in
1728 2899 1744 2919 F
1755 2900 1828 2920 AEx
1854 2902 1879 2919 n.
1893 2901 1918 2922 2.

1175 2937 1246 2958 FAE
1256 2938 1274 2958 C
1286 2939 1306 2957 V
1316 2938 1337 2957 'r
1348 2934 1360 2958 f
1371 2938 1393 2957 N
1402 2938 1423 2957 A
1433 2937 1446 2956 S
1456 2951 1465 2963 ,
1501 2940 1530 2956 ex
1550 2930 1619 2956 Gell.
1640 2937 1674 2962 13,
1690 2938 1721 2955 20
1748 2930 1794 2956 huc
1808 2937 1856 2954 non
1869 2928 2003 2964 referimus
2015 2939 2023 2953 :
2044 2928 2108 2965 sunt
2121 2932 2185 2955 enim

1137 2970 1232 2994 nemine
1251 2967 1380 2994 dubitante
1393 2966 1550 2994 Foetutinac
1558 2985 1567 2998 ,
1585 2975 1612 2992 v.
1626 2974 1650 2992 υ.
1662 2965 1710 3001 Jub
1729 2971 1746 2991 F
1756 2971 1775 2991 o
1785 2971 1801 2991 Ε
1811 2971 1858 2991 TE
1867 2970 1896 2990 o.

1177 3075 1319 3106 FAGVS,
1338 3074 1357 3102 i.
1392 3074 1413 3101 f.
1450 3073 1564 3109 [φηγός]
1599 3073 1684 3100 Arbor
1701 3071 1848 3109 glandifera
1861 3082 1868 3097 :
1894 3069 1942 3097 α’πδ
1955 3070 1988 3096 ri?
2002 3068 2103 3104 φαίγειν,
2119 3070 2183 3105 quo-‘l

1140 3108 1174 3142 est
1186 3109 1314 3136 comedere.
1351 3109 1418 3136 Plin.
1433 3113 1471 3142 16,
1485 3112 1500 3136 6
1527 3109 1590 3144 Fagi
1603 3110 1674 3144 glans
1688 3108 1787 3135 nucleis
1801 3107 1906 3137 similis,
1927 3106 2055 3139 triangula
2072 3111 2130 3131 cute
2143 3105 2184 3131 in-

1140 3145 1271 3178 cluditur,
1291 3145 1390 3171 folium
1409 3152 1488 3172 tenue
1508 3154 1538 3171 ac
1555 3143 1726 3175 leuiffimuffl,
1749 3143 1847 3178 populo
1867 3141 1966 3173 fluxile,
1983 3141 2121 3167 celerrime
2139 3141 2182 3167 fla—

1138 3182 1260 3213 vescens,
1279 3186 1305 3206 et
1318 3180 1406 3207 media
1423 3188 1496 3216 parte
1510 3181 1666 3216 plerumque
1678 3181 1786 3215 gignens
1805 3179 1913 3213 superne
1927 3176 2062 3211 paruulam
2077 3175 2182 3203 baccam

1139 3216 1270 3248 viridem,
1290 3217 1425 3243 cacumine
1438 3217 1594 3243 aculeatam.
1702 3215 1797 3249 Virgil.
1810 3214 1862 3240 Ecl.
1877 3222 1900 3244 1,
1921 3221 1930 3239 1
1954 3211 2069 3244 Tityre,
2090 3218 2118 3237 tu
2138 3220 2182 3245 pa-

1691 3251 1748 3277 Vid.
1767 3250 1870 3276 Taubm.
1889 3248 1923 3274 ad
1936 3248 2029 3281 Virgil.
2046 3247 2096 3273 Ecl.
2117 3257 2132 3281 p
2155 3248 2182 3273 6.

1673 3287 1732 3312 Alta
1752 3286 1827 3319 Virg.
1841 3285 1937 3317 Gcorg.
1952 3292 1970 3312 1,
1988 3291 2038 3316 173.
2093 3282 2182 3309 Ardua

1140 3325 1202 3350 Stat.
1216 3323 1309 3350 Theb.
1324 3326 1351 3356 6,
1363 3329 1405 3357 98.
1476 3325 1576 3351 Dcnsae
1597 3323 1672 3357 Virg.
1688 3322 1740 3348 Ecl.
1758 3331 1778 3352 ρ,
1793 3330 1813 3353 3.
1871 3319 1960 3346 Patula
1977 3318 2048 3344 Idem
2062 3317 2114 3344 Ecl.
2128 3326 2147 3349 1,
2161 3326 2180 3344 1.

1141 3358 1261 3386 Rudibus
1277 3359 1344 3394 fagis
1363 3366 1489 3386 texuntur
1505 3360 1576 3393 tigna
1595 3358 1687 3384 Claud.
1702 3358 1730 3384 in
1743 3357 1811 3383 Sext.
1820 3356 1897 3382 Cons.
1907 3355 2008 3380 Honor.
2022 3362 2074 3384 324.
2130 3354 2182 3380 Ve-

1139 3395 1203 3422 teris
1228 3395 1282 3422 iam
1303 3395 1388 3422 frac‘ta
1409 3395 1546 3422 cacumina
1567 3394 1623 3428 fagi
1646 3393 1745 3428 Virgil.
1759 3392 1810 3419 Ecl.
1832 3400 1863 3424 9,
1888 3399 1914 3423 9.
1986 3387 2089 3415 Viridis
2108 3387 2182 3416 Idem

1140 3289 1212 3315 Caes.
1229 3288 1257 3314 Β.
1271 3288 1302 3314 G.
1316 3296 1339 3321 ς,
1354 3297 1386 3315 12.
1440 3289 1506 3315 Plin.
1523 3297 1565 3319 22,
1578 3297 1617 3319 23.

1107 3447 1124 3465 0
1137 3431 1191 3458 Ecl.
1211 3439 1240 3464 ς,
1262 3439 1296 3463 13.

1176 3474 1193 3493 F
1202 3473 1222 3492 A
1232 3474 1253 3493 G
1263 3467 1275 3492 f
1286 3472 1306 3490 N
1315 3473 1332 3493 E
1341 3472 1363 3491 v
1372 3474 1384 3493 s
1393 3486 1400 3498 ,
1421 3475 1446 3497 a,
1466 3475 1521 3492 um.
1548 3464 1608 3492 Adi.
1646 3464 1791 3498 [φηγῖνεος]
1828 3459 1900 3495 Qtod
1911 3468 1940 3485 ex
1947 3456 2126 3501 ffgoffflum
2139 3457 2182 3491 est.

1139 3501 1220 3529 Ouid.
1234 3503 1298 3528 Met.
1314 3507 1337 3534 8,
1351 3504 1396 3534 653
1422 3503 1483 3528 Erat
1501 3501 1590 3528 alueus
1606 3500 1664 3526 illic
1701 3499 1838 3531 Fagincus,
1858 3502 1902 3520 etc.
1956 3493 2182 3534 Columel.12‚4;.

1140 3537 1221 3564 Ouid.
1235 3538 1300 3563 Fast.
1312 3547 1340 3570 4,
1353 3539 1402 3570 656
1422 3538 1465 3564 Bis
1481 3538 1524 3564 sua
1538 3537 1642 3571 faginea
1660 3542 1779 3568 tempora
1793 3529 1888 3558 fronde
1902 3535 2006 3570 premit.

1177 3579 1193 3599 F
1202 3579 1224 3599 A
1233 3579 1254 3599 G
1266 3572 1306 3599 TN
1316 3578 1337 3597 V
1349 3579 1361 3598 S
1371 3592 1379 3605 ‚
1396 3582 1419 3603 a,
1440 3582 1495 3599 um.
1532 3572 1592 3598 Adi.
1628 3571 1739 3604 [φήγινος
1747 3569 1763 3607 J·
1796 3566 1878 3606 Idem.⁸
1909 3565 1983 3599 Virg.
1996 3565 2094 3600 (ἶσοι-ς.
2106 3572 2183 3600 3,172

1841 3600 1907 3627 Plin.
1922 3602 1959 3633 16,
1977 3605 2014 3633 38.
2086 3601 2183 3627 Pocula

1140 3643 1215 3677 Virg.
1229 3643 1283 3670 Ecl.
1296 3652 1317 3675 3,
1329 3651 1370 3678 37.
1441 3643 1554 3678 Scyphus
1568 3641 1674 3669 Tibull.
1687 3649 1704 3669 1,
1719 3647 1755 3669 ιο,
1769 3643 1791 3667 8.
1888 3671 1893 3676 ι
2055 3671 2061 3676 .

1176 3685 1308 3705 FAGEV
1320 3685 1350 3711 S,
1368 3688 1394 3711 a,
1413 3688 1467 3706 um.
1492 3679 1552 3705 Adi.
1577 3676 1707 3711 [φήγειος]
1745 3673 1821 3700 Idem.
1855 3671 1922 3698 Plin.
1936 3673 1974 3704 16,
1989 3678 2002 3704 ς
2019 3671 2078 3697 Alia
2093 3671 2183 3705 fageae

1141 3714 1230 3748 glandi
1244 3714 1343 3747 figura,
1361 3715 1413 3740 alia
1427 3723 1568 3749 querneae.
1639 3710 1712 3736 Idem
1731 3710 1766 3739 16,
1780 3716 1811 3742 27
1833 3707 1915 3748 Ij'agea
1935 3707 2006 3740 glans
2026 3708 2097 3733 suem
2117 3706 2182 3732 hila-

1140 3759 1196 3776 rem
1215 3749 1294 3782 facit,
1314 3758 1419 3776 carnem
1437 3749 1602 3784 coquibilem
1618 3754 1646 3772 ac
1660 3745 1756 3776 leuem,
1772 3750 1798 3771 et
1810 3743 1902 3771 vulem
1918 3741 2060 3769 stomacho.
2097 3742 2182 3768 Lucus

74 3780 187 3809 PAEX,
206 3776 302 3809 faecis,
333 3782 382 3812 per
401 3785 430 3802 ae
452 3775 533 3811 dipht.
568 3783 598 3804 vt
612 3778 645 3811 est
657 3784 684 3806 in
702 3785 864 3809 monumentis
878 3783 1003 3817 antiquis,
1022 3779 1073 3806 tam
1083 3786 1244 3819 mosageus,
1263 3784 1316 3811 vid,
1336 3791 1532 3812 FAGVTAns.

7 3835 21 3854 ,1
40 3816 73 3835 m.
90 3817 158 3845 quam
169 3812 198 3847 f.
217 3821 243 3847 g.
263 3811 312 3845 gft,
326 3812 375 3848 fid
385 3812 546 3847 srrquentius
558 3812 586 3847 s.
622 3814 707 3849 [τρὺξ
721 3816 883 3852 {nord-Qun]
934 3818 976 3844 Sic
994 3823 1074 3842 aurem

39 3851 157 3886 vocantur
169 3847 284 3883 spumeae
301 3847 471 3883 visciditatis,
500 3854 524 3873 et
534 3847 653 3882 sordidae
670 3853 826 3888 plerumque,
847 3860 949 3889 partes,
970 3860 1073 3887 quarum

38 3877 134 3914 istst-effla
151 3889 252 3918 corpus,
271 3884 312 3910 vel
323 3882 414 3916 maſja,
433 3886 460 3909 in
474 3892 521 3918 qua
531 3883 654 3917 fucrant,
670 3885 802 3919 liquidior,
819 3892 925 3923 purior,
942 3887 1071 3922 limpidior

29 3913 92 3948 fieri
104 3916 166 3952 Jblet
179 3928 188 3944 :
224 3918 351 3953 discedunt
367 3926 447 3945 autem
466 3919 550 3945 faeces
563 3919 623 3954 ferr
637 3917 692 3953 posi
712 3929 776 3952 eam,
799 3933 858 3957 quae
875 3924 1070 3959 efferuesccntia,

34 3951 75 3977 vel
79 3950 242 3986 fermentatio
255 3953 365 3981 dicitur:
386 3962 408 3981 et
420 3955 484 3982 aliae
495 3954 595 3992 sursum
611 3957 759 3987 canuntur,
775 3958 839 3985 aliae
855 3968 934 3988 autem
947 3960 1069 3996 infundo
1082 3970 1128 3998 ¹05
1138 3963 1169 3990 de
1183 3964 1212 3990 L.
1226 3963 1255 3989 L.
1270 3970 1298 3995 4,
1311 3970 1338 3993 32
1357 3971 1382 3997 p.
1390 3964 1431 3994 36,
1446 3962 1484 3992 36.
1512 3959 1575 3986 vnde
1588 3957 1668 3993 bausit
1685 3956 1777 3990 festus.

1177 3826 1193 3846 F
1204 3826 1255 3846 AG
1264 3827 1274 3845 1
1287 3826 1304 3846 F
1315 3828 1360 3847 VL
1369 3828 1392 3848 A
1401 3828 1440 3848 Nx
1448 3840 1457 3853 ‚
1494 3818 1582 3854 Populi
1589 3835 1598 3849 ,
1618 3815 1646 3842 in
1660 3821 1753 3851 quarta
1765 3814 1876 3849 regione
1890 3813 1982 3840 Italiae
2002 3821 2017 3839 a
2033 3810 2120 3838 Plinio
2132 3810 2179 3836 col-

1138 3857 1256 3918 locsstXGa
1265 3863 1324 3916 ἓξ
1333 3897 1354 3917 Α
1364 3897 1381 3916 L
1395 3911 1404 3924 ,
1440 3887 1602 3924 [Φαγέταλ]
1653 3889 1690 3913 nit
1710 3887 1799 3912 Romae
1819 3884 1946 3912 Sacellum
1966 3882 2037 3909 Iouis
2048 3900 2056 3912 ,
2078 3879 2106 3904 in
2126 3887 2180 3913 quo

1137 3935 1193 3954 erat
1205 3927 1278 3961 fagus
1291 3925 1382 3959 arbor,
1395 3935 1461 3961 quae
1474 3924 1534 3951 Ioui
1547 3924 1616 3949 sacra
1648 3921 1784 3949 abebatur.
1819 3922 1887 3948 Haec
1894 3919 1990 3946 Festus.
2025 3914 2092 3942 Add.
2101 3915 2179 3940 Varr-

1437 3996 1562 4022 Eece
1598 4003 1611 4021 :-
2076 3989 2178 4010 FAGV·
