2479 4225
301 167 370 214 283
677 153 925 197 DVI

338 253 504 280 DVIGAE,
526 246 607 271 drum-
630 244 650 271 f.
686 245 769 280 Bigae.
803 243 877 269 Varr.
890 239 922 265 de
936 239 964 264 L.
978 236 1008 262 L.
1021 243 1048 271 7,
1061 243 1128 276 30p.
1143 240 1208 272 935
1229 235 1317 270 contra

302 286 426 319 analogiae
433 283 619 317 perpetuitatem
632 279 768 315 disputam,
782 278 811 303 Et
822 277 883 303 sicut
896 274 930 299 est
943 272 977 312 ab
987 280 1040 297 vno
1054 273 1116 310 νηι,
1130 278 1144 309 a
1155 268 1237 307 tribus
1252 266 1319 292 Tri-

303 320 347 351 ni,
369 327 383 344 a
404 323 516 352 quatuor
527 315 675 348 'Qiatrini‚
700 314 732 340 fic
750 322 763 339 a
784 311 882 338 duobus
899 309 995 346 9111111,
1015 315 1070 332 non
1082 307 1142 344 Brni
1156 303 1318 328 dicerentur:

302 363 349 380 nec
362 362 415 379 non
427 358 455 379 vt
469 350 624 387 quadrigae,
644 350 740 382 trigae,
760 347 791 372 sic
809 345 894 380 potius-
906 343 1006 376 Duigae
1020 350 1098 376 quam
1111 341 1196 373 B1gae.

337 395 355 414 D
365 395 429 414 V11.
439 395 448 413 1
458 393 486 418 s,
506 389 542 417 (i.
554 385 632 416 bilis)
658 383 731 416 χολή,
750 382 788 408 Gl.
806 380 926 410 Forncrii,
942 377 970 403 de
982 377 1067 412 quibus
1078 379 1105 403 in
1118 378 1212 402 DvEL
1222 377 1238 397 L
1248 377 1299 399 vs.
1339 376 1355 404 ς

336 428 542 452 Dv1LL1vs,
573 419 624 446 vid.
645 421 845 444 DvELmvs.

337 463 452 489 DVIM,
471 457 542 486 duis,
562 462 605 481 etc.
645 448 766 486 Vid.post
784 455 841 476 Do.

337 498 384 519 DV
392 500 431 519 IN
439 500 447 518 1
455 512 464 525 ,
492 490 558 517 Bini.
585 487 658 514 Modo
671 486 783 512 diximus.
1216 511 1222 517 ι

336 533 355 553 D
364 534 385 553 v
397 534 407 553 1
418 535 431 554 s
440 547 449 559 ,
474 527 533 553 duas
550 523 625 549 habet
637 519 844 555 fignificationes.
880 517 951 545 Nam
963 521 989 544 et
1001 524 1049 551 pro
1062 514 1101 541 dis
1116 514 1182 549 (leg.
1194 511 1254 543 bis)
1273 519 1319 546 po-

301 561 429 595 nebatur,
448 569 472 588 et
489 568 534 595 pro
547 557 648 583 dederis.
685 557 750 581 Haec
765 554 859 580 Festus.
1334 555 1363 574 to
1379 549 1516 576 dulcedine
1531 558 1625 583 corpus
1654 551 1820 585 Persequitur
1833 548 1929 575 scabies
1949 548 2022 573 Grat.
2036 547 2132 583 Cyneg.
2147 554 2206 582 408.
2245 546 2364 574 Dulcedo
2378 544 2427 580 eJE
2458 543 2465 550 ²

337 599 429 624 Dvi'T
439 604 493 627 AS,
511 593 564 619 ⁴nis.
600 592 619 617 f.
655 589 695 623 Est
712 598 782 624 quam
800 590 872 625 vulgo
890 588 1056 617 Dualitatcm,
1078 585 1166 611 Graeci
1182 579 1258 609 δυάδα
1276 590 1318 607 vo-

1751 142 1806 182 n
1869 142 1909 184 v
1987 142 2035 183 M
2337 146 2413 191 284

1416 239 1488 261 nvL
1497 238 1514 260 e
1527 241 1537 261 1
1550 239 1567 261 c
1579 239 1600 259 ν
1610 239 1626 259 1.
1637 238 1679 260 vs
1688 252 1696 265 ‚
1719 240 1748 264 a,
1771 239 1826 257 um.
1862 231 1990 258 Diminut.
2026 232 2039 265 [
2051 228 2199 266 γλυκύδιος]
2233 228 2315 256 Plaut.
2329 227 2408 255 Poen.
2446 242 2449 245 -

1381 277 1407 301 1,
1426 278 1455 302 2,
1478 277 1525 305 177
1565 270 1650 296 Huius
1668 267 1778 294 colostra
1800 271 1826 292 et
1846 265 1987 293 dulciculus
2007 267 2103 293 caseus.
2219 264 2274 291 Cic.
2294 263 2410 290 Tuscul.

1378 313 1407 336 3,
1420 312 1500 364 45b·c.
1520 313 1552 338 19
1585 306 1681 331 Demus
1699 302 1831 329 scutellam
1849 300 1992 329 dulciculae
2008 301 2140 337 potionis,
2159 300 2260 335 aliquid
2271 298 2412 326 videamun

1379 346 1405 364 et
1423 347 1446 364 ci
1467 347 1486 365 1.

1415 380 1514 401 DVLC
1524 376 1542 400 1}
1552 381 1571 401 D
1583 382 1618 407 O,
1646 374 1705 401 inis.
1741 373 1761 399 f.
1799 370 1955 405 [standi-ne,
1973 371 2135 405 γλυκασμᾶς]
2172 370 2253 398 Ouid.
2273 378 2306 396 ex
2323 370 2409 396 Ponto

1378 417 1399 440 1,
1414 417 1456 441 54,
1469 415 1495 440 35
1521 410 1619 436 Nescio
1633 419 1684 444 qua
1697 409 1781 435 natale
1796 408 1878 434 solum
1892 406 2028 434 dulcedine
2041 415 2128 443 captos
2164 407 2260 438 Ducit,
2279 411 2304 431 et
2317 405 2412 431 imme-

1378 452 1465 470 mores
1478 452 1532 469 non
1543 445 1602 471 finit
1615 446 1663 471 ess‘e
1678 445 1726 471 sui.
1781 443 1837 469 Cic.
1853 442 1884 468 de
1897 443 1953 468 Fin.
1967 450 1989 473 2,
2004 451 2052 477 114.
2123 443 2226 468 Lucret.
2239 450 2262 474 2,
2281 448 2335 475 970
2356 441 2412 466 Aut
2454 433 2471 450 ‘³

1378 478 1495 514 aliquem
1507 479 1623 506 fructum
1642 481 1743 514 capiant
1758 478 1904 506 dulcedinis
1919 476 2016 503 Almae.
2084 478 2229 505 Dulcedine
2250 475 2413 510 corruptela-
2453 489 2460 502 1

1379 523 1430 548 que
1443 522 1530 540 mores
1544 514 1678 548 deprauati
1696 516 1751 541 Cic.
1768 515 1800 541 de
1815 515 1892 548 Legg.
1907 521 1933 545 2,
1952 516 1988 543 38-
2058 514 2091 540 At
2109 513 2127 540 si
2147 511 2276 539 deformis
2294 511 2412 537 lacerum
2454 527 2455 531 =

1372 588 1494 621 prurigo,
1511 584 1586 610 libido
1592 584 1731 619 scalpendi.
1791 586 1830 612 Sic
1843 586 1934 618 Veget.
1947 582 2061 609 Mulom.
2074 592 2100 622 3¹,
2117 592 2150 617 ις,
2169 593 2192 616 4,
2247 584 2278 609 Et
2289 589 2339 617 pro
2356 580 2416 617 ipsu

302 639 369 659 cant.
409 630 540 658 Iabolenus
559 627 586 652 in
607 627 624 652 l.
637 634 688 658 242
711 625 741 650 D.
759 623 791 650 de
806 625 877 651 verb.
891 623 1022 657 fignificat.
1041 620 1155 647 Viduam
1168 627 1222 644 non
1234 617 1318 643 solum
1362 620 1454 656 -scabie
1475 630 1500 652 2,
1509 629 1550 659 52:
1620 619 1786 679 Imm-{fenam
1799 619 1910 646 dulcedo
1924 618 2036 645 alicuius
2050 625 2108 650 rel,
2127 619 2181 645 vid,
2200 623 2414 646 INTERPELLO.

303 676 375 699 eam,
391 674 455 700 quae
468 662 605 697 aliquando
616 667 693 694 nupta
707 659 807 691 fuisset,
825 658 868 685 sed
881 667 937 685 eam
951 665 1071 692 quoque,
1086 664 1150 689 quae
1163 653 1252 680 virum
1264 661 1319 678 non

302 702 440 731 habuisset,
459 697 580 732 appellari
593 696 629 722 ait
642 695 728 721 Labeo
743 705 747 719 :
775 694 837 728 quia
850 693 929 720 vidua
942 693 974 719 fic
990 692 1059 718 dicia
1073 691 1116 721 est,
1136 688 1205 725 quasi
1217 696 1319 728 vecors,

302 738 415 766 vesanus,
430 734 474 768 qui
488 733 538 759 fine
551 730 627 758 corde
639 736 682 756 aut
696 729 801 755 sanitate
815 729 885 754 esset:
910 727 1030 754 similiter
1042 726 1147 753 viduam
1161 725 1208 750 esse
1221 723 1317 749 d16‘tam
1333 729 1360 756 15

302 773 352 800 fine
366 771 469 796 duitate.
511 769 560 793 Hic
578 765 672 792 videtur
684 764 820 791 Iabolenus
834 763 969 790 Duitatem
987 761 1107 798 appellare
1121 761 1320 789 Matrimonium,

301 810 327 833 in
340 804 450 840 quosunt
463 803 522 834 duo,
537 804 578 827 vir
589 807 612 826 et
623 801 717 826 mulier.

334 846 378 866 1>v
388 841 492 868 ῑΤΑΕ,
505 841 584 863 irum.
608 845 642 862 m.
680 836 814 864 Haeretici,
827 836 869 868 qai
880 832 940 858 duos
953 832 1008 858 deos
1016 830 1153 867 fingebant.
1193 828 1250 856 Vici.
1260 828 1320 854 Pru-

298 874 488 901 dentflamart.
501 871 580 905 praef.
597 872 662 907 v.37
684 872 766 898 Docet
778 868 868 896 Duitas
881 867 1026 902 discrepare
1041 875 1056 893 a
1070 865 1172 901 spiritu.
1190 865 1317 893 Senariur.

670 943 699 975 D
793 942 822 972 V
916 940 942 971 L

331 1021 381 1042 DV
389 1022 406 1042 L
416 1020 434 1042 C
445 1021 467 1042 A
476 1019 493 1041 C
504 1019 541 1041 ID
550 1020 591 1041 vs
599 1033 608 1046 ,
625 1022 649 1045 a,
670 1021 723 1039 um.
760 1010 818 1037 Adi.
855 1006 996 1042 Ὀξυγλνκῦ
1004 1028 1012 1040 ,
1031 1006 1201 1035 Dulcacidum
1210 1026 1218 1038 ,
1240 1004 1319 1032 Gloffi

296 1052 356 1078 Vet.
398 1052 450 1077 Vox
468 1047 500 1083 est
518 1050 553 1083 Q
566 1050 660 1075 Sereno
672 1047 828 1084 familiaris,
844 1052 893 1080 pro
907 1054 946 1076 ea,
963 1043 1027 1079 quod
1037 1042 1133 1076 mistum
1146 1041 1263 1078 quendam
1276 1040 1320 1076 Ja-

290 1093 375 1122 porem
388 1095 416 1111 ex
427 1085 502 1112 acido
515 1092 538 1110 et
551 1084 635 1116 dulci,
653 1082 786 1109 cuiusmodi
797 1082 858 1117 fient
869 1079 984 1116 quaedam
1002 1088 1030 1105 cx
1041 1080 1159 1105 malorum
1171 1079 1319 1105 Punicorum
1333 1084 1365 1111 25

295 1119 537 1157 genere,fignficat.
581 1120 610 1145 V.
620 1128 645 1154 g.
666 1128 710 1152 151,
724 1122 779 1151 607.
1233 1149 1238 1153 ¹

331 1163 350 1182 D
360 1163 379 1182 v
388 1163 403 1182 L
412 1161 428 1181 C
438 1154 490 1182 Α“Μ
501 1155 519 1181 Ᾰ
527 1161 544 1180 R
553 1161 592 1181 vs
600 1172 607 1184 ‚
625 1162 649 1183 a,
667 1162 720 1179 um.
756 1151 816 1178 Adi.
854 1148 950 1177 fitium
967 1158 996 1175 ex
1007 1147 1174 1183 γλυκύπικρος,
1209 1147 1251 1174 Su·
1268 1147 1322 1173 Me-

292 1189 363 1225 Iiffus
382 1191 560 1217 Dulcamaram
580 1197 671 1222 aquam
690 1187 756 1213 dixit
774 1185 912 1212 Lacrimas.
980 1185 1022 1212 Sic
1041 1184 1069 1210 de
1092 1193 1173 1211 amore
1192 1189 1321 1217 vti-umque

296 1235 379 1252 nomen
396 1228 477 1261 iungit
495 1225 572 1251 Plaut.
586 1223 647 1250 Cist.
659 1232 679 1255 1,
699 1232 719 1254 1,
739 1230 777 1256 71.
830 1220 904 1247 Idem
916 1219 1007 1247 Pseud.
1022 1228 1043 1250 1,
1056 1228 1075 1251 1,
1095 1222 1130 1246 61.
1167 1225 1190 1245 et
1207 1226 1234 1250 2,
1253 1227 1281 1251 4,
1302 1225 1320 1243 1.

295 1263 328 1288 Et
340 1261 421 1287 Truc.
436 1269 460 1292 2,
475 1268 496 1292 3,
509 1267 547 1292 25.
1332 1261 1365 1286 3ο

330 1303 400 1322 DVL
412 1301 486 1326 Cls,
512 1302 533 1320 e.
568 1293 626 1319 Adi.
660 1290 785 1326 [γλυκύς,
801 1290 935 1326 γλυκερδς]
981 1290 1025 1317 Ad
1034 1290 1150 1326 saporem
1163 1289 1267 1324 proprie
1284 1296 1321 1313 re-

287 1330 392 1368 fertur,
411 1339 461 1355 cum
472 1329 596 1365 suauitate
612 1327 655 1354 illa
668 1329 776 1363 linguam
798 1333 822 1352 ct
837 1327 950 1361 palatum
972 1324 1068 1360 afficit,
1088 1328 1188 1361 quaein
1208 1323 1274 1348 melle
1297 1328 1321 1348 et

286 1364 417 1401 fruciibus
440 1363 578 1400 quibusdam
604 1362 702 1389 mitibus
723 1360 842 1388 delet‘bare
858 1362 923 1396 solet
941 1371 949 1386 :
978 1361 1052 1397 saepe
1074 1369 1157 1387 amaro
1178 1360 1320 1394 opponitur.

293 1401 373 1427 Plaut.
388 1400 470 1426 Truc.
486 1408 508 1432 2,
521 1407 544 1431 3,
557 1406 586 1432 25
606 1399 682 1425 Nunc
700 1397 837 1432 postquam
850 1396 905 1422 scio
923 1396 997 1422 dulce
1017 1402 1096 1431 atque
1116 1403 1236 1422 amarum
1256 1392 1322 1428 quid

293 1433 323 1461 sit
340 1443 371 1460 ex
383 1434 505 1469 pecunia,
526 1441 570 1460 etc.
615 1434 715 1459 Tralate
728 1439 778 1468 pro
790 1431 916 1463 Iucunda,
931 1432 1048 1463 amabili,
1068 1434 1207 1466 accipuur,
1226 1433 1253 1455 in
1263 1431 1320 1464 pri·
1335 1435 1364 1462 35

291 1473 338 1497 mis
354 1469 381 1495 de
391 1477 493 1504 paterno
506 1472 531 1494 in
544 1468 631 1495 liberor
644 1465 735 1501 affiftu
747 1478 754 1492 .·
781 1467 834 1494 vid.
849 1466 966 1492 quenal.
979 1469 1006 1498 6,
1018 1472 1055 1498 38,
1086 1474 1108 1492 ez:
1127 1474 1149 1499 5,
1165 1474 1217 1498 139.
1236 1467 1240 1470 ’
1253 1466 1321 1499 byn-

291 1505 403 1532 karshock
418 1504 474 1540 Obs.
489 1505 541 1531 Iur.
554 1505 621 1529 Rom.
636 1513 662 1535 1,
680 1513 716 1537 19.
822 1503 878 1528 Cic.
894 1501 925 1527 de
939 1501 1035 1527 Natur.
1050 1502 1130 1527 Deor.
1145 1509 1168 1532 3,
1182 1509 1209 1532 3²
1232 1500 1319 1526 Omne

292 1540 360 1566 enim
387 1539 482 1566 animal
504 1539 587 1565 sensus
609 1538 708 1564 habet:
741 1536 818 1563 sentit
843 1537 926 1571 igitur
947 1541 973 1562 et
997 1535 1128 1569 calida-et
1148 1534 1265 1568 frigida,
1293 1540 1319 1560 et

293 1575 377 1601 dulcia
396 1580 420 1601 et
439 1583 532 1601 amara.
622 1573 762 1608 Metaphor.
797 1572 851 1598 Cic.
867 1572 938 1598 Fam.
951 1579 974 1603 3,
988 1575 1001 1600 8
1026 1570 1091 1597 Non
1110 1569 1206 1596 debent
1226 1569 1321 1595 mirari

294 1609 412 1636 homines
446 1624 489 1629 --
522 1617 563 1634 me
578 1608 624 1634 else
639 1608 761 1634 acerbum
773 1606 836 1638 fibi,
852 1613 880 1633 vt
898 1606 968 1632 mihi
980 1605 1026 1632 fim
1041 1605 1133 1631 dulcis.
1191 1605 1232 1632 Sic
1248 1603 1319 1630 Lael.
1331 1612 1368 1637 40

295 1653 330 1678 90
350 1654 370 1671 c.
385 1653 416 1678 24
446 1643 541 1670 Melius
562 1643 593 1668 de
610 1642 764 1677 quibusdam
779 1642 885 1668 acerbos
905 1642 1025 1668 inimicos
1044 1641 1158 1672 mereri,
1176 1648 1256 1674 quani
1276 1647 1321 1665 eos

295 1680 407 1711 amicos,
425 1679 470 1713 qui
486 1678 571 1704 dulces
588 1677 727 1704 videantur
742 1689 747 1703 :
779 1677 839 1703 illos
859 1686 952 1703 verum
971 1677 1045 1711 saepe
1066 1675 1170 1706 dicere,
1190 1675 1237 1700 hos
1254 1683 1320 1700 nun-

295 1724 382 1749 quam.
446 1716 511 1740 Aere
533 1720 556 1740 et
577 1713 656 1739 Dulce
680 1712 792 1748 quomodo
815 1719 982 1747 opponantur,
1008 1711 1062 1738 vid.
1082 1720 1107 1745 p.
1127 1720 1153 1745 p.
1174 1709 1320 1743 Ingenium.

295 1750 349 1776 Cic.
366 1749 398 1776 de
411 1749 500 1783 Legib.
513 1757 535 1780 3,
548 1756 577 1780 25
602 1749 698 1774 Nostra
711 1754 797 1774 autem
809 1748 897 1779 causa,
917 1756 997 1782 quae,
1015 1747 1116 1781 optime
1134 1750 1160 1772 et
1178 1743 1321 1771 dulcissime

293 1784 387 1814 frater,
406 1784 498 1810 incidit
513 1784 542 1809 in
554 1783 740 1809 Tribunitiam
758 1782 925 1817 potestatem,
944 1782 1012 1809 nihil
1032 1782 1127 1809 habuit
1144 1779 1321 1807 contentionis
1336 1785 1371 1812 45

293 1828 352 1847 cum
365 1818 527 1845 Tribunatu.
582 1818 623 1844 Sic
637 1819 714 1844 Attic.
728 1821 753 1851 6,
769 1826 786 1844 2.
811 1817 959 1844 Dulciffune
972 1818 1064 1844 Attice.
1157 1815 1224 1843 Plin.
1244 1823 1285 1847 13,
1303 1823 1322 1847 4

293 1855 324 1882 Et
338 1854 366 1880 in
379 1853 474 1881 Arabia
486 1852 618 1887 Languide
637 1853 723 1880 dulces
743 1852 881 1880 traduntur
898 1854 946 1879 csse
960 1853 1069 1888 palmae.
1265 1849 1285 1887 fi
1307 1857 1324 1877 2

292 1887 447 1921 Substannua
465 1899 472 1913 .·
507 1889 630 1920 Acetum,
659 1888 712 1914 vid.
733 1898 787 1914 mox
810 1889 956 1923 Ingenium.
1051 1886 1157 1921 Agellus
1175 1887 1285 1913 Lucret:
1301 1891 1325 1917 ς,

294 1926 362 1956 1366.
414 1923 537 1957 Alloquia
549 1924 640 1949 Horat.
655 1923 734 1958 Epod.
750 1932 783 1956 13,
797 1931 836 1957 27.
902 1924 1010 1950 Alumni
1023 1923 1097 1949 Idem
1108 1924 1195 1950 Carni.
1213 1930 1236 1953 3,
1249 1928 1282 1952 23>
1300 1924 1322 1948 8-

296 1959 387 1985 Amica
404 1959 495 1984 Horat.
516 1958 591 1991 Epist.
612 1966 632 1990 1,
647 1966 673 1992 7,
694 1967 730 1985 12.
799 1958 905 1985 Amicus
924 1959 997 1985 Idem
1011 1959 1094 1985 Serm.
1109 1967 1128 1988 1,
1147 1966 1169 1989 3,
1182 1958 1227 1988 69,
1254 1961 1277 1980 et
1293 1960 1324 1979 vt
1342 1961 1375 1988 50

295 1993 364 2020 modo
378 1992 520 2026 castcndimus
533 1993 588 2018 Cic.
598 1993 666 2018 Lael.
681 2001 722 2025 90.
791 1994 900 2020 Amores
913 1994 1027 2020 Martial.
1042 1993 1156 2028 Spectac.
1169 1998 1208 2024 25.
1262 1990 1324 2015 Am-

295 2029 384 2064 plexus
398 2028 491 2062 Virgil.
505 2029 568 2053 Aen.
582 2032 605 2058 8,
619 2029 672 2059 568.
743 2028 952 2067 Animas-dulces
973 2029 1081 2055 reddere
1100 2027 1172 2055 Idem
1192 2027 1289 2059 Georg.
1302 2033 1326 2056 3,

296 2073 355 2126 {31³5
372 2107 397 2131 1,
415 2064 498 2131 ἔφη
517 2061 1001 2132 viii.ditffgiif'dssssgfi‘fgiibfstn'
1015 2071 1097 2125 {452⁷ss
1115 2060 1325 2129 ΡοεὲῗέῗῙὲῘῈ

297 2136 384 2167 Quam
402 2134 547 2160 orationem
565 2132 630 2161 hanc
644 2133 726 2158 Aures
744 2132 829 2158 dulces
843 2133 978 2159 deuorant.
1069 2134 1217 2160 Camoenae
1231 2132 1326 2157 Horat.
1343 2137 1372 2164 55

297 2169 375 2204 Epist.
384 2177 402 2200 1,
415 2178 458 2202 20,
467 2177 487 2202 ς.
541 2169 652 2195 Carmen
666 2168 772 2202 Qun&
787 2176 824 2200 12,
833 2177 870 2194 ro.
923 2168 1051 2195 Conditio
1064 2170 1131 2195 Hor.
1138 2167 1216 2202 Epist.
1226 2176 1244 2197 1,
1259 2176 1278 2198 1,
1292 2174 1327 2198 51.

298 2204 403 2231 Coniux
422 2204 516 2239 virgil.
532 2205 626 2238 Georg.
646 2212 673 2236 4,
691 2206 748 2237 465.
836 2202 946 2230 Cultura
963 2204 1077 2237 potentis
1094 2204 1173 2230 amici
1191 2202 1275 2228 dulcis
1288 2202 1327 2227 in-

298 2241 412 2274 expertis
425 2241 490 2266 Hor.
500 2239 690 2273 Epist.1,1s‚ss.
745 2238 886 2272 Cupidines
900 2238 972 2265 Idem
981 2239 1167 2272 Carm.4,1,4.
1188 2235 1326 2272 i.formofi.

298 2275 385 2301 Curae
402 2275 463 2301 Stat.
477 2274 539 2301 Silu.
554 2283 579 2307 2,
592 2283 611 2306 1,
624 2282 661 2308 71.
727 2274 834 2300 Donum
851 2275 943 2300 Horat.
958 2274 1039 2308 Epod.
1053 2283 1079 2307 2,
1093 2281 1138 2308 47.
1208 2274 1263 2299 Cic.
1273 2273 1327 2299 Att.

1378 657 1469 682 Mouet
1482 663 1595 682 mamma
1608 654 1682 680 dulce

1377 691 1455 718 eitiae
1472 689 1583 717 dulcedo
1603 690 1690 716 Senec.
1703 690 1780 724 Epist.
1796 699 1821 723 9.
1903 690 2001 716 Auium
2023 687 2124 715 Auctor
2142 689 2173 715 ad
2186 691 2304 716 Hercnn.
2317 697 2353 722 4,
2372 695 2415 719 30.

1378 727 1474 754 Cantus
1495 726 1572 760 Apul.
1587 726 1651 751 Met.
1666 732 1679 756 5
1700 734 1724 759 p.
1738 728 1790 758 165,
1805 734 1843 758 29·
1913 725 2068 752 Carminum
2087 724 2182 750 Vellei.
2197 733 2215 755 1,
2227 734 2247 757 1,
2260 734 2279 751 1.
2324 725 2415 757 Quam

1377 762 1468 788 multis
1482 759 1702 788 amaritudinibus
1716 759 1846 787 humanae
1859 759 2002 787 Felicitatis
2017 758 2126 786 dulcedo
2139 760 2250 793 respersa
2264 760 2300 787 est
2318 757 2415 786 Boeth-

1377 797 1395 823 l.
1410 806 1426 824 2
1452 798 1528 832 prosa
1541 807 1567 831 4.
1638 794 1748 821 Gloriae
1766 796 1821 822 Cic.
1843 804 1892 830 pro
1910 795 1989 823 Arch.
2003 804 2047 830 24.
2118 794 2269 822 Iracundiae
2286 795 2359 822 Idem
2378 795 2420 828 Q

1378 833 1460 860 Fratr.
1475 842 1496 865 1,
1509 841 1534 858 2.
1605 830 1723 865 Linguae
1743 831 1824 856 Ouid.
1839 839 1870 856 ex
1883 832 1966 857 Ponto
1986 840 2006 863 1,
2027 839 2052 863 2,
2068 838 2117 862 119.
2188 831 2296 857 Morum
2313 836 2340 857 et
2358 830 2417 856 sua-

1379 868 1446 895 vitas
1464 867 1534 894 Vell.
1547 875 1573 899 2,
1587 874 1632 899 92,
1646 874 1667 898 3.
1737 866 1875 892 Orationis
1890 867 1946 893 Cic.
1960 866 1992 893 de
2005 867 2079 893 Orat.
2095 874 2117 898 3,
2131 873 2175 898 159
2195 874 2217 892 c.
2229 874 2274 898 40.
2343 865 2417 892 Pacis

1333 909 1368 928 20
1380 903 1448 930 Vell.
1465 912 1486 934 2,
1500 911 1550 938 117,
1564 911 1591 935 4.
1676 901 1803 928 Pecuniae
1820 905 1846 927 et
1863 902 1982 928 Honoris
1999 902 2054 928 Cic.
2072 902 2142 927 Fam.
2156 910 2194 933 11,
2214 905 2252 930 28.
2297 927 2299 930 ,
2322 897 2418 928 Somni

1380 940 1442 966 Stat.
1451 938 1542 966 Theb.
1557 946 1593 967 10,
1607 944 1651 971 79.
1721 937 1884 966 staminum,
1901 940 1920 963 i.
1926 936 2019 972 fidium
2038 937 2119 963 Ouid.
2134 937 2198 963 Met.
2210 945 2243 967 11,
2258 943 2314 970 170.
2368 936 2418 977 Vi·
2460 940 2464 946 ·

1379 974 1461 1001 vendi
1475 974 1531 1001 Cic.
1546 972 1579 999 ad
1592 972 1665 998 Brut.
1676 972 1722 1007 Ep.
1739 974 1776 998 16.
1853 972 2006 1007 Voluptatis
2022 972 2095 999 Idem
2108 972 2140 998 de
2149 973 2227 1006 Legg.
2236 980 2256 1003 1,
2265 978 2311 1005 47.

1414 1015 1434 1035 D
1442 1017 1463 1037 V
1472 1016 1488 1036 1.
1498 1016 1516 1036 C
1524 1016 1534 1035 1
1543 1016 1564 1035 T
1573 1014 1595 1034 A
1604 1015 1616 1034 S
1625 1027 1632 1038 ‚
1658 1008 1714 1033 atis.
1749 1008 1768 1033 f.
1804 1005 1964 1041 [γλυκύτης]
2001 1007 2078 1035 Idem.
2123 1008 2216 1034 Accius
2229 1007 2324 1033 Tereo
2332 1024 2340 1037 ,
2355 1005 2419 1032 Sua·
2457 999 2466 1032 ,’

1379 1054 1442 1072 vem
1459 1044 1563 1078 linguae
1583 1043 1716 1075 sonitum,
1736 1041 1754 1069 ὂ
1774 1042 1883 1070 dulcitas
1902 1043 2065 1077 conspirium
2084 1043 2278 1078 (conspiratum
2291 1042 2343 1074 al.)
2362 1040 2420 1067 ani-

1381 1089 1448 1121 mae.
1463 1082 1550 1142 fiHaec
1567 1078 1675 1106 Nonius
1694 1087 1726 1110 2,
1744 1086 1796 1112 215.
1884 1077 2011 1113 Apuleius
2028 1078 2060 1105 de
2078 1079 2170 1107 Mund.
2191 1088 2216 1113 p.
2230 1085 2282 1112 74,
2301 1085 2333 1110 34
2355 1076 2421 1103 Dul-

1379 1122 1442 1143 citas
1482 1123 1516 1144 ci.

1417 1158 1436 1178 D
1444 1158 1465 1178 V
1475 1157 1491 1176 L
1501 1156 1518 1177 c
1529 1157 1568 1177 1'1'
1577 1150 1622 1176 VD
1633 1157 1652 1177 o
1661 1169 1670 1182 ,
1695 1148 1756 1175 inis.
1793 1148 1814 1175 f.
1850 1148 2011 1184 [γλυκύτης]
2049 1149 2123 1176 Idem.
2160 1148 2308 1180 Caecilius,
2327 1148 2423 1174 Tanta

1380 1187 1445 1214 huic
1458 1186 1551 1213 inuasit
1563 1185 1592 1211 in
1604 1185 1683 1212 corda
1696 1184 1842 1212 dulcitudo.
1880 1186 1948 1211 Haec
1959 1185 2065 1212 Nonius
2082 1194 2104 1217 2,
2122 1193 2173 1218 215.
2228 1184 2284 1210 Cic.
2299 1183 2331 1209 de
2344 1183 2422 1210 Orat.

1382 1233 1402 1255 3,
1418 1229 1450 1256 97
1470 1231 1492 1248 c.
1505 1229 1535 1254 25
1559 1221 1724 1254 Quinetiam
1744 1220 1871 1254 gustatus,
1891 1220 1937 1255 qui
1957 1220 1993 1246 est
2010 1221 2096 1247 sensus
2116 1229 2147 1247 ex
2159 1219 2285 1246 omnibus
2304 1219 2422 1245 maxime

1382 1258 1564 1291 voluptarius,
1582 1256 1681 1291 quique
1694 1255 1858 1282 dulcitudine
1873 1261 1976 1290 praeter
1989 1262 2105 1283 caeteros
2123 1256 2208 1282 sensus
2228 1260 2424 1281 commonetur.

1381 1293 1501 1327 Inscript.
1513 1291 1580 1327 apud
1592 1292 1698 1318 Gruter.
1718 1297 1874 1323 DCCLH,
1892 1300 1903 1322 3
1932 1293 2019 1318 CVM
2046 1292 2133 1325 QVA
2158 1290 2287 1318 VIXIT
2308 1289 2422 1317 ANNIS
2446 1278 2455 1307 ξ’

1380 1329 1461 1357 XIII
1488 1328 1577 1355 CVM
1603 1327 1759 1353 MAGNA
1786 1326 2104 1354 DVLCITVDINE.

1417 1371 1436 1391 D
1445 1371 1466 1390 V
1475 1371 1492 1390 L
1502 1369 1518 1389 C
1528 1370 1538 1389 I
1546 1369 1613 1389 AR1
1623 1369 1644 1388 V
1653 1371 1665 1389 s
1675 1382 1683 1395 ,
1707 1371 1737 1394 a,
1761 1370 1814 1388 um.
1845 1361 1906 1388 Adi.
1939 1361 2156 1397 [πεμματοποιός]
2197 1361 2248 1394 Vt,
2267 1359 2423 1388 Dulciasius

1380 1398 1479 1435 pistor,
1500 1399 1550 1433 Qui
1563 1404 1643 1433 panes
1663 1404 1686 1423 et
1705 1397 1798 1424 mellita
1815 1401 1948 1423 concinnat
1967 1398 2053 1425 edulia.
2108 1398 2212 1431 Lampr.
2227 1397 2333 1430 Heliog.
2355 1405 2376 1423 c.
2390 1401 2445 1430 27‘

1380 1434 1531 1462 Dulciarios
1548 1439 1575 1459 et
1588 1432 1711 1459 lactarios
1726 1432 1789 1459 tales
1802 1432 1911 1465 habuit,
1931 1439 1959 1460 vt
1978 1442 2149 1468 quaecunque
2169 1433 2249 1467 coqui
2269 1432 2301 1458 de
2313 1430 2425 1458 diuersis

1380 1470 1503 1497 edulibus
1518 1468 1709 1500 exhibuiss'ent,
1727 1468 1770 1494 vel
1783 1467 1938 1501 structores,
1956 1469 1998 1495 vel
2014 1469 2145 1503 pomarii,
2164 1468 2207 1494 illi
2221 1467 2302 1494 modo
2316 1466 2349 1493 de
2364 1465 2425 1491 dul-

1380 1506 1479 1537 ciariis,
1499 1503 1581 1530 modo
1595 1503 1627 1529 de
1641 1502 1757 1529 laeiariis
1771 1502 1934 1531 exhiberent.
2005 1505 2054 1531 Iul.
2067 1504 2176 1532 Firmic.
2190 1509 2213 1538 8,
2229 1512 2251 1529 11
2265 1502 2353 1529 ‘tradit
2366 1500 2426 1527 dul-

1380 1542 1477 1568 ciarios
1486 1559 1494 1572 ,
1511 1538 1678 1570 conditores,
1701 1544 1728 1564 et
1741 1538 1783 1564 his
1796 1538 1891 1564 similes
1905 1539 1978 1566 viros
1991 1540 2061 1566 nasci
2075 1540 2122 1566 sub
2136 1539 2218 1566 fidere
2231 1538 2337 1572 Spicae,
2355 1544 2425 1571 quae

1381 1577 1410 1602 in
1423 1574 1542 1608 Virginis
1560 1578 1633 1607 parte
1649 1573 1753 1600 decima
1764 1574 1895 1600 exoritur.
1954 1574 2012 1602 Vid.
2033 1574 2148 1602 Martial.
2162 1583 2201 1609 14,
2215 1582 2275 1603 222.
2345 1571 2427 1607 Apul,

1381 1612 1446 1638 Met.
1463 1619 1491 1636 10
1510 1619 1535 1643 p.
1549 1617 1602 1641 244.

1417 1652 1436 1672 D
1446 1652 1467 1671 V
1476 1650 1542 1672 LCE
1551 1651 1564 1670 s
1574 1649 1592 1670 C
1605 1648 1625 1669 0
1635 1661 1644 1673 ‚
1670 1644 1722 1669 &re-
1759 1643 1961 1679 [γλυκαίνομαι]
1996 1645 2074 1671 Dulce
2086 1644 2159 1680 fieri.
2197 1645 2253 1672 Cic.
2271 1643 2304 1670 de
2322 1642 2419 1671 Sene&-

1382 1690 1409 1714 53
1431 1691 1453 1708 c.
1467 1688 1492 1713 15
1518 1680 1607 1706 Primo
1626 1687 1678 1705 vua
1693 1678 1729 1704 est
1742 1678 1883 1712 peracerba
1897 1679 2016 1713 gustatu:
2041 1679 2135 1706 deinde
2147 1684 2277 1707 maturata
2292 1677 2423 1704 dulcescit.

1382 1717 1449 1742 Plin.
1461 1724 1489 1747 3,
1507 1719 1533 1744 18
1560 1713 1729 1740 Dulccscente
1746 1714 1824 1741 mari.
1878 1715 1954 1741 Idem
1972 1723 2017 1748 14,
2034 1723 2054 1742 1.
2081 1722 2105 1741 et
2124 1723 2168 1749 31,
2180 1718 2205 1742 6.
2261 1713 2373 1741 Paullin.
2391 1711 2426 1738 ad

1382 1751 1505 1778 Nicetam
1522 1758 1549 1775 ν.
1563 1757 1604 1780 3ο.
2432 1749 2435 1754 “

1418 1792 1437 1812 D
1446 1791 1468 1810 v
1480 1791 1497 1810 Ι.
1508 1791 1524 1811 C
1533 1791 1542 1809 1
1551 1791 1570 1810 o
1580 1803 1588 1815 ,
1603 1783 1652 1809 i‘rc.
1672 1789 1722 1817 pro
1734 1784 1848 1809 Dulcere.
1871 1783 1977 1810 Lucret.
1990 1792 2014 1817 2,
2022 1791 2073 1818 473
2093 1785 2201 1811 Humor
2213 1784 2307 1815 dulcit,
2319 1781 2368 1809 vbi
2379 1789 2429 1816 pet

1383 1826 1466 1848 terras
1480 1818 1598 1846 crebrius
1617 1817 1687 1843 idem
1701 1818 1859 1844 Percolatur.

1418 1861 1493 1882 DvL
1503 1861 1545 1880 CF.
1555 1873 1561 1879 .
1597 1852 1665 1878 Adu.
1702 1853 1846 1888 [γλυκὲως]
1882 1852 1963 1880 Plaut.
1979 1852 2037 1879 Mil.
2050 1861 2081 1884 2,
2093 1861 2118 1885 2,
2133 1857 2161 1885 58
2185 1853 2283 1879 Hercle
2302 1851 2385 1878 astitit
2402 1854 2432 1877 et

1385 1890 1461 1916 dulce
1474 1895 1500 1915 et
1513 1887 1675 1915 comoedice.
1733 1888 1790 1914 Cic.
1803 1889 1834 1914 de
1848 1889 1918 1914 Clar.
1931 1889 2006 1915 Orat.
2021 1895 2056 1922 77
2076 1889 2158 1914 Tum
2173 1888 2284 1914 historia
2301 1885 2432 1921 quaedam

1385 1926 1485 1951 Graeca
1503 1923 1598 1956 scripta
1616 1921 1767 1948 dulciffime.
1875 1923 1964 1956 Loqui
1982 1923 2057 1949 dulce
2077 1923 2172 1949 Horat.
2192 1922 2272 1956 Epist.
2292 1931 2318 1954 1,
2338 1929 2366 1956 7,
2386 1928 2431 1956 27.

1385 1959 1460 1986 Idem
1473 1957 1524 1985 Od.
1540 1966 1561 1989 1,
1579 1965 1623 1988 22,
1642 1965 1667 1988 23
1694 1956 1778 1982 Dulce
1795 1955 1928 1982 ridentem
1943 1957 2057 1991 Lalagen
2077 1957 2188 1989 amabo,
2219 1957 2302 1983 Dulce
2319 1956 2432 1991 loquen-

1386 2001 1450 2022 tem.
1521 1992 1607 2025 Magis
1624 1990 1716 2022 dulce,
1749 1989 1804 2017 vid.
1824 1997 1962 2018 MAGIS.
2032 1991 2138 2018 Profari
2155 1991 2231 2018 dulce
2252 1992 2313 2018 Stat.
2328 1992 2391 2019 Silu.
2409 2000 2435 2026 1,

1387 2040 1412 2061 2,
1425 2032 1464 2062 63.
1559 2026 1644 2054 Catul.
1658 2034 1694 2059 49
1714 2028 1778 2058 (52)
1798 2035 1811 2056 5
1839 2026 1895 2059 Qu
1909 2026 2000 2052 sedens
2013 2025 2136 2057 aduersus
2149 2026 2296 2054 identidem
2309 2032 2335 2054 te
2371 2027 2434 2062 Spe-

1387 2066 1453 2096 ctat,
1466 2069 1492 2091 et
1504 2062 1578 2090 audit
1591 2061 1667 2088 dulce
1678 2060 1817 2088 ridentem.
1853 2061 1922 2089 Add.
1935 2061 2051 2089 Martial.
2064 2069 2090 2096 7,
2101 2070 2146 2095 99.
2198 2062 2276 2096 Apul.
2290 2063 2356 2090 Met.
2370 2071 2387 2090 2
2404 2071 2434 2096 p.
2462 2079 2463 2084 =

1387 2111 1420 2129 20
1443 2121 1449 2127 .
1486 2106 1509 2126 et
1527 2099 1620 2125 Mens
1659 2099 1736 2123 .660.
1799 2100 1802 2101 ⁷

1424 2111 1525 2163 ἶνις
1536 2106 1656 2160 iren?
1678 2130 1794 2158 Aduerb.
1829 2131 1987 2167 [γλυκεραῖς]
2024 2131 2081 2158 Cic.
2094 2130 2126 2158 de
2138 2131 2197 2158 Fin.
2211 2140 2238 2164 2,
2252 2137 2278 2163 18
2298 2142 2321 2160 c.
2337 2134 2354 2160 6
2378 2133 2434 2162 Aue

1389 2173 1463 2199 enim
1483 2179 1541 2197 eam
1563 2169 1726 2202 voluptatem
1743 2172 1878 2199 tueretur,
1896 2175 1976 2201 quam
1992 2167 2157 2201 Aristippus,
2176 2167 2204 2194 id
2217 2167 2254 2194 est
2274 2177 2326 2203 qua
2344 2168 2455 2197 sensus

1389 2208 1504 2235 dulciter
1522 2214 1551 2232 ac
1571 2202 1685 2231 iucunde
1703 2207 1836 2228 mouetur.
1908 2201 2038 2235 Qunffil.
2060 2210 2104 2235 12,
2123 2211 2161 2229 10.
2232 2203 2308 2238 Apul.
2324 2205 2389 2232 Met.
2407 2213 2434 2237 2,

1427 2263 1433 2270 .
1472 2262 1479 2268 .
1550 2240 1690 2274 comparat.
1716 2237 1773 2264 Cic.
1788 2237 1817 2263 in
1829 2237 1904 2264 Orat.
1920 2242 1960 2270 158
1985 2247 2006 2264 c.
2019 2246 2062 2271 47.
2118 2237 2242 2266 Prudent.
2256 2238 2333 2267 sath.
2346 2247 2376 2273 5,
2388 2247 2432 2274 93.

1387 2279 1483 2313 Superi.
1504 2275 1560 2302 Cic.
1575 2274 1607 2300 de
1621 2274 1690 2301 Clar.
1703 2273 1778 2299 Orat.
1792 2282 1819 2306 77
1840 2282 1862 2299 c.
1876 2281 1912 2306 19.

300 2318 345 2343 15,
367 2318 396 2350 13
412 2309 554 2350 'Longiori
573 2309 699 2343 Epistolae
723 2309 904 2349 superiorique
923 2309 1064 2344 respondi:
1099 2318 1169 2335 nunc
1189 2308 1371 2339 breuiori,6o
1423 2309 1549 2338 DVLCi
1558 2316 1645 2342 PER,
1663 2317 1693 2340 a,
1719 2317 1773 2335 um.
1810 2308 1871 2334 Adi.
1908 2307 1990 2335 Plaut.
2009 2307 2099 2335 Pseud.
2116 2316 2145 2342 5,
2163 2317 2190 2342 1,
2207 2314 2234 2340 18
2268 2309 2434 2343 Cantharum

299 2354 471 2380 prop1or1que
486 2346 549 2380 quid
562 2343 746 2379 respondeam,
766 2345 813 2371 nili
828 2354 885 2371 eam
898 2345 972 2371 fuisse
989 2344 1173 2372 dulciffimam?
1229 2343 1326 2378 Epulae
1385 2347 1556 2374 dulciferum,

298 2382 391 2407 Horat.
408 2381 495 2407 Carm.
515 2389 543 2412 3,
561 2385 589 2412 8,
608 2382 633 2406 6.
735 2380 794 2407 Esca
814 2380 910 2414 Virgil.
931 2381 1027 2415 Georg.
1047 2389 1080 2413 4,
1100 2388 1138 2416 17.
1209 2379 1328 2406 Facetiae

298 2416 387 2442 Latini
400 2415 496 2450 leporis
511 2415 577 2442 Vell.
592 2424 611 2447 1,
633 2423 669 2450 17,
689 2423 707 2442 1.
776 2415 857 2442 Fandi
877 2415 1031 2442 dulciffimus
1051 2416 1132 2442 homo
1153 2414 1222 2441 Gell.
1245 2415 1287 2443 16,
1305 2421 1326 2444 3.

298 2451 409 2478 Flumen
429 2451 519 2477 Horat.
538 2452 624 2477 Carm.
642 2460 674 2483 2,
694 2452 726 2484 6,
749 2459 779 2476 11.
885 2451 975 2478 Fluuii
994 2451 1089 2487 Virgil.
1102 2452 1200 2484 Georg.
1220 2457 1251 2481 3,
1266 2454 1329 2480 445·

299 2486 394 2512 Foetus
411 2486 512 2512 Lucret.
526 2494 548 2519 2,
561 2495 626 2519 1159.
732 2486 848 2512 Fortuna
868 2487 935 2513 Hor.
950 2488 1037 2514 Carm.
1052 2497 1075 2518 1,
1089 2494 1129 2520 37,
1144 2493 1177 2511 11.
1248 2483 1329 2509 Furta
1343 2481 1376 2512 65

301 2521 399 2560 Virgil.
413 2522 507 2559 Georg.
521 2530 554 2554 4,
567 2523 624 2554 346.
694 2521 794 2547 Gaudia
812 2521 894 2548 Ouid.
913 2522 945 2548 de
957 2524 1019 2549 Arte
1032 2524 1091 2549 Am.
1104 2529 1116 2552 3
1125 2539 1134 2551 ,
1147 2523 1206 2553 798·
1277 2517 1329 2556 G?-

302 2561 381 2582 mitus
401 2556 470 2581 Idem
486 2557 516 2582 de
531 2557 592 2582 Arte
606 2557 664 2582 Am.
680 2565 700 2588 1,
713 2563 773 2590 724.
825 2558 922 2583 Haeres
941 2559 1033 2584 quen.
1047 2557 1097 2582 Sat.
1111 2556 1138 2586 6,
1149 2558 1186 2585 38.
1257 2553 1329 2586 Ignis

303 2591 418 2623 Propert.
431 2599 453 2622 3,
468 2596 491 2622 8,
504 2599 543 2623 29.
612 2591 750 2617 Illecebrae
769 2592 864 2626 Virgil.
879 2593 976 2627 Georg.
990 2601 1013 2625 3,
1026 2598 1082 2625 217.
1154 2587 1225 2614 Mihi
1245 2587 1329 2613 dulcis

302 2627 394 2659 Imago
408 2625 525 2651 Prosiluit
545 2626 604 2651 Stat.
620 2625 729 2659 Epithal.
744 2627 835 2653 Stellae
851 2636 903 2661 154.
928 2631 946 2654 i.
955 2626 1078 2664 formosa.
1134 2624 1189 2651 Cic.
1204 2623 1330 2650 Hortens.

304 2660 369 2696 apud
391 2661 462 2686 Non.
479 2670 513 2693 4,
531 2668 558 2694 17
581 2669 608 2685 ex
626 2661 740 2687 emendat.
760 2670 788 2688 vt
807 2663 904 2689 videtur
919 2664 961 2690 fr.
976 2662 1099 2692 Fabricii,
1125 2659 1205 2693 Qiod
1223 2658 1331 2685 alterius
1344 2664 1379 2692 70

304 2696 442 2729 Ingenium
463 2695 494 2720 sic
515 2695 601 2725 dulce,
625 2701 654 2722 vt
671 2701 771 2722 acetum
790 2698 961 2732 Aegyptium,
980 2695 1087 2723 alterius
1107 2693 1139 2719 fic
1157 2703 1225 2726 acre,
1237 2700 1266 2720 vt
1280 2693 1333 2719 luel

306 2730 471 2762 Hymettium
486 2730 604 2756 dicimus.
707 2732 842 2766 Ingenium
861 2733 936 2759 dulce
955 2735 1029 2758 etiam
1047 2729 1162 2756 Martial.
1175 2729 1206 2754 de
1218 2728 1331 2762 spectac.

308 2773 351 2792 20.
421 2766 529 2791 quenta
548 2766 639 2791 Horat.
659 2766 744 2792 Carm.
768 2776 794 2799 1,
816 2770 858 2800 16,
876 2775 916 2799 23.
1020 2765 1109 2792 Labor
1128 2763 1209 2789 Ouid.
1224 2763 1288 2789 Fast.
1305 2765 1333 2793 6,

309 2801 364 2826 661.
434 2800 558 2826 Latebrae
575 2801 665 2826 Horat.
677 2801 753 2835 Epist.
772 2810 842 2836 1,17,
854 2804 890 2828 16.
962 2800 1041 2827 Nihil
1060 2798 1162 2825 dulcius
1185 2798 1225 2824 his
1244 2797 1332 2824 Libris

310 2835 380 2868 Nep.
393 2842 432 2865 25,
447 2839 481 2866 18,
496 2843 522 2867 4.
592 2835 726 2862 Lucellum
745 2838 838 2863 Horat.
852 2836 928 2871 Epist.
944 2844 964 2867 1,
977 2843 1004 2867 19
1024 2837 1085 2866 (18)
1108 2841 1162 2859 102.
1232 2833 1333 2863 Lyaeus
1351 2834 1383 2861 73

310 2869 383 2896 Idem
400 2869 480 2903 Epod.
499 2878 525 2902 9,
543 2874 578 2901 38.
644 2870 740 2897 Malum
755 2872 844 2905 dulce,
863 2881 931 2898 amor
950 2868 1126 2903 ScmHippol.
1144 2868 1161 2894 s.
1177 2875 1199 2893 2.
1250 2865 1333 2892 Ouid.

312 2905 404 2931 Amor.
419 2912 444 2936 2,
457 2912 481 2936 9,
494 2912 545 2936 ¹4¹-
610 2904 686 2930 Mella
706 2906 840 2932 Claudian.
856 2908 883 2932 in
896 2905 964 2932 Ruff.
980 2914 1005 2937 2,
1018 2907 1079 2937 462.
1146 2903 1251 2929 Merum
1267 2903 1334 2927 Hor.

311 2940 399 2966 Carm.
414 2947 436 2970 3,
449 2947 479 2969 13,
492 2948 516 2965 2.
580 2939 683 2966 Moduli
696 2941 846 2972 dulcissimi,
863 2942 891 2966 de
902 2947 975 2967 cantu
995 2939 1073 2974 Apul.
1087 2939 1152 2965 Met.
1165 2944 1177 2970 ς
1196 2946 1221 2970 p-
1237 2939 1337 2970 165327.

312 2975 409 3002 Munus
426 2974 512 3000 Senec.
525 2973 632 3008 Hippol.
645 2983 665 3007 ς.
749 2977 838 3003 Musae
858 2976 932 3008 Virg.
946 2976 1043 3009 Georg.
1056 2983 1082 3005 2,
1094 2980 1153 3007 475.
1223 2972 1338 2997 Mustum

313 3009 387 3036 Idem
401 3009 495 3042 Georg.
509 3017 528 3040 1,
546 3017 601 3041 295.
684 3010 747 3037 Nati
769 3010 863 3044 Vix-gil.
878 3010 975 3042 Georg.
994 3018 1025 3042 2,
1045 3013 1091 3039 138-
1174 3007 1254 3033 Nefas
1275 3007 1335 3032 Stat.
1350 3009 1382 3034 80

314 3043 407 3071 Theb.
427 3051 455 3076 5,
473 3046 526 3069 162.
604 3044 708 3071 Nomen
727 3047 806 3080 patris
826 3044 960 3071 Claudian.
980 3042 1010 3068 de
1029 3045 1103 3076 Rapt.
1122 3043 1238 3076 Proserp.
1254 3050 1281 3074 1,
1299 3044 1337 3073 36.

314 3080 429 3107 Nouitas
448 3078 596 3106 Ouid.Met.
611 3089 638 3113 4,
651 3085 705 3113 284.
776 3081 874 3106 Orator
892 3087 981 3112 parum
996 3077 1134 3103 vehemens
1148 3077 1230 3103 dulcis
1244 3083 1340 3109 tamen,

315 3114 345 3141 de
359 3115 481 3141 Demetrio
496 3113 607 3140 Phalereo
627 3115 682 3140 Cic.
697 3114 749 3141 Off.
766 3123 784 3146 1,
801 3123 813 3145 3
840 3114 968 3140 Oratione
983 3113 1067 3139 Laelii
1084 3113 1151 3139 nihil
1170 3113 1217 3138 csse
1229 3112 1340 3142 dulcius,

314 3152 353 3176 ait
367 3150 398 3175 de
411 3149 482 3175 Clar.
495 3149 567 3174 Orat.
581 3153 606 3179 83
623 3158 643 3174 c.
658 3157 693 3175 21.
799 3148 892 3175 Oscula
912 3148 1006 3181 Virgil.
1020 3149 1083 3174 Aen.
1104 3157 1127 3179 1,
1147 3151 1204 3182 687.
1270 3148 1340 3174 l'eri-

316 3184 404 3211 culum
427 3185 518 3209 Horat.
532 3184 616 3209 Carnu.
631 3192 650 3213 3,
665 3192 699 3215 25,
715 3188 747 3213 18.
830 3184 907 3209 Poma
926 3183 998 3209 Idem
1012 3184 1092 3210 Serm.
1104 3193 1125 3215 2,
1140 3191 1162 3216 5,
1178 3192 1212 3209 12.
1290 3184 1340 3209 Re.
1356 3183 1384 3213 85

316 3219 388 3246 ditus
408 3220 500 3245 Horat.
514 3216 594 3252 Epod.
610 3220 647 3249 16,
661 3225 697 3250 35.
785 3217 857 3244 Salus
874 3218 954 3244 Ouid.
969 3218 1052 3245 Trist.
1069 3227 1091 3251 5,
1106 3224 1134 3250 8,
1155 3227 1174 3250 3.
1260 3219 1341 3252 Sapor

317 3255 411 3281 Horat.
426 3254 513 3280 Carni.
527 3262 547 3285 3,
561 3261 580 3284 1,
593 3254 632 3284 56.
706 3252 791 3278 Valer.
806 3254 867 3287 Arg.
886 3262 913 3286 4,
931 3256 974 3285 632
1010 3268 1055 3273 -——
1089 3254 1227 3288 dulcesque
1244 3253 1341 3280 iterum

318 3289 385 3315 mihi
406 3290 509 3322 surgere
524 3288 594 3314 Soles
629 3287 706 3314 Nunc
721 3296 789 3313 reor.
859 3288 956 3315 Solatia
975 3289 1075 3316 Lucrct.
1093 3298 1114 3322 5,
1130 3297 1166 3314 21.
1232 3290 1341 3315 Somnus

318 3324 414 3358 virgil.
429 3325 492 3350 Aen.
507 3332 535 3356 4,
549 3331 604 3356 342.
707 3323 800 3349 Horat.
813 3324 898 3349 Carm.
912 3333 932 3354 2,
946 3333 978 3355 13,
992 3329 1018 3355 38
1052 3340 1096 3344 —
1131 3324 1183 3350 siue
1203 3332 1248 3358 per
1266 3325 1342 3350 flores

318 3368 404 3386 nouos
440 3359 565 3392 Fugicnte
587 3357 669 3383 dulcis
692 3364 837 3384 murmurat
862 3360 922 3384 riuo
944 3359 1033 3385 Sonus.
1140 3359 1224 3393 Sopor
1251 3360 1343 3384 Horat.
1356 3362 1391 3386 90

319 3394 401 3429 epod.
416 3402 438 3426 ς,
453 3397 492 3427 56.
563 3393 689 3426 Strepitus
708 3393 780 3418 Idem
794 3395 880 3420 Carm.
895 3403 920 3424 4,
935 3403 959 3425 3,
978 3399 1010 3423 ¹8-
1082 3394 1198 3420 Suauitas
1218 3393 1300 3419 dulcis
1318 3399 1343 3419 et

320 3429 426 3456 decocta
445 3429 559 3455 austerae
579 3433 604 3454 et
616 3428 713 3454 solidae
732 3432 862 3463 opponitur
882 3430 936 3455 Cic.
950 3429 980 3454 de
993 3430 1065 3455 Orat.
1081 3438 1106 3460 3,
1124 3438 1174 3457 101.
1245 3429 1344 3454 Vinum

320 3465 414 3491 Horat.
425 3465 511 3491 Carm.
525 3473 543 3495 1,
559 3471 593 3495 12,
607 3471 628 3488 2.
697 3463 796 3489 Vmbra
817 3464 981 3497 Virgil.Aeu.
999 3473 1018 3495 1,
1032 3467 1092 3496 694.
1163 3463 1252 3490 Vndae
1273 3464 1345 3489 Idem

321 3500 417 3534 Georg.
433 3508 454 3531 2,
470 3508 521 3532 743.
593 3499 694 3524 Matura
707 3497 808 3524 dulcior
821 3500 879 3525 Vua
891 3498 971 3525 Qud.
983 3500 1045 3524 Met.
1062 3507 1091 3529 ³3·
1104 3501 1164 3533 796.
1235 3500 1345 3533 Compar.

322 3534 457 3561 Ambrofia
471 3533 540 3560 dulci
554 3533 653 3560 dulcius
675 3533 760 3559 Catul.
773 3536 816 3565 96,
831 3541 854 3560 2.
923 3534 993 3559 Aura
1011 3533 1114 3559 nectare
1136 3534 1238 3560 dulcior
1257 3534 1348 3560 Claud.
1361 3538 1392 3563 93

321 3570 416 3602 Eidyll.
430 3569 515 3601 Hystr.
530 3577 572 3602 99.
629 3567 802 3595 Ouid.Trist.
816 3576 836 3601 5,
850 3576 872 3601 5,
885 3577 915 3601 29
949 3583 994 3588 -
1028 3568 1044 3594 ὁ
1060 3569 1161 3595 dulcior
1175 3569 1223 3595 illo
1258 3569 1349 3601 Melle,

323 3605 395 3640 quod
409 3605 438 3631 in
455 3605 520 3630 ceris
535 3605 619 3630 Attica
633 3603 707 3638 ponit
720 3603 784 3637 apis.
856 3604 965 3630 Dulcior
983 3602 1073 3635 thymo
1088 3603 1188 3636 Hyblae
1208 3605 1281 3640 Virg.
1296 3605 1348 3631 Ecl.

324 3648 350 3675 7,
364 3648 400 3675 37.
470 3640 553 3673 Magis
567 3640 681 3671 dulcius,
706 3638 759 3664 viil.
780 3646 803 3665 Μ
813 3645 833 3665 Α
843 3645 863 3665 G
875 3646 882 3664 1
892 3646 915 3665 s.
1030 3640 1150 3673 Superior.
1172 3646 1198 3665 ot
1219 3643 1267 3666 iam
1282 3640 1348 3665 uitli-

322 3686 391 3708 mus,
417 3674 563 3701 Dulciffime
582 3675 666 3701 Attice
692 3674 746 3700 Cic.
766 3675 818 3700 Art.
837 3676 864 3706 6,
881 3683 901 3699 2.
1005 3674 1151 3700 Dulcillimc
1170 3675 1251 3701 frater
1276 3675 1348 3701 Idem

324 3711 357 3737 de
371 3712 449 3745 Legg.
465 3719 486 3742 3,
499 3718 534 3743 25.
621 3709 769 3736 Dulcissima
788 3709 882 3741 Psyche
901 3718 916 3735 a
934 3711 1023 3735 marito
1044 3716 1145 3736 vocatur
1162 3710 1237 3743 Apul.
1252 3710 1315 3736 Met.
1336 3715 1403 3743 5100

324 3756 351 3782 p.
366 3749 429 3778 164,
450 3748 488 3772 26.
785 3748 788 3751 ’

359 3788 378 3807 D
390 3788 408 3807 v
419 3788 434 3807 1.
443 3785 460 3806 C
471 3789 477 3806 1
488 3788 587 3812 A,11m.
601 3789 626 3806 n.
641 3779 674 3815 pl.
695 3780 822 3805 placentae
831 3778 920 3805 dulces.
944 3778 1037 3806 Dulcia
1051 3779 1150 3806 mellita
1158 3779 1235 3813 Apul.
1244 3778 1306 3805 Met.
1315 3789 1350 3805 10.

324 3816 373 3844 scd
385 3816 502 3842 Elmeuh.
524 3819 547 3850 p.
563 3825 622 3849 .¹44,
636 3824 657 3847 ³¹
677 3814 769 3840 Edulia
783 3814 883 3840 mellita
900 3822 1027 3841 vocantur.
1099 3814 1231 3848 Lamprid.
1245 3814 1349 3848 Hcliog.

325 3861 347 3878 c.
363 3859 403 3885 27.
443 3852 482 3877 Sic
496 3852 568 3886 Apic.
584 3859 608 3881 1,
622 3860 640 3883 4
662 3849 754 3876 Dulcia
767 3848 798 3875 de
810 3849 896 3876 melle.
931 3850 1004 3877 Idem
1017 3858 1045 3886 7,
1058 3859 1079 3877 11
1098 3851 1191 3877 Dulcia
1202 3849 1351 3882 domestica,

324 3891 382 3915 item
397 3887 521 3922 piperata.
561 3885 619 3916 Vid.
632 3884 722 3914 Ifidor.
738 3893 777 3917 πο,
792 3893 812 3911 2.
1364 3887 1408 3916 ¹05
1415 3887 1510 3918 nirent-
1551 3887 1619 3917 Adai.
1639 3887 1711 3916 Idem
1725 3898 1762 3922 27,
1775 3898 1819 3923 42.

1426 2385 1697 2412 evron-tvvs,
1721 2386 1752 2411 a,
1776 2387 1831 2405 um.
1869 2377 1929 2405 Adi.
1966 2379 2153 2415 [γλυκύῤῥεος]
2190 2380 2264 2416 Quod
2282 2380 2389 2408 dulciter
2408 2363 2459 2408 et.x

1382 2417 1497 2454 suauiter
1509 2415 1582 2452 fluit.
1623 2415 1747 2441 Dracont.
1762 2414 1890 2440 Hexa'em.
1902 2423 1946 2447 49.

1428 2459 1447 2478 D
1455 2459 1476 2477 ν
1489 2458 1505 2476 1.
1520 2457 1537 2477 c
1549 2459 1559 2477 1
1568 2458 1584 2476 L
1594 2455 1614 2476 o
1625 2457 1672 2485 Qv
1683 2457 1701 2476 ν
1711 2457 1723 2476 s
1733 2469 1742 2482 ,
1762 2458 1787 2482 a,
1805 2458 1859 2476 um.
1892 2449 1953 2476 Adi.
1987 2450 2156 2486 [μελίγηρυς]
2192 2451 2307 2477 Dulciter
2325 2447 2467 2487 laquem-J

1389 2487 1536 2521 μελίλογος,
1555 2485 1690 2511 Onomast.
1705 2486 1765 2511 Vet.
1806 2484 1884 2519 Apul.
1898 2484 1976 2518 Apol.
1990 2494 2000 2511 1
2019 2494 2044 2519 p.
2061 2494 2113 2518 129.
2165 2485 2218 2512 Sid.
2231 2485 2310 2521 Epist.
2323 2489 2348 2519 8,
2365 2495 2398 2513 11.

1427 2526 1777 2558 nvncnoqvwnt,
1796 2520 1827 2545 ii.
1858 2528 1884 2545 n.
1919 2519 2016 2545 Sarisb.
2035 2520 2114 2553 Epist.
2150 2538 2160 2546 .
2196 2539 2204 2546 .
2452 2526 2454 2529 ·

1426 2564 1446 2584 D
1455 2562 1501 2583 ν1.
1512 2561 1529 2581 c
1540 2554 1552 2581 f
1562 2552 1614 2581 Μό
1623 2561 1640 2580 D
1654 2561 1693 2581 vs
1701 2574 1710 2587 ,
1728 2562 1753 2587 a,
1773 2563 1826 2581 um.
1857 2554 1918 2580 Adi.
1954 2554 2077 2580 Prudent.
2091 2554 2228 2586 psychom.
2240 2556 2298 2587 667.

1427 2599 1446 2619 D
1455 2599 1476 2618 v
1485 2598 1501 2617 L
1512 2596 1529 2617 c
1544 2597 1553 2615 1
1565 2597 1587 2616 N
1596 2597 1612 2616 E
1621 2597 1640 2616 R
1650 2597 1670 2616 ν
1680 2597 1689 2616 1
1698 2596 1728 2622 S,
1748 2598 1772 2616 e.
1807 2589 1868 2627 Adi.
1905 2588 1982 2617 Idem.
2015 2590 2095 2616 Mart.
2107 2589 2233 2624 Capell.9
2252 2599 2278 2624 p.
2290 2597 2335 2621 310
2352 2589 2437 2618 Arcus
2478 2592 2479 2610 l

1392 2627 1558 2653 dulcinerues
1572 2625 1616 2651 dat
1628 2624 1754 2660 Cupidini.

1429 2669 1448 2689 n
1468 2668 1487 2686 v
1510 2667 1526 2686 L
1548 2666 1566 2687 c
1587 2667 1597 2686 1
1618 2667 1637 2687 o
1654 2667 1673 2686 R
1692 2667 1733 2685 IL
1754 2665 1774 2685 o
1793 2665 1852 2697 qv
1869 2665 1890 2684 ν
1907 2665 1938 2691 s,
1972 2667 1988 2685 a
2011 2658 2119 2685 Naeuio
2143 2658 2314 2692 vsurpatum,
2345 2664 2376 2686 vt
2394 2648 2449 2694 ιιιζζ-Δ

1392 2698 1444 2724 mis
1455 2697 1606 2757 Poe-geum,
1624 2701 1650 2722 et
1664 2694 1696 2722 ab
1710 2694 1757 2721 vsu
1770 2694 1916 2726 remotius,
1937 2693 2133 2728 explodendum
2144 2693 2224 2730 cen-[bt
2236 2694 2340 2722 Gellius
2358 2703 2402 2729 19,
2419 2702 2438 2728 1

1393 2742 1460 2769 quenl
1482 2742 1506 2758 vl
1527 2741 1546 2758 θ.

1431 2774 1449 2792 1)
1460 2774 1478 2792 ν
1488 2773 1529 2793 Le
1539 2764 1602 2792 161
1612 2771 1633 2790 v
1643 2772 1674 2797 s,
1694 2764 1712 2791 i.
1738 2773 1775 2791 m.
1811 2763 1914 2790 Dimin.
1949 2763 2027 2797 Apul.
2041 2763 2107 2790 Met.
2119 2772 2140 2797 4
2163 2772 2189 2798 p.
2203 2770 2254 2796 155,
2269 2771 2298 2790 12
2323 2763 2440 2792 Mellitis
2474 2782 2475 2786 ,

1396 2801 1519 2827 dulciolis
1533 2806 1653 2826 ventrem
1666 2800 1792 2833 saginare.

1434 2843 1451 2862 D
1460 2842 1479 2859 ν
1489 2844 1503 2861 L
1513 2842 1529 2860 c
1539 2842 1546 2859 1
1556 2842 1568 2860 s
1577 2841 1596 2860 o
1604 2841 1625 2859 N
1634 2841 1655 2860 ν
1666 2841 1678 2860 s
1686 2854 1695 2867 ,
1721 2842 1752 2866 a,
1778 2842 1832 2860 um.
1876 2833 1936 2860 Adi.
1971 2834 1984 2868 [
1991 2833 2164 2868 γλυηύφωνος]
2204 2832 2319 2859 Suauieer
2331 2832 2440 2869 fhnans.

1395 2871 1485 2897 Sidon.
1501 2871 1589 2896 Carm.
1609 2871 1640 2902 6,
1665 2876 1688 2903 5.
1777 2868 1856 2903 Apul.
1875 2869 1976 2904 Asclep.
2005 2879 2031 2904 p.
2054 2878 2114 2902 407.
2201 2868 2282 2895 Mart.
2301 2868 2400 2904 Capell.
2419 2878 2440 2904 9
2460 2890 2463 2899 ,

1398 2915 1413 2940 p
1436 2946 1576 2971 DVLCO,
1594 2942 1647 2965 are.
1683 2940 1759 2966 Dulce
1772 2937 1858 2973 efficim
1893 2938 1983 2965 Sidon.
1996 2938 2029 2965 ad
2036 2938 2124 2973 Agric.
2162 2957 2169 2964 .
2206 2957 2213 2964 .
2247 2939 2329 2965 Pareo
2342 2938 2440 2972 libent,
2472 2928 2473 2973 ἶ

1399 2975 1549 3002 laudaturus
1562 2974 1631 3001 vitae
1649 2981 1702 3001 tam
1716 2974 1833 3001 dulcatae
1848 2974 1976 3000 solicitius
1994 2973 2192 3008 ingenuitatem.
2235 2973 2309 3000 Idem
2322 2975 2342 3000 E
2361 2994 2368 3001 .
2381 2983 2405 3008 ς,
2418 2985 2440 3010 4

1399 3013 1434 3037 Vt
1448 3010 1595 3037 contractae
1612 3009 1681 3044 apud
1695 3019 1742 3036 nos
1754 3010 1866 3036 offensae
1879 3008 2083 3036 amaritudinem
2093 3008 2184 3044 politis
2198 3009 2320 3036 affatibus
2351 3010 2441 3038 ulcare
2472 3027 2473 3030 =

1400 3055 1453 3073 non
1467 3046 1590 3072 desinant.
1627 3047 1694 3071 Hinc
1709 3045 1824 3077 Edulco,
1843 3044 1872 3070 de
1885 3044 1962 3080 quos:
1976 3045 1994 3070 I.
2471 3043 2472 3046 ’

1399 3117 1425 3143 ἃ
1438 3088 1455 3107 1)
1465 3088 1485 3107 ν
1494 3089 1509 3107 L
1520 3087 1647 3142 (t‘i-ATvs
1656 3100 1664 3113 ,
1683 3089 1780 3113 3,,11111.
1815 3079 1910 3107 Partic.
1946 3079 2131 3107 Sidon-Carm.
2146 3088 2169 3113 2,
2183 3087 2226 3113 105
2245 3079 2363 3108 Dulcatis
2376 3090 2439 3110 cun.

1427 3122 1467 3143 ata
1487 3126 1520 3143 vn
1542 3125 1572 3143 is.

1436 3159 1455 3179 D
1465 3158 1484 3177 ν
1494 3158 1510 3178 1.
1521 3158 1537 3178 c
1552 3158 1571 3177 o
1583 3159 1618 3183 R,
1638 3150 1703 3177 oris.
1730 3160 1766 3177 m.
1801 3149 1881 3176 Tert.
1893 3149 1952 3176 adu.
1964 3149 2045 3176 Marc.
2059 3158 2080 3182 3,
2094 3157 2115 3183 ς.
2143 3153 2174 3177 it.
2188 3152 2275 3179 carm.
2288 3151 2440 3180 adu.Marc.

1402 3196 1412 3214 1
1430 3197 1452 3213 c.
1464 3189 1489 3213 6.
1527 3194 1550 3212 et
1561 3186 1668 3213 Theod.
1683 3185 1760 3212 Prisc.
1775 3184 1807 3211 de
1819 3185 1903 3211 Diaet.
1925 3193 1945 3210 c.
1959 3192 1993 3210 12.

1438 3229 1456 3248 D
1464 3230 1485 3248 v
1495 3229 1510 3247 L
1519 3229 1535 3249 C
1544 3222 1562 3249 ὀ
1571 3229 1590 3248 R
1600 3229 1618 3248 o
1626 3241 1633 3253 ‚
1653 3226 1705 3247 are.
1742 3220 1818 3252 Idem,
1830 3219 1894 3256 quod
1906 3220 2022 3246 Dulcarc.
2060 3220 2155 3248 Sarisb.
2169 3226 2193 3254 8,
2205 3224 2242 3250 16.
2278 3221 2352 3258 Conf.
2360 3222 2440 3258 vulg.
2455 3215 2457 3218 ¹

1401 3259 1478 3284 Prou.
1491 3266 1532 3289 27,
1561 3277 1567 3283 .

1441 3299 1485 3319 Dr
1497 3299 1511 3317 L
1521 3268 1720 3322 ςὲκᾸΤνς,
1738 3298 1763 3322 a,
1784 3299 1837 3316 um.
1873 3290 1967 3316 Par-tie.
2003 3290 2123 3318 Ambros.
2138 3291 2170 3319 de
2182 3292 2266 3320 Instit.
2281 3292 2386 3328 Virgin.

1439 3335 1457 3353 1)
1467 3335 1485 3353 ν
1495 3334 1510 3352 L
1522 3335 1537 3353 c
1547 3334 1565 3353 o
1574 3334 1593 3354 R
1604 3334 1625 3353 A
1634 3333 1655 3352 T
1665 3333 1673 3352 1
1685 3331 1704 3351 ο
1714 3345 1722 3358 ,
1743 3326 1811 3352 onis.
1842 3324 1862 3352 f.
1896 3325 1973 3360 Apud
1983 3326 2131 3354 Afranium.

1442 3361 1786 3393 DV1.CORAR1vs,ii.
1814 3369 1849 3387 m.
1886 3360 2072 3393 Sa1-isb.s‚13.

1442 3403 1460 3421 n
1471 3404 1490 3422 ν
1503 3404 1514 3421 1
1527 3404 1598 3424 xcss.
1633 3395 1700 3421 Adu.
1738 3396 1875 3423 Seruiliter.
1910 3396 1991 3422 Plaut.
2005 3397 2063 3424 Mil.
2076 3406 2101 3429 2,
2121 3407 2148 3431 2,
2165 3403 2195 3432 58
2218 3398 2325 3426 Adstare
2344 3397 2441 3428 dulice.
2469 3394 2470 3428 J

1406 3432 1527 3461 Δκλικῶς,
1550 3433 1667 3457 Graecum
1682 3429 1723 3463 ist.

1445 3473 1463 3492 D
1474 3472 1537 3505 vii
1550 3472 1567 3491 e
1579 3473 1598 3491 u
1609 3472 1646 3491 lv
1656 3472 1679 3491 M
1689 3485 1697 3497 ‚
1714 3466 1733 3492 i.
1757 3474 1783 3493 n.
1810 3465 1963 3499 [Δειλίχιον]
1998 3467 2081 3494 Insula
2094 3467 2146 3500 est,
2164 3467 2213 3494 vbi
2231 3477 2306 3495 mons
2321 3468 2357 3494 est
2371 3468 2442 3496 Itha-

1409 3510 1469 3530 cus.
1490 3509 1517 3526 m
1533 3510 1585 3534 quo
1600 3501 1684 3526 fertur
1697 3500 1821 3527 habitasse
1833 3500 1946 3533 Vlyll'es,
1966 3510 2049 3537 coque
2069 3509 2094 3530 et
2107 3504 2161 3537 ipse
2175 3502 2330 3536 Dulichius,
2349 3510 2374 3530 et
2387 3504 2442 3530 Du-

1410 3535 1501 3562 lichias
1515 3535 1630 3562 habuiss'c
1647 3541 1713 3561 rates
1729 3535 1834 3562 dicitur.
1872 3537 1939 3562 Haec
1953 3537 2057 3564 Seruius
2072 3539 2105 3565 ad
2116 3539 2189 3573 Virg,
2200 3539 2264 3564 Aen.
2279 3547 2302 3571 3,
2317 3546 2363 3573 27¹
2387 3540 2442 3566 Du.

1410 3571 1588 3605 lichiumque,
1606 3570 1732 3604 Sameque
1741 3590 1749 3603 ,
1767 3576 1791 3596 et
1806 3570 1916 3598 Neritos
1928 3571 2007 3599 ardua
2020 3574 2093 3601 saxis.

1446 3613 1492 3632 Dv
1502 3614 1518 3632 L
1530 3611 1637 3632 1cu1v
1648 3614 1660 3630 s
1671 3625 1678 3635 ‚
1697 3614 1727 3638 a,
1746 3615 1799 3632 um.
1837 3605 1896 3645 ridi.
1932 3608 2005 3644 Virg.
2019 3610 2072 3639 Ecl.
2085 3611 2116 3642 6,
2128 3611 2161 3642 76
2186 3607 2323 3636 Dulichias
2340 3601 2450 3637 vexass'b‘

1411 3648 1493 3675 rates,
1514 3642 1539 3669 h.
1553 3650 1573 3669 e.
1593 3639 1745 3668 ithacenses.
1779 3642 1893 3668 Seruius.
2443 3643 2449 3652 '

1812 3714 1841 3745 D
1921 3715 1949 3746 V
2029 3716 2071 3748 M

1448 3787 1466 3807 D
1477 3788 1497 3816 v
1507 3788 1547 3809 M.
1581 3782 1622 3816 [ἐν
1633 3779 1693 3816 Uva,
1713 3780 1796 3822 ὂῖφρᾳ]
1833 3783 1898 3811 Adu.
1917 3788 2034 3820 temporis
2046 3781 2180 3815 coniunHi,
2200 3784 2305 3812 includit
2320 3785 2444 3816 interdum

1412 3821 1557 3848 terminum,
1576 3826 1657 3852 osque.
1695 3819 1789 3851 Virg1l.
1804 3820 1866 3846 Aen.
1881 3830 1901 3853 1,
1916 3830 1929 3853 5
1949 3821 2033 3847 Multa
2043 3827 2149 3853 quoque
2164 3825 2190 3845 et
2203 3819 2275 3847 bello
2289 3822 2369 3856 passus
2381 3821 2444 3848 dum

1415 3852 1537 3878 conderet
1552 3851 1650 3878 vrbem.
1723 3854 1770 3879 Liu
1817 3877 1823 3883 .
1860 3876 1866 3882 .
1903 3876 1909 3882 .
1948 3857 2043 3881 Paucos
2060 3855 2155 3880 morati
2169 3855 2224 3881 dies
2242 3856 2304 3882 dum
2318 3857 2382 3883 socii
2400 3862 2445 3882 ve-

1871 3890 1939 3920 Ter.
1952 3891 2048 3918 Heaut.
2059 3897 2084 3922 3,
2099 3897 2123 3924 2,
2133 3897 2163 3922 32.
2187 3890 2222 3918 At
2239 3900 2309 3919 nunc
2324 3888 2444 3952 quidsei·

2403 3933 2445 3961 Pt-

1703 655 1746 681 iue
1760 654 1862 682 sensum
1874 655 1993 688 voluptas
2006 653 2062 679 Cic.
2075 652 2108 678 de
2122 654 2178 681 Fin.
2192 663 2217 686 2,
2230 663 2266 686 39.
2338 651 2415 678 Ami.
2452 652 2455 653 ⁷
