2479 4225
29 185 99 225 705
387 160 700 204 FOEN
1499 150 1818 192 FOET
2084 161 2159 208 706

31 258 103 289 eifini
120 253 314 284 anniuersario,
335 255 353 279 i.
371 258 401 278 vt
420 251 497 287 usura
514 259 596 277 annua
607 247 778 286 semperfhrti
795 243 931 274 accederet,
944 242 969 277 fi
977 242 1062 279 soluta
1161 248 1179 268 1³
1190 249 1208 269 o
1218 248 1264 268 EN
1274 247 1317 268 ER
1328 247 1349 267 Λ
1361 245 1382 266 Τ
1393 247 1403 266 1
1413 246 1449 272 ο,
1469 240 1536 268 onis.
1572 240 1591 267 f.
1627 237 1787 275 [ὃανιισμδς]
1823 242 1878 269 Cic.
1893 253 1940 278 pro
1949 244 2031 270 Flacc.
2046 248 2075 277 56
2097 255 2118 272 c.
2134 254 2160 278 23

31 304 78 323 non
89 291 149 327 effit.
218 290 324 316 Sumere
336 289 447 315 foenore
464 287 545 313 Plaut.
559 286 628 312 Asin.
644 293 664 318 1,
678 293 688 316 3
710 290 773 310 extr.
808 281 876 308 Ter.
890 279 1062 311 Phorm.2,z,
1124 279 1194 304 Haec
1212 277 1320 312 pecunia
1340 275 1373 302 ab
1388 275 1535 303 houonbus
1554 276 1676 303 translata
1692 276 1721 302 in
1741 277 1876 310 quaestum
1892 286 1917 305 et
1936 281 2144 308 f0⁰¹¹crntionem

51 339 81 357 ι.Ὶ
125 325 270 354 Trucidari
284 325 395 351 foenore
416 323 472 349 Cic.
488 331 536 356 pro
550 322 622 348 Cael.
635 329 669 353 42
690 329 712 346 c.
727 324 752 349 18
771 316 834 353 quod
853 318 936 341 iunxit
956 324 1008 340 cum
1021 314 1061 339 lis·
1126 320 1274 348 recuperata
1289 312 1324 337 est
1341 311 1431 337 multis
1452 313 1506 345 post
1520 313 1603 339 annis.
1659 312 1699 339 sic
1718 311 1839 338 Publicae
1860 315 1982 346 pecuniae
2002 303 2162 344 socneimjo'

45 364 138 392 undere
157 360 356 396 patrimonium.
460 358 600 393 Metaphor.
636 358 753 389 Propert.
769 361 785 383 ¹,
801 359 826 386 7,
838 353 871 377 26
893 350 972 383 Saepe
991 351 1063 376 venit
1126 347 1373 384 impudentissimum
1386 347 1502 378 furtinu,
1523 354 1548 374 et
1562 346 1711 374 certiffimus
1730 347 1861 382 peculatus
1874 348 1909 373 est
1924 350 1978 375 Cic.
1993 352 2068 378 ven..
2084 361 2095 384 3
2119 339 2162 382 ¹63}

0 396 3 429 s
31 405 124 434 magno
136 397 246 424 foenore
265 393 354 422 tardus
373 403 461 421 amor:
491 400 561 419 tanto
576 393 755 422 vehementius,
774 386 918 415 tarditatem
937 388 1064 421 grauitate
1093 393 1106 419 ς
1126 394 1147 411 c.
1164 393 1205 419 72.
1247 383 1315 411 Adii.
1331 383 1401 409 Idem
1416 381 1448 408 de
1462 383 1518 408 l⁴'in.
1534 393 1556 415 ε,
1569 391 1609 418 ¹¹7
1629 392 1650 410 c.
1664 391 1699 415 33.
2083 372 2104 385 ·'

29 435 123 474 pensat.
317 428 338 468 ἦ
358 439 377 464 4
413 431 515 456 Focnus
532 429 609 464 ipsam
631 434 720 463 quoque
734 424 862 459 pecuniam
880 421 998 446 creditam
1012 420 1065 453 effi,
1163 428 1177 446 F
1187 428 1205 446 0
1215 427 1229 446 F
1239 427 1259 446 N
1270 426 1285 445 1³.
1295 426 1313 445 R
1323 426 1343 444 Α
1352 423 1372 443 T
1382 425 1401 444 o
1411 437 1417 443 .
1452 417 1518 444 Adu.
1556 419 1568 451 [
1576 417 1724 452 ὃανειςικῶς]
1759 417 1840 444 Plaut.
1853 417 1922 444 Asin.
1936 426 1959 450 5,
1973 427 1998 451 2,
2012 427 2049 451 52.
2089 422 2161 449 Idem

0 488 1 492 =
31 475 81 500 iam
100 466 263 502 effendendum
290 464 331 499 est.
403 466 493 492 Tacit.
507 465 573 491 Ann.
588 466 615 496 6,
630 471 668 496 17,
683 470 695 487 2
726 460 832 486 Senatus
851 456 1065 490 praescripserat,
1127 457 1233 489 Men.4‚
1247 464 1270 485 2,
1285 463 1320 487 40
1341 454 1399 480 Nae
1413 452 1487 479 illam
1500 454 1625 480 mecastor
1636 454 1774 480 foenerato
1788 453 1929 480 abstulisti:
1950 455 2001 481 lm.
2014 456 2164 492 hocfurtum

33 504 93 534 dtias
105 502 215 539 quisque
227 502 345 528 foenoris
360 508 443 536 partes
457 502 485 527 in
499 501 568 534 agris
582 507 627 534 per
640 496 742 524 ltaliam
755 492 913 524 collocaret,
933 495 951 518 i.
966 495 1017 518 eius
1025 499 1066 527 pe-
1125 501 1212 527 magno
1230 491 1276 517 eibi·
1290 487 1418 522 constabit.

31 543 128 571 cuniae,
148 547 219 574 quam
232 538 311 564 adhuc
324 541 350 563 in
358 537 463 573 foenore
475 536 641 562 collocauerat.
679 533 769 564 Nempe·
783 531 854 554 eliam
867 531 895 553 in
909 527 1065 563 iHisformu-
1166 534 1180 553 F
1195 533 1213 552 O
1226 533 1240 552 1³.
1251 534 1271 552 N
1281 532 1296 552 Ε
1307 532 1323 550 R
1334 531 1354 551 Α
1363 529 1447 551 '1'1C1
1460 529 1480 549 V
1493 530 1505 550 S
1514 542 1522 555 ‚
1541 531 1565 555 ἃ,
1585 532 1638 550 um.
1675 524 1735 551 Adi.
1772 521 1931 559 [δανειςικδς]
1973 525 2021 556 Vt,
2042 526 2091 551 Res
2111 526 2164 553 foe.

0 603 1 606 ,
31 579 78 610 Iis,
96 576 229 605 Foenore,
249 575 288 600 vc!
300 574 330 598 In
343 574 462 604 Focnus,
480 573 520 598 vel
532 569 646 598 Foenori
661 566 735 596 dare,
752 565 1006 602 Foenustexercere,
1020 565 1065 589 Po·
1083 571 1110 589 10
1126 562 1267 594 neraticia,
1289 569 1349 597 quae
1368 559 1427 585 data
1446 556 1478 591 est
1490 558 1611 594 foenori,
1624 558 1677 593 stuc
1696 567 1812 595 accepta,
1834 567 1877 587 aut
1894 560 1927 586 ad
1937 559 2030 596 foenut
2045 564 2165 596 pertinet.

31 619 92 639 nere
109 618 203 636 numos
222 609 251 634 in
269 609 396 641 foenore,
414 607 440 642 Ji
459 607 570 634 audimus
585 604 731 632 Grotzouium
749 597 863 632 Mfflmſj-
883 599 911 624 P.
931 599 961 624 V.
981 606 1008 633 p.
1024 610 1066 633 415
1128 596 1255 624 Laudatur
1270 595 1379 623 Pecunia
1393 594 1565 620 foeneraticia
1578 595 1634 621 Val.
1651 596 1720 621 Max.
1732 604 1751 627 ι,
1769 605 1798 621 11.
1838 595 1884 622 Sed
1898 605 1944 622 non
1958 598 2065 622 inuenio.
2096 597 2166 622 *Foe-

31 647 131 675 Foenus
145 643 177 678 est
192 644 245 680 ipsa
260 645 325 675 Sors,
340 644 367 670 (le
380 653 426 679 qua
440 642 673 679 vfiaraefhluuntur.
710 637 766 662 Huc
774 638 885 671 pertinet
899 633 1066 661 Plaut.M0st.
1127 634 1268 660 neraticiae
1282 630 1415 658 cautiones
1423 630 1485 665 Jimt
1498 630 1515 657 l.
1529 630 1576 655 vlt.
1595 631 1625 656 C.
1641 630 1672 656 de
1686 630 1767 665 paftis
1781 639 1857 657 conu.
1896 630 2100 658 Instrumentum
2111 632 2128 658 l.
2139 640 2169 665 14

31 691 55 716 3,
68 691 88 714 ι,
104 690 133 715 34
156 679 196 707 Ab
216 688 248 706 eo
260 680 340 706 etiam
354 680 457 714 argenti
474 678 567 705 foenus
579 673 707 701 creditum
721 671 810 698 audio.
872 670 960 696 Senec.
975 670 1007 696 de
1022 671 1067 696 Be·
1130 668 1152 706 §.
1168 678 1183 696 2
1207 670 1238 694 C.
1256 667 1287 694 de
1300 675 1354 692 non
1367 674 1439 691 num.
1454 673 1509 699 pec.

24 718 86 751 ssnef.
98 727 124 750 4,
137 723 154 750 7
180 716 280 742 Foenus
294 716 393 750 optime
408 722 505 749 ponere
518 718 544 738 et
557 707 772 746 quaestuofiffime
788 705 891 733 habere.
944 707 973 731 Et
989 706 1067 739 Epist.
1168 712 1181 731 F
1190 712 1209 730 (1
1219 711 1233 730 κζ
1242 711 1263 730 Ν
1273 709 1287 729 E
1297 709 1313 728 R
1325 709 1346 728 Α
1355 708 1376 728 Τ
1386 708 1404 727 0
1414 707 1431 727 R
1444 709 1451 726 ι
1462 707 1480 725 v
1490 708 1502 727 S
1511 720 1519 732 ‚
1539 709 1563 733 a,
1584 710 1638 727 um.
1665 700 1725 727 Adi.
1753 699 1918 736 [δωνεις-ικός]
1956 702 2091 729 Val.Max.
2102 711 2128 735 2,
2141 704 2169 735 6,

26 760 62 788 '⁸7
83 750 283 786 Exspeftabisne
297 751 417 778 foenoris
429 748 577 784 quaestum,
594 750 638 771 aut
651 752 683 770 ex
697 751 784 769 merce
796 740 982 776 compendium
989 742 1001 770 ,Ξ
1022 741 1067 767 Sed
1088 750 1112 776 ις
1130 749 1158 766 10
1179 740 1264 766 Auara
1275 744 1300 764 et
1313 735 1490 763 foeneratoria
1498 736 1635 763 Gallorum
1649 736 1825 770 philosophia.
1883 737 2084 765 Foeneratorios
2112 739 2170 767 Sub-

26 790 73 815 ..oie
90 790 155 814 locus
169 788 295 823 ambiguus
307 785 348 820 est.
362 794 364 801 ‘
402 786 467 812 Pers.
482 785 513 814 6,
526 784 560 816 67
584 779 711 807 Foenoris
727 778 829 805 accedat
848 784 953 803 merces.
1010 777 1066 802 Cic.
1119 774 1241 809 stantiae,
1256 781 1304 809 pro
1320 772 1520 798 foeneratoribus
1529 772 1613 808 posint
1628 772 1789 799 1ul.Firmic.
1802 781 1825 805 3,
1838 778 1860 801 8.
2086 758 2095 771 ⁵
2122 773 2127 775 ’
2169 800 2171 802 v

32 824 85 850 Att.
100 825 124 853 6,
140 831 148 848 1
176 823 279 848 Foeuus
293 829 319 849 et
333 819 494 856 impendium
508 817 626 845 recusare
635 835 643 848 ,
655 815 748 851 fhrtem
762 821 785 840 et
798 813 893 849 usuras.
963 811 1067 845 leian.
1164 817 1179 836 F
1189 818 1208 837 o
1217 817 1233 837 Ε
1242 817 1262 836 Ν
1271 816 1287 835 Ε
1297 815 1316 834 R
1325 808 1347 834 Ᾰ
1358 814 1373 833 L
1386 815 1392 833 1
1403 815 1424 834 A
1434 827 1442 839 ‚
1467 810 1555 833 orum.
1589 817 1614 833 n.
1647 808 1788 842 [roms-2702]
1841 807 1958 834 Volebam
1988 810 2041 835 viri
2069 808 2170 844 quidam

31 858 49 886 l.
62 866 78 891 9
99 857 125 884 ff.
148 858 279 888 Mandant,
299 857 345 884 Sed
363 856 417 883 etsi
431 863 506 882 reum
520 852 605 880 vsuris
619 860 673 877 uon
687 850 817 877 releuauit
852 861 896 868 —-
931 847 973 873 vel
988 848 1005 873 s1
1020 848 1069 874 mi-
1129 845 1211 876 doeh,
1227 846 1349 879 Temput,
1369 852 1414 878 quo
1421 843 1516 877 foenus
1528 841 1646 876 cefflihat‚
1666 850 1689 869 et
1696 843 1840 878 finiebatur,
1856 843 2047 879 reddebaturque
2058 848 2169 879 pecunia.

31 894 142 921 neribus
160 894 307 924 releuauit,
326 893 380 927 ipse
400 897 487 917 autem
509 887 656 915 maioribus
676 886 770 913 foenus
789 883 897 917 accepit.
950 883 1069 918 Obseiuat
1129 882 1188 908 Liu.
1205 888 1240 914 35,
1253 888 1270 914 7
1296 878 1408 905 Instabat
1426 879 1496 904 enim
1519 887 1579 905 cura
1597 878 1665 911 alia,
1684 878 1756 913 quod
1778 879 1871 905 ciuitas
1890 879 2000 906 foenore
2019 879 2171 912 laborabat3

31 931 139 956 Gronou.
158 930 175 955 Ι.
188 939 209 956 c.
230 939 254 963 p.
271 934 315 962 418
339 929 440 954 Focnus
452 924 578 961 hocsenfic
592 923 644 949 dici
658 921 821 950 Vnciarinm,
839 918 1069 951 semiunciarinm,
1080 929 1117 948 20
1129 924 1154 944 et
1169 926 1251 952 quum
1265 914 1355 940 multis
1370 914 1541 940 foenebribus
1556 914 1659 948 legibus
1674 914 1813 940 constrifta
1827 914 1941 940 auaritia
1954 915 2027 946 effer,
2042 915 2086 941 via
2100 916 2171 942 frau-

31 964 238 995 Trientarium;
265 965 351 990 vsuras
368 967 471 994 autem,
485 968 533 996 per
548 966 647 996 epexegc
659 967 683 983 m
697 956 807 988 Vncias,
828 954 1004 986 Semiuncias,
1023 955 1068 981 tri-
1128 953 1167 979 dis
1186 952 1251 978 inita
1271 955 1342 982 erat,
1361 956 1388 976 vt
1409 951 1435 975 in
1450 950 1547 980 socios,
1571 950 1618 984 qui
1635 958 1689 975 non
1703 955 1854 976 tenerentur
1873 949 1906 975 iis
1927 951 2043 984 legibus,
2062 952 2171 978 nomina

31 1006 122 1032 entes,
141 1007 170 1026 vt
191 1000 284 1032 bess'es,
302 1005 347 1025 etc.
542 995 562 1032 q
584 1002 596 1027 5
636 990 741 1020 Frufius
761 997 784 1017 tt
807 991 878 1016 Fetus
897 997 979 1016 terrae
996 994 1068 1016 etiam
1129 986 1341 1015 transcriberent.
1396 986 1435 1011 Ita
1452 985 1537 1012 libero
1556 985 1667 1011 foenore
1686 984 1836 1010 obruebant
1853 984 2005 1016 debitores;
2033 987 2108 1013 cuius
2129 996 2172 1013 co-

31 1036 134 1062 Foenus
149 1043 268 1067 vocatur,
288 1033 402 1070 utsiapra
420 1042 449 1059 ex
463 1031 538 1058 Festo
555 1029 679 1061 vidimus,
695 1027 758 1064 quod
769 1029 818 1052 iam
827 1033 905 1060 porro
915 1026 1068 1060 probandum
1130 1022 1236 1050 ercendi
1254 1030 1336 1056 quum
1351 1021 1420 1047 ratio
1434 1027 1615 1056 quaereretur,
1629 1019 1700 1046 diem
1714 1019 1787 1045 finiri
1800 1020 1911 1053 placuit,
1933 1021 2095 1051 Foeneralia,
2107 1031 2173 1057 quae

31 1070 74 1104 es?-
113 1070 177 1097 Plin.
191 1076 225 1103 18,
240 1079 267 1104 ¹7
284 1070 343 1102 1245
364 1068 497 1100 Babylone
512 1067 552 1093 bis
568 1067 651 1092 secant
666 1063 811 1099 (segetem)
824 1061 903 1087 tertio
918 1062 1069 1095 depascunt3
1130 1059 1251 1094 proxime
1264 1057 1387 1087 fuissent3
1411 1063 1439 1084 vt
1453 1057 1499 1091 qui
1515 1056 1570 1090 post
1583 1064 1641 1082 eam
1654 1055 1725 1081 diem
1740 1055 1804 1080 socii
1823 1054 1929 1081 ciuibus
1943 1056 2070 1082 Romanis
2090 1058 2173 1084 credi-

31 1107 155 1142 alioquiu
164 1106 230 1132 folia
243 1111 343 1132 tantum
358 1103 459 1130 fierent.
481 1103 522 1129 Sic
537 1109 644 1136 quoque
657 1108 717 1125 cum
729 1096 945 1133 quinquagesimo
959 1097 1068 1123 foenore
1083 1106 1114 1133 25
1130 1095 1222 1121 dissent
1239 1093 1377 1128 pecuniaS,
1399 1092 1585 1126 profiterentur
1600 1101 1608 1122 3
1641 1097 1666 1116 et
1685 1099 1716 1116 ex
1730 1099 1760 1116 ca
1774 1089 1818 1116 die
1834 1090 1959 1124 pecuniae
1973 1092 2097 1124 creditae,
2117 1093 2175 1127 qui.

31 1143 121 1169 messes
139 1141 227 1168 reddit
254 1140 359 1167 exilitas
383 1140 453 1165 soli:
486 1147 579 1165 verum
604 1133 822 1169 diligentioribus
849 1141 908 1158 cum
931 1133 1069 1159 centesimo
1130 1130 1179 1157 bus
1194 1129 1300 1155 debitor
1314 1128 1394 1154 vellet
1413 1127 1530 1162 legibus,
1551 1128 1590 1153 ius
1609 1125 1739 1152 creditori
1759 1125 1901 1152 diceretur.
1954 1126 2003 1152 Sed
2020 1126 2086 1153 reHe
2103 1129 2174 1155 hodie

31 1177 255 1212 quinquagesimo.
325 1175 399 1202 Idem
417 1182 446 1207 ς,
461 1182 478 1207 4
499 1174 517 1199 s.
531 1182 543 1205 3
568 1172 596 1198 de
610 1172 630 1197 B
649 1173 734 1200 zacio,
754 1170 820 1195 Cum
841 1168 976 1194 centesima
995 1169 1069 1203 fruge
1132 1165 1234 1193 Feralia
1245 1166 1347 1201 legitur.
1390 1163 1446 1189 Vitl.
1461 1165 1567 1189 Gronou.
1586 1169 1608 1188 et
1622 1161 1747 1189 Drakenb.

31 1213 156 1247 agricolis
170 1213 261 1238 foenus
275 1210 400 1238 reddente
414 1217 490 1237 terra.
563 1207 617 1234 Oui
638 1226 643 1232 .
657 1205 722 1232 Fast.
740 1213 759 1236 1,
773 1207 827 1238 694
857 1203 1015 1239 Hordeaque
1031 1205 1070 1230 in.
1170 1207 1186 1227 F
1199 1208 1218 1228 ο
1227 1207 1243 1227 E
1253 1207 1275 1226 N
1284 1198 1301 1226 ιέ
1311 1206 1326 1226 Β
1338 1205 1354 1223 R
1365 1206 1374 1224 1
1385 1206 1397 1225 s
1407 1218 1415 1231 ‚
1441 1207 1463 1225 e.
1502 1198 1561 1225 Adi.
1596 1197 1750 1231 [τοκιςικὸς]
1785 1195 1829 1222 Ad
1841 1196 1936 1232 foenus
1949 1199 2088 1232 pertinens.
2131 1199 2175 1231 Vt,

31 1248 103 1283 genti
116 1248 227 1274 foenore
239 1247 330 1274 reddat
343 1255 414 1281 ager.
468 1246 559 1279 Nempe
576 1242 627 1278 ipse
644 1244 693 1267 iam
710 1241 767 1267 Cic.
785 1241 816 1266 de
830 1240 888 1266 Seu.
903 1248 923 1271 5¹
949 1250 970 1266 c.
986 1249 1010 1272 ις
1040 1239 1069 1265 de
1131 1235 1279 1263 Foenebres
1304 1235 1388 1268 leges,
1421 1234 1474 1260 vid.
1495 1234 1562 1259 modo
1586 1239 1602 1259 F
1614 1239 1633 1259 o
1644 1240 1688 1259 FN
1702 1239 1717 1259 Ε
1729 1239 1747 1258 R
1757 1239 1778 1258 A
1788 1239 1803 1257 L
1813 1239 1868 1258 1Α.
1907 1233 2003 1259 Festus.
2083 1233 2176 1260 Tacit.

31 1290 114 1312 terra,
134 1283 191 1309 Nec
203 1292 318 1317 vnquam
332 1282 384 1308 sine
398 1281 474 1307 vsura
486 1279 590 1311 reddit,
608 1276 681 1312 quod
695 1276 804 1311 accepit,
820 1275 862 1301 sed
878 1275 941 1301 alias
954 1276 1068 1307 minore,
1085 1285 1117 1310 30
1133 1273 1200 1299 Ann.
1214 1274 1241 1304 6,
1256 1273 1284 1297 16
1304 1271 1369 1296 Sane
1383 1276 1458 1296 vetus
1472 1269 1532 1296 vrbi
1547 1269 1673 1294 foenebre
1687 1267 1796 1294 Malum.
1867 1268 1968 1294 Paullus
1984 1269 2011 1294 in
2023 1267 2040 1294 l.
2054 1270 2177 1303 praefldis

32 1318 186 1355 plerumque
199 1319 301 1345 maiore
314 1327 373 1343 cum
387 1317 505 1344 foenore.
576 1313 669 1341 Manil.
683 1322 710 1345 5,
726 1320 774 1346 273
800 1311 956 1346 Seminaque
974 1311 1001 1337 in
1015 1312 1070 1337 foe·
1132 1317 1166 1342 34
1192 1308 1223 1334 D.
1239 1306 1257 1333 fi
1271 1311 1333 1332 cert.
1349 1311 1426 1339 petat.
1456 1302 1579 1331 Praesidis
1593 1305 1747 1330 Prouinciae
1760 1301 1903 1335 officiales,
1919 1304 1964 1338 qui
1979 1306 2098 1338 perpetui
2112 1306 2177 1335 sunt.

33 1353 196 1387 nusjsulcatis
209 1353 315 1380 credere
327 1353 414 1379 terris.
610 1347 630 1385 ff
653 1351 670 1375 6
705 1350 810 1383 Qcoti'es
823 1347 912 1383 crescit
930 1347 975 1373 hoc
987 1356 1071 1373 nomen
1133 1349 1251 1370 mutuam
1264 1342 1402 1377 pecuniam
1417 1340 1478 1368 dare
1487 1359 1496 1373 ,
1510 1347 1536 1367 et
1549 1340 1705 1366 foenebrem
1719 1347 1841 1365 exercere
1854 1340 1964 1373 possunt.
2002 1340 2102 1366 Praeses
2117 1342 2178 1366 Pro-

32 1388 132 1417 'fflbabet
149 1389 273 1419 inlibris,
293 1395 371 1423 puto,
390 1385 509 1413 omnibus.
549 1384 597 1412 Sed
608 1393 622 1410 e
637 1393 728 1420 quoque
741 1381 846 1416 habmffl«
860 1385 1016 1418 antiquitus,
1029 1382 1072 1417 sa·
1133 1379 1237 1405 vinciae
1251 1383 1369 1404 mutuam
1382 1377 1520 1412 pecuniam
1542 1375 1696 1402 foenebrem
1710 1376 1810 1401 sumere
1831 1383 1884 1400 non
1898 1374 2065 1409 prohibetur.
2102 1376 2177 1412 Cous.

39 1427 74 1452 η’]
82 1419 220 1457 ι’11]Ῑε11ιίιιηι
246 1424 361 1450 deriuata
384 1423 521 1453 Foenero,
541 1420 719 1451 Foenerator,
740 1418 901 1450 Foenebris,
920 1425 964 1444 etc.
1015 1417 1072 1444 l'id.
1134 1416 1240 1441 Sueton.
1255 1413 1347 1439 Claud.
1362 1421 1431 1444 c.41‚
1446 1420 1467 1444 3.
1504 1419 1526 1437 et
1539 1411 1624 1446 Calig.
1641 1420 1710 1444 c.41.
1780 1410 1839 1436 Liu.
1858 1417 1885 1444 7,
1904 1419 1931 1436 21
1953 1410 2084 1437 Inclinatis
2099 1412 2178 1438 semel

38 1459 152 1492 Bsiseian-
166 1461 182 1485 6
208 1467 288 1498 p.721u
305 1458 366 1485 med.
402 1458 462 1498 Vel.
476 1457 582 1490 Longus
603 1465 626 1490 p.
640 1463 702 1487 2233
1092 1460 1118 1484 35
1134 1451 1161 1476 in
1177 1448 1349 1476 concordiam
1361 1448 1473 1479 animis,
1492 1447 1558 1473 noui
1571 1447 1660 1474 COSS.
1680 1444 1834 1472 foenebrem
1849 1454 1955 1480 quoque
1968 1455 2040 1477 rem,
2057 1456 2124 1481 quae
2139 1447 2179 1473 di-

739 1465 761 1481 r.

69 1501 87 1521 F
97 1501 173 1523 QEN
185 1502 227 1530 vs
239 1500 256 1520 c
268 1501 288 1520 V
298 1501 313 1520 L
324 1502 344 1521 v
355 1501 396 1526 M,
428 1503 446 1519 1.
483 1501 509 1518 n.
546 1492 648 1518 Dimin.
689 1461 836 1524 [ἔινεὶδιον]
879 1488 960 1515 Plaut.
983 1488 1073 1516 Pseud,
1135 1486 1230 1512 stinere
1249 1484 1385 1510 vnanimes
1407 1483 1563 1514 videbatur,
1582 1482 1671 1509 leuare
1691 1480 1811 1516 aggressi,
1831 1481 1991 1508 solutionem
2010 1482 2091 1509 alieni
2111 1483 2179 1511 aeria

0 1539 3 1549 ·
34 1523 142 1591 lisblss
175 1531 313 1557 Inuenires
331 1535 453 1556 mutuum
469 1538 474 1553 :
513 1526 545 1552 ad
564 1525 692 1553 danistam
711 1525 866 1556 deuenireS,
888 1524 997 1551 adderes
1017 1525 1075 1551 foe.
1134 1522 1163 1548 in
1181 1520 1315 1556 publicam
1334 1527 1425 1546 curam
1444 1524 1591 1545 verterunt.

5 1571 7 1574 ’
29 1573 64 1592 nu
76 1574 107 1591 cu
120 1574 174 1591 um.

38 1608 40 1610 ·
67 1598 344 1632 Fonnfino‚5re;
367 1604 391 1624 et
412 1594 712 1627 FOENEROR‚ari.
750 1592 881 1628 [δανείζω]
917 1593 1076 1630 idemfigni-
1489 1591 1512 1622 F
1587 1591 1616 1622 O
1688 1590 1715 1621 E
1789 1588 1823 1620 T

23 1634 122 1671 fremit,
140 1643 222 1670 nempe
229 1635 332 1671 foenori
345 1634 420 1665 dare,
437 1634 478 1658 vel
483 1632 590 1668 foenore
603 1629 746 1665 accipiendo
760 1630 905 1661 exhaurire,
920 1631 961 1655 vel
973 1629 1076 1665 denique
1084 1641 1121 1666 40

24 1671 120 1707 foenus
133 1671 230 1708 addere,
237 1671 260 1705 j:
273 1672 368 1695 lucrum
381 1669 482 1702 afferre.
521 1666 623 1693 Nullam
638 1664 756 1698 enimfstb
768 1665 835 1691 illam
847 1668 979 1691 recentium
987 1666 1076 1691 Gram-
1173 1668 1190 1688 F
1201 1669 1220 1689 o
1230 1668 1247 1689 Ε
1256 1668 1277 1689 Τ
1286 1668 1302 1688 E
1311 1668 1346 1694 o,
1373 1663 1426 1687 ere.
1464 1658 1611 1694 [κιναξροέω,
1624 1657 1797 1693 βρωμάομαι]
1833 1657 1902 1682 Male
1913 1657 1983 1683 olere.
2019 1657 2100 1684 Plaut.
2111 1658 2181 1685 Asin.

3 1739 5 1741 Ι
30 1709 175 1732 maritorum
191 1710 258 1732 inter
272 1706 394 1731 Foenero
410 1710 432 1730 et
448 1704 582 1729 Foeneror
603 1700 789 1734 differentiam,
814 1701 952 1736 obseruauit
971 1701 1073 1736 Salmas:
1135 1706 1157 1731 ς,
1171 1706 1193 1730 2,
1206 1706 1244 1730 44
1269 1697 1317 1723 Dic
1338 1696 1450 1727 amabo,
1469 1704 1502 1721 an
1515 1695 1598 1720 foetet
1613 1694 1701 1719 anima
1713 1693 1791 1718 vxori
1805 1697 1865 1717 tuae
1879 1693 1888 1717 ἓ
1942 1692 2014 1718 Idem
2029 1693 2085 1719 Cas.
2095 1702 2117 1725 3,
2130 1696 2183 1728 6‚7

0 1743 1 1746 ’
33 1742 61 1767 de
74 1742 146 1802 Ιῖὶιν.
167 1750 188 1767 c.
205 1751 224 1766 1.
261 1743 292 1766 it.
300 1739 424 1767 Drakenb.
439 1739 472 1765 ad
486 1739 656 1772 Liu.7‚42,1.
693 1743 717 1762 et
729 1736 763 1761 ad
773 1736 840 1769 Epit.
850 1743 894 1769 74.
931 1736 1074 1766 Foeneror,
1136 1735 1227 1759 Foetet
1240 1738 1300 1757 tuus
1313 1731 1382 1756 mihi
1398 1731 1494 1755 sermo.
1558 1727 1673 1754 Martial.
1689 1735 1711 1759 ς,
1725 1736 1742 1760 4
1763 1727 1875 1752 Foetere
1892 1726 1977 1752 multo
1991 1728 2104 1760 Myrtale
2116 1729 2183 1756 solet

4 1788 6 1790 ·
26 1783 78 1811 pro
112 1785 211 1802 oenero
225 1775 286 1807 dici,
305 1782 384 1809 mopet
398 1775 465 1800 Gell.
479 1779 512 1804 18,
527 1782 559 1799 ια.
597 1773 652 1798 cic.
666 1771 698 1796 de
711 1771 818 1796 Amicit.
832 1778 863 1801 30
882 1779 903 1795 c.
915 1778 931 1801 9
951 1771 987 1795 Vt
1001 1770 1073 1795 enim
1136 1768 1210 1792 vino.
1266 1765 1340 1791 Idem
1355 1774 1374 1796 1,
1386 1772 1420 1795 29
1441 1763 1570 1789 Hester-no
1586 1762 1688 1788 foetere
1703 1770 1786 1787 mero.

33 1811 160 1843 benefici,
178 1811 352 1844 liberalesque
365 1811 467 1840 sumus,
485 1816 539 1833 non
551 1814 578 1833 vt
592 1807 727 1839 exigamus
740 1805 852 1838 gratiam
861 1822 869 1833 ,
882 1812 928 1828 nec
943 1804 1014 1828 enim
1029 1804 1072 1828 be.
1088 1809 1121 1834 45
1176 1806 1192 1825 F
1204 1806 1222 1825 Ο
1231 1806 1247 1824 E
1257 1805 1278 1824 T
1288 1805 1304 1823 Ε
1313 1806 1335 1824 Ν
1345 1806 1373 1833 s,
1392 1799 1468 1823 entis.
1494 1798 1587 1823 Partic.
1614 1796 1746 1822 Ammian.
1761 1804 1800 1828 22,
1812 1803 1829 1830 7
1849 1796 1986 1824 Foetentes
1997 1797 2098 1825 Iudaei.
2124 1798 2182 1826 Vid.

31 1844 156 1872 neficium
175 1846 344 1877 foenerantur
350 1863 359 1875 ,
377 1850 421 1868 cte.
476 1842 573 1867 Editum
590 1848 681 1874 quoque
699 1839 876 1863 foeneramus.
946 1837 1018 1862 Idem
1040 1837 1073 1862 de
1134 1835 1211 1861 locum
1224 1833 1357 1865 Saluiam,
1374 1841 1443 1868 quem
1454 1830 1544 1864 statim
1564 1831 1649 1858 damus
1669 1835 1696 1858 in
1715 1838 1860 1858 POET1D
1871 1839 1921 1859 vs.

31 1879 106 1908 Offic.
125 1889 151 1910 α,
172 1885 204 1911 89
228 1888 248 1904 c.
261 1886 291 1910 25
318 1878 351 1903 ad
369 1874 542 1911 quaestionem,
568 1873 641 1906 Quid
657 1873 814 1898 foenerari?
851 1872 918 1897 Cato
938 1872 1074 1906 respondet,
1170 1874 1385 1900 FOETESCO,
1407 1870 1459 1894 ere.
1496 1867 1587 1894 Isidor.
1601 1868 1677 1902 Orig.
1697 1875 1740 1899 20,
1754 1875 1766 1899 3
1793 1867 1866 1900 Aqua
1880 1867 2000 1893 foetescit
2016 1869 2126 1896 vetusta.

31 1914 103 1950 Qud
118 1914 253 1941 hominem
267 1912 405 1938 occidere?
433 1911 485 1936 vid.
500 1910 593 1936 Caton.
609 1908 641 1934 de
655 1908 777 1943 R.R.pr.
798 1906 838 1932 Est
853 1907 985 1934 interdum
1002 1916 1075 1941 prae·
1174 1910 1191 1930 F
1203 1911 1222 1930 0
1232 1910 1247 1929 E
1258 1911 1279 1930 T
1290 1902 1329 1929 fD
1340 1910 1359 1928 v
1371 1911 1401 1936 s,
1425 1912 1455 1935 a,
1481 1912 1535 1929 um.
1574 1903 1635 1929 Adi.
1670 1900 1803 1933 [δυσώὲηῃ
1821 1903 1977 1937 βαρυοσμος]
2018 1905 2087 1931 Male
2106 1906 2181 1933 olens.

32 1952 96 1979 stare
132 1965 175 1970 —
212 1947 360 1978 foenerari,
389 1946 406 1972 li
431 1952 483 1972 tam
505 1944 644 1971 honestum
665 1943 720 1969 liet.
792 1943 849 1969 Sen.
869 1942 947 1976 Epist.
968 1951 981 1968 2
1007 1949 1073 1968 extr.
1135 1939 1216 1965 Plaut.
1232 1940 1315 1965 Merc.
1332 1947 1355 1970 3,
1369 1947 1392 1970 3,
1407 1946 1431 1969 13
1455 1939 1546 1971 Qium
1561 1937 1591 1963 sis
1609 1938 1661 1962 iam
1677 1937 1769 1963 aetatis
1783 1937 1888 1971 plenus,
1907 1938 1994 1964 anima
2007 1939 2108 1966 foetida
2146 1942 2183 1967 se.

33 1985 106 2021 Qiid
123 1985 194 2011 enim
214 1984 311 2016 refert,
331 1987 457 2017 quantum
475 1980 516 2007 illi
535 1981 563 2006 in
581 1989 655 2011 arca,
689 1993 735 1998 -——
775 1984 901 2012 quantum
923 1978 1008 2011 pascat
1027 1984 1072 2004 aut
1092 1985 1123 2011 50
1135 1983 1185 2000 nex
1199 1974 1325 2000 hircosus.
1395 1972 1469 1999 Idem
1486 1973 1560 2007 Capt.
1575 1982 1602 2004 4,
1621 1980 1646 2004 2,
1661 1980 1686 2004 33
1716 1972 1791 1998 Tum
1811 1973 1967 2006 piscatores,
1989 1975 2035 2008 qui
2057 1960 2183 2010 pra‘e’bent

34 2023 164 2052 foeneret,
181 2020 199 2046 si
214 2020 302 2046 alieno
315 2018 453 2050 imminet,
469 2023 515 2042 etc.
571 2017 602 2042 Et
615 2015 660 2049 Ep.
674 2023 704 2046 41
730 2013 845 2039 Multum
860 2013 938 2044 serit,
957 2013 1071 2038 multum
1135 2009 1236 2043 populo
1256 2009 1336 2043 pisces
1356 2007 1480 2034 foetidos.
1535 2008 1611 2043 Apud
1630 2008 1687 2034 Cic.
1708 2008 1735 2033 in
1754 2008 1838 2033 Pison.
1860 2016 1883 2040 13
1904 2017 1926 2035 ς,
1939 2012 1956 2035 6
1982 2010 2124 2038 Foetjdum
2142 2020 2172 2038 ος

34 2059 160 2087 foenerat.
232 2056 294 2081 Liu.
309 2062 335 2089 7,
348 2063 380 2088 42
395 2060 437 2088 pr.
462 2053 566 2079 Praeter
579 2050 641 2076 haec
662 2050 772 2075 inuenio
790 2049 857 2083 apud
878 2047 1022 2083 quosdam,
1043 2049 1074 2074 L.
1134 2046 1276 2080 Comparat.
1313 2044 1380 2070 Cels.
1400 2052 1428 2075 3,
1455 2052 1471 2069 2
1508 2044 1676 2069 Foetidiores
1700 2043 1870 2069 deieEtiones.
1977 2046 2099 2081 Superlat.
2131 2033 2184 2074 Sal:

0 2109 2 2117 ι
36 2093 179 2122 Genucium
192 2091 347 2117 Tribunum
364 2089 447 2124 plebis
464 2087 548 2114 tuliss'e
565 2086 596 2112 ad
626 2086 750 2120 opulum,
768 2093 800 2110 ne
816 2085 954 2110 foenerare
972 2084 1072 2110 liceret.
1134 2081 1206 2106 vian.
1226 2080 1258 2106 de
1278 2079 1348 2105 Gub.
1371 2079 1422 2105 Dei
1445 2087 1455 2105 ι
1488 2088 1514 2113 p.
1527 2081 1559 2111 36
1595 2078 1774 2104 Foetidislimo
1799 2087 1922 2113 ceparum
1947 2085 2026 2114 atque
2055 2082 2184 2110 alliorum

38 2129 80 2157 Al.
92 2127 241 2156 Foenerari.
312 2125 391 2151 Paull.
407 2125 434 2150 in
453 2124 470 2149 l.
487 2123 504 2149 si
519 2131 586 2149 vnus
605 2095 628 2158 ξ.
641 2130 650 2147 ι
676 2121 707 2146 D.
727 2129 776 2154 pro
797 2120 886 2151 socio,
910 2119 937 2145 Si
954 2127 1020 2145 vnus
1041 2127 1072 2144 ex
1134 2123 1225 2141 amore
1245 2116 1429 2148 aegrescentes.

34 2164 128 2196 sociis,
148 2163 194 2198 qui
209 2171 262 2188 non
276 2167 394 2188 totorum
408 2160 541 2186 bonorum
556 2159 622 2184 socii
634 2162 723 2186 erunt,
743 2164 912 2180 communem
934 2155 1072 2188 pecuniam
1091 2157 1119 2183 ςς
1175 2156 1190 2175 F
1202 2156 1221 2175 Ο
1231 2156 1247 2175 E
1257 2155 1324 2176 T1D
1334 2148 1347 2175 f
1357 2155 1379 2175 Τ
1390 2155 1450 2180 As,
1468 2148 1525 2174 atis.
1551 2148 1571 2174 f.
1597 2148 1722 2183 [κιναύρα,
1736 2146 1898 2184 βδελυγμία]
1922 2157 1970 2185 pro
1988 2152 2093 2178 Pomm-2,
2126 2153 2184 2179 Se„-

41 2198 225 2228 foenerauerit,
245 2198 387 2231 vsurasque
404 2194 565 2230 perceperit,
583 2193 620 2219 ita
637 2192 743 2217 demum
763 2191 851 2216 vsuras
868 2190 962 2224 partiri
979 2189 1073 2220 debet,
1134 2185 1214 2219 Epist.
1237 2193 1292 2211 110
1330 2185 1364 2210 At
1383 2183 1534 2210 mehercule
1556 2184 1602 2210 ista
1622 2184 1726 2210 solicite
1751 2185 1861 2211 scrutata
1876 2205 1884 2217 ‚
1915 2187 2042 2221 varieque
2062 2187 2186 2220 condita,

41 2235 59 2262 si
72 2234 192 2261 societatis
204 2234 313 2259 nomine
330 2231 520 2258 foenerauerit.
595 2227 699 2255 Paullus
713 2227 740 2252 in
754 2226 771 2251 l.
784 2225 863 2266 Caius
885 2226 917 2266 D.
930 2225 962 2250 de
971 2225 1074 2257 Vsuris,
1135 2230 1218 2261 qutun
1240 2225 1362 2247 ventrem
1382 2219 1526 2252 subierint,
1545 2228 1596 2246 vna
1609 2225 1688 2255 atque
1702 2220 1793 2257 eadem
1807 2220 1943 2248 foetiditas
1957 2223 2105 2256 occupauit.
2140 2225 2184 2251 AI.

16 2286 17 2291 =
40 2271 116 2297 Caius
128 2270 212 2299 Seius,
233 2269 280 2303 qui
294 2267 496 2302 Rempublicam
515 2263 638 2298 gerebat,
658 2263 809 2288 foenerauit
826 2269 963 2293 pecuniam
985 2260 1073 2294 publi-
1135 2256 1266 2282 Foeditas.

37 2314 89 2332 cam
102 2305 146 2332 sub
157 2305 243 2331 vsuris
256 2304 349 2337 solitis,
364 2309 409 2329 etc.
482 2299 592 2335 Paffiue,
610 2298 700 2325 lustin.
715 2297 797 2337 instit.
817 2296 840 2334 ᾗ.
854 2305 879 2328 33
898 2296 930 2322 de
944 2295 1073 2322 aflinnib.
1172 2298 1188 2318 F
1201 2298 1219 2318 O
1230 2297 1274 2317 ET
1285 2288 1326 2318 i'D
1336 2297 1355 2317 Ο
1365 2311 1373 2323 ,
1398 2294 1450 2317 are.
1488 2289 1612 2316 Foetidum
1629 2290 1738 2317 reddere.
1783 2292 1876 2317 Parcus
1895 2291 1941 2317 hoc
1963 2292 2063 2319 verbum
2083 2292 2186 2327 affirm't

33 2339 84 2368 Sed
102 2347 127 2367 et
148 2340 275 2375 pecuniae
297 2344 448 2365 numeratae
469 2345 523 2362 non
542 2336 569 2361 in
586 2334 712 2361 omnibus
730 2332 887 2368 regionibus
908 2332 957 2358 sub
977 2332 1071 2358 iisdem
1086 2331 1122 2356 60
1135 2327 1226 2353 Plauto
1234 2328 1378 2359 Merc.3‚3,
1391 2335 1414 2358 13
1439 2326 1590 2352 Ieiunitatis
1605 2326 1696 2360 plenus
1707 2326 1823 2352 animam
1836 2326 1957 2354 foetidas.
1979 2330 2085 2355 Gronau.
2120 2331 2183 2356 Ani·

34 2376 116 2404 νῶι-ᾗς
132 2376 321 2407 foenerantur,
350 2377 367 2400 i,
386 2377 414 2400 in
427 2373 522 2408 foenus
541 2371 642 2397 dantur.
718 2370 824 2395 Tralate
837 2378 844 2392 :
879 2368 948 2395 Ter.
967 2367 1072 2394 Phorm.
1134 2372 1177 2390 ma
1190 2363 1307 2395 foetida,
1331 2362 1383 2388 vid.
1402 2367 1572 2388 FOETIDVS.
1609 2361 1938 2398 Οο)1]”.Κειής]”.ι7αν.Ι-εὲῗ.
1952 2373 1977 2395 2,
1991 2371 2014 2394 8.
2040 2372 2063 2390 ct
2074 2375 2088 2397 3
2111 2373 2147 2395 18.

5 2419 19 2431 ¹¹
34 2421 58 2445 3,
74 2416 104 2444 ιζ
115 2418 128 2441 8
156 2413 331 2438 Foeneratum
352 2409 417 2436 istuc
443 2407 601 2434 beneficium
626 2404 678 2431 tibi
703 2403 811 2438 pulchre
825 2403 915 2429 .dices.
989 2404 1074 2429 Paullo
1174 2405 1191 2425 F
1202 2405 1350 2430 OETOR,
1371 2398 1432 2424 bris.
1469 2406 1504 2422 m.
1540 2394 1675 2431 [δυσωδίω,
1691 2395 1853 2432 βδελυγμός]
1889 2399 1993 2425 Colum.
2010 2408 2045 2432 12,
2061 2385 2098 2430 ¹8⁷
2110 2401 2184 2427 Cella

17 2446 83 2484 {120st
101 2451 215 2483 exponit,
236 2446 297 2482 quid
315 2447 392 2476 velit,
412 2443 512 2473 dicens,
539 2441 612 2467 Idem
627 2441 676 2466 hoc
690 2439 758 2471 tibi,
782 2438 853 2473 quod
866 2438 932 2465 bene
946 2439 1076 2473 promeri-
1135 2443 1244 2469 quoque
1258 2433 1362 2460 vinaria
1378 2433 1452 2459 omni
1465 2432 1578 2459 stercore
1592 2432 1745 2465 liberanda,
1766 2439 1791 2459 et
1811 2433 1887 2459 bonis
1906 2434 2034 2460 odoi-ibus
2050 2435 2172 2462 suffienda

0 2483 19 2511 11
33 2490 72 2510 tus
86 2483 178 2515 fueris,
196 2479 431 2514 conduplicauerit.
501 2476 574 2503 Idem
588 2475 698 2510 Adelph.
711 2483 734 2505 2,
748 2484 768 2505 2,
781 2483 808 2500 12
826 2474 959 2506 Memmi,
973 2474 990 2500 fi
1005 2483 1074 2501 nunc
1134 2480 1168 2496 ne
1182 2479 1262 2505 quem
1275 2468 1395 2496 redoleat
1409 2469 1558 2501 foetorem,
1576 2477 1724 2495 acoremue.
1791 2469 1861 2495 Plur.
1889 2469 1955 2495 Plin.
1970 2476 2010 2502 28,
2024 2476 2037 2500 8
2058 2456 2184 2498 Foetoreg

32 2518 64 2545 de
78 2525 123 2544 tuo
136 2520 193 2544 iure
206 2515 359 2542 concessiss‘es
373 2511 535 2548 paullulum,
553 2518 630 2546 atque
644 2510 801 2537 adolescenti
813 2511 873 2536 esses
886 2511 1074 2545 morigeratus,
1087 2511 1118 2542 65
1135 2507 1191 2534 011⁵
1206 2505 1354 2532 emendare-

31 2554 172 2580 hominum
193 2552 276 2577 homo
291 2549 445 2579 stultissime,
465 2555 510 2576 etc,
539 2556 574 2573 ne
590 2555 644 2573 non
664 2545 715 2573 tibi
735 2545 799 2572 istuc
818 2545 976 2572 foeneraret.
1027 2546 1075 2572 Vbi
1175 2548 1191 2567 F
1203 2541 1448 2571 OE‘I'ER68VS,
1473 2548 1502 2571 ἃ,
1525 2547 1579 2564 urn.
1615 2537 1675 2564 Adi.
1719 2539 1790 2563 Zeno
1812 2539 1911 2565 Veron.
1948 2540 2029 2566 Panni
2049 2540 2182 2569 foeterosi-

32 2590 167 2620 Donatus,
186 2588 378 2617 Foeneratum,
403 2584 439 2610 est
456 2584 524 2610 Cum
544 2583 618 2609 lucro
636 2581 790 2614 redditum,
812 2588 838 2608 et
857 2581 1073 2616 multiplicatum.
1133 2577 1224 2608 Idem,
1249 2575 1359 2602 Prandia
1380 2575 1517 2600 foeterosa.

32 2626 193 2651 Foeneraret
208 2631 285 2656 ergm
304 2630 357 2647 uon
369 2620 528 2651 Aeschinus,
546 2618 590 2645 sed
602 2627 644 2645 res
658 2618 727 2652 ipsa,
747 2617 776 2643 in
790 2626 842 2651 qua
861 2617 1009 2644 foeneratio
1028 2617 1073 2643 est.
1173 2618 1188 2637 F
1201 2618 1219 2636 O
1229 2618 1244 2637 E
1254 2618 1304 2637 TV
1312 2617 1329 2634 ¹·
1342 2617 1359 2636 E
1369 2617 1391 2636 N
1403 2616 1424 2635 Τ
1437 2616 1454 2633 V
1467 2615 1496 2641 8⁷
1518 2617 1542 2640 ἃ,
1563 2616 1616 2633 ¹¹⁰¹-
1654 2607 1715 2634 Adi·
1752 2608 1852 2634 Arnob·
1866 2616 1884 2643 7
1903 2618 1928 2643 p.
1945 2617 1987 2643 223
2011 2611 2082 2638 Huic
2098 2612 2183 2639 ouilia

32 2662 104 2687 Haec
124 2659 203 2694 sapit,
225 2658 286 2687 haec
306 2665 396 2683 omnes
414 2656 534 2682 foenerat
553 2663 603 2680 vna
621 2653 683 2680 deos
699 2653 815 2679 Martial.
832 2661 857 2684 1,
873 2660 917 2686 77.
947 2656 966 2678 i.
980 2654 1076 2687 foenus
1134 2646 1279 2672 foetulenta
1296 2646 1353 2670 sunt
1367 2645 1476 2671 viscera·
1548 2643 1625 2677 Apul.
1641 2643 1718 2677 Apol.
1741 2652 1765 2677 p.
1779 2652 1836 2677 410,
1851 2652 1862 2676 3
1886 2646 1997 2678 Floridt,
2015 2647 2094 2673 Nihil
2115 2650 2143 2674 in
2156 2649 2183 2674 se

27 2695 77 2731 fibi
99 2695 157 2721 dare
178 2703 203 2720 ro
223 2697 258 2723 it,
284 2693 312 2719 de
337 2693 475 2719 Minerua:
512 2689 560 2723 my?
582 2691 655 2715 malis
677 2686 790 2724 praestat
810 2688 922 2717 utendos,
949 2686 1118 2713 comitiano
1136 2680 1271 2707 sordidum
1287 2680 1384 2709 linere,
1404 2679 1473 2705 nihil
1493 2679 1592 2713 vspiam
1610 2679 1730 2712 corporis
1751 2678 1919 2706 immundum
1933 2681 1987 2715 pati
2006 2690 2035 2708 ac
2053 2683 2183 2711 foetulen-

33 2733 161 2759 Foenerat
179 2731 205 2756 so
230 2729 319 2755 lumen
339 2728 414 2753 suum
428 2725 538 2752 caeteris
552 2723 679 2750 sideribus
698 2723 764 2749 Plin.
783 2730 812 2752 2,
826 2724 850 2748 6.
877 2724 895 2747 i.
916 2729 998 2747 mutuo
1016 2721 1076 2753 dat,
1136 2722 1201 2742 tum·
1238 2717 1282 2742 Al·
1300 2715 1493 2746 faeculentum,
1513 2714 1541 2740 de
1556 2723 1600 2749 quo
1611 2714 1659 2750 Jisb
1681 2720 1696 2739 F
1708 2721 1792 2741 AEX.

0 2794 1 2798 ,
33 2769 145 2808 impertit
158 2776 165 2790 .·
193 2765 221 2791 de
257 2766 354 2790 Imictz's.
426 2762 481 2788 Cic.
497 2762 571 2786 Verr.
585 2768 600 2786 2
619 2769 640 2785 c.
657 2767 692 2793 70
716 2758 788 2784 Idem
808 2762 941 2791 praeterea
954 2756 1076 2792 pecunias
1174 2757 1190 2777 F
1202 2758 1221 2778 O
1231 2758 1246 2777 E
1257 2758 1307 2778 TV
1317 2758 1332 2776 L
1343 2757 1359 2776 E
1369 2757 1420 2777 NT
1430 2757 1489 2776 ER.
1527 2750 1594 2776 Adu.
1632 2750 1723 2783 Veget.
1737 2759 1760 2782 3,
1775 2759 1794 2783 4
1814 2750 1984 2778 Foetulenter
2002 2753 2131 2788 mingere.

33 2803 107 2829 istius
127 2807 233 2827 extraor
253 2799 351 2826 inarias
369 2797 478 2832 grandes
499 2797 544 2822 suo
565 2794 675 2821 nomine
694 2792 890 2820 foenerabatur.
1001 2792 1074 2818 Idem
1174 2793 1191 2813 F
1203 2792 1341 2813 OETVT
1353 2787 1366 2812 f
1378 2792 1398 2811 N
1412 2793 1433 2812 Α
1446 2792 1478 2818 Ε,
1498 2789 1582 2811 arum.
1619 2784 1640 2810 f.
1677 2786 1714 2812 Pl.
1752 2787 1817 2812 Loca
1825 2786 1937 2821 foetida.
1974 2788 2075 2821 Gell.13
2098 2798 2133 2816 20
2153 2799 2183 2816 ex

35 2839 112 2865 Verr.
125 2846 147 2870 3,
162 2839 207 2869 169
227 2845 248 2862 c.
263 2844 294 2870 72
317 2835 343 2861 Si
355 2840 382 2860 te
395 2832 532 2868 pecuniam
552 2839 639 2863 tuam,
657 2838 711 2856 non
723 2829 816 2863 Populi
832 2827 946 2854 Romani
968 2828 995 2853 in
1014 2829 1075 2854 Pro-
1130 2823 1236 2858 persona
1248 2822 1328 2848 Probi
1344 2821 1461 2853 Valerii,
1483 2821 1509 2847 Si
1529 2827 1574 2847 aut
1591 2821 1695 2847 versum
1710 2821 1818 2855 pangis,
1835 2828 1880 2848 aut
1900 2824 2050 2851 orationem
2070 2810 2183 2852 s'olutam

35 2874 122 2901 vincia
140 2874 306 2899 foeneratum
325 2870 464 2900 docerem,
482 2874 569 2894 tamen
586 2866 700 2900 effugere
719 2873 772 2891 non
793 2865 880 2898 posseS.
955 2865 984 2889 Et
999 2864 1077 2892 Verr,
1092 2864 1125 2890 75
1137 2858 1229 2892 struis,
1260 2872 1303 2877 -
1329 2866 1383 2883 non
1398 2857 1533 2883 finitiones
1551 2857 1608 2882 illas
1621 2857 1812 2891 praerancidas,
1832 2866 1919 2893 neque
1933 2859 2076 2886 foetutinas
2091 2862 2183 2887 Gram-

37 2910 113 2942 3,163
140 2918 161 2935 c.
175 2916 210 2943 70
237 2908 355 2933 Primum
373 2914 456 2939 quum
477 2903 558 2938 posita
577 2903 636 2928 esset
655 2901 766 2936 pecunia
783 2899 850 2934 apud
869 2908 911 2925 eas
932 2899 1075 2929 societates,
1136 2894 1242 2921 maticas
1255 2892 1436 2928 spe&aueris;
1463 2892 1505 2918 sed
1520 2901 1612 2919 aurem
1627 2898 1698 2918 tuam
1718 2892 1862 2927 interroga.
1934 2894 2029 2921 Nomi
2054 2905 2102 2928 320
2123 2898 2183 2923 Mo-

36 2944 104 2970 vnde
122 2950 176 2971 erat
190 2942 332 2976 attributa,
353 2940 424 2967 binis
438 2938 583 2966 centesimis
603 2938 753 2964 foeneratus
768 2936 822 2962 est:
849 2934 975 2970 quodipfi
987 2935 1075 2961 deinde
1135 2930 1231 2957 letrina
1267 2945 1312 2949 —
1347 2936 1375 2955 vt
1395 2929 1535 2955 foetutina.
1591 2928 1669 2963 Apul.
1684 2929 1761 2963 Apol.
1778 2934 1861 2963 p,27g
1883 2930 1989 2965 semper
2004 2916 2184 2959 in'foetmini,

38 2979 83 3006 bac
100 2981 292 3015 interrogatione
306 2978 432 3008 declarat,
451 2976 577 3008 Qiaero,
598 2973 706 3008 pecunia
722 2971 826 3006 publica
846 2980 877 2997 ex
895 2971 999 2997 aerario
1018 2979 1075 2997 ero-
1137 2972 1163 2993 et
1178 2964 1328 2992 olenticetis
1349 2965 1400 2990 sllis
1417 2965 1490 2990 iacet.
2052 2978 2060 2981 -

41 3021 111 3048 gata,
127 3023 159 3040 ex
176 3013 351 3048 vectigalibus
370 3012 464 3047 Populi
484 3010 599 3036 Romani
615 3009 647 3035 ad
667 3007 806 3035 emendum
823 3007 984 3033 frumentum
1002 3007 1076 3033 attri-
1174 3007 1191 3027 F
1202 3008 1274 3028 OET
1286 3008 1292 3026 1
1306 3006 1323 3026 F
1334 3007 1350 3027 E
1359 3008 1377 3027 R
1387 3020 1393 3031 ‚
1424 3006 1438 3025 F
1451 3007 1469 3026 O
1480 3007 1496 3026 E
1505 3005 1526 3025 Τ
1537 3008 1546 3025 1
1558 3004 1574 3025 F
1587 3006 1595 3025 1
1606 3005 1622 3026 C
1634 3004 1653 3025 0
1666 3019 1674 3031 ‚
1698 3006 1743 3026 etc.
1780 2999 1833 3026 vid.
1853 3000 1927 3036 infra
1941 3004 1967 3027 in
1984 3007 2000 3027 F
2011 3008 2029 3028 O
2038 3008 2084 3028 ΕΤ
2094 3009 2146 3029 vs.

41 3048 114 3077 buta,
127 3049 237 3076 fueritne
251 3049 303 3076 tibi
316 3047 436 3083 quaestui
451 3048 459 3073 3
488 3044 655 3080 pensitaritne
669 3043 721 3071 tibi
734 3043 808 3069 binas
822 3042 989 3069 centesimas?
1009 3044 1075 3069 Foe-
1090 3040 1122 3065 80
1175 3043 1191 3062 F
1204 3043 1223 3063 O
1234 3044 1250 3063 E
1259 3044 1280 3062 T
1290 3043 1310 3062 V
1320 3043 1332 3062 S
1341 3056 1349 3068 ,
1369 3037 1474 3067 (melius
1494 3041 1510 3061 F
1522 3042 1537 3061 Ε
1549 3041 1571 3060 Τ
1584 3042 1625 3062 vs
1636 3054 1642 3066 ‚
1669 3035 1720 3061 vid.
1741 3041 1756 3061 F
1766 3042 1782 3061 E
1791 3040 1828 3067 O)
1855 3035 1892 3062 sis.
1917 3046 1951 3063 m.
1973 3037 2054 3070 [7010ss
2066 3039 2181 3069 ys'imaoe,

43 3088 149 3108 nei-atur
162 3091 215 3118 ergo
225 3088 359 3119 pecuniam,
378 3087 422 3120 qui
435 3082 503 3109 illam
516 3091 543 3108 ea
555 3083 605 3117 lege
615 3087 690 3115 penes
703 3081 778 3106 alium
790 3077 832 3112 effe
843 3081 956 3114 patitur,
976 3085 1005 3104 vt
1019 3079 1075 3104 foe.
1136 3072 1235 3105 κύημα,
1255 3074 1359 3104 ἔκγονον,
1378 3069 1493 3106 ἕμέῗρυον,
1506 3070 1612 3104 βλάςη]
1650 3071 1742 3097 Partu's
1755 3073 1913 3103 animalium,
1934 3078 1957 3097 et
1969 3074 2075 3098 aliarum
2089 3060 2182 3104 reriim,

43 3127 105 3149 nus.-
130 3117 154 3144 h.
168 3126 187 3143 e.
205 3120 289 3154 vfhras
303 3129 328 3146 eo
342 3122 437 3146 nomine
450 3118 501 3154 ipse
513 3119 637 3151 accipiat:
664 3121 693 3142 vt
705 3115 747 3141 hic
765 3116 854 3141 Verres
866 3117 1013 3150 pecuniam,
1025 3113 1083 3148 fibi
1137 3108 1199 3134 vnde
1214 3106 1311 3143 aliquid
1323 3107 1444 3143 nascitur.
1481 3108 1546 3133 Plin.
1561 3113 1587 3141 7,
1602 3115 1614 3138 3
1641 3106 1765 3141 Legimus
1785 3107 1923 3132 mulierem
1936 3107 2089 3141 Aegyptiam
2104 3107 2180 3133 binos

5 3162 9 3168 ‘
42 3153 187 3180 attributam
205 3154 236 3179 ad
242 3155 408 3190 frumentum,
422 3161 498 3190 penes
511 3153 658 3188 publicanos
674 3150 717 3185 elle
730 3149 815 3185 paffics
828 3147 878 3183 est,
899 3149 941 3176 sed
961 3158 976 3175 a
989 3149 1077 3184 publi.
1137 3144 1224 3171 foetus
1237 3148 1330 3178 quater
1341 3143 1454 3168 enixam.
1526 3142 1599 3168 Idem
1613 3146 1636 3174 8,
1652 3148 1676 3171 18
1698 3142 1788 3168 Totus
1802 3141 1907 3175 tigridis
1925 3142 2028 3175 foetus,
2049 3143 2096 3177 qui
2116 3143 2180 3169 seiu-

43 3188 114 3215 canis
128 3188 238 3214 foenore
250 3187 368 3226 accepto,
387 3197 416 3217 vt
431 3188 464 3223 cst
482 3199 507 3215 n.
523 3191 577 3221 169.
651 3187 707 3213 Cic.
724 3186 811 3213 Parad.
826 3188 843 3212 6
865 3185 1030 3212 Dimiffiones
1045 3185 1076 3212 11.
1137 3189 1184 3215 per
1196 3179 1349 3206 numerosus
1361 3178 1412 3210 est,
1433 3177 1466 3204 ab
1482 3177 1634 3204 insidiatore
1648 3178 1750 3212 rapitur
1770 3186 1849 3211 equo.
1919 3179 1949 3203 Et
1972 3187 2009 3210 10,
2023 3187 2047 3210 31
2072 3179 2180 3205 oscines

7 3232 9 3239 '
42 3224 196 3255 herrorum,
209 3222 242 3249 ad
253 3225 419 3253 foenerandas
434 3231 459 3252 et
473 3223 633 3260 diripiendas
646 3222 806 3249 Prouincias.
1092 3216 1121 3245 85
1137 3222 1239 3250 praeter
1253 3220 1372 3248 exceptas
1381 3233 1387 3244 ‚
1405 3222 1459 3240 non
1474 3220 1572 3240 temere
1585 3213 1672 3240 foetus
1686 3212 1796 3238 faciunt.
1843 3211 1890 3240 Sed
1898 3212 1960 3248 fiant
1973 3218 2046 3240 etiam
2064 3214 2181 3241 Arborei

82 3265 99 3285 F
113 3264 132 3284 o
143 3261 271 3298 ENERAE
281 3266 301 3287 'r
311 3268 331 3287 v
342 3268 371 3294 s,
395 3270 425 3294 a,
451 3270 504 3287 um.
541 3262 636 3295 Depon.
672 3258 740 3284 Ter.
755 3257 861 3284 Phorm.
881 3265 903 3289 3,
924 3265 953 3289 2,
973 3261 986 3286 8
1013 3256 1076 3283 Foe-
1136 3253 1223 3279 foetus
1243 3250 1337 3285 Virgil.
1353 3250 1450 3284 Georg.
1466 3258 1484 3279 1,
1499 3257 1535 3282 55.
1607 3249 1678 3275 Idem
1692 3248 1788 3281 Georg.
1801 3256 1825 3278 2,
1835 3256 1888 3281 429
1909 3249 1965 3275 Nec
1980 3250 2066 3276 minus
2079 3249 2181 3276 interea

12 3300 15 3307 ,
43 3300 164 3322 neratum
183 3293 248 3319 istuc
265 3293 416 3323 beneficium
435 3295 544 3332 pulchre
563 3295 649 3327 dices,
677 3293 742 3329 quod
761 3293 830 3320 modo
848 3293 1026 3319 declarauimur
1046 3301 1076 3318 ex
1136 3289 1212 3315 foetu
1225 3295 1317 3313 flemus
1330 3294 1409 3312 omne
1422 3284 1559 3320 gl'ffllescit-
1632 3284 1705 3318 Virg·
1720 3284 1817 3317 Georg·
1832 3292 1852 3315 1,
1867 3292 1909 3317 193
1928 3285 2062 3312 Grandior
2081 3291 2110 3311 vt
2125 3286 2181 3312 foe-

43 3332 151 3357 Donato·
168 3364 173 3368 ,
206 3328 252 3355 Sed
264 3330 348 3364 Pssffiu.
372 3332 494 3359 Scaeuola
513 3332 530 3358 l.
545 3339 581 3366 47
603 3328 659 3367 §.4
680 3329 707 3356 ff.
725 3329 757 3355 de
768 3328 940 3355 administrat.
955 3333 981 3354 et
995 3327 1075 3362 peric.
1137 3330 1178 3351 tus
1200 3323 1300 3357 siliquis
1319 3320 1455 3348 fallacibus
1469 3321 1537 3346 esset.
1610 3318 1701 3345 Adulti
1719 3318 1851 3353 anffil.
1866 3328 1887 3349 2,
1901 3322 1918 3346 6
1935 3320 2046 3346 Adultos
2065 3319 2182 3348 educunt

2 3395 3 3398 Ἴ
42 3371 124 3393 tutor.
149 3364 175 3391 S1
190 3365 338 3404 apparuerit
355 3369 462 3401 pecunia
479 3367 610 3403 (pupilli)
626 3366 763 3392 foenerata
777 3374 792 3391 a
804 3363 953 3395 tutoribus,
971 3363 1075 3389 iudicio
1136 3360 1224 3386 foetus
1241 3358 1338 3392 Virgil.
1353 3357 1449 3391 Georg.
1464 3366 1493 3389 4,
1510 3358 1551 3385 163
1574 3354 1602 3381 de
1615 3354 1710 3389 apibus.
1765 3355 1847 3381 Dubii
1867 3354 1932 3382 Plin.
1947 3364 1984 3387 10,
1999 3364 2032 3387 31.
2084 3356 2180 3386 Dulces

42 3401 140 3429 tutelae
154 3408 242 3426 vuelas
256 3399 358 3432 Vsuras,
376 3410 407 3428 an
418 3412 483 3430 vero
497 3412 553 3436 eas,
572 3411 636 3438 quas
655 3400 771 3436 stipulati
793 3399 859 3435 (fibi
876 3409 892 3426 a
911 3398 1076 3433 debitoribus)
1088 3399 1124 3423 90
1137 3396 1224 3421 foetus
1239 3400 1265 3421 et
1279 3393 1374 3429 pabula
1387 3393 1453 3419 laeta
1468 3393 1570 3418 Lucret.
1584 3400 1607 3423 2,
1623 3397 1685 3422 1139.
1756 3390 1877 3416 Emortui
1891 3390 1976 3416 foetus
1989 3390 2107 3418 Scribon.
2125 3395 2180 3425 169.

1 3444 22 3456 ‘⁷
42 3438 116 3469 sunt,
137 3435 265 3474 praestare
282 3433 401 3463 debeant.
1138 3431 1272 3465 Frugiferi
1297 3430 1400 3456 Lucret.
1414 3430 1445 3461 6,
1466 3437 1485 3454 1.
1558 3425 1670 3453 Grauidi
1689 3425 1769 3452 Ouid.
1790 3426 1853 3452 Met.
1875 3430 1905 3457 8,
1925 3434 1987 3459 294.
2059 3427 2180 3454 Laetifici

30 3510 35 3512 ῃ
78 3479 95 3499 F
106 3478 126 3498 O
138 3478 154 3498 E
163 3478 185 3497 N
195 3477 237 3497 ER
248 3477 268 3496 Α
278 3476 299 3495 Τ
313 3475 332 3496 O
343 3477 361 3496 R
370 3489 379 3502 ‚
395 3472 456 3499 bris.
480 3483 516 3501 m.
550 3474 563 3508 [
571 3470 689 3506 δανειςῆς,
703 3470 809 3501 vomeris,
822 3470 932 3506 χρῆςης]
968 3471 1020 3505 Qai
1032 3468 1078 3495 dat
1137 3466 1225 3493 foetus
1237 3466 1340 3493 telluris
1354 3465 1457 3491 Lucret.
1472 3472 1491 3495 1,
1505 3471 1561 3496 194.
1630 3462 1751 3488 Maturos
1768 3460 1845 3487 edere
1858 3460 1945 3487 foetus
1962 3462 2043 3489 Ouid.
2057 3462 2089 3489 de
2103 3463 2180 3490 Nuce

42 3507 196 3548 cdvffiram,
210 3507 304 3538 *Graece
316 3504 422 3545 Danista
433 3507 532 3546 dicitur.
567 3509 622 3536 Cic.
636 3508 689 3535 Off.
703 3515 773 3540 1,150
793 3507 911 3533 Primum
925 3505 1077 3540 improbau-
1138 3510 1177 3534 93.
1249 3501 1370 3531 Teneri,
1390 3499 1544 3533 infirmique
1568 3497 1698 3531 Quinctil.
1721 3505 1752 3529 z,
1774 3499 1799 3522 6.
1869 3496 1967 3522 Vitales
1989 3498 2054 3524 Plin.
2077 3507 2121 3531 ιο,
2143 3507 2178 3531 31.

43 3548 87 3569 tur
101 3551 123 3569 ιι
136 3541 268 3577 quaestus,
288 3550 335 3575 qui
355 3549 383 3566 m
402 3541 461 3568 otha
479 3543 617 3571 hominum
633 3544 787 3575 incurrunt,
806 3548 834 3569 vt
849 3542 1027 3577 portitorum,
1046 3546 1075 3566 vt
1139 3534 1160 3598 p
1178 3545 1194 3563 2
1224 3538 1349 3563 Formulae
1368 3535 1500 3561 Verborum
1513 3545 1521 3559 .·
1552 3533 1667 3568 Abigere
1685 3533 1802 3562 foetum,
1828 3531 1881 3557 vid.
1902 3538 2012 3560 ABIGO.
2065 3535 2180 3562 Auferre

44 3578 251 3604 foeneratorum,
293 3576 350 3602 vid.
365 3576 433 3602 Gell.
448 3580 483 3608 16,
496 3587 531 3606 12..
582 3581 649 3607 Cato
662 3587 702 3615 ap.
710 3579 767 3605 Cic.
775 3578 827 3605 Off.
841 3587 853 3604 2
873 3587 895 3604 c.
907 3585 947 3610 23.
1003 3576 1075 3602 Idem
1091 3572 1123 3599 95
1151 3577 1241 3598 oeturn
1255 3571 1397 3603 vberibus‚
1425 3571 1480 3597 vid.
1497 3575 1640 3596 AVFERO.
1712 3569 1857 3601 Decerpere
1870 3566 1957 3594 foetus
1969 3568 2095 3595 arborum
2112 3570 2179 3597 Plin.

8 3631 9 3639 1
44 3614 109 3640 Cato
122 3613 154 3640 de
168 3614 198 3639 R.
214 3613 245 3653 R..
261 3611 341 3646 praef.
410 3612 567 3641 Acerbiffimi
578 3616 756 3642 foeneratores
769 3614 826 3641 Cic.
839 3615 892 3640 Att.
908 3615 933 3644 6,
947 3621 966 3639 1.
1011 3612 1076 3638 Foe-
1138 3618 1165 3641 4,
1180 3616 1215 3634 12.
1249 3608 1304 3635 vid.
1322 3612 1476 3634 DECERPO.
1544 3604 1682 3638 Depellere
1695 3603 1781 3629 foetus
1795 3602 1887 3628 ouium
1903 3609 2006 3630 teneros
2022 3605 2179 3640 VirgilAEd.

8 3678 19 3686 st
43 3654 149 3676 nerator
162 3649 191 3675 Al
196 3648 273 3683 phius
286 3649 379 3673 Horat.
392 3646 472 3681 Epod.
485 3655 510 3679 2,
522 3651 564 3683 67.
666 3651 722 3678 Nec
737 3655 827 3685 putant
846 3649 872 3675 ei
886 3657 981 3675 numos
995 3647 1077 3673 deesse
1138 3652 1159 3675 ι,
1172 3651 1213 3669 22.
1241 3646 1259 3669 i.
1279 3652 1293 3669 a
1306 3643 1373 3678 ladie
1385 3649 1534 3669 remouere.
1569 3640 1683 3666 Seruius.
1756 3638 1824 3663 Dare
1839 3638 1941 3665 foetum
1954 3639 2028 3666 Idem
2043 3641 2141 3676 Georg.
2155 3651 2167 3668 2

2 3694 14 3722 v·
44 3685 126 3718 posse,
146 3685 193 3719 qui
212 3684 391 3710 foeneratores
411 3691 442 3708 ex
458 3681 590 3711 obsidione
607 3687 734 3713 exemerit
752 3686 808 3712 Cic.
821 3686 892 3712 Fam.
904 3692 926 3718 5,
941 3686 967 3711 6.
1003 3683 1077 3720 C⁰'²f·
1139 3687 1200 3711 442.
1272 3677 1358 3704 Edunt
1377 3678 1464 3704 foetus
1481 3675 1588 3703 nixibus
1607 3673 1703 3708 Virgil.
1717 3673 1814 3707 Georg.
1828 3681 1862 3707 4,
1885 3682 1939 3707 199.
2012 3676 2072 3703 Edit
2091 3662 2178 3703 foetu}

10 3728 13 3762 J
43 3719 115 3746 Idem
128 3721 181 3746 Λα,
195 3727 223 3754 7,
236 3727 270 3759 7.—
439 3752 444 3757 ¹
577 3740 583 3742 .
1139 3713 1264 3740 meliores
1284 3720 1310 3739 et
1323 3713 1475 3748 grandiores
1488 3720 1550 3746 ager
1567 3719 1618 3736 non
1633 3708 1709 3735 semel
1724 3715 1825 3741 aratus,
1847 3709 1890 3735 sed
1903 3717 2016 3738 nouatus
2030 3718 2055 3738 et
2070 3713 2177 3739 iteratus

79 3761 96 3781 F
107 3762 150 3796 οξ
160 3762 182 3781 N
192 3762 208 3781 F.
218 3762 237 3781 R
248 3760 299 3781 AT
310 3761 347 3794 R}
358 3761 376 3780 x
386 3773 394 3785 ,
412 3754 466 3792 icis.
483 3788 489 3793 ι
503 3751 536 3792 f.⁴
557 3753 643 3782 Valer.
656 3757 766 3783 Maxim.
779 3761 801 3787 8,
817 3765 829 3782 2
853 3764 866 3782 2
886 3755 914 3781 de
928 3750 1194 3789 C.VifiHio‚100Cic·
1207 3748 1239 3775 de
1251 3749 1324 3775 Orat.
1338 3758 1363 3781 2,
1378 3757 1414 3781 131
1431 3758 1453 3775 e.
1468 3757 1508 3780 30·
1577 3744 1654 3779 ΛΡΜ·
1668 3745 1730 3770 Met.
1746 3752 1775 3770 ¹0
1798 3754 1821 3779 Ρ·
1835 3753 1896 3779 ²49,
1909 3752 1937 3778 38
1963 3748 1997 3774 Vt
2016 3747 2032 3774 fi
2047 3748 2120 3773 sexus
2140 3748 2177 3772 se-

3 3803 8 3809 ·
43 3789 80 3816 Ex
90 3798 173 3817 amica
186 3790 343 3826 obsequenti
362 3789 450 3816 subito
464 3787 608 3815 distrieiam
620 3789 819 3819 foeneratricem
831 3779 915 3827 ’agere
934 3791 1037 3825 coepit,
1057 3792 1076 3815 i.
1132 3785 1240 3819 rquioris
1253 3784 1374 3811 Edidiffet
1387 3785 1498 3811 foetum.
1570 3782 1663 3807 Facere
1681 3779 1768 3806 foetus
1787 3781 1853 3807 Plin.
1870 3789 1907 3814 10,
1921 3791 1957 3814 31.
2028 3783 2081 3808 Cic.
2094 3782 2125 3807 de
2139 3782 2175 3808 N.

34 3824 127 3859 *duram
144 3825 299 3853 exaHricem.
559 3833 561 3837 ’
1138 3822 1169 3847 Ι).
1186 3829 1210 3852 2,
1227 3825 1266 3849 ¹28
1287 3828 1309 3846 c.
1324 3828 1348 3852 51
1375 3821 1450 3854 Qiae
1466 3815 1624 3849 multiplices
1644 3815 1731 3842 foetus
1744 3817 1898 3848 Procremt,
1918 3824 1946 3845 vt
1959 3818 2029 3848 sues,
2048 3823 2075 3842 vt
2091 3825 2175 3847 canes,

78 3867 95 3887 F
106 3867 311 3902 OENEJ'tAni
325 3867 347 3887 v
358 3868 371 3888 s
385 3880 392 3892 ‚
427 3860 446 3886 i.
482 3868 516 3886 rn.
558 3858 639 3890 Idem,
659 3861 722 3894 quod
741 3863 894 3890 foenerator,
931 3861 1040 3888 Fir-mic,
1054 3869 1077 3893 3,
1137 3857 1178 3882 his
1199 3863 1373 3882 mammarum
1394 3857 1452 3882 data
1469 3853 1504 3880 est
1522 3851 1674 3878 multitudo.
1782 3852 1979 3879 Profunduntur
1996 3852 2071 3877 nobis
2089 3858 2175 3878 terrae

42 3899 56 3925 8
73 3903 134 3922 extr.
161 3897 249 3937 Faciet
263 3897 408 3930 delatores,
428 3895 581 3927 absconsos,
599 3893 736 3928 subdolos,
755 3898 917 3931 malitiosos,
935 3897 1077 3929 maleficos,
1136 3893 1224 3919 foetus
1242 3890 1297 3917 Cic.
1316 3889 1348 3916 de
1360 3890 1453 3925 Legib.
1471 3898 1490 3920 1,
1507 3895 1542 3920 25.
1612 3886 1730 3913 Pubescit
1745 3887 1824 3919 vinea
1837 3889 1912 3916 foetu
1931 3887 2026 3921 Virgil.
2041 3887 2137 3920 Georg.
2152 3895 2175 3917 2,

41 3930 210 3960 foenerarios.
1081 3934 1127 3962 105
1136 3937 1191 3961 390.
1264 3925 1366 3953 Trahit
1384 3926 1469 3952 foetus
1487 3922 1759 3950 emortuosfScribon.
1774 3925 1829 3957 169.
2023 3919 2045 3957 fl
2065 3929 2077 3952 3
2116 3922 2175 3947 For-

190 3973 275 3996 vol..
310 3968 345 3995 11.
868 3996 873 4000 Δ
1391 3962 1427 3993 ¹V
1449 3969 1464 3987 v
1487 3967 1503 3986 v
1524 3967 1541 3985 v
2122 3964 2174 3983 mae
