2479 4225
6 3511 34 3547 »,ιΓ

32 213 34 215 ·
72 202 171 241 ¹049
470 189 488 233 1

21 1394 24 1398 1
66 1375 225 1410 cogitanda,
238 1386 330 1405 excors
342 1378 519 1406 immodestia.

29 1744 33 1751 «
62 1729 136 1767 Conf.
151 1731 219 1766 Nep.
238 1741 281 1766 24,
295 1742 318 1766 3,
333 1742 358 1760 2.

59 2083 100 2110 fit.

6 2258 7 2269 ¹
47 2227 138 2252 ’(ῗνοη.
153 2226 189 2252 ed.
205 2228 253 2263 leg.
266 2226 422 2254 incohibili.

56 2826 99 2857 be,
112 2833 156 2852 aut
175 2827 257 2862 repub.
272 2828 383 2859 habitat,
397 2828 464 2864 quast
483 2831 547 2856 ciuis
565 2837 608 2856 aut
621 2835 752 2866 municeps.
789 2832 844 2859 Cic.
860 2834 884 2860 O

11 2924 14 2926 .
56 2907 71 2925 a
90 2907 119 2924 er
159 2905 204 2924 etc.

14 2934 24 2957 ἶ
56 2907 90 2960 dg
104 2907 161 2960 Sciix.
175 2942 196 2960 c.
211 2942 247 2960 21.
288 2935 335 2962 Sed
351 2937 430 2962 latius
437 2942 525 2971 patet,
545 2943 568 2963 et
581 2947 620 2964 eos
632 2947 725 2974 quoque
739 2938 881 2977 figmficat‚
891 2944 936 2982 qui
948 2942 997 2977 sua
1014 2945 1041 2968 in
1056 2950 1102 2978 pa-

6 2981 21 3002 .'
55 2972 109 2996 tria
122 2976 145 2994 et
158 2972 274 3000 ciuitate,
289 2973 316 2996 in
329 2972 381 2998 loco
393 2974 499 3006 proprio
505 2972 567 3009 su0,
580 2973 703 3001 habitant.
740 2975 875 3010 Aquarum
889 2978 992 3004 incolae
1005 2977 1102 3006 bestiae

6 3007 27 3043 'gs'
55 3010 146 3031 nantes
160 3005 218 3032 Cic.
234 3006 316 3032 Tusc.
332 3014 353 3039 ς,
367 3012 393 3039 38
407 3016 429 3033 c.
444 3015 476 3039 13.

6 3053 11 3071 ,ι
56 3040 176 3067 trabatur
200 3040 275 3067 Idem
290 3042 372 3068 Tusc.
387 3051 409 3077 ς,
425 3048 467 3073 108
482 3052 503 3069 c.
518 3050 557 3079 37.

16 3079 27 3103 1
57 3077 159 3110 Pauper
179 3076 260 3103 Ouid.
276 3078 362 3104 Trist.
381 3087 404 3110 3,
424 3087 460 3109 10,
479 3081 523 3105 60.

55 3145 236 3178 habitatores,
252 3148 295 3174 sed
314 3150 384 3184 quasi
406 3150 562 3184 spectatores

39 3413 42 3421 .
59 3395 116 3422 cola
130 3395 193 3421 luxu
208 3395 330 3422 Prudent.
342 3397 459 3427 Hamart.
472 3410 531 3435 930.

16 3757 21 3765 ¹
56 3757 83 3775 12
102 3769 107 3776 .

19 3784 22 3786 ’
56 3757 182 3813 soietiore
191 3806 198 3816 ‚
214 3796 326 3821 corpore
340 3787 440 3813 inculto
454 3793 479 3813 et
493 3787 619 3822 horrido,
633 3795 779 3828 capillatior
797 3807 876 3832 quam
890 3804 958 3824 ante.

12 3856 24 3867 ²
55 3855 129 3891 Cous.
144 3857 210 3884 Plin.
225 3867 261 3891 19,
276 3864 298 3888 8.

52 3891 220 3925 religiosior,
241 3894 371 3921 desertior
398 3894 511 3927 publicis
537 3896 651 3929 negotiis
671 3901 805 3932 repulsior.

27 3938 30 3942 ·
53 3927 171 3961 Impolita
185 3935 208 3954 et
221 3931 336 3957 incomta.
374 3930 429 3956 Cic.
444 3929 475 3956 de
491 3931 564 3956 Orat.
579 3939 610 3963 95
621 3940 643 3958 c.
659 3940 689 3965 ις

582 194 627 259 Ν
710 196 747 238 c

108 282 364 312 1Ncoc'1·11.18‚
399 280 454 309 vid.
493 289 688 324 1NcoQ⁷o.

108 319 358 347 INCOEle‚e.
380 316 439 343 Adi.
476 316 616 354 [mamas]
653 322 902 356 Qinoncoenauie.
939 320 1113 349 Plautssafin.

18 348 35 363 ²
72 356 99 380 4,
117 356 136 380 1,
152 354 177 377 18
199 348 262 376 Illae
275 358 364 377 autem
379 352 465 379 senem
480 355 618 382 incocneiu
632 357 771 384 extrudere
787 356 896 391 cupiunt
910 365 941 382 ex
957 357 1075 391 aedibus,
1088 365 1116 386 vt

61 382 143 418 *ipsae
163 384 232 410 solae
246 392 350 413 ventres
363 386 510 416 distendant
524 391 591 417 suos.

110 424 319 452 1NC0EN0,
343 426 395 449 are.
430 422 557 459 [δαπνέω]
595 426 643 452 Pro
667 426 781 453 coenare.
818 425 887 452 Suet.
911 426 1011 454 Tiber.
1038 438 1059 455 c.
1085 439 1116 462 39
1143 436 1157 463 5

33 462 35 464 ·
71 454 136 479 extr.
162 454 321 484 Incocnante
341 467 389 491 eo,
401 461 538 495 complura
557 467 582 488 et
601 461 719 496 ingentia
737 463 796 489 saxa
815 461 1060 502 fortuito-superne
1074 466 1117 492 de-

73 489 141 523 lapsa
159 489 226 517 sunt.

109 531 118 549 1
129 531 150 550 N
162 530 179 550 c
192 532 236 552 OE
247 534 267 553 N
278 529 394 560 [vsvs.
413 538 441 560 a,
461 539 515 556 um.
552 530 614 557 Adi.
649 530 788 565 [ἄδειπνος]
825 530 892 558 Idem
908 532 973 566 quod
993 535 1116 564 Ina-ornis.

72 559 155 586 Plaut.
168 561 258 588 Aulul.
274 572 299 595 2,
313 571 339 598 7,
354 567 370 591 6
403 565 496 600 Superi
514 566 645 594 incoenati
659 567 723 600 fint,
742 572 768 593 et
786 567 890 593 coenati
912 568 1002 595 inferi.
1048 572 1116 599 Cato

51 608 56 614 ι
72 602 94 620 c.
110 597 152 628 156
178 597 232 630 Qui
252 605 362 632 poturus
375 600 442 632 erit,
456 601 526 628 lauet
537 602 638 635 calida,
652 602 726 629 bibat
740 610 836 637 aquam
850 603 975 637 mulsam,
987 605 1063 633 cubet
1078 608 1116 634 in.

23 651 26 654 ,
71 636 203 658 coenatus.
240 634 313 670 Cous.
334 636 417 665 Scrib.
432 637 508 671 Larg.
523 638 689 672 Conni-140.

107 671 147 692 IN
158 672 176 694 c
187 674 230 693 or
243 675 289 696 ΡΤ
301 677 339 697 10
349 691 358 704 ,
378 677 424 698 etc.
441 679 500 708 pro
530 680 621 701 incr
633 679 648 699 r
658 679 726 700 Tio
755 673 857 709 quidam
874 673 1000 711 scribunt.

70 706 113 728 ΓΝ
125 708 142 728 ¹:
156 709 163 727 1
175 711 188 729 p
199 710 206 728 1
219 710 247 730 o.

92 750 95 752 ·
107 743 116 762 1
127 745 148 764 N
157 743 174 764 C
184 745 202 765 Ο
211 745 230 765 G
243 737 254 766 ἴ
263 745 283 765 Τ
293 746 312 766 0
321 760 328 768 .
350 744 402 768 Tire.
441 742 509 769 Idem
526 743 592 778 quod
602 743 716 779 Cogitare
735 743 763 770 in
778 745 819 770 vel
832 750 919 771 contra
931 746 1034 782 aliquem
1048 750 1116 777 Hor.

71 772 151 807 Epist.
166 782 189 806 2,
206 782 225 807 1,
242 783 287 801 127.
307 776 371 803 Non
384 777 504 804 fraudem
518 778 590 805 socio
602 787 719 814 puerone
733 780 860 815 incogitat
873 780 963 807 vllam.

108 815 117 834 1
128 816 149 834 N
158 815 174 835 C
184 816 203 836 O
212 816 232 837 G
242 813 251 836 ἰ’
260 818 280 837 Τ
290 818 311 838 Α
321 819 340 837 N
352 821 364 839 s
380 832 388 845 ,
414 814 490 839 antis.
527 813 587 840 Adi.
624 814 637 848 [
650 813 764 848 α’λόγιςος
777 817 790 850 ]
825 815 1014 850 Temerarius,
1032 822 1117 855 inquit

71 842 198 872 Donatus.
235 846 304 873 Ter.
319 847 425 875 l’horm.
440 857 462 881 3,
475 857 500 881 2,
515 857 543 881 14
570 849 680 876 Adeone
693 856 718 876 te
738 850 882 885 incogitant
900 860 926 877 m
939 860 1016 888 atque
1030 855 1116 890 impu-

69 878 176 906 dentem
190 880 332 915 Phaedria,
344 889 382 915 vt,
395 890 441 910 etc.
498 883 568 911 Ibid.
582 894 603 918 1,
616 894 638 918 3,
651 895 662 918 3
687 886 768 920 Qiod
789 887 818 913 ni
839 887 868 914 fu
881 887 942 914 ss‘ein
962 889 1115 926 inc-egimus,

72 921 119 942 etc.
155 918 254 944 Auson.
270 918 326 952 Sap.
343 918 486 946 Periandro
501 928 535 952 ις.

110 955 346 980 1Νο061ΤᾹΤ
358 961 417 987 vs,
435 963 464 987 a,
487 964 541 982 um.
576 955 638 982 Adi.

73 986 165 1013 Bacch.
180 996 206 1020 4,
225 996 247 1020 3,
268 997 278 1015 1
320 990 456 1023 Petulans,
477 997 620 1025 protertio,
641 991 769 1019 iracundo
788 993 894 1026 aninm,
913 995 1061 1030 indomito,
1077 1000 1115 1025 in-

70 1022 203 1056 cogitato:
222 1023 275 1050 fine
294 1024 415 1052 modoet
433 1025 562 1054 modestia
581 1027 645 1054 sum.
703 1028 837 1062 Lamprid.
853 1030 928 1056 Alex.
949 1041 970 1057 c.
984 1035 1013 1058 16
1046 1035 1115 1061 Dato

69 1057 155 1091 spatio
168 1058 200 1084 ad
214 1058 416 1094 disquirendum
429 1062 668 1097 cogitandumque,
682 1071 715 1089 ne
734 1064 873 1098 incogitati
889 1065 977 1093 dicere
992 1077 1116 1102 cogeren-

69 1098 123 1119 tur.
159 1095 295 1129 Accipieur
312 1096 354 1122 hic
369 1095 467 1123 aHiue:
478 1097 527 1134 sed
537 1097 631 1133 paffiue
645 1098 710 1133 apud
726 1099 878 1135 Sen.‹Epist.
893 1107 920 1134 58
933 1106 988 1138 (57)
1015 1105 1116 1133 Alacri-

69 1132 107 1154 tas
120 1128 265 1164 incogitata
283 1136 308 1156 et
324 1130 427 1158 iniuffa.

105 1168 443 1199 INCOGITABILIS,
463 1175 486 1194 e.
509 1167 569 1194 Adi.

1056 678 1116 706 Vid.

606 1167 619 1201 [
623 1169 811 1205 ἀπερίσκεπτος]
847 1172 922 1198 Idem.
959 1173 1039 1201 Plaut.
1053 1176 1115 1204 Mil.

67 1205 92 1228 2,
106 1200 129 1228 6,
144 1201 174 1231 63
212 1200 290 1227 Nunc
304 1200 411 1228 demum
425 1202 489 1236 scio,
502 1212 545 1229 me
557 1202 634 1229 fuisse
646 1204 803 1238 excordem,
823 1216 927 1234 caecum
936 1229 944 1241 ,
959 1210 1117 1246 incogitabi-

67 1232 130 1259 lem.
167 1235 242 1271 Conf.
257 1237 373 1264 Laetam.
390 1247 409 1270 1,
421 1243 444 1268 8.

103 1275 113 1294 1
124 1275 146 1295 N
156 1276 173 1296 c
183 1275 203 1296 ο
213 1278 233 1297 G
244 1277 253 1296 1
264 1279 286 1298 T
294 1279 314 1298 A
326 1280 346 1299 N
356 1280 375 1300 D
383 1280 404 1299 v
412 1281 425 1300 s
433 1293 441 1306 ,
460 1281 491 1305 a,
511 1281 566 1300 um.
598 1273 682 1301 Plaut.
698 1274 778 1303 Stich.
798 1285 819 1310 1,
833 1286 854 1311 1,
865 1284 898 1312 48
927 1280 1115 1317 Incogitandus

69 1305 186 1332 moeror.
224 1306 298 1334 Idem
313 1308 396 1335 Trin.
415 1317 441 1341 2,
454 1316 475 1338 1,
491 1317 511 1335 1.

105 1346 114 1364 1
124 1347 146 1366 N
154 1347 170 1368 c
179 1347 198 1367 ο
207 1348 227 1368 G
238 1349 246 1368 1
256 1350 277 1369 Τ
285 1350 307 1369 Α
318 1351 340 1370 Ν
349 1350 370 1370 Τ
380 1350 389 1368 1
398 1351 419 1370 A
427 1362 435 1374 ,
454 1352 493 1370 ae.
512 1343 532 1371 f.
558 1343 712 1380 [α’λογιςία]
746 1347 830 1375 Plaut.
838 1350 920 1377 Merc.
934 1352 1003 1386 prol.
1016 1361 1051 1389 27
1072 1355 1115 1381 In-

104 1417 145 1436 1N
156 1418 172 1438 c
184 1419 290 1440 ooNo
300 1420 313 1441 s
324 1420 383 1447 co,
404 1416 458 1441 ere.
496 1416 573 1452 Apul.
588 1417 660 1444 Flor.
675 1427 694 1451 4
711 1427 736 1452 p.
756 1420 815 1451 362,
827 1428 861 1446 22
887 1421 1000 1457 Propius
1017 1425 1116 1453 acceffit

23 1434 44 1496 Ἰ
63 1451 93 1473 vt
106 1446 187 1473 etiam
201 1448 409 1483 incognosceret.
445 1451 520 1487 Cous.
535 1454 556 1478 I.
569 1454 622 1479 Pie.
638 1453 753 1480 Mirand.
770 1453 846 1490 Epist.
863 1467 888 1491 4.

103 1486 371 1516 1NCOGNi'Tvs‚
391 1495 425 1515 a,
450 1495 504 1513 nm.
539 1487 599 1514 Adi.
636 1487 777 1524 [ἅγνωςος]

953 1530 1027 1557 Idem
1036 1532 1115 1559 Acad.

1045 1604 1116 1630 Ocu-

61 1622 97 1650 lis
117 1624 252 1659 incognita
273 1627 370 1653 nostris
398 1627 480 1655 Ouid.
500 1630 563 1656 Met.
587 1638 609 1662 2,
628 1634 672 1664 45.
746 1632 858 1659 Facinus
877 1635 934 1661 Sen.
948 1637 1020 1664 Med.
1041 1639 1058 1664 s.
1080 1648 1115 1666 12.

64 1659 170 1687 Natura
190 1660 333 1688 hominum
359 1664 415 1690 Cic.
429 1664 480 1690 Off.
498 1674 507 1691 1
528 1675 549 1691 c.
568 1674 601 1692 11.

63 1694 140 1730 Virg.
162 1698 226 1723 Aen.
246 1706 267 1730 1,
287 1706 340 1731 5¹9·
412 1699 549 1727 Vocabula
577 1701 657 1739 nobis
686 1702 821 1738 incognita
847 1706 904 1733 Cic.
917 1706 950 1733 de
962 1708 1022 1736 Fin.
1042 1718 1066 1743 3,
1084 1721 1112 1745 4.

100 1772 142 1791 IN
154 1772 291 1795 coGN0
303 1775 493 1804 sC1131L1s,
512 1779 535 1797 e.
558 1771 619 1797 Adi.
657 1773 838 1809 Iren.1nterp.
854 1784 874 1807 1,
890 1784 925 1802 12.

99 1807 109 1826 1
120 1808 141 1826 N
150 1808 167 1827 c
177 1810 195 1828 o
207 1809 228 1829 u
239 1810 249 1830 1
258 1810 273 1830 B
284 1811 299 1830 Ε
308 1812 320 1830 s
330 1812 346 1832 c
357 1811 376 1831 ο
387 1825 396 1837 ,
415 1807 467 1832 ere.
504 1807 632 1842 Affertur
651 1808 757 1835 Lucret.
778 1819 799 1841 3,
818 1819 871 1848 445
891 1811 919 1836 de
935 1814 1029 1844 anima,
1046 1815 1116 1840 aere

61 1835 110 1869 qui
124 1837 211 1863 credas
230 1839 300 1872 posse
313 1839 379 1866 hanc
400 1840 553 1868 cohiberier
566 1841 636 1873 vllo,
663 1843 785 1876 Corpore
803 1852 850 1877 qu1
864 1845 954 1871 nostro
974 1855 1049 1873 rarus
1061 1857 1114 1874 ma-
1124 1858 1158 1883 45·

60 1870 101 1904 gis
120 1870 314 1900 incohibescit?
335 1874 362 1900 h.
376 1884 394 1900 e.
417 1876 475 1900 Non
494 1876 597 1903 cohsbst.
647 1877 692 1909 In,
707 1886 795 1913 negare
813 1882 902 1905 nitent.-
925 1880 1113 1915 Cohibescere,

58 1905 124 1932 idem
136 1907 202 1942 quod
214 1908 337 1935 Cohibere.
373 1909 421 1937 Sed
434 1909 530 1942 editur,
543 1912 665 1946 Corpore
677 1913 724 1947 qui
738 1913 829 1940 nostro
842 1923 916 1941 rarus
929 1916 1012 1950 magis
1026 1918 1061 1951 (i.
1073 1928 1113 1944 να-

58 1943 129 1976 rior)
143 1951 188 1979 am
199 1944 239 1977 (i.
253 1945 327 1979 eam)
339 1944 490 1977 cohibeffit,
505 1949 523 1972 i.
537 1947 656 1976 cohibeat.
693 1949 782 1976 Plures
798 1949 827 1975 in
840 1950 991 1978 cohibeffit:
1014 1953 1077 1988 quid
1086 1953 1114 1987 fi

20 1984 27 1986 “
60 1976 99 2003 im
111 1977 172 2012 fuit
183 1979 348 2014 Accufiztiuus
369 1983 467 2015 generis
485 1985 640 2008 communis?
665 1990 730 2010 certe
744 1985 887 2011 Genitiuum
905 1986 978 2018 eius,
991 1989 1113 2014 Datiuum

59 2012 86 2039 ei
95 2032 103 2044 ,
113 2014 235 2047 pluralem
249 2014 283 2040 iis
297 2016 338 2040 vel
348 2014 409 2040 ibus
421 2024 556 2042 communes
568 2016 625 2050 effi,
639 2026 707 2043 nemo
719 2025 801 2054 negot.
826 2019 885 2046 Vid.
906 2027 955 2049 ΙΜ.

98 2055 138 2074 ΙΝ
147 2055 163 2075 C
172 2056 191 2076 o
201 2055 223 2075 H
232 2055 241 2074 1
251 2056 267 2076 Β
277 2056 286 2075 1
297 2056 311 2074 14
322 2057 331 2075 1
342 2055 354 2075 s
363 2069 372 2082 ,
393 2059 416 2076 e.
451 2050 513 2078 Adi.
550 2052 683 2079 Ammian.
697 2061 739 2086 24,
753 2062 770 2080 2
796 2054 945 2089 incohibili
961 2057 1037 2083 cursu
1050 2066 1111 2094 etra-

144 2084 460 2112 Vid.1NC01BILIS.

93 2127 104 2146 1
114 2126 136 2145 N
148 2125 165 2145 C
177 2126 196 2146 0
206 2128 214 2145 1
224 2123 282 2147 Bi'L
293 2127 301 2145 1
312 2127 340 2152 S,
361 2130 383 2147 e.
404 2120 466 2147 Adi.
501 2121 685 2158 [οἶσύμφυτος]
721 2124 796 2159 Quod
809 2128 875 2151 coire
886 2132 911 2152 et
926 2129 1046 2163 coniungi
1062 2137 1111 2154 non

6 2187 7 2190 Ἰ
28 2171 31 2185 ;
53 2153 146 2191 potest.
181 2156 251 2182 Gell.
268 2164 290 2188 ς,
302 2165 314 2188 3
336 2156 417 2183 Videt
437 2156 510 2184 enim
529 2166 588 2184 cum
608 2158 659 2184 illo
680 2167 775 2193 genere
790 2160 880 2187 oneris
897 2166 950 2187 tam
969 2162 1110 2196 impedito,

900 2195 950 2223 Sed
966 2199 994 2222 in
1005 2199 1063 2224 MS.
1085 2203 1109 2224 et
1124 2202 1152 2228 53
1172 2202 1313 2228 nouissimo
1328 2201 1372 2228 die

58 2199 89 2217 ac
109 2196 163 2216 tam
182 2190 325 2223 incoibili,
345 2191 425 2219 facile
444 2198 524 2229 atque
536 2193 659 2228 expedite
672 2194 846 2222 incedentem.

720 2248 723 2249 γ
736 2263 816 2298 Vulg.
830 2264 881 2290 Int.
895 2264 953 2299 Sap.
968 2270 991 2297 8,
1006 2274 1049 2293 20.

858 2300 1012 2328 Inbabitare.
1049 2301 1107 2329 Cic.

925 2337 1045 2364 Castrum
1066 2338 1107 2365 in-

95 2267 424 2302 1Nco1NQV1NA'1·
437 2269 495 2295 vs,
514 2272 543 2295 a,
563 2272 617 2289 um.
637 2262 699 2290 Adi.

94 2303 103 2321 1
115 2303 137 2322 N
147 2303 163 2324 C
172 2295 215 2324 (31.
224 2304 259 2330 Ο,
284 2297 328 2329 111,
354 2298 456 2328 ultum,
480 2300 534 2325 ere.
571 2299 585 2331 [
596 2299 688 2330 ἐπαΐω,
706 2297 792 2325 ἐνοικέω
804 2301 816 2334 ]

58 2332 136 2358 Verr.
150 2342 177 2365 4,
193 2341 218 2358 21
244 2333 321 2365 Lycii
341 2332 429 2364 illam,
446 2333 540 2365 Graeci
555 2332 676 2361 homines
689 2334 852 2361 incolebant.

58 2367 145 2393 colere
165 2367 240 2394 Idem
254 2367 337 2394 Tusc.
358 2376 384 2400 2,
403 2376 433 2400 23
448 2376 477 2394 ex
494 2369 597 2404 quodum
611 2370 696 2396 Poeta.

58 2411 80 2429 c.
95 2411 129 2435 17.
200 2402 301 2429 Locum
319 2403 438 2438 aliquem
456 2403 514 2432 Cic.
530 2405 611 2431 Tusc.
630 2413 650 2437 1,
663 2414 694 2432 11.
730 2405 762 2431 Et
777 2406 855 2432 Acad.
876 2416 904 2440 4,
926 2415 978 2442 137.

57 2437 109 2464 stra
127 2437 173 2464 Sil.
187 2443 210 2468 8,
225 2445 281 2473 573.
334 2439 433 2465 Lucan.
448 2446 469 2470 1,
482 2447 538 2472 449
562 2439 683 2467 Nemora
696 2440 749 2467 alta
761 2442 872 2468 remotis
895 2443 1016 2470 Incolitis
1029 2444 1104 2473 lucis.

57 2473 226 2500 Pseudo-Cic.
239 2480 326 2508 anteq.
341 2473 393 2500 iret
407 2474 436 2499 in
446 2474 508 2499 cxil.
518 2483 551 2507 24
572 2476 733 2511 Caeterique
746 2476 785 2503 dii
801 2477 917 2513 deaeque
931 2478 1108 2513 immortales,

57 2508 105 2544 qui
121 2509 262 2536 excellenti
281 2508 385 2535 tumulo
405 2509 522 2536 ciuitatis
542 2511 628 2538 sedem
644 2512 774 2546 Capitolii
794 2513 822 2539 in
836 2514 898 2540 saxo
913 2514 1031 2542 incolitis
1045 2525 1106 2542 con-

56 2545 184 2572 stitutam.
255 2544 358 2571 Terras
373 2553 434 2579 gens
447 2545 542 2572 incolit
554 2547 652 2574 Lucan.
665 2556 692 2581 9,
705 2553 756 2580 891.

58 2580 150 2606 colunt
171 2579 243 2606 Caes.
256 2580 284 2606 Β.
300 2580 337 2606 G!
348 2588 366 2611 1,
381 2588 400 2606 1.

1053 2410 1105 2436 Lu-

470 2581 538 2608 Ter.
552 2583 648 2609 Heaut.
662 2592 681 2616 1,
696 2592 716 2616 1,
728 2591 755 2617 35
783 2583 854 2610 Nam
872 2595 954 2620 vsque
973 2587 1036 2614 dum
1058 2588 1105 2614 ille

15 2631 17 2636 ·
57 2617 151 2643 Vitam
165 2614 238 2640 illam
251 2615 343 2641 incolit
361 2615 487 2650 inopem,
505 2625 594 2644 carens
610 2619 710 2653 patria,
723 2619 759 2646 ob
774 2628 843 2646 meas
862 2621 982 2648 iniurias.
1008 2624 1066 2650 Alii
1080 2630 1105 2650 et

58 2653 178 2682 meliores,
193 2650 275 2677 Colit.
333 2651 420 2678 Incoli
432 2651 504 2679 locus
513 2653 606 2688 paffiue
616 2653 726 2686 dicitur,
747 2655 798 2690 Qss‘
805 2655 955 2692 frequentia
967 2664 998 2692 po
1017 2659 1053 2685 uli
1065 2659 1107 2685 ab·

57 2686 145 2712 undat.
182 2685 238 2712 Cic.
253 2686 285 2713 de
299 2686 392 2713 Diuin.
407 2695 425 2724 1ξ
438 2696 469 2720 93
493 2689 530 2714 Ex
546 2689 611 2715 locis
628 2698 737 2725 quoque
750 2690 826 2724 ipfis,
847 2700 915 2726 quae
928 2701 942 2719 a
954 2665 1105 2729 quibusque

57 2720 253 2748 incolebantur.

94 2763 103 2781 1
115 2763 137 2781 N
147 2762 165 2783 c
176 2763 194 2782 o
206 2764 222 2782 L
233 2763 252 2782 o
261 2777 269 2790 ,
289 2760 342 2784 are.
364 2757 440 2784 Idem.
463 2757 584 2786 Tertull.
596 2758 629 2786 de
642 2760 749 2787 Resurr.
764 2761 842 2788 Carn.
857 2771 878 2788 c.
893 2764 932 2789 26.

94 2799 104 2817 1
114 2797 161 2817 Nc
172 2789 191 2818 ὅ
203 2798 219 2817 1.
230 2799 250 2819 Α
260 2812 267 2824 ,
287 2801 325 2829 ae.
344 2802 365 2819 c.
403 2793 519 2826 [ἒίιοικος,
532 2794 647 2830 οἰκήτωρ]
683 2797 735 2831 Qui
746 2799 773 2822 in
784 2797 866 2823 aliena
879 2801 993 2859 Ἔςίοηε,
1005 2799 1047 2826 vel
1061 2808 1104 2827 vr-

907 2854 912 2860 .
928 2843 947 2867 1,
963 2843 1002 2868 ¹25
1027 2835 1103 2862 Pere-

58 2862 130 2897 grini
149 2868 238 2889 autem
257 2869 337 2898 atque
350 2864 452 2890 incolae
471 2863 589 2892 officium
603 2865 653 2898 est,
669 2866 738 2894 nihil
758 2875 860 2901 praeter
873 2870 947 2896 suum
963 2871 1102 2905 negotium

276 2899 450 2934 Pythagoram
464 2900 707 2937 Pythagoreosque,
720 2903 819 2930 incolas
833 2914 914 2940 paene
929 2905 1031 2933 nostros
1045 2907 1101 2934 Cic.

547 3009 664 3036 Incolam
682 3016 707 3036 et
721 3011 807 3037 ciuem
825 3013 908 3039 totius
922 3014 1016 3040 mundi
1031 3015 1103 3041 arbi-

641 3045 738 3072 Nouns
761 3048 827 3074 Hor.
850 3049 930 3076 Serm.
950 3058 983 3081 2,
1001 3059 1030 3083 2,
1047 3057 1100 3081 128.

594 3079 691 3108 Turba
716 3082 789 3109 Idem
803 3083 868 3110 Fast.
883 3094 902 3117 3,
916 3090 969 3118 582.

58 3110 90 3137 de
105 3111 141 3137 N.
156 3111 189 3137 D.
204 3120 230 3142 2,
244 3121 292 3145 140
325 3114 388 3140 Sunt
408 3114 480 3140 enim
499 3123 530 3141 ex
546 3120 615 3142 terra
635 3116 772 3150 homines,
792 3128 845 3145 non
860 3126 888 3147 vt
907 3120 1009 3148 incolae
1021 3129 1100 3158 atque

577 3152 729 3187 superarum
747 3163 837 3181 rerum
849 3162 929 3191 atque
942 3157 1100 3186 caelestium.

559 3187 677 3214 Orientis
690 3189 794 3217 incolae
805 3191 871 3218 Plin.
885 3202 907 3225 2,
921 3200 965 3226 70.
1024 3193 1099 3221 Idem

59 3226 97 3249 12,
111 3226 122 3249 3
143 3216 192 3243 Sed
207 3226 274 3252 quae
286 3228 318 3246 ex
335 3221 375 3248 his
386 3221 415 3247 in
432 3221 580 3249 incolarum
595 3233 708 3251 numero
722 3226 770 3252 etse
783 3235 908 3262 coepere,
922 3228 1045 3256 dicentur
1060 3230 1100 3256 in-

57 3259 100 3280 ter
114 3252 266 3279 fru&ife1·as
276 3274 283 3285 ‚
305 3259 324 3281 i.
342 3257 456 3290 arbores,
471 3266 530 3293 quae
548 3260 662 3286 coluntur
676 3267 699 3286 et
709 3262 829 3295 struntur
841 3263 909 3299 apud
919 3273 971 3290 nos.

58 3298 84 3322 9,
99 3296 128 3322 ¹7
153 3288 393 3331 Admouitquefibi
415 3293 475 3328 gula
490 3295 593 3329 sapores
608 3295 721 3329 piscibus
734 3298 807 3331 satis,
828 3306 853 3325 et
871 3308 970 3326 nouum
985 3300 1102 3328 incolam

57 3324 127 3352 mari
142 3323 225 3356 dedit,
245 3333 278 3350 ne
291 3326 349 3359 quis
364 3329 512 3364 peregrinas
525 3339 585 3356 aues
593 3332 693 3358 Romae
706 3342 796 3368 parere
806 3335 927 3362 miretur.
991 3336 1100 3364 Phaedr.

60 3368 81 3392 1,
93 3367 114 3392 ς,
130 3362 146 3385 6
165 3359 194 3385 de
208 3361 305 3392 Rarus,
335 3363 469 3394 Quaedam
489 3372 545 3393 tum
569 3367 649 3402 stagni
667 3368 762 3396 incola.
831 3372 964 3405 Corrupta
977 3372 1048 3407 quod
1062 3373 1102 3399 in-

55 3182 123 3209 Loci
136 3181 249 3209 alicuius
261 3183 317 3211 Cic.
330 3185 362 3212 de
376 3185 431 3211 Fin.
447 3194 469 3218 ς,
484 3195 504 3217 3.

59 3436 61 3438 ·
95 3437 343 3462 1ΝοοιΛΤνε,
365 3431 403 3459 fis.
424 3443 459 3462 m.
497 3438 627 3465 Habitatio

57 3465 119 3500 Dig.
141 3466 172 3492 de
192 3467 322 3500 Municip.
343 3467 460 3496 Tertull.
480 3471 511 3498 de
524 3474 620 3501 Anima
635 3484 683 3508 c.5
716 3482 760 3510 pr.
781 3483 805 3503 et
827 3478 903 3512 Apol.
923 3487 944 3503 c.
965 3486 1002 3504 22.
1028 3486 1052 3505 et
1066 3479 1099 3506 de

57 3501 164 3528 Resurr.
178 3510 199 3527 c.
217 3505 253 3528 26.
291 3503 364 3538 (ἶφι-ί.
387 3503 477 3536 Poster.
491 3508 576 3536 cellar.
590 3511 648 3538 Cur.
668 3521 684 3537 υ
700 3514 711 3536 i
726 3515 830 3547 antiqua
849 3523 878 3539 rx
899 3513 1025 3540 Hadriani
1040 3524 1100 3541 aeuo

55 3537 502 3599 {Cgiisstilixlst'rspno’OMNIA
536 3545 610 3572 PER
645 3547 800 3574 OPPIDA
825 3548 1100 3577 INCOLATVM

94 3615 188 3635 1ch
201 3615 319 3641 LTVS,
337 3618 369 3641 a,
395 3618 449 3636 um.
492 3612 551 3642 Adi.

57 3643 114 3670 Cic.
129 3644 161 3670 de
174 3644 211 3671 N.
227 3645 257 3670 D.
275 3653 292 3675 1,
308 3654 341 3677 24
364 3654 385 3670 c.
399 3653 428 3671 10
463 3646 567 3675 Terrae
583 3652 704 3685 regiones
725 3654 911 3682 inhabitabiles
930 3661 955 3681 et
974 3655 1098 3683 incultae.

57 3678 99 3705 Sic
111 3680 177 3714 apud
190 3680 287 3706 cundem
302 3680 333 3705 de
348 3680 416 3706 Clar.
431 3681 505 3709 Orat.
518 3687 545 3709 16
575 3685 664 3715 Serere
682 3689 710 3716 in
729 3690 830 3717 inculto
848 3697 873 3718 et
887 3690 1016 3717 derelicto
1030 3691 1097 3718 solo.

57 3713 128 3748 Ager
148 3714 205 3742 Cic.
226 3724 274 3749 pro
293 3716 367 3742 Rosc.
381 3717 458 3742 Com.
478 3725 515 3749 33.
529 3752 533 3756 ⁵
549 3719 608 3748 Liu.
621 3731 644 3755 2,
658 3732 696 3756 34.
768 3727 864 3761 Capilli
879 3726 961 3754 Ouid.
976 3727 1054 3760 Epist.
1071 3736 1097 3760 9,

179 3752 297 3785 Corpus,
314 3753 467 3778 [nornatum.
503 3753 558 3778 Cle.
572 3764 619 3788 pro
632 3758 662 3785 L.
676 3760 767 3795 Agma
782 3771 804 3794 2,
820 3771 843 3795 ¹3
857 3772 878 3789 c,
893 3771 905 3795 ς
931 3762 1035 3789 Vestitu
1049 3762 1097 3789 ob-

54 3819 109 3846 illis
127 3823 205 3848 terris
216 3823 348 3857 asperius,
369 3823 432 3857 quid
452 3823 578 3850 incultius
591 3825 703 3860 Oppi‘dis
721 3833 777 3859 Cic.
790 3833 822 3860 de
837 3835 914 3860 Pron.
929 3834 1007 3860 Cons.
1024 3843 1046 3859 c.
1062 3843 1094 3860 12.

336 3859 403 3885 Cato
415 3858 482 3892 opud
493 3859 557 3885 Fest.
575 3869 633 3886 voce
646 3862 794 3899 Repulfior,
818 3870 862 3896 Ne
880 3870 939 3904 quis
958 3869 1096 3902 incultior,

877 3905 973 3932 Oratio
993 3906 1096 3940 scripta,

53 3960 59 3964 ι
582 3966 586 3970 ἱ
716 3935 751 3961 Vt
765 3940 894 3973 canatis,
908 3950 942 3967 ne
954 3941 1032 3968 exilis
1041 3962 1049 3974 ,
1062 3949 1095 3967 ne

50 3962 150 3989 inculta
171 3963 201 3990 fit
220 3965 304 3992 vestra
317 3966 420 3998 oratio,
433 3975 466 3993 ne
485 3966 616 4001 vulgaris,
629 3976 662 3994 ne
675 3967 802 4000 obsoleta.

203 4004 288 4028 v01..
324 4002 365 4029 ΙΙ.

1128 615 1159 634 10
1183 612 1249 637 serta
1263 612 1296 638 ab
1309 612 1403 638 amicis
1415 620 1469 638 non
1483 613 1563 646 port-ll
1582 614 1629 639 css‘e
1643 614 1756 642 iucunda
1777 617 1816 643 Id.
1830 617 1862 642 dc
1877 617 1984 645 Amicit.
1999 627 2033 651 15.

1136 794 1162 821 15
1179 789 1276 816 stiliter
1296 789 1410 816 sublatos
1431 790 1488 816 effe.

672 955 885 992 [οἷμεπιλόγιςος]
921 959 996 986 Idem.
1032 962 1114 990 Plaut.
1129 975 1164 994 20
1180 966 1282 1001 semper
1294 966 1394 993 inculte
1407 973 1485 1001 atque
1499 967 1622 995 horride:
1643 974 1734 995 natura
1748 969 1816 996 tristi
1829 980 1857 997 ac
1873 972 2007 999 recondita
2023 974 2084 1000 fuit.

1174 1009 1235 1037 par.
1263 1001 1364 1028 Sallust.
1378 1002 1497 1042 'I-ugurth.
1512 1012 1534 1029 c.
1551 1012 1578 1036 19
1604 1004 1686 1038 Super
1698 1004 1856 1032 Numidiam
1871 1008 1980 1034 Gctulos
2000 1010 2147 1044 accepimus
2168 1019 2226 1045 par-

1132 1334 1165 1358 30
1179 1328 1232 1349 tur.

201 1518 207 1523 ⁵
491 1522 497 1526 Ι
582 1523 586 1527 .
631 1523 636 1528 .
782 1525 786 1530 .
816 1492 874 1518 Non
896 1496 1019 1530 cognitus.
1058 1496 1114 1524 Cic.
1130 1507 1158 1534 35
1178 1501 1243 1527 lent.

21 1524 27 1552 ς
45 1528 48 1529 ’
65 1525 115 1551 pro
129 1518 235 1545 Caecin.
250 1528 281 1552 29
307 1521 378 1548 Dum
390 1522 525 1556 incognita
539 1531 567 1549 re
581 1523 700 1550 iudicare
713 1524 844 1558 voluiss'et,
858 1534 903 1554 etc.

66 1560 94 1584 1,
112 1563 152 1588 44
185 1555 261 1588 Qiae
280 1557 339 1582 esset
357 1557 506 1590 imbecilla,
533 1564 559 1584 et
576 1567 636 1585 cum
655 1559 722 1586 falso
738 1560 931 1599 incognitoque
956 1568 1114 1595 comm—inis.

16 1591 18 1594 '
63 1588 219 1622 Vitandum,
227 1599 260 1617 ne
274 1591 409 1626 incognita
424 1601 472 1627 pro
486 1594 600 1627 cognitis
613 1594 755 1622 habeamus
768 1597 824 1623 Cic.
837 1599 890 1625 Off.
905 1608 914 1626 1
927 1609 948 1626 c.
963 1603 987 1627 6.

674 1666 725 1692 Res
745 1667 881 1703 incognita
902 1671 991 1699 turbat
1009 1674 1113 1701 animos
1121 1684 1158 1709 40

1127 2035 1159 2061 50
1174 2035 1253 2053 nemo
1266 2027 1302 2053 est
1315 2027 1361 2062 qui
1381 2035 1435 2053 non
1455 2027 1544 2061 cupiat
1569 2028 1626 2055 Cic.
1641 2027 1673 2054 de
1688 2029 1794 2056 Inuent.
1810 2039 1829 2062 1,
1841 2035 1880 2062 48.

763 2371 861 2397 Delum
881 2370 920 2397 Id.
941 2372 1005 2399 Diu.
1026 2375 1104 2401 Verr.
1118 2376 1154 2401 60

827 2548 917 2576 TUUS
930 2550 1052 2578 Rhenum
1066 2552 1105 2578 in·
1121 2557 1153 2589 65
1168 2557 1289 2583 mitatem
1299 2577 1307 2589 ‚
1326 2557 1609 2593 conseruationemque
1638 2567 1759 2585 omnium
1790 2561 1914 2594 partium.

1117 2742 1153 2769 70
1168 2733 1231 2761 ditis
1248 2735 1320 2761 Caes.
1337 2735 1365 2762 B.
1379 2735 1409 2762 C.
1430 2744 1453 2768 3,
1475 2741 1515 2765 28.

1026 3265 1100 3292 Idem
1113 3275 1142 3303 85

644 3439 694 3473 fine
712 3442 827 3467 ciuitatis
841 3444 903 3468 iure.
940 3442 1052 3470 Modest.
1067 3452 1101 3478 34
1114 3460 1150 3484 90
1165 3458 1198 3475 ne
1212 3458 1254 3476 me
1267 3449 1427 3476 incomities.
1447 3450 1595 3485 Antiquam.

1144 3523 1233 3553 «teris.
1271 3521 1351 3547 Gloss.
1370 3519 1459 3548 Ifidor.
1487 3522 1622 3548 Incomma
1641 3523 1762 3548 mensura
1781 3523 1908 3550 militum.

587 3616 749 3653 [οἷνίργαςος]
787 3620 844 3646 Non
864 3621 958 3650 cultus,
972 3619 1098 3647 horridus.
1112 3630 1144 3657 95

1582 206 1597 245 1
1689 208 1731 246 N
1826 214 1859 250 C

1182 290 1319 326 losophiae
1339 283 1438 318 inculta
1457 298 1482 319 et
1501 292 1601 321 deserta
1619 294 1656 321 cst
1682 295 1739 322 Cic.
1753 296 1805 323 Off.
1826 306 1846 330 3,
1867 307 1888 330 ς.

2138 209 2230 266 1050

1182 327 1303 354 Caeteras
1316 328 1402 354 Partes
1419 328 1544 360 incultas,
1564 331 1634 365 qnod
1652 339 1697 358 aut
1710 330 1813 366 frigore
1827 334 1937 367 rigeant,
1952 301 2228 366 εἷιῗίρῐιῃιὲῑῐιιιξᾷεέἷοξὲ

1182 362 1287 389 Ρίἑὶιιιᾞ
1301 362 1424 394 horrida,
1444 363 1556 396 inculta,
1577 366 1667 393 abdita
1681 374 1705 394 et
1720 376 1814 402 opaca:
1834 372 1874 394 cui
1887 375 2017 404 opponitur
2034 374 2137 407 Nitida,
2151 376 2227 408 laeta,

1183 398 1332 425 collustrata
1352 398 1409 425 Cic.
1424 399 1452 424 in
1465 400 1538 426 Orat.
1553 404 1591 432 36.
1664 403 1750 437 Regio
1763 403 1800 429 est
1815 402 1942 430 incultior
1961 408 2029 434 Mela
2044 418 2064 438 2.
2077 419 2095 437 1.
2167 411 2228 437 Sen-

1185 440 1221 459 tes
1238 434 1332 460 inculti
1355 434 1430 469 Virg.
1447 435 1497 461 licl.
1519 446 1545 469 4,
1562 445 1603 470 29.
1674 438 1785 473 Squalor
1808 439 1898 466 Senec.
1919 440 2028 475 Hippoi.
2051 447 2075 470 6.
2147 446 2227 472 Parti.

1184 469 1275 495 monia
1291 469 1419 496 rusticana
1434 470 1480 496 illa
1500 476 1577 505 atque
1592 473 1690 500 inculta
1709 474 1765 501 Cic.
1780 483 1829 509 pro
1844 475 1937 509 Quint.
1950 484 1991 508 92.
2064 480 2112 506 Via
2127 481 2226 507 inculta

1183 511 1208 530 et
1222 504 1343 531 siluestris
1363 505 1434 532 Idem
1449 504 1480 531 de
1493 505 1562 532 Clar.
1576 508 1649 535 Orat.
1664 518 1720 541 259.
1791 512 1885 537 Versus
1904 512 1973 538 Hor.
1994 512 2072 546 Epist.
2089 524 2113 546 2,
2135 525 2153 547 1,
2173 525 2227 548 233.

1183 540 1235 565 Vir
1248 540 1421 567 subliorridus
1440 547 1466 567 et
1483 541 1596 568 incultus
1611 544 1667 570 Cic.
1683 545 1714 571 de
1731 545 1799 572 Clar.
1814 547 1887 573 Orat.
1903 555 1948 580 117.
2021 549 2072 574 Vir
2092 550 2227 584 horridus,

1183 575 1314 608 incultus,
1328 577 1441 603 moestus
1458 576 1530 602 Idem
1545 578 1602 603 Post
1616 579 1669 607 red.
1689 580 1716 605 in
1730 581 1813 607 Senat.
1835 590 1871 607 11..
1944 582 2007 609 Vita
2027 584 2125 610 inculta
2138 593 2161 611 ct
2182 587 2226 612 de-

2107 621 2167 647 Vita
2188 622 2226 646 in-

1181 648 1250 672 culta
1263 654 1289 673 et
1303 647 1426 678 horrida,
1444 650 1484 673 cui
1497 654 1629 683 opponunt·
1642 650 1759 678 Delicata
1773 652 1828 679 Cic.
1842 661 1890 687 pro
1905 654 2076 681 Rosc.Ame1-.
2091 663 2128 682 22.
2155 656 2225 683 Add.

1182 681 1256 708 Idem
1272 682 1304 708 de
1318 683 1387 709 Clar.
1399 684 1474 710 Orat.
1489 692 1511 709 c.
1525 692 1558 715 31.

1219 724 1226 743 1
1245 725 1266 744 Ν
1281 725 1298 745 c
1312 726 1333 745 v
1350 726 1366 745 1,
1380 725 1401 745 Τ
1417 725 1437 743 ν
1453 726 1483 751 S,
1503 718 1542 745 sus,
1580 728 1615 745 m.
1638 725 1792 748 contrarium
1805 723 1903 750 Cultui.
1958 725 2019 752 Liu.
2034 734 2077 760 42,
2092 735 2119 752 12
2161 726 2226 753 Suo·

1180 752 1294 780 honores
1314 754 1410 788 partim
1428 753 1543 782 desectos
1564 763 1610 788 per
1628 755 1756 784 incultum
1776 767 1805 785 ac
1824 759 2028 794 negligentiam,
2056 762 2152 796 partim
2178 762 2227 788 ho-

1545 790 1603 818 Sen.
1616 791 1695 826 Epist.
1708 801 1730 825 ς.
1775 793 1875 821 Sallust.
1894 795 1973 822 Catil.
1995 804 2031 829 55.
2057 804 2081 823 et
2102 797 2224 833 Iugurth.

1178 833 1201 851 c.
1215 833 1227 850 2
1240 832 1305 851 extr.

1215 866 1257 886 IN
1267 865 1283 885 C
1293 867 1313 887 V
1322 867 1338 886 L
1347 867 1368 886 T
1378 866 1404 886 E.
1441 860 1508 887 Adu.
1545 862 1558 896 [
1569 861 1753 897 οἷνοιργασμὲνως
1766 865 1778 898 ]
1821 865 1946 897 Hordiis,
1958 868 2080 894 inornate.
2122 868 2178 895 Cic.
2193 867 2225 895 de

1179 895 1250 922 Clar.
1266 896 1339 922 O:at.
1353 903 1400 929 107
1430 895 1458 921 Et
1479 896 1567 923 dicere
1581 906 1635 923 non
1656 898 1754 925 inculte
1775 899 1884 927 solebat.
1955 902 2055 929 Inculte
2076 909 2101 929 et
2115 902 2225 930 horride

1179 930 1283 966 aliquid
1297 931 1385 957 dicere
1398 930 1472 957 Idem
1488 932 1516 957 in
1529 932 1603 959 Orat.
1618 938 1648 963 28
1664 943 1685 959 c.
1699 935 1724 960 6.
1796 937 1827 961 lit
1839 944 1888 970 pro
1902 937 1996 970 Quint.
2011 945 2043 972 73
2063 939 2137 966 Vixit
2153 941 2225 966 enim

2157 976 2225 1001 (iom-

1180 1038 1230 1064 tim
1247 1036 1276 1063 in
1295 1045 1427 1072 tuguriis,
1443 1038 1512 1064 alios
1532 1038 1657 1065 incultius
1669 1048 1748 1073 vagos
1765 1041 1873 1073 agitare.
1910 1044 1983 1069 Idem
1997 1053 2017 1070 c.
2035 1049 2066 1077 89
2102 1046 2133 1072 In
2149 1046 2224 1073 omni

1181 1072 1286 1105 Africa,
1301 1082 1367 1108 quae
1381 1073 1472 1107 procul
1487 1083 1501 1100 a
1516 1074 1585 1100 mari
1598 1074 1725 1100 incultius
1738 1077 1839 1109 agebat.

1216 1115 1256 1134 IN
1266 1115 1283 1135 C
1292 1116 1311 1136 Ο
1320 1116 1336 1135 L
1346 1116 1365 1135 o
1374 1116 1392 1135 R
1400 1129 1409 1141 ,
1428 1109 1493 1136 oris.
1528 1108 1622 1145 οἲχρῶος
1636 1109 1715 1136 Gloff.
1730 1111 1775 1137 Gr.
1792 1111 1849 1137 Lat.
1863 1113 1942 1139 colore
1954 1112 2094 1146 dffiseutut.

1216 1150 1283 1170 1NC
1296 1150 1533 1177 oroRATvs,
1552 1153 1583 1176 a,
1600 1154 1655 1171 um.
1676 1145 1738 1172 Adi.
1778 1146 1848 1173 Vnde

1217 1186 1257 1205 IN
1268 1186 1285 1206 c
1295 1186 1313 1206 O
1326 1187 1369 1206 Lo
1378 1187 1396 1206 R
1406 1187 1427 1206 A
1436 1187 1457 1207 Τ
1467 1187 1493 1207 E.
1515 1180 1583 1207 Adu.
1619 1181 1769 1208 incolorate
1781 1181 1884 1208 restitui
1898 1181 2045 1210 desiderans
2058 1185 2075 1212 l.
2091 1190 2115 1215 18
2131 1185 2175 1222 §.1
2190 1187 2224 1214 D.

1180 1214 1213 1242 de
1226 1215 1355 1241 minorib.
1374 1218 1393 1241 i.
1412 1215 1501 1252 absque
1508 1222 1641 1252 praetextu
1652 1216 1678 1252 s.
1693 1218 1785 1250 titulo,
1800 1221 1843 1254 qui
1855 1217 1930 1244 color
1941 1220 2064 1246 interdum
2079 1229 2189 1247 uocatur.

1215 1258 1225 1277 1
1236 1257 1257 1276 N
1267 1257 1283 1278 C
1293 1258 1312 1276 Ο
1321 1248 1400 1277 ΙΛῗΜ
1409 1257 1419 1276 1
1429 1258 1442 1278 S
1452 1271 1460 1283 ‚
1487 1260 1510 1277 e.
1555 1251 1616 1278 Adi.
1653 1253 1665 1285 [
1677 1251 1811 1285 οἷέῗλαβῆς,
1828 1252 1908 1280 ἄνοσος
1920 1255 1933 1288 ]
1979 1256 2059 1281 Sanus·
2084 1263 2107 1282 et
2128 1257 2226 1292 saluus.

1184 1286 1291 1313 Videtur
1305 1286 1401 1312 aedium
1414 1286 1537 1321 epitheton
1547 1290 1658 1322 primum
1666 1287 1757 1323 fuzstiss
1772 1296 1890 1324 qua-‘enus
1905 1289 2038 1317 columine
2040 1292 2086 1327 suo
2100 1296 2226 1318 conuncu-

1273 1322 1332 1348 Vid.
1345 1331 1401 1348 mox
1415 1321 1499 1348 Aedes
1514 1322 1669 1349 incolumes.
1710 1325 1779 1350 Ter.
1794 1325 1889 1351 Heaut.
1904 1334 1923 1357 1,
1936 1334 1962 1357 2,
1975 1335 2003 1359 19
2033 1327 2105 1361 Quid
2124 1328 2226 1362 reliqui

1179 1357 1215 1383 est
1235 1357 1301 1392 quin
1322 1357 1432 1389 habeat,
1452 1366 1519 1392 quae
1540 1358 1648 1392 quidem
1670 1359 1698 1384 in
1718 1358 1828 1386 homine
1847 1360 1970 1388 dicuntur
1990 1362 2073 1393 bona,
2087 1364 2225 1397 parentes,

1178 1394 1291 1428 patriam
1304 1393 1466 1419 incolumem
1475 1413 1483 1425 ,
1496 1393 1612 1426 amicos,
1629 1403 1726 1428 genus,
1742 1402 1881 1430 cognatos,
1894 1395 2019 1424 diuitias?
2053 1398 2125 1425 Idem
2141 1399 2224 1426 Andr.

1179 1437 1203 1462 3,
1218 1436 1241 1461 5,
1254 1437 1266 1462 ς
1285 1428 1391 1455 Posthac
1405 1428 1567 1455 incolumem
1580 1430 1615 1456 sat
1630 1430 1683 1456 scio
1697 1430 1757 1457 fore
1770 1437 1827 1464 me,
1842 1440 1909 1458 nunc
1922 1432 1939 1458 fi
1953 1432 2045 1459 deuito
2057 1433 2107 1460 hoc
2115 1435 2224 1461 malum.

1181 1465 1238 1491 Cic.
1252 1464 1284 1491 de
1296 1464 1354 1491 Fin.
1370 1473 1398 1497 4,
1415 1473 1443 1498 19
1470 1466 1505 1490 Vt
1519 1466 1545 1490 se
1556 1471 1581 1491 et
1595 1465 1696 1492 saluum
1710 1466 1739 1492 in
1753 1467 1800 1493 suo
1815 1476 1926 1501 genere,
1941 1468 2156 1504 incolumemque
2171 1470 2225 1497 vel-

1312 1499 1419 1534 Qiibus
1433 1500 1614 1527 incolumibus
1634 1507 1660 1527 et
1673 1501 1747 1528 domi
1765 1502 1894 1538 dignitas,
1907 1509 1933 1529 et
1946 1504 2013 1531 foris
2026 1505 2169 1532 audior-itas
2183 1515 2226 1532 re·

1179 1536 1311 1562 tineretur
1328 1535 1385 1562 Cic.
1401 1544 1451 1570 pro
1464 1536 1539 1563 Rosc.
1555 1538 1644 1563 Amer.
1660 1540 1712 1569 136.
1731 1538 1756 1564 h.
1768 1548 1788 1565 e.
1809 1537 1985 1574 Suprrstitibus
1998 1546 2022 1565 et
2033 1543 2110 1567 uiuis.
2182 1543 2225 1568 ln<

1178 1571 1283 1598 colunne
1304 1576 1331 1598 et
1349 1571 1450 1597 saluum
1467 1571 1570 1606 aliquid
1609 1581 1638 1599 er
1656 1573 1739 1599 alium
1760 1574 1875 1601 retinere
1906 1574 1981 1601 Idem
1999 1576 2062 1602 Diu.
2085 1578 2160 1603 Verr.
2180 1584 2225 1611 72.

1178 1608 1342 1634 Conseruare
1355 1607 1534 1640 incolumem,
1553 1610 1582 1633 υἱ
1601 1628 1608 1634 .
1627 1613 1816 1636 CONSERVO.
1886 1610 2051 1637 Incolumem
2071 1613 2096 1637 se
2114 1611 2145 1637 ad
2165 1612 2225 1638 suos

1177 1643 1296 1677 recipere
1323 1643 1394 1669 Caes.
1410 1643 1438 1669 B.
1452 1644 1482 1669 C.
1504 1652 1527 1676 3,
1540 1645 1580 1674 64·
1654 1643 1781 1671 Gratulor
1803 1643 1934 1671 incolumi
1962 1646 2044 1672 Ouid.
2058 1646 2137 1680 Epist.
2159 1649 2184 1676 6,
2203 1655 2226 1679 3.

1179 1676 1199 1716 q
1220 1687 1233 1704 2
1270 1675 1444 1711 Suhstamiua:
1480 1678 1564 1705 Aedes
1577 1679 1741 1710 incolumes,
1754 1686 1803 1714 pro
1816 1681 1928 1715 Integris
1940 1687 1963 1705 rt
1977 1689 2024 1706 non
2038 1680 2154 1714 ruinosis,
2162 1681 2227 1708 dicit

1178 1713 1283 1748 leian.
1295 1714 1324 1739 in
1338 1713 1355 1739 l.
1370 1714 1417 1747 qui
1432 1713 1501 1739 bona
1516 1713 1568 1739 fide
1580 1711 1603 1749 §.
1617 1722 1700 1747 quum
1721 1714 1791 1740 inter
1803 1714 1835 1740 D.
1853 1714 1885 1740 de
1905 1714 1991 1740 damn.
2011 1715 2104 1742 infe&
2126 1717 2225 1750 Quam-

1177 1749 1219 1775 vis
1234 1747 1307 1782 possit
1326 1749 1385 1782 quis
1407 1747 1509 1779 dicere,
1529 1757 1584 1774 non
1601 1748 1670 1774 vitio
1690 1748 1866 1774 incolumium
1881 1749 1987 1776 aedium
2005 1750 2056 1777 hoc
2069 1751 2185 1784 facium,
2205 1752 2223 1779 si

1179 1783 1247 1809 aliae
1261 1783 1291 1808 in
1313 1791 1354 1808 eas
1369 1782 1513 1807 incidentes
1527 1782 1553 1808 ei
1573 1782 1664 1808 damni
1685 1784 1787 1810 causam
1807 1783 1984 1818 praebuerint.
2056 1786 2137 1813 Plaut.
2156 1788 2225 1815 Pers.

1176 1826 1202 1849 2,
1216 1825 1239 1850 ς,
1255 1825 1284 1848 23
1303 1817 1394 1846 Nimis
1409 1822 1437 1842 tu
1451 1817 1535 1843 facete
1547 1817 1672 1852 loquere,
1686 1824 1765 1853 atque
1779 1819 1830 1846 tibi
1843 1829 1893 1854 ego
1906 1829 1985 1847 omne
1993 1821 2137 1856 Argentum
2152 1823 2224 1849 atfi‘tu-

1175 1858 1233 1878 tum
1249 1851 1383 1877 incolume
1396 1851 1525 1886 redigam.
1597 1853 1689 1887 Capite
1703 1854 1831 1881 incolumi
1849 1856 1897 1882 effe
1912 1856 1979 1882 Hor.
1995 1856 2077 1884 Serm.
2095 1866 2118 1890 2,
2133 1866 2156 1890 3,
2171 1867 2222 1890 132.

1176 1887 1257 1913 Ciues
1272 1887 1388 1921 integros
1409 1893 1434 1913 et
1453 1888 1599 1914 incolumes
1618 1889 1723 1915 seruare
1747 1891 1804 1916 Cic.
1818 1890 1847 1917 in
1860 1890 1938 1916 Catil.
1951 1899 1973 1922 3,
1987 1899 2021 1924 25.
2092 1893 2222 1921 Ciuitate·

1174 1923 1262 1949 saluae
1277 1928 1302 1948 et
1318 1923 1464 1948 incolumes
1480 1922 1553 1949 Idem
1568 1923 1600 1949 de
1612 1924 1717 1950 quent.
1731 1932 1756 1956 2,
1772 1927 1826 1957 169.
1899 1926 2003 1960 Corpus
2018 1927 2124 1954 Lucret.
2134 1937 2154 1961 1,
2168 1938 2220 1962 247.

1175 1959 1282 1984 Famam
1297 1958 1367 1984 tueri
1387 1958 1453 1983 Hor.
1468 1958 1550 1983 Serm.
1566 1966 1587 1990 1,
1603 1967 1630 1991 4,
1645 1964 1690 1989 118.
1762 1959 1901 1987 Grauitate
1917 1961 2047 1989 incolumi
2062 1963 2152 1990 iocum
2167 1970 2221 1991 ten-

1175 1993 1244 2019 tanit
1265 1991 1339 2018 Idem
1356 1991 1388 2018 de
1402 1993 1466 2018 Arte
1479 1993 1551 2018 Poet.
1566 2001 1623 2020 222.
1714 1993 1827 2022 Liberos
1847 1996 1906 2022 suos
1925 1997 2073 2024 incolumes
2085 2004 2112 2025 et
2131 1999 2222 2027 beatos

1949 2032 2022 2059 Ratis
2038 2034 2120 2060 Ouid.
2133 2036 2221 2063 Trist.

1173 2071 1268 2095 2,100.
1336 2061 1507 2096 Splendorem
1526 2071 1540 2089 a
1557 2064 1705 2090 calamitate
1726 2065 1826 2094 iudicii
1843 2065 2004 2094 incolumem
2022 2070 2137 2097 retinere
2165 2072 2220 2099 Cic.

1172 2106 1222 2132 pro
1236 2097 1320 2123 Plane.
1342 2106 1380 2123 12.
1448 2097 1518 2124 Suet.
1533 2098 1636 2125 Neron.
1655 2108 1676 2125 c.
1691 2107 1724 2132 54
1759 2100 1811 2127 Sub
1826 2101 1899 2128 exitu
1917 2103 2023 2137 quidem
2043 2105 2114 2132 vitae
2135 2107 2220 2141 palam

1172 2138 1302 2163 vouerat,
1327 2132 1345 2157 fi
1366 2132 1415 2158 libi
1436 2133 1578 2159 incolumis
1599 2134 1683 2160 Status
1702 2137 1892 2169 permansisset,
1912 2138 2083 2172 proditurum
2104 2143 2128 2167 se
2148 2149 2221 2176 parta

1172 2167 1288 2193 violeria
1308 2166 1395 2198 ludis,
1416 2167 1495 2193 etiam
1510 2167 1682 2202 hydraulam,
1701 2176 1726 2196 et
1739 2171 1906 2204 choraulam,
1923 2179 1948 2200 et
1968 2175 2169 2210 vtricularium,
2191 2187 2221 2204 ae

1386 2202 1543 2230 histrionem
1557 2204 1721 2232 saltaturum.
1793 2209 1927 2235 Virtutem
1941 2210 2100 2237 incolumem
2115 2213 2221 2240 odimus

1171 2237 1260 2264 inuidi
1280 2238 1348 2264 Hor.
1363 2238 1452 2264 Carm.
1466 2247 1486 2270 3.
1502 2247 1544 2273 24,
1560 2248 1591 2271 31.
1663 2241 1768 2269 Luci-et.
1788 2252 1815 2276 4,
1832 2247 1885 2276 604
1915 2245 1976 2270 Vox
1994 2254 2040 2280 per
2064 2247 2130 2273 flexa
2149 2249 2221 2275 fora-

1170 2273 1243 2300 mina
1262 2282 1353 2299 rerum
1369 2274 1511 2300 Incolumis
1524 2275 1632 2302 transire
1645 2277 1737 2311 potest.
1809 2279 1923 2314 Compar.
1945 2280 2138 2310 Incolumiores
2151 2284 2220 2312 Gell.

1172 2317 1207 2341 17,
1221 2317 1234 2334 2
1251 2319 1280 2335 cx
1293 2310 1332 2342 (L
1342 2309 1449 2336 Claudii
1461 2310 1555 2338 Annal.

1205 2349 1272 2371 1Nc
1286 2349 1306 2369 o
1317 2351 1432 2372 LVME.
1469 2345 1538 2372 Adu.
1579 2346 1651 2373 Zeno
1671 2347 1770 2373 Veron.
1796 2347 1933 2377 Incolume
1951 2352 2124 2387 requiescere.
2138 2372 2141 2377 κ
2158 2355 2218 2382 Vid.

1168 2379 1259 2407 Barth.
1273 2379 1377 2414 Aduers
1399 2390 1441 2414 42,
1456 2390 1495 2416 14.

1209 2422 1219 2440 1
1231 2421 1307 2442 Neo
1317 2421 1396 2440 LVM
1407 2414 1500 2442 iras
1510 2437 1519 2450 ,
1539 2415 1597 2442 atis.
1617 2415 1637 2443 f.
1673 2415 1842 2453 [οἶέλοίίξεια]
1878 2419 1934 2447 Cic.
1949 2421 2020 2448 Fam.
2032 2424 2058 2456 6,
2075 2433 2103 2451 10
2124 2425 2218 2460 Itaque

1169 2450 1187 2476 fi
1202 2451 1249 2484 qui
1268 2449 1338 2476 mihi
1352 2450 1403 2477 crit
1422 2450 1509 2477 aditus
1532 2451 1564 2477 de
1584 2451 1635 2478 tuis
1656 2452 1788 2485 fortunis,
1806 2454 1834 2481 id
1855 2455 1891 2481 est
1909 2456 1941 2482 de
1963 2463 2006 2484 tua
2024 2458 2216 2489 incolumitate.

1166 2485 1339 2512 incolumitas
1360 2488 1454 2526 (inquit
1474 2487 1530 2514 Cic.
1544 2486 1576 2513 de
1590 2488 1692 2515 Inuent.
1710 2497 1736 2520 2,
1751 2491 1797 2521 169
1811 2498 1831 2515 c.
1845 2493 1893 2521 56)
1916 2492 1952 2517 est
1961 2493 2055 2520 Salutis
2069 2500 2124 2522 tuta
2136 2502 2217 2531 atque

1168 2522 1271 2556 integra
1285 2521 1460 2548 conset-natio.
1513 2521 1586 2548 Idem
1599 2522 1631 2549 de
1644 2523 1739 2563 Fin.—5,
1750 2530 1776 2553 18
1804 2525 1834 2551 In
1848 2525 1946 2559 quibus
1958 2536 2097 2557 numerant
2111 2531 2216 2559 incolu-

1970 2563 2013 2590 Ne
2033 2574 2062 2591 os
2082 2574 2110 2592 ε’
2139 2576 2167 2594 10
2197 2570 2216 2595 6

1168 2592 1303 2626 Singulari
1324 2591 1463 2627 prudentia
1483 2602 1514 2619 ex
1530 2593 1652 2628 procellis
1670 2594 1796 2622 ciuilibus
1813 2596 1845 2623 ad
1858 2574 2069 2627 incolumitai'em
2083 2583 2214 2636 peruenit.

1169 2627 1265 2655 Mundi
1283 2628 1453 2655 incolumitas
1474 2629 1529 2655 Cic.
1549 2629 1581 2655 de
1596 2630 1631 2656 N.
1647 2630 1679 2656 D.
1698 2639 1722 2661 2,
1737 2639 1787 2664 119.
1859 2633 1985 2661 Deserere
2002 2636 2216 2667 incolumitatem

1168 2669 1194 2689 et
1208 2663 1316 2690 salutem
1335 2663 1448 2690 alicuius
1475 2664 1644 2691 Pseudo-Cic.
1658 2672 1746 2700 anteq.
1760 2667 1812 2694 iret
1829 2667 1856 2694 in
1879 2669 1940 2696 exil.
1960 2673 1986 2697 6.

1168 2699 1261 2733 aliquo
1274 2699 1487 2727 incolumitatem
1501 2701 1558 2727 Cic.
1572 2700 1604 2727 ad
1618 2701 1690 2727 Brut.
1705 2704 1741 2729 16.

2055 2673 2162 2701 Habere
2179 2675 2214 2702 ab

1810 2703 1935 2731 Polliceri
1948 2705 2158 2736 incolumitatem
2171 2711 2215 2737 de·

1586 2736 1717 2764 Praestare
1743 2737 1952 2767 incolumitatem
1985 2743 2040 2770 Cic.
2062 2745 2115 2771 Att.
2137 2753 2171 2779 15,
2189 2754 2214 2782 7.

1167 2770 1292 2797 Retinent
1306 2770 1425 2797 ciuitates
1440 2771 1652 2798 incolumitatem
1667 2779 1692 2799 et
1705 2773 1855 2801 libertatem
1874 2776 1947 2803 Idem
1961 2776 1993 2804 de
2006 2779 2110 2808 Inuent.
2123 2790 2148 2813 2,
2163 2785 2215 2813 168.

1166 2807 1218 2834 Pro
1230 2806 1459 2834 incolumitatibus
1472 2807 1618 2834 animarum
1633 2817 1722 2836 curam
1737 2818 1827 2843 gerere
1840 2811 1940 2839 Arnob.
1953 2821 1969 2839 2
1982 2822 2006 2848 p.
2021 2822 2058 2848 52.

1201 2848 1211 2868 1
1221 2849 1242 2868 N
1251 2849 1268 2870 C
1278 2849 1297 2868 o
1305 2849 1331 2869 M
1339 2842 1361 2868 Ᾰ
1370 2850 1391 2870 Τ
1401 2849 1420 2867 ν
1431 2850 1443 2870 s
1453 2863 1460 2875 ,
1481 2852 1510 2876 a,
1532 2852 1586 2870 11111.
1603 2844 1664 2870 Adi.
1700 2845 1816 2872 Martial.
1830 2855 1868 2879 12,
1881 2856 1924 2880 99.

1201 2885 1211 2904 1
1222 2884 1267 2905 Nc
1277 2876 1330 2905 ὄΜ
1340 2885 1356 2905 Ε
1365 2885 1378 2904 s
1387 2899 1396 2912 ,
1415 2879 1469 2905 itis.
1504 2878 1651 2914 [ἄκομπος]
1688 2880 1750 2907 Sine
1766 2882 1865 2909 comite
1878 2882 1992 2918 dicitur,
2008 2885 2109 2914 auom
2127 2889 2213 2917 Festo.

1115 2920 1148 2949 75
1164 2913 1304 2948 Antiquam
1319 2911 1363 2946 est.
1376 2944 1377 2947 Ἴ

1202 2949 1520 2981 1ΝΟΟΜ1ΤᾸΤν3,
1539 2958 1571 2982 a,
1591 2959 1646 2977 um.
1667 2951 1728 2978 Adi.
1765 2952 1840 2981 Idem.
1876 2955 1933 2982 Cic.
1949 2956 1981 2983 de
1994 2958 2067 2984 Orat.
2088 2967 2107 2991 1,
2122 2968 2169 2992 234
2189 2969 2212 2987 c.

1164 2990 1193 3017 55
1214 2984 1297 3010 Cuius
1312 2989 1395 3011 artem
1411 2993 1494 3019 quum
1509 2985 1654 3013 indotatam
1673 2987 1722 3013 effe
1740 2994 1819 3023 atque
1832 2991 2013 3019 incomitatam
2027 2999 2052 3020 et
2067 2994 2211 3023 incomtam

1164 3019 1285 3052 videres,
1305 3019 1451 3046 verborum
1469 3029 1527 3046 eam
1547 3020 1609 3048 dote
1628 3022 1792 3057 locupletasti
1812 3032 1837 3052 ct
1856 3027 1965 3054 ornasti.

1164 3061 1228 3082 eret.
1242 3058 1268 3088 6,
1285 3064 1349 3087 ¹223·

1042 3087 1100 3114 Cic.
1117 3094 1150 3120 80
1165 3099 1201 3124 33.

1422 3055 1516 3083 Virtus
1534 3056 1687 3085 incomitata
1701 3061 1815 3087 externis
1829 3061 1905 3088 bonis
1924 3063 2004 3089 Ouid.
2019 3029 2138 3092 051)ᾚέ
2151 3032 2211 3099 21:ss

1274 3090 1391 3126 Vestigia
1414 3091 1458 3118 Sil.
1473 3101 1500 3126 9,
1514 3102 1562 3120 101.
1600 3094 1672 3130 CO'if·
1688 3096 1762 3130 Virg.
1779 3097 1843 3123 Aen.
1857 3107 1886 3131 4,
1900 3101 1958 3133 ⁴⁶7·
2031 3100 2116 3126 Varro
2130 3100 2162 3126 de
2175 3102 2208 3128 R.

1165 3127 1196 3155 R.
1210 3135 1235 3159 2,
1249 3135 1277 3153 10
1302 3127 1415 3154 Necnon
1429 3128 1508 3155 etiam
1522 3128 1573 3156 hoc
1587 3139 1649 3165 quas
1664 3131 1781 3165 virgines
1798 3132 1838 3158 ibi
1849 3133 1997 3167 appellant,
2016 3143 2208 3170 nonnunquam

1163 3170 1295 3189 annorum
1311 3163 1425 3198 viginti,
1445 3169 1470 3190 et
1490 3164 1587 3199 quibus
1608 3175 1665 3192 mos
1685 3175 1778 3193 eorum
1797 3177 1851 3193 non
1867 3169 2007 3203 denegauit
2025 3176 2084 3197 ante
2103 3172 2208 3206 nuptias

1162 3204 1192 3224 vt
1206 3198 1404 3226 succumberent
1418 3199 1516 3234 quibus
1534 3201 1649 3235 vellent,
1668 3208 1693 3228 et
1706 3202 1884 3237 incomitatis,
1904 3213 1932 3232 vt
1946 3206 2035 3240 vagari
2054 3206 2162 3241 liceret,
2183 3213 2210 3235 et

1165 3233 1237 3260 filios
1252 3233 1380 3262 haberent
1392 3244 1406 3262 a
1419 3236 1516 3270 quibus
1529 3237 1635 3264 vellent.

1199 3272 1385 3302 1Ncc51v11s,
1404 3280 1426 3298 e.
1449 3271 1509 3298 Adi.
1549 3274 1657 3299 Minime
1673 3276 1758 3301 comis.
1795 3275 1915 3303 Macrob.
1935 3275 2036 3304 Saturn.
2056 3286 2075 3309 1,
2090 3284 2108 3313 7
2134 3279 2208 3306 Inco-

1162 3305 1214 3333 mis
1226 3311 1252 3332 et
1265 3306 1404 3333 tenebrosa
1420 3307 1484 3335 vita.

1199 3349 1209 3368 1
1220 3348 1266 3369 NC
1275 3349 1294 3369 o
1305 3349 1327 3368 M
1339 3349 1348 3368 1
1360 3350 1381 3369 T
1392 3350 1400 3368 1
1411 3349 1429 3368 Ο
1443 3362 1450 3373 ,
1475 3346 1528 3369 are.
1564 3343 1789 3379 [ivxpxocquoc'w]
1826 3345 1960 3381 Significat
1982 3350 2083 3384 (inquit
2101 3349 2208 3382 Festus)

1165 3377 1237 3404 Tale
1256 3378 1420 3404 commissum
1440 3378 1539 3409 facere,
1561 3387 1609 3413 pro
1628 3388 1683 3414 quo
1696 3382 1793 3407 necess‘e
1807 3381 1836 3408 fit
1856 3383 1883 3409 in
1898 3383 2051 3414 comitium,
2067 3383 2118 3412 hoc
2131 3385 2208 3412 estin

1165 3420 1327 3440 conuentum
1343 3415 1442 3440 venire.
1485 3413 1567 3440 Plaut.
1581 3416 1658 3442 Cure.
1672 3425 1694 3448 3,
1711 3424 1731 3449 1,
1744 3426 1768 3448 31
1794 3417 1874 3451 Quod
1888 3418 1987 3453 infigne
1999 3419 2094 3454 habeo,
2108 3421 2206 3456 quaeso

1202 3491 1213 3511 l
1224 3492 1331 3512 NCOM
1340 3492 1411 3514 MA,
1431 3494 1470 3511 ae.
1492 3485 1513 3511 f.
1542 3483 1582 3519 Est
1601 3485 1679 3522 ipfiam
1699 3487 1830 3521 ἴγκομμα,
1848 3489 1913 3523 quod
1929 3489 2068 3551 incessionem
2086 3493 2207 3526 interpre-

1163 3557 1257 3583 ceritas
1269 3556 1387 3582 tironum
1401 3555 1432 3582 ad
1447 3557 1607 3584 incommam
1621 3558 1721 3592 semper
1734 3557 1831 3585 exafita.
1867 3560 1908 3586 sic
1921 3531 2125 3598 cereeelgegiinliiniu
2140 3528 2209 3589 5⁰qu

1163 3591 1242 3618 Salm.
1261 3592 1293 3618 ad
1308 3591 1442 3626 Lamprid.
1457 3592 1544 3619 Seuer.
1558 3601 1576 3626 4
1595 3602 1619 3627 p.
1638 3598 1693 3628 887.
1729 3595 1893 3621 Incommam
1912 3595 2007 3623 Isidori
2025 3600 2099 3624 etiam
2112 3598 2207 3634 Reinqs.

1168 3628 1198 3653 V.
1213 3628 1242 3654 L.
1258 3637 1280 3659 2,
1293 3638 1323 3662 14
1333 3634 1359 3662 p.
1374 3636 1420 3662 243
1433 3630 1614 3663 interpretatur
1633 3629 1661 3654 de
1675 3629 1736 3664 palo
1753 3630 1876 3666 incfflzras
1887 3631 2004 3665 habente,
2015 3632 2050 3659 ad
2068 3642 2138 3669 quem
2156 3637 2207 3660 exi.

1639 3698 1702 3726 Adi.

1160 3669 1261 3699 geretur
1268 3661 1372 3696 statura
1383 3666 1502 3690 tironum.

1744 3699 1796 3726 Via
1816 3699 1915 3729 cliuosa
1940 3708 1967 3730 et
1992 3702 2204 3731 incommeabilis

2029 3774 2043 3798 Γ
2055 3772 2104 3799 uod
2120 3772 2203 3798 libidi-

1198 3704 1557 3731 1NCOMMEAB1LIS,
1577 3706 1601 3725 e.

1162 3733 1294 3762 Ammian.
1309 3737 1347 3768 16,
1361 3743 1392 3760 20
1403 3741 1445 3770 pr.

1198 3770 1581 3800 INCOMMENDATVS,
1600 3777 1632 3801 a,
1653 3778 1707 3796 um.
1737 3770 1798 3798 Adi.
1834 3771 1994 3809 [dadi-arax]

1021 3799 1095 3831 Qud
1106 3806 1153 3824 100
1161 3803 1216 3838 nofe
1233 3805 1358 3837 violatur,
1378 3811 1494 3840 tanquam
1513 3803 1643 3839 expositum
1658 3805 1714 3839 fine
1732 3808 1945 3836 commendatione.
1986 3809 2039 3835 Oui
2060 3828 2066 3834 .
2085 3808 2148 3835 Met.
2169 3816 2203 3839 11,

1161 3847 1207 3871 434
1229 3839 1257 3865 de
1271 3843 1368 3871 ventis,
1389 3840 1438 3866 Nil
1454 3840 1507 3866 illis
1520 3840 1633 3867 vetitum
1649 3840 1699 3873 est,
1713 3841 1976 3879 incommendataque
1989 3844 2075 3874 tellus,
2086 3849 2132 3868 etc.

1197 3879 1206 3898 1
1216 3880 1238 3898 N
1250 3879 1267 3900 C
1278 3881 1297 3901 O
1307 3881 1332 3901 M
1340 3882 1365 3901 M
1375 3883 1384 3902 1
1394 3883 1415 3902 N
1425 3883 1446 3901 A
1455 3882 1476 3901 Τ
1485 3881 1504 3900 V
1513 3882 1526 3901 S
1536 3895 1544 3907 ,
1565 3884 1578 3901 a
1587 3895 1594 3906 ‚
1613 3884 1667 3903 11111.
1697 3877 1757 3904 Adi.
1798 3880 1882 3915 Auget
1893 3878 2112 3918 signistorio-'cmm'¹
2120 3879 2203 3903 Porti-

1161 3911 1224 3944 εἰρίί
1234 3909 1324 3944 Paffiui
1337 3910 1533 3937 Comminatus:
1558 3910 1638 3937 Illum
1650 3913 1807 3947 parricidam
1823 3914 1940 3941 fraterno
1954 3920 2052 3944 exitio,
2065 3919 2091 3939 et
2104 3921 2203 3938 incom—

1162 3945 1262 3971 minata
1279 3954 1408 3973 nouercae
1423 3954 1484 3972 nece
1498 3945 1618 3975 ficarium
1635 3948 1713 3983 Apul.
1726 3950 1792 3977 Met.
1806 3960 1835 3977 10
1852 3959 1877 3985 p.
1892 3957 1945 3981 241,
1959 3950 1995 3975 16.
2014 3951 2033 3974 ι’.
2054 3950 2112 3984 quia
2125 3957 2203 3974 »zerem

868 3977 928 4004 Pars
946 3976 1020 4004 nulla
1033 3977 1093 4004 Phi·
1108 3985 1152 4012 105
1162 3989 1278 4008 nouercae
1290 3984 1401 4008 minatus
1415 3981 1510 4017 fuerit.

1356 4018 1371 4042 6
1392 4017 1415 4043 R
2088 4022 2201 4046 ιΝεοΜ-
