2479 4225
288 174 360 213 74?
693 153 726 193 F
812 150 844 190 R
923 144 960 185 V
1792 137 1833 182 F„
1914 137 1944 177 R
2028 138 2067 179 V
2246 170 2267 196 ἱ,
2316 146 2407 191 ‘748

289 247 462 277 temeritatem
475 243 543 271 male
556 251 612 271 rem
626 242 710 277 geffit,
727 239 798 275 quod
812 236 847 263 est
859 232 999 265 stultitiae,
1016 232 1087 267 frugi
1102 229 1227 270 appellari
1240 229 1315 262 solet,
1374 230 1437 258 laris
1469 234 1497 257 et
1524 226 1676 256 admiranda
1704 225 1844 267 frugalitas
1869 226 1898 254 in
1918 235 1979 262 rege
2004 228 2090 256 Cicer.
2112 237 2162 264 pro
2184 227 2272 255 Deiot.
2296 229 2328 254 26
2363 222 2429 255 In.)

289 292 326 311 etc
370 281 442 316 Cons-
460 286 476 307 F
485 287 503 306 R
512 287 532 306 V
541 286 590 307 GA
602 286 617 305 L
628 286 637 303 1
647 286 668 304 Τ
677 285 697 303 A
707 284 729 302 s.
796 272 869 297 Idem
882 269 977 295 Heaut.
985 277 1007 301 3,
1020 277 1042 301 3,
1055 276 1082 301 ¹9
1108 266 1237 301 Clitipho,
1251 265 1315 291 haee
1375 272 1495 301 generata
1514 264 1595 291 alicui
1615 262 1766 297 frugalitas,
1801 262 1854 289 v'id.
1874 270 1884 289 1
1893 270 1915 289 N
1924 269 1945 289 G
1955 269 1972 288 E
1982 270 2057 290 Ni-:R
2066 271 2094 290 ο.
2150 265 2186 290 Ex
2200 261 2349 297 frugalitate
2363 264 2406 291 sua
2435 265 2438 268 ⁴

289 304 338 352 ego
352 316 486 351 praecipio
500 315 550 342 tibi
584 312 699 341 hominis
712 306 782 341 frugi
793 315 832 337 es,
854 310 879 330 et
892 305 1059 339 temperantis
1073 302 1176 328 funditis
1189 300 1315 327 officium.
1376 302 1510 336 peculium
1529 301 1617 327 seriuis
1641 298 1755 332 acquirit
1773 298 1852 324 Caius
1871 298 1899 324 in
1912 298 1928 324 l.
1948 298 1965 324 si
1981 299 2045 332 quid
2070 298 2093 337 §,
2108 309 2117 326 r
2138 301 2171 327 D,
2192 299 2224 326 de
2241 298 2315 325 aedil.
2328 298 2404 326 edi&

289 354 344 380 Cic,
357 351 467 378 Tuscul,
482 359 494 383 3
517 357 541 380 lg
558 335 583 376 ’ς
598 354 611 379 8
637 346 690 379 Qii
703 345 731 370 lit
747 341 818 375 frugi
832 339 933 374 igitur,
951 340 993 367 vel
1014 339 1031 366 fi
1051 338 1150 370 mauis,
1168 336 1317 363 moderatus
1374 336 1448 373 Conf.
1461 336 1550 363 lustin.
1564 344 1607 367 20,
1620 343 1647 366 4,
1662 342 1698 360 10.
1734 340 1757 359 et
1771 334 1858 360 Senec.
1873 333 1951 368 Epist.
1964 339 2000 366 58.
2071 338 2078 341 “
2412 332 2414 337 ⁴

289 394 314 414 et
328 371 568 421 teniperans,'eiun
580 382 673 410 neceli'e
686 378 721 404 est
735 377 782 403 esse
795 375 962 402 constantem.
1017 374 1055 401 Id.
1071 375 1142 399 Fam.
1156 380 1178 405 5,
1196 375 1212 398 6
1236 371 1317 398 Illum
1338 374 1353 401 ς
1412 371 1558 399 FRVGALs
1562 377 1631 397 TER.
1653 369 1720 395 Adu.
1742 369 1851 404 [λιτῶς]
1886 370 1969 397 sobrie
1983 376 2006 395 et
2018 368 2125 402 modeste.
2147 368 2311 404 Plaut.Epid.
2321 372 2411 401 4,1‚33-

288 424 425 450 hominem
439 422 525 455 frugi,
545 426 570 446 et
588 417 635 443 tibi
655 414 768 440 amicum
786 411 976 438 existimabam.
1049 408 1178 442 Qiinetil.
1192 416 1218 439 1,
1236 409 1262 439 6,
1283 415 1316 439 29
1373 407 1421 434 1lle
1434 416 1491 433 cam
1504 416 1559 434 rem
1568 406 1632 431 adeo
1645 405 1733 431 sobrie
1744 410 1770 430 et
1784 404 1923 439 frugaliter
1930 404 2072 437 accurauit,
2080 410 2107 431 vt
2114 405 2177 432 alias
2185 415 2238 432 res:
2252 405 2287 431 est
2297 405 2409 438 impense

290 460 357 485 Cum
369 459 406 485 M.
421 458 523 484 Caelius
536 456 559 480 se
573 452 620 477 effe
638 448 774 474 hominem
792 446 865 481 frugi
883 448 940 474 vult
953 445 1081 481 probare,
1098 453 1151 470 non
1165 444 1228 477 quia
1240 442 1317 468 311111-
1374 443 1520 477 improbus,
1554 442 1671 468 Coenare
1679 441 1737 467 Sen.
1746 440 1791 474 Ep.
1801 449 1840 466 20.
1871 440 1936 466 Plin.
1945 440 2022 474 Epist.
2031 449 2069 472 10,
2078 448 2142 474 40,3
2157 438 2411 475 Frugaliter,mode0

288 503 352 521 nens
366 493 395 520 (it
408 497 478 524 (nam
491 490 517 517 id
532 496 563 513 ne
575 483 681 512 mentiri
695 482 802 518 quidem
817 486 937 517 poterat)
958 481 1000 508 sed
1012 481 1074 516 quia
1086 479 1158 506 vtilis
1174 478 1274 510 multis,
1289 477 1318 503 id
1375 478 1465 513 steque
1478 478 1606 504 viuentcs.
1675 476 1731 503 Cic.
1746 484 1794 510 pro
1805 476 1892 502 Domo
1908 484 1952 502 111.
2019 476 2061 504 Sic
2074 476 2105 502 de
2114 476 2240 508 Fin.z,25
2262 477 2315 502 Cur
2329 474 2414 508 igitur-

288 530 325 556 est
338 522 565 556 fr11&110fi.s‚vndc
579 520 607 545 sit
624 519 692 545 dieta
706 519 851 553 frugalitas.
891 520 982 554 Nempe
996 520 1068 543 etiam
1076 514 1211 548 Gell.7,11
1232 513 1317 540 homi·
1375 522 1429 540 non
1447 513 1532 540 bene?
1567 511 1637 545 Qiia
1656 512 1727 546 quod
1741 511 1823 544 bene,
1842 510 1870 537 id
1882 511 1968 544 reeie,
1989 511 2143 545 frugaliter,
2164 510 2279 537 honeste.
2340 509 2408 537 Add.

289 574 349 591 „em
362 564 428 590 nuni
440 561 487 591 rei,
496 564 578 590 neque
590 554 662 588 frugi
676 554 760 580 bonae
773 557 952 590 interpretatur
965 550 1189 587 oe'xoeiom'c‘xensov·
1225 550 1317 575 Homo
1333 559 1363 578 10
1379 548 1487 582 Quin&
1500 548 1571 575 Deci.
1585 550 1645 573 260.
1713 547 1767 581 Qei
1780 548 1828 572 sub
1842 546 1977 581 disciplina
1990 547 2078 581 patris,
2094 553 2138 572 aut
2152 546 2255 572 domini
2268 547 2340 576 sunt,
2354 545 2416 572 stri--

288 601 360 628 frmi
371 597 457 625 omnia
467 592 536 620 reete
549 590 610 616 facit
622 589 787 623 Cic.Tuse.4
805 593 844 622 36.
898 588 1007 615 Alfenus
1020 588 1048 613 in
1062 587 1079 613 l.
1093 586 1110 613 fi
1124 584 1230 612 vendita
1246 584 1278 610 D.
1287 583 1318 610 de
1380 584 1449 610 &ius
1468 590 1493 610 et
1510 583 1638 618 frugalius
1660 582 1755 608 viuunt
1778 582 1896 608 [3813111.
1916 581 1948 608 de
1966 583 2009 609 Ira
2023 582 2074 609 Dei
2091 591 2113 608 c.
2127 591 2161 609 20
2175 589 2221 617 pr.
2290 582 2367 608 Parce
2386 585 2412 608 et

289 621 367 670 peric.
386 639 410 657 et
424 626 551 655 commod.
567 626 608 652 rei
624 625 725 652 vendit.
748 625 775 651 Si
789 609 956 659 diligentiam
973 623 1097 650 venditor
1115 630 1172 648 eam
1185 620 1319 646 adhibuis·
1377 619 1518 654 ffugaliter
1527 621 1618 646 viuere
1632 618 1699 644 Hor.
1714 618 1796 644 Serm.
1809 626 1834 650 1,
1845 627 1873 650 4,
1888 624 1942 651 107.

288 672 324 698 set
343 670 370 695 in
387 664 469 692 insula
485 660 669 694 custodienda,
689 669 766 695 quam
786 659 882 687 debent
902 659 1022 686 homines
1042 658 1114 693 frugi
1134 662 1159 683 et
1178 655 1319 689 diligentes
1416 660 1636 685 FRVGESCO,
1660 655 1714 680 ere.
1749 654 1899 680 Florescere
1918 658 1996 687 atque
2015 653 2163 686 frugescere
2182 651 2299 679 Tertull.
2317 651 2350 678 de
2363 648 2419 678 Re:

286 703 420 742 Praestare.
513 698 645 731 Mancipes
665 697 737 730 frugi
759 696 825 722 Plin.
841 695 920 730 Epist.
934 703 956 727 3,
969 703 1006 727 19,
1023 701 1048 729 7.
1119 693 1212 719 Seruus
1227 691 1318 725 frugi,
1376 690 1484 717 surse&
1499 691 1578 717 Carn.
1597 698 1618 715 c.
1633 696 1674 714 22.
1745 688 1850 715 Steriies
1869 688 2017 722 frugescere
2035 689 2119 715 rarius
2133 697 2208 723 agros
2222 687 2342 714 Prudent.
2353 687 2414 716 adu.

285 742 331 767 0111·
343 744 412 762 curae
424 731 457 766 est
470 732 616 759 commodum
634 732 734 758 domini.
769 731 849 757 Plaut.
863 730 957 765 Amph.
973 739 996 762 3,
1012 738 1033 762 3,
1046 738 1073 763 4.
1126 728 1191 755 Plin.
1206 726 1284 761 Epist.
1299 735 1318 757 1,
1336 734 1361 761 15
1376 726 1521 759 symmach.
1545 735 1570 757 2,
1583 733 1634 758 913.

284 783 312 802 21
336 769 438 797 Omissis
450 769 516 795 iocis
527 767 606 795 credo
619 767 736 794 decentes
748 767 796 793 eise
810 767 910 797 seruos,
926 765 972 800 qui
986 766 1043 791 sunt
1054 764 1119 791 eniti
1132 763 1200 790 mihi
1212 771 1243 788 ex
1257 771 1319 788 con·
1417 767 1434 788 F
1444 769 1463 788 R
1472 769 1492 788 ν
1503 768 1524 788 G
1534 769 1553 787 Α
1565 767 1589 787 M
1600 767 1614 785 in
1624 766 1674 785 NT
1683 765 1705 786 A
1714 778 1724 792 ,
1742 767 1829 786 orum.
1865 767 1892 786 n.
1938 759 1961 786 A
1981 758 2104 794 frugibus
2123 758 2264 793 appellata,
2285 758 2334 784 sec.
2347 756 2417 786 Festa

284 808 340 835 filio
353 816 359 831 ε
385 804 515 839 superest,
533 810 561 830 vt
573 803 644 837 frugi
659 802 715 829 fint.
787 802 867 835 Frugi
881 807 959 835 atque
977 801 1078 835 integer
1091 801 1178 826 seruus
1197 798 1252 825 Cic.
1268 806 1317 831 pro
1375 798 1448 824 Forte
1461 798 1507 833 leg.
1522 798 1688 830 Fragmenta.
2183 825 2187 826 .
2414 792 2422 820 ,l

282 843 385 870 eluent.
399 847 444 875 47.
497 839 564 866 Add.
582 839 600 864 l.
619 847 645 870 23
675 837 697 875 §.
712 845 724 870 ς
751 837 782 863 D.
804 836 835 862 de
853 837 883 863 L.
898 836 988 871 Aquil.
1059 836 1110 862 Vir
1128 834 1200 868 frugi
1219 834 1317 859 Auson.
1414 838 1607 860 FRVGMEN
1621 837 1642 857 T
1654 837 1674 855 V
1686 836 1729 862 M,
1755 829 1775 856 i.
1811 839 1838 856 n.
1876 831 1943 857 Olim
1959 833 1997 856 ita
2016 829 2145 862 dicebant,
2163 838 2229 855 nunc
2242 829 2428 856 Frumentum-

282 878 327 912 Ep,
340 885 367 909 9,
384 884 421 902 12.
493 875 555 901 Vita
574 874 685 900 alicuius
702 873 774 906 frugi
794 873 934 906 seueraque
956 877 1013 898 turn
1036 872 1117 898 etiam
1138 868 1319 896 iucundiffima
1370 868 1527 904 profertur:
1557 874 1586 894 vt
1606 865 1639 900 est
1658 869 1686 892 in
1701 864 1788 892 Valer.
1801 865 1912 892 Maxim.
1931 865 1978 892 lib.
1995 874 2023 893 10
2043 866 2062 892 s.
2075 865 2144 900 Epit.
2164 864 2196 892 de
2217 864 2358 892 nominum
2373 870 2435 891 rad*

281 910 418 939 conuie'tio
436 910 492 937 Cic.
506 910 576 936 Fam.
591 911 628 942 16,
642 917 680 935 21.
742 910 779 934 De
791 909 882 934 Pisone
897 906 978 941 Frugi
993 910 1162 943 cognominato
1181 905 1253 932 Idem
1270 913 1319 938 pro
1335 913 1367 932 20
1376 904 1450 931 tione
1473 913 1497 938 p.
1518 910 1570 933 881.
2416 907 2424 923 i

281 949 318 976 M.
332 948 408 973 Font.
422 954 452 978 29
476 955 496 972 0.
510 954 533 977 13
559 946 615 978 Qui
633 951 704 971 tanta
723 944 822 970 virtute
840 950 918 978 atque
938 943 1089 983 integritate
1107 941 1176 973 fuit,
1196 947 1224 967 vt
1238 941 1318 966 etiarn
1414 945 1431 966 1²
1441 946 1529 966 Rvis
1541 945 1559 965 C
1570 945 1635 973 OR,
1670 936 1723 965 vid.
1745 942 1762 962 Ρ
1777 942 1797 963 R
1808 942 1895 963 VOR.
2413 938 2424 956 ’1

280 983 335 1010 illis
351 982 460 1016 optimis
478 980 642 1015 temporibus
655 1000 663 1013 ,
692 988 773 1015 quum
792 980 928 1006 hominem
946 979 1084 1011 inuenire,
1105 986 1217 1011 nequam
1235 976 1319 1002 nemi·
1414 981 1578 1002 FRVMEN
1590 993 1598 1006 ,
1626 973 1686 999 inis.
1721 981 1747 998 n.
1794 971 1910 1007 [λκιμδς
1929 971 1990 1005 ἔγω,
2010 971 2123 1007 λάρυγξ,
2150 970 2279 1007 βρόγχος]
2314 970 2367 1003 est,
2385 962 2440 998 vil.

280 1028 342 1046 nem
360 1018 456 1052 possm,
476 1017 546 1043 solus
565 1022 653 1042 tamen
667 1016 738 1049 frugi
756 1016 938 1042 nominaretur
952 1025 957 1040 :
993 1022 1072 1048 quem
1089 1022 1170 1047 quum
1188 1013 1215 1038 111
1231 1011 1319 1037 001101-
1380 1012 1462 1045 inquit
1476 1011 1592 1036 Donatus
1604 1013 1631 1035 in
1646 1010 1713 1035 Ter.
1729 1007 1838 1042 Adelph.
1852 1015 1875 1040 ς,
1888 1012 1910 1039 8,
1923 1016 1952 1040 27
1972 1009 2075 1034 Summa
2090 1016 2147 1042 pars
2161 1007 2246 1041 gulae,
2259 1007 2301 1033 vel
2317 1007 2424 1034 summit

281 1063 359 1081 onem
376 1051 509 1079 Gracchus
529 1052 620 1078 vocari
640 1051 760 1083 iuberet,
778 1057 804 1078 et
824 1051 912 1077 viator
933 1054 1071 1084 quaereret
1090 1057 1169 1083 quem
1182 1048 1320 1075 Pisonem?
1379 1045 1454 1079 gula,
1472 1045 1603 1072 traehisue
1621 1045 1712 1079 gulae,
1732 1043 1782 1078 01ιέ
1803 1043 1892 1070 cibum
1911 1043 2001 1077 lingua
2020 1043 2136 1069 demittit
2153 1043 2181 1069 in
2196 1048 2323 1069 ventrem.
2374 1041 2427 1084 Sida}A

281 1088 372 1124 (quod
389 1093 462 1113 erant
476 1088 581 1122 plures)
602 1087 681 1122 Cogis
696 1095 748 1119 me,
766 1087 861 1121 inquit,
881 1086 967 1112 dicere
983 1085 1120 1111 inimicum
1134 1092 1223 1110 meum
1235 1082 1318 1116 frugi.
1334 1089 1367 1115 25
1381 1081 1444 1107 Eun.
1458 1089 1485 1113 4,
1497 1088 1514 1115 7
1532 1088 1597 1107 extr.
1634 1087 1657 1106 et
1672 1080 1776 1106 Phorm.
1792 1088 1812 1110 2,
1826 1088 1849 1111 2,
1866 1084 1902 1109 18.
1973 1079 2046 1105 Seru.
2059 1082 2086 1104 in
2101 1080 2164 1104 Aen.
2182 1086 2208 1110 1,
2229 1083 2272 1107 182
2301 1079 2429 1105 Frumem

281 1126 354 1153 Idem
368 1123 399 1149 de
410 1123 466 1150 Fin.
482 1132 507 1157 2,
520 1131 555 1155 93
575 1123 609 1148 Vt
623 1123 695 1156 frugi
708 1122 752 1148 ille
768 1123 835 1148 Piso.
872 1121 940 1148 Add.
955 1121 1019 1148 Plin.
1032 1121 1124 1154 Paneg.
1143 1129 1164 1145 c.
1178 1125 1217 1149 88.
1261 1118 1318 1144 Cic.
1380 1117 1497 1142 eminens
1510 1117 1556 1143 sub
1568 1122 1674 1146 mento,
1692 1115 1805 1149 gutturis
1820 1123 1887 1148 pars.
1924 1112 2053 1140 HaHerzus
2063 1114 2135 1149 forte
2148 1114 2213 1140 hene.
2249 1113 2296 1140 aed
2305 1112 2370 1149 quod
2387 1112 2431 1147 aa?

281 1161 313 1187 de
327 1162 400 1187 Orat.
414 1167 438 1191 2,
453 1165 501 1191 24⁸3
526 1159 556 1184 In
575 1156 669 1184 iisdem
689 1158 778 1184 verbis
797 1164 822 1184 et
839 1157 945 1183 laudare
958 1156 1030 1190 frugi
1045 1156 1150 1182 seruum
1167 1155 1296 1189 possumus
1311 1163 1317 1179 ε
1377 1151 1423 1180 boc
1435 1154 1529 1177 nomine
1540 1152 1623 1186 frugis
1642 1160 1727 1177 nomen
1741 1150 1848 1181 ducunt,
1867 1159 1878 1175 e
1896 1149 1975 1176 uidem
1993 1158 2137 1184 concoquere
2150 1158 2197 1175 non
2211 1147 2314 1184 poffum.
2351 1150 2382 1176 In
2414 1147 2419 1157 '¹
2437 1164 2441 1173 .

279 1203 305 1223 et
319 1196 335 1222 si
350 1195 385 1221 est
399 1203 511 1228 nequam
526 1193 618 1220 iocari.
687 1194 779 1219 Homo
792 1192 864 1227 frugi
879 1198 904 1219 et
917 1192 1048 1219 modestus
1061 1191 1132 1217 idem
1146 1191 1216 1217 Fam.
1232 1198 1265 1221 13,
1279 1196 1318 1223 71.
1376 1190 1426 1215 rim
1432 1186 1472 1220 fic
1489 1194 1512 1213 et
1527 1187 1617 1214 Ifidor.
1630 1195 1675 1219 20,
1686 1194 1707 1213 2.
1750 1186 1797 1213 Sed
1809 1187 1882 1212 Arno
1905 1193 1935 1220 .7
1952 1194 1976 1219 p.
1985 1193 2031 1217 230
2051 1186 2165 1211 Fruinen
2177 1183 2211 1218 est
2225 1185 2306 1220 pultis
2319 1155 2428 1213 nemzi}>

279 1233 342 1259 Sum
356 1234 438 1256 bonus
454 1236 479 1256 et
493 1229 565 1262 frugi
580 1230 673 1255 Horat.
687 1229 765 1263 Epist.
782 1237 807 1262 ι,
822 1236 858 1262 17,
872 1236 916 1261 49.
985 1227 1100 1262 Populus
1121 1226 1208 1260 frugi,
1226 1224 1319 1251 castus·
1370 1222 1533 1259 sacrificalis.
1748 1237 1751 1239 -
2354 1223 2356 1225 ’
2417 1238 2427 1243 ..

279 1276 331 1302 que
348 1266 419 1292 Idem
434 1265 465 1291 de
481 1266 543 1291 Arte
557 1265 628 1291 Po‘e't.
641 1271 701 1299 207.
807 1264 889 1290 Plaut.
906 1262 974 1289 Asin.
991 1271 1018 1296 5,
1037 1271 1067 1293 2,
1087 1263 1101 1288 6
1127 1262 1197 1295 Ego,
1217 1265 1320 1294 praeter
1335 1268 1368 1292 30
1416 1264 1692 1290 FRVMENTVM,
1711 1256 1730 1284 i.
1751 1266 1776 1283 n.
1812 1252 1909 1291 [σῖὲος,
1922 1256 2006 1289 χιλὸν,
2020 1256 2112 1290 χιλὲς]
2149 1255 2254 1282 Seruius
2272 1255 2306 1282 ad
2320 1243 2426 1290 Georgs'*

277 1303 357 1332 alios,
380 1310 470 1327 meum
488 1301 576 1326 virum
598 1299 639 1326 fui
658 1306 714 1326 rata
731 1299 842 1331 siccum,
862 1299 950 1333 frugi,
972 1299 1168 1329 continentem,
1187 1302 1320 1322 amantem
1381 1301 1400 1323 1,
1413 1301 1451 1328 74
1475 1294 1615 1321 Frumenta
1628 1293 1682 1320 dici
1697 1299 1785 1328 putat,
1805 1294 1984 1326 Qiaecunque
1998 1293 2124 1318 emittunt
2142 1292 2246 1324 aristas,
2266 1300 2280 1317 a
2293 1288 2437 1318 Fruendm

277 1338 368 1365 vxoris
382 1336 505 1363 maxime.
577 1335 651 1361 Tam
665 1335 736 1369 frugi
750 1336 817 1361 Iuno
836 1334 917 1361 vellet
935 1333 1033 1361 habere
1051 1334 1143 1359 Iouem
1163 1332 1278 1358 Martial.
1293 1333 1320 1363 6,
1378 1329 1488 1361 dietum,
1506 1330 1549 1356 vel
1563 1340 1575 1356 a
1589 1330 1725 1356 Frumine.
1762 1328 1808 1355 sed
1816 1332 1867 1361 Jrne
1881 1328 1953 1354 dubio
1970 1330 2055 1353 melius
2069 1328 2252 1359 Frumentum,
2260 1326 2326 1362 quafi
2337 1320 2430 1361 Frug'aef

277 1382 315 1401 21.
371 1372 451 1406 Frugi
464 1380 493 1398 ac
507 1370 589 1397 sobrii
603 1370 724 1397 homines
738 1371 793 1397 Cic.
807 1372 882 1397 Verr.
897 1378 920 1402 3,
933 1372 978 1404 67.
1049 1369 1154 1394 Atrium
1169 1367 1254 1401 frugi,
1273 1376 1320 1393 nee
1378 1371 1507 1392 mentum.
1567 1365 1632 1391 Plin.
1647 1371 1682 1397 18,
1695 1372 1712 1398 7
1737 1364 1767 1389 Et
1780 1363 1906 1397 quoniam
1922 1369 2087 1397 praeparatus
2100 1363 2135 1389 est
2149 1371 2227 1397 ager,
2246 1370 2337 1389 natura
2351 1370 2443 1389 nunev

277 1416 364 1436 tamen
378 1407 512 1434 sordidum
531 1406 596 1433 Plin.
611 1407 654 1440 Ep.
668 1415 694 1438 2,
709 1414 747 1441 17,
761 1415 787 1439 4.
856 1406 946 1432 Coena
964 1413 1018 1431 non
1034 1404 1122 1430 minus
1140 1403 1224 1429 nitida
1240 1411 1320 1437 quam
1378 1401 1510 1427 indicatur
1528 1400 1644 1434 frugum.
1698 1400 1761 1425 Sunt
1777 1405 1865 1424 autem
1882 1399 1935 1424 duo
1950 1401 2035 1433 prima
2048 1407 2138 1425 earum
2152 1407 2257 1432 genera,
2275 1398 2429 1430 frumentar.

278 1444 350 1478 frugi
370 1443 409 1470 Id.
423 1444 467 1478 Ep.
481 1452 504 1475 3,
519 1451 538 1473 1,
551 1451 577 1474 9.
623 1442 741 1468 Coenula
754 1441 826 1475 frugi
845 1442 937 1467 quen.
952 1440 1003 1467 Sat.
1018 1449 1039 1472 3,
1055 1442 1109 1473 167.
1180 1437 1297 1474 Oppofita
1311 1448 1319 1463 :
1335 1439 1365 1466 35
1380 1442 1407 1462 vt
1426 1437 1558 1466 triticum,
1577 1435 1708 1461 hordeum
1724 1444 1731 1459 :
1767 1440 1792 1459 et
1812 1434 1960 1467 legumina,
1980 1440 2009 1460 vt
2025 1434 2086 1460 faba
2105 1442 2130 1460 et
2151 1435 2225 1460 cicer.
2283 1433 2419 1465 Frumenti

279 1479 388 1515 Qiinc‘t.
403 1488 424 1512 ς,
446 1487 474 1504 10
495 1477 589 1504 vietus
602 1477 764 1509 luxuriosus,
783 1486 816 1503 an
831 1477 918 1510 frugi,
937 1484 969 1502 au
983 1475 1112 1502 sordidus.
1377 1471 1457 1506 ipsius
1478 1471 1590 1497 totidem
1606 1478 1701 1505 genera
1721 1477 1766 1502 per
1778 1474 1897 1502 tempora
1913 1469 1967 1494 satu
1982 1469 2075 1495 diuisa.
2123 1470 2251 1500 Hiberna,
2272 1478 2337 1503 quae
2350 1468 2424 1496 circi*

316 1522 331 1541 F
344 1513 538 1545 RVGiFER,
565 1522 579 1538 a
591 1532 598 1543 ,
622 1522 676 1539 um.
722 1512 782 1538 Adi.
818 1510 986 1545 [elmi-qilym,
1007 1510 1149 1546 πυροφόρος,
1171 1508 1317 1543 φερέσβιος]
1378 1507 1560 1541 Vergiliarum
1579 1506 1698 1532 occasum
1718 1506 1768 1529 sata
1787 1509 1856 1529 terra
1875 1513 1919 1537 per
1937 1503 2051 1529 hiemem
2069 1505 2229 1535 nutriuntur,
2250 1510 2278 1530 vt
2293 1505 2418 1536 triticum,

280 1550 396 1578 frustum
410 1549 507 1585 ferens.
548 1548 652 1581 Plin.15
676 1550 764 1574 titulur
779 1545 821 1580 est,
834 1547 857 1583 s.
870 1549 971 1578 lemma,
994 1547 1110 1572 Naturae
1127 1545 1320 1578 frugiferarum
1379 1542 1437 1574 far,
1461 1541 1600 1567 hordeum.
1667 1539 1788 1571 Aestiua,
1812 1548 1879 1573 quae
1905 1539 2000 1565 aestate
2019 1545 2078 1565 ante
2099 1540 2275 1574 Vergiliarum
2297 1547 2416 1566 exortum

279 1586 413 1612 arborum.
468 1583 572 1610 Ibidem
589 1593 610 1609 c.
629 1592 645 1610 2
675 1584 770 1609 Vicina
791 1583 894 1608 bonitas
915 1582 1060 1616 prouinciis
1082 1586 1191 1614 excepto
1213 1580 1320 1606 Africae
1380 1578 1517 1609 seruntur,
1537 1582 1566 1602 vt
1584 1575 1707 1608 milium,
1725 1575 1864 1609 panicum,
1885 1575 1994 1605 sesama,
2014 1574 2184 1606 horminum,
2204 1575 2265 1601 irio.
2316 1576 2349 1601 In.
2365 1574 2417 1602 eod.

279 1621 412 1655 frugifero
427 1619 490 1645 solo.
560 1619 629 1652 Ager
642 1619 754 1652 frugifer
767 1619 862 1644 Lucan.
879 1627 898 1650 1,
914 1620 965 1649 136.
1020 1617 1075 1644 Cic.
1091 1615 1201 1643 Tuscul.
1218 1624 1246 1647 2,
1269 1617 1319 1647 136.
1327 1626 1363 1651 40
1379 1623 1400 1640 c.
1416 1621 1434 1648 7
1460 1613 1478 1639 s.
1501 1621 1539 1643 10,
1559 1619 1571 1644 ς
1592 1612 1696 1647 separat
1711 1611 1884 1637 Frumentum
1902 1611 1931 1636 ab
1952 1610 2069 1641 hordeo,
2086 1613 2185 1641 dicens,
2204 1611 2372 1637 Frumentum
2391 1614 2418 1635 et

280 1657 311 1683 Et
329 1656 361 1682 de
376 1655 438 1681 Nat.
453 1654 485 1679 D.
499 1662 525 1685 2,
538 1656 578 1678 161
598 1653 706 1679 Cineres
721 1655 772 1679 iam
784 1655 863 1687 spatia
877 1653 1006 1687 frugifera
1020 1658 1099 1687 atque
1112 1652 1237 1678 immensa
1252 1660 1320 1677 cam-
1378 1649 1509 1676 hordeum
1528 1653 1680 1681 Vtrumque.
1736 1647 1906 1672 Frumentum
1921 1645 1977 1670 κατ’
1989 1645 2073 1679 ἐξοχῆν
2091 1645 2191 1672 videtur
2205 1648 2314 1673 triticum
2330 1645 2420 1670 dicere.

279 1700 384 1727 porum.
439 1691 509 1715 Arna
529 1689 624 1714 Lucan.
637 1696 660 1719 3,
674 1691 712 1720 65.
775 1688 913 1721 Frugifera
933 1695 958 1713 et
971 1689 1039 1714 ferta
1053 1697 1115 1714 arua
1131 1688 1187 1714 Cic.
1201 1687 1229 1713 in
1243 1687 1317 1713 Orat.
1379 1685 1496 1712 Aceruus
1510 1683 1638 1709 frumenti
1650 1683 1741 1717 ingens
1759 1683 1853 1708 Horat.
1867 1681 1948 1708 Serin.
1962 1689 1988 1714 2,
2001 1690 2025 1714 3,
2039 1690 2084 1708 111.
2144 1680 2369 1715 Copia‘fiumenti
2382 1678 2421 1706 Id.

281 1730 322 1758 163
348 1735 378 1752 ex
395 1728 496 1760 antiquo
509 1726 590 1750 Poeta.
646 1723 731 1749 Insula
744 1722 873 1755 frugifera
888 1723 1018 1748 alimentis
1033 1724 1093 1748 Liu.
1107 1725 1150 1753 26,
1165 1731 1209 1755 40.
1251 1722 1319 1747 Mes·
1379 1720 1458 1754 Epist.
1473 1729 1494 1752 1,
1507 1727 1540 1751 ις,
1558 1728 1595 1752 14·
1667 1719 1753 1744 Locus
1771 1718 1891 1752 copiosus
1910 1726 1923 1743 a
1937 1717 2073 1744 frumento
2093 1717 2149 1744 Cic.
2165 1719 2217 1743 Att.
2233 1725 2255 1749 ς,
2270 1721 2304 1745 18.
2370 1715 2422 1740 Lu·

280 1762 317 1787 ses
332 1760 412 1787 Ouid.
427 1761 491 1785 Met.
505 1768 529 1791 ς,
543 1761 600 1785 606.
674 1758 729 1784 Cic.
744 1757 795 1784 Off.
809 1766 830 1789 3,
844 1767 855 1787 ς
881 1765 902 1782 c.
918 1765 930 1781 2
960 1756 1009 1782 Sed
1030 1765 1113 1790 quum
1132 1762 1188 1781 tota
1202 1755 1319 1781 Philoso-
1379 1755 1487 1780 >curiosa
1502 1754 1575 1779 Idem
1590 1755 1618 1778 111
1633 1754 1707 1779 Orat.
1721 1758 1757 1782 81.
1794 1753 1846 1778 vid.
1867 1758 1981 1779 vavs.
2052 1753 2130 1779 Potio
2149 1761 2180 1778 ex
2194 1753 2328 1778 frumento
2349 1750 2421 1777 Flor.

278 1795 356 1831 phia,
373 1795 411 1821 mi
424 1795 532 1824 Cicero,
552 1793 681 1825 frugifera
700 1800 725 1818 et
739 1792 887 1824 fruciuosa,
906 1800 953 1817 nec
967 1791 1021 1817 vlla
1036 1800 1093 1825 pars
1107 1790 1205 1816 inculta
1226 1798 1254 1814 ac
1276 1789 1320 1814 de·
1332 1795 1365 1820 45
1380 1797 1406 1819 2,
1421 1793 1455 1818 18,
1468 1796 1504 1814 12.
1599 1788 1752 1814 Triticeum
1771 1787 1887 1813 Martial.
1901 1795 1941 1819 13,
1961 1796 1997 1813 12.
2068 1788 2206 1814 Maturitas
2225 1787 2392 1813 frumentoru

279 1831 345 1857 serta
366 1829 411 1859 sit,
431 1835 475 1854 etc.
548 1828 608 1853 Liu.
629 1828 658 1852 in
673 1828 781 1860 praefat.
796 1836 806 1853 1
831 1829 889 1853 Hoc
904 1827 969 1852 illud
984 1826 1020 1853 est
1032 1826 1171 1860 praecipue
1190 1825 1217 1850 in
1231 1824 1320 1857 cogui-
1381 1824 1453 1850 Caes.
1469 1823 1497 1849 B.
1509 1822 1570 1848 Ciu.
1583 1830 1605 1854 3,
1621 1831 1664 1855 49.
1719 1821 1849 1855 Abripere
1867 1822 2046 1854 frumentum,
2066 1823 2118 1848 via'.
2138 1829 2158 1849 Α
2170 1829 2213 1848 BR
2226 1828 2315 1848 irio.
2369 1820 2410 1847 Ab

278 1866 353 1893 tione
371 1872 459 1890 rerum
481 1861 584 1888 salubre
605 1870 633 1887 ac
653 1861 812 1894 frugiferum
826 1880 834 1892 ,
860 1862 975 1894 exempli
997 1861 1153 1886 documenta
1175 1860 1202 1885 in
1222 1859 1319 1885 illustri
1379 1858 1480 1884 undare
1500 1858 1574 1891 copia
1594 1856 1736 1887 frumenti,
1772 1857 1824 1882 vid.
1845 1863 2022 1883 ABVNDO.
2092 1857 2238 1883 Aestimare
2257 1857 2394 1883 frumentii

278 1901 360 1937 polita
378 1903 552 1926 monumento
572 1896 680 1922 intueri.
738 1897 807 1920 Inter
825 1895 929 1920 Saturni
952 1895 1125 1928 appellationes
1145 1893 1176 1925 esi
1198 1894 1321 1926 Frugifer
1380 1893 1437 1918 Cic.
1456 1893 1484 1917 in
1495 1893 1630 1921 Pis0n.86.
1707 1891 1881 1919 Aestimatum
1895 1892 2058 1917 frumentum
2073 1893 2156 1918 ternis
2171 1892 2285 1918 denariis
2299 1892 2335 1918 Id.
2347 1894 2416 1919 Verr

279 1937 356 1972 Apul.
369 1936 400 1962 de
414 1933 514 1961 Mundo
535 1941 558 1972 p.
573 1940 632 1966 752,
646 1939 674 1956 10
698 1929 800 1956 Floridi.
854 1928 983 1955 Laudatur
996 1931 1069 1953 etiam
1090 1927 1189 1953 Arnob.
1205 1930 1230 1952 6.
1381 1934 1404 1957 3,
1418 1930 1466 1954 188.
1502 1925 1557 1951 vid.
1576 1931 1735 1951 Ausa-imo.
1807 1926 1903 1958 Carpes
1916 1927 1969 1951 sata
1985 1926 2118 1951 frumenta
2130 1934 2210 1952 manu
2224 1919 2438 1963 VirgiLGeorgit'

317 1979 333 1999 r
352 1979 370 1997 R
390 1978 410 1997 v
429 1976 449 1996 G
469 1976 477 1994 1
498 1975 515 1994 r
538 1974 554 1994 E
572 1975 590 1994 R
609 1973 625 1993 E
646 1973 667 1992 N
686 1973 716 1998 s,
754 1964 828 1991 entis.
873 1963 1042 2003 [πυροφορῶνι]
1086 1963 1210 1988 Particum
1231 1960 1320 1995 epithe-
1338 1961 1490 2000 503176..
1544 1960 1719 1994 comportare
1732 1959 1895 1985 frumentum
1910 1968 1940 1985 ex
1956 1961 2025 1994 agris
2041 1961 2069 1986 in
2082 1960 2139 1987 loca
2152 1967 2207 1988 tuta
2219 1962 2275 1988 Cic.
2289 1964 2342 1990 Att.
2353 1972 2376 1996 5,
2389 1967 2423 1993 18'-

279 2014 338 2040 ton,
354 2014 401 2041 Ρη,
418 2003 561 2040 Frugffl'ffl·
597 2003 702 2028 Lucret.
716 2009 736 2033 1,
750 2009 762 2033 3
788 2001 864 2033 Quae
879 2007 951 2026 mare
969 2007 1138 2033 nauigeruni,
1158 2005 1225 2032 quae
1239 2003 1321 2023 terras
1339 2013 1344 2016 -
1381 1997 1567 2035 comprimere
1580 1995 1759 2035 frumentum,
1772 2001 1821 2029 pro
1834 1995 2005 2030 Supprimere:
2030 1995 2085 2022 Cic.
2098 1997 2152 2023 Att.
2167 2004 2194 2029 ς,
2213 2005 2236 2023 21
2260 1999 2375 2031 Perfeci,
2394 2003 2423 2025 vt

279 2043 465 2077 “ugit-erentes
502 2037 687 2066 Concelebra&
1381 2037 1407 2058 et
1420 2032 1516 2058 Graeci
1537 2036 1562 2057 et
1578 2038 1650 2057 ciues
1665 2030 1795 2064 Romani,
1814 2031 1861 2065 qui
1880 2031 2044 2058 frumentum
2064 2033 2277 2065 compreii'erant,
2297 2034 2438 2068 magnum*

322 2085 338 2104 F
349 2085 369 2104 R
380 2084 398 2100 ν
414 2084 451 2103 Gi
462 2074 503 2102 [ᾗ
513 2081 597 2103 GVS,
617 2082 640 2105 a,
663 2081 717 2098 um.
755 2069 816 2097 Adi.
853 2068 1030 2104 [ὥραιόλογος]
1065 2068 1147 2095 Ouid.
1161 2068 1226 2094 Met.
1241 2075 1267 2102 7,
1276 2069 1322 2094 622
1382 2075 1523 2093 numerum
1543 2066 1647 2102 populis
1664 2066 1862 2100 pollicerentur.
1939 2067 2060 2093 Emetere
2078 2068 2191 2094 multum
2210 2068 2336 2094 frumenti
2352 2069 2421 2102 agris

281 2113 333 2141 Hic
348 2122 396 2139 nos
410 2111 551 2145 frugilegas
565 2109 710 2144 aspeximus
722 2106 826 2141 agmine
839 2104 920 2139 longo
957 2103 1062 2131 Grande
1078 2112 1144 2129 onus
1159 2103 1254 2137 exiguo
1267 2103 1329 2128 101--
1382 2103 1477 2128 Horat.
1492 2102 1570 2136 Epist.
1586 2111 1604 2132 1,
1618 2104 1644 2133 6,
1658 2109 1692 2127 21.
1765 2102 1821 2127 Cic.
1836 2103 1914 2128 Verr.
1928 2110 1956 2134 3,
1977 2106 2009 2134 98
2036 2103 2134 2129 Nonne
2152 2103 2208 2137 plus
2225 2103 2293 2130 lucri
2312 2104 2422 2131 nomine

280 2150 360 2176 micas
374 2156 420 2174 ore
434 2152 561 2181 gerentes.
598 2165 604 2167 .
1271 2171 1276 2175 ⁴
1339 2138 1368 2164 55
1382 2137 1506 2169 eripitur,
1525 2145 1605 2175 quam
1618 2142 1746 2170 quantum
1761 2137 1888 2163 frumenti
1901 2138 2014 2164 0111111110
2026 2139 2169 2165 Exararent
2182 2140 2191 2166 3
2282 2139 2423 2167 Frumento
2456 2131 2468 2154 ,Γ

323 2191 338 2209 1³
350 2191 369 2210 R
381 2190 400 2207 v
412 2189 432 2208 G
442 2181 478 2208 ii>
488 2182 562 2208 A'RE
573 2186 595 2206 N
607 2187 637 2213 S,
655 2178 729 2207 emis.
751 2186 777 2205 ο.
813 2175 1047 2204 Ροηῃῃῃ,ςῡῃῃ,
1061 2182 1084 2206 3,
1096 2181 1119 2200 11
1143 2186 1189 2192 —
1206 2171 1324 2205 frugipa-
1382 2171 1469 2196 calore
1490 2170 1577 2196 Fundi
1593 2171 1715 2196 videmus
1736 2172 1840 2198 Luci-et.
1862 2181 1884 2204 1,
1905 2181 1960 2206 174.
2054 2175 2188 2209 Imperare
2211 2174 2260 2201 fibi
2280 2175 2309 2201 in
2329 2174 2419 2203 cellam
2456 2144 2479 2234 q

280 2227 392 2253 temque
407 2223 503 2244 manet,
1021 2244 1027 2249 ·
1383 2206 1563 2237 frumentum,
1607 2206 1726 2232 Inserere
1745 2206 1909 2232 frumentum
1928 2207 2087 2240 arboribus,
2131 2210 2224 2236 Metiri
2246 2204 2421 2242 frumentum:

319 2261 362 2281 PR
371 2261 391 2280 v
401 2260 421 2280 G
431 2252 444 2280 ἴ
453 2261 468 2280 p
478 2251 499 2279 ,οἳ
508 2259 527 2279 R
536 2258 557 2277 v
566 2258 595 2284 S,
621 2259 651 2282 a,
674 2259 728 2277 um.
761 2247 821 2275 Adi.
864 2246 940 2274 Idem.
977 2245 1072 2271 Anien.
1092 2243 1234 2271 Phaenom.
1250 2242 1323 2269 Atat.
1382 2241 1435 2267 vid.
1454 2241 1494 2267 hh.
1514 2249 1557 2267 vv.
1627 2240 1753 2267 Tradunt
1767 2241 1874 2274 grandia
1887 2242 2020 2269 frumenta
2034 2244 2106 2277 Virg.
2115 2244 2177 2268 Aen.
2191 2253 2219 2275 4,
2233 2248 2295 2278 406.
2347 2245 2416 2272 Tur.

284 2299 348 2324 1034
374 2289 479 2324 Singula
495 2288 645 2321 frugiparos
664 2285 788 2312 attollunt
801 2290 920 2317 tempora
936 2280 1045 2307 fruetus.
1384 2282 1444 2311 gent
1462 2275 1585 2302 1381011113
1604 2275 1736 2302 frumenta
1756 2277 1829 2302 Idem
1843 2276 1938 2310 Georg.
1953 2286 1972 2310 1,
1985 2285 2032 2310 313.
2100 2279 2257 2312 Frumenta,
2273 2281 2300 2307 in
2316 2280 2382 2312 ficis,
2399 2283 2418 2307 ι’.

320 2332 362 2353 FR
374 2332 394 2352 v
407 2329 615 2355 GIPERDVS,
630 2330 654 2354 3,
671 2331 724 2347 uni.
751 2320 809 2346 Adi.
837 2316 1033 2353 [ὡλι-σίκαςπος]
1071 2315 1136 2342 Pliu.
1148 2316 1186 2347 16,
1203 2316 1233 2339 26
1251 2310 1367 2343 Ocis-60
1384 2314 1478 2338 Grana.
1515 2311 1581 2337 Plin.
1597 2319 1632 2343 15,
1645 2319 1671 2343 19
1697 2311 1766 2337 Ficis
1789 2311 1877 2338 mollis
1897 2312 2021 2338 omnibus
2038 2312 2139 2338 taetus:
2164 2316 2274 2342 maturis
2291 2317 2431 2343 frumenta&

283 2362 347 2389 {ime
366 2367 454 2387 autem
472 2359 536 2385 salix
552 2358 652 2384 amittit
673 2358 769 2387 semen,
781 2359 841 2381 ante
860 2362 938 2388 quam
951 2352 1062 2378 omnino
1077 2350 1255 2377 maturitatem
1269 2349 1323 2374 sen·
1384 2348 1463 2374 intus.
1498 2346 1571 2373 Idem
1589 2355 1627 2381 17,
1641 2354 1682 2380 27.
1738 2347 1777 2372 De
1794 2347 1930 2373 frumento
1944 2347 2093 2382 inscribitur
2110 2347 2163 2374 Cic.
2178 2349 2206 2374 111
2224 2351 2333 2377 Verrem
2351 2351 2420 2378 libet

283 2398 333 2424 tiat
344 2406 352 2422 1
375 2396 411 2423 01)
426 2395 454 2421 id
469 2394 538 2420 011613
554 2393 586 2419 ab
600 2393 720 2419 Homero
734 2389 894 2424 frugiperda.
936 2387 992 2413 Vid.
1009 2386 1135 2413 Harduin.
1150 2389 1176 2411 in
1189 2386 1235 2413 loc.
1382 2383 1475 2410 tertius
1489 2392 1495 2408 ε
1521 2382 1583 2408 vnde
1597 2383 1673 2407 multa
1686 2381 1720 2407 ad
1732 2390 1812 2407 rerum
1829 2388 1852 2407 et
1867 2383 1995 2408 verborum
2011 2381 2168 2417 disciplinam
2181 2387 2234 2418 peti
2241 2384 2348 2419 pqffifflf,

314 2430 339 2458 Ῥ
350 2439 398 2459 Rv
408 2437 428 2458 G
438 2432 461 2457 Ᾱ
471 2437 486 2456 L
497 2437 545 2462 is,
577 2437 600 2454 e.
636 2427 696 2453 Adi.
732 2424 864 2460 [ἐντελῆς,
884 2422 992 2456 donam,
1013 2421 1095 2453 λιτὸς,
1113 2420 1229 2452 tunam,
1246 2418 1324 2452 ἐίκομ-
1422 2424 1438 2445 F
1450 2424 1498 2445 Rv
1508 2424 1531 2444 M
1541 2422 1619 2444 ΕΝΤ
1629 2417 1673 2443 lic
1684 2423 1699 2442 E
1709 2423 1730 2442 ν
1740 2423 1770 2449 s,
1787 2425 1811 2449 a,
1828 2426 1881 2443 11111.
1919 2416 1981 2443 Adi.
2017 2416 2137 2451 [asturiis]
2174 2419 2244 2454 Qod
2255 2429 2283 2445 e«
2290 2421 2438 2456 frumentoae

284 2466 344 2500 deoc]
383 2465 561 2500 Homo-frugi,
578 2465 708 2498 inprimis
722 2468 868 2495 temperans.
906 2458 962 2484 Cic.
970 2459 1045 2483 Verr.
1055 2466 1075 2489 1,
1090 2465 1113 2489 13
1132 2455 1324 2490 Frugalissimus
1383 2452 1424 2488 est.
1461 2455 1595 2488 vce-2257
1611 2453 1798 2479 Frufflemassea
1806 2453 1900 2479 farma·
1921 2452 1995 2487 Conf·
2003 2453 2080 2480 Hier.
2088 2453 2212 2488 Epist.133
2230 2454 2420 2483 &Man-enam·

284 2503 376 2530 homo.
430 2502 498 2528 Ter.
512 2501 606 2527 Heaut.
620 2508 648 2530 4,
661 2506 682 2530 3,
696 2505 708 2529 3
734 2495 809 2523 Dedo
827 2503 870 2521 me
890 2493 959 2528 patri
978 2501 1046 2519 nunc
1060 2493 1129 2525 iam,
1148 2497 1176 2517 vt
1195 2490 1325 2524 frugalior
1338 2491 1369 2522 63
1420 2496 1435 2516 F
1448 2495 1468 2514 V
1480 2496 1504 2515 M
1517 2495 1532 2515 Ε
1543 2495 1594 2515 NT
1604 2488 1649 2514 Ᾱῐζ
1659 2495 1669 2514 1
1679 2494 1697 2512 v
1709 2495 1739 2520 s,
1757 2496 1782 2519 a,
1801 2497 1855 2514 um.
1885 2488 1967 2515 Aliud
1980 2487 2040 2516 Adi.
2078 2489 2202 2524 [ominis]
2239 2490 2310 2525 de
2321 2493 2352 2517 „d
2359 2492 2422 2527 sm,

285 2539 348 2571 iim,
368 2547 447 2572 quam
460 2536 525 2562 vult.
581 2534 637 2561 Cic.
652 2534 704 2559 Att.
720 2534 788 2563 1,16.
824 2530 889 2557 Plin.
906 2529 934 2555 in
948 2530 1038 2563 Paneg.
1055 2535 1089 2561 51.
1146 2527 1286 2553 Cic.Veri·.
1299 2534 1325 2557 2,
1384 2531 1489 2551 mentum
1508 2527 1625 2560 pertinet.
1663 2523 1719 2550 Cic.
1735 2524 1811 2549 Verr.
1825 2532 1854 2556 3,
1875 2531 1897 2549 11
1921 2532 1942 2549 0.
1957 2532 1970 2556 ς
2005 2524 2145 2551 Neminem
2167 2524 2282 2551 vesti-sun
2300 2526 2424 2560 praeterit

287 2583 319 2607 45
352 2573 430 2600 Nihil
449 2571 521 2598 aliud
542 2571 570 2597 in
588 2579 635 2601 eo,
660 2567 733 2603 quod
752 2565 908 2601 reprehendi
928 2564 1017 2600 possit,
1037 2563 1163 2595 inuenio,
1188 2561 1235 2588 nisi
1251 2560 1325 2595 quod
1384 2560 1504 2591 Iudices,
1529 2568 1635 2586 omnem
1653 2558 1810 2589 vtilitatem,
1837 2559 2115 2594 opportunitatemque
2134 2561 2291 2588 Prouinciae
2311 2561 2431 2595 Siciliaeff·

285 2609 369 2636 homo
389 2606 571 2642 frugalillimus
589 2612 668 2638 atque
687 2602 887 2637 integerrimus,
907 2607 932 2627 te
952 2600 1089 2626 hominem
1110 2599 1215 2633 plenum
1234 2596 1326 2629 stupri,
1386 2604 1452 2635 quae
1465 2595 1496 2621 ad
1510 2595 1648 2621 commoda
1661 2595 1722 2627 Pop.
1738 2594 1848 2620 Roman.
1863 2594 1987 2621 adiuueta
2001 2594 2044 2626 sit,
2063 2594 2200 2622 consistere
2220 2595 2248 2621 in
2262 2604 2291 2623 re
2310 2597 2426 2624 frumeta,

288 2644 398 2679 flagitii,
416 2644 532 2672 sceleris,
551 2640 660 2667 domum
674 2640 744 2664 suam
763 2638 896 2664 inuitauit.
956 2636 1039 2662 Filius
1052 2633 1233 2668 frugalissimus
1248 2632 1326 2657 Inscr.
1386 2636 1454 2656 taria
1473 2630 1588 2656 maxime
1603 2639 1609 2655 ε
1644 2629 1671 2655 in
1688 2629 1797 2656 caeteris
1816 2631 1895 2656 rebus
1914 2630 2072 2656 adiuuamur
2089 2639 2120 2658 ex
2141 2631 2186 2657 illa
2204 2632 2358 2665 Prouincia,
2378 2632 2440 2803 l}

2385 2782 2401 2801 2
2430 2778 2432 2783 ,

289 2722 414 2750 tanquam
429 2713 529 2739 Censor
545 2711 629 2736 bonos
644 2709 763 2735 homines
780 2707 945 2741 nequissimos
964 2707 1105 2737 reiiceret,
1125 2712 1184 2731 reus
1202 2709 1327 2736 tanquam
1387 2702 1444 2728 Cic.
1458 2702 1532 2727 Verr.
1547 2710 1569 2733 3,
1583 2709 1606 2727 ii
1625 2709 1646 2726 c.
1660 2709 1682 2733 5.
1752 2700 1870 2734 Largitio
1887 2709 1981 2735 magna
1999 2701 2172 2729 frumentaria
2191 2702 2263 2729 Idem
2276 2703 2329 2730 Off.
2343 2712 2369 2736 2,

290 2750 403 2777 clemens
422 2747 512 2774 lanista
525 2744 721 2779 frugalissimum
743 2751 872 2776 quemque
891 2742 1049 2771 secerneret,
1068 2746 1113 2765 etc.
1206 2739 1328 2773 Optimus
1388 2738 1419 2763 Et
1432 2737 1542 2763 Tuscul.
1555 2745 1576 2769 3,
1595 2743 1624 2770 17
1650 2735 1775 2770 Pis01ille
1791 2736 1863 2770 frugi
1885 2737 1986 2771 semper
2005 2743 2096 2763 contra
2110 2738 2211 2772 Legem,
2224 2737 2396 2766 frumentaria

293 2786 417 2816 colonus,
438 2781 610 2817 parcissimus,
625 2778 807 2812 frugaliffimus
826 2777 898 2803 Idem
910 2776 941 2801 de
956 2776 1031 2802 Orat.
1045 2780 1121 2809 (5287
1141 2781 1210 2808 c.71.
1266 2774 1329 2800 Ara·
1388 2772 1500 2799 dixerat.
1570 2773 1624 2798 Lex
1646 2771 1820 2799 frumentaria
1839 2771 1871 2797 de
1890 2771 2032 2799 semiffibus
2052 2773 2152 2801 Auctor
2171 2773 2202 2799 ad
2216 2773 2332 2801 Herenn.
2347 2783 2368 2807 1,
2403 2782 2412 2812 1

290 2827 362 2847 tores
375 2817 564 2845 laborioliffimi
578 2814 792 2849 frugalissimique
807 2812 927 2838 homines
942 2811 1085 2837 Cic.Verr.
1099 2818 1184 2842 3‚¹20-
1238 2810 1329 2835 Homo
1388 2807 1445 2834 Cic.
1461 2807 1493 2834 de
1507 2807 1577 2835 Clar.
1590 2808 1664 2834 Orat.
1682 2816 1703 2833 0.
1718 2808 1760 2833 62.
1817 2807 1886 2833 Flor.
1900 2816 1920 2839 3,
1935 2816 1968 2840 13,
1981 2816 2000 2834 1.
2041 2809 2098 2834 Vid.
2113 2809 2172 2834 Lex.
2182 2808 2270 2843 Pitisc.
2340 2802 2431 2837 Locu'ffi

292 2854 475 2890 frugalissitnus
490 2854 529 2879 sui
542 2851 642 2879 ordinis
656 2850 727 2876 Idem
741 2850 818 2875 Verr.
833 2856 853 2880 1,
869 2856 901 2879 13.
925 2850 943 2873 ι’.
961 2846 1052 2881 probus
1065 2852 1088 2872 et
1100 2843 1219 2877 honestus.
1266 2846 1330 2871 Fru-
1342 2849 1374 2877 75
1389 2843 1594 2874 frumentarius,
1620 2842 1645 2868 h.
1660 2851 1679 2868 e.
1699 2842 1778 2869 Ferox
1785 2841 1921 2878 frumenti.
1957 2844 2030 2870 Caes.
2045 2843 2108 2870 Bell.
2123 2844 2153 2869 G.
2175 2851 2195 2874 1,
2216 2851 2243 2868 10
2264 2844 2299 2870 Vt
2318 2845 2431 2872 benico:

294 2891 414 2926 galissimi
430 2896 454 2915 ct
471 2887 618 2914 sanciissimi
637 2886 756 2911 homines
776 2884 832 2910 Cic.
848 2892 896 2917 pro
909 2882 992 2908 Flacc.
1008 2889 1046 2916 71.
1117 2881 1250 2906 Columel.
1271 2889 1295 2911 1,
1313 2888 1331 2912 9
1389 2879 1429 2905 sos
1444 2879 1532 2913 Popul.
1548 2879 1658 2904 Roman.
1673 2877 1806 2908 inimicos,
1819 2878 1883 2904 locis
1898 2877 2224 2912 patentibusrrnaximeque
2237 2879 2425 2915 frumentariis,

289 2681 366 2707 Grut.
387 2689 410 2712 p.
426 2686 470 2712 712
497 2687 522 2702 n.
536 2683 561 2710 7.
639 2675 772 2700 Contraria
787 2683 795 2697 .·
831 2673 886 2698 Cic.
901 2672 980 2698 Attic.
996 2680 1014 2701 1,
1034 2673 1059 2696 16
1087 2671 1177 2703 Qium
1196 2668 1327 2694 accusator
1335 2676 1371 2704 70
1387 2674 1452 2692 vero
1467 2665 1563 2692 alimur
1576 2674 1605 2691 30
1620 2664 1785 2691 sustinemur.
1880 2666 1949 2699 Ager
1967 2666 2099 2692 Columel.
2122 2675 2150 2697 2,
2170 2675 2202 2693 11.
2271 2668 2370 2699 Causa,
2442 2688 2444 2690 ,
2460 2678 2472 2693 ,;

292 2926 432 2961 Magistros
445 2923 584 2959 pecoribus
599 2927 703 2956 oportet
719 2928 878 2954 praeponere
892 2917 991 2944 sedulos
1003 2926 1031 2943 ac
1044 2915 1237 2950 frugalillimos.
1274 2916 1330 2942 Ser·
1390 2914 1517 2941 finitimos
1532 2913 1647 2953 haberet.
1740 2913 1855 2940 Lucrum
1876 2914 1932 2939 Cic.
1946 2915 2021 2940 Verr.
2033 2921 2058 2947 3,
2070 2918 2105 2944 83.
2157 2912 2278 2947 Nam,
2297 2916 2350 2943 vid,
2367 2912 2461 2943 NA.·.·¹

294 2972 342 2989 vus
357 2961 486 2994 frugalior
500 2961 556 2986 gen,
571 2959 631 2984 ΕΠ,
646 2958 737 2984 Contr,
751 2957 777 2987 6,
790 2964 813 2981 2.
884 2955 971 2980 Varro
991 2953 1022 2979 de
1037 2953 1067 2978 R.
1083 2953 1113 2978 R.
1128 2960 1149 2984 3,
1168 2961 1183 2978 z
1208 2951 1256 2978 Sed
1276 2960 1330 2977 non
1391 2956 1450 2976 vis.
1521 2949 1682 2983 Negotiator
1700 2949 1775 2975 Caes.
1789 2949 1854 2975 Bell.
1867 2949 1933 2974 Gall.
1948 2953 1972 2981 8,
1985 2956 2021 2980 3ς.
2070 2948 2127 2974 Cic.
2142 2949 2193 2975 Off.
2208 2958 2220 2981 3
2241 2958 2263 2976 0.
2277 2958 2311 2982 13.
2379 2952 2438 2977 Pe:

294 2999 372 3027 haec,
394 2992 497 3030 inquit,
516 2993 588 3020 Villa
603 3001 751 3028 quanquam
770 2989 974 3016 acdificauerunt
993 2988 1107 3014 maiores
1124 2987 1223 3019 nostri,
1244 2987 1331 3021 fruga-
1391 2985 1483 3017 cunia,
1509 2984 1561 3011 vid.
1582 2991 1705 3011 PECVN
1716 2991 1727 3009 1
1738 2991 1769 3010 A.
1861 2984 1959 3010 Praedo
1978 2982 2033 3009 Cic.
2046 2983 2122 3009 Verr.
2137 2992 2149 3015 3
2177 2994 2197 3010 c.
2213 2993 2255 3012 22-
2347 2987 2443 3022 Porta„

293 3034 348 3060 lior
361 3042 388 3059 ac
401 3032 497 3058 melior
511 3030 562 3061 est,
583 3037 659 3063 quam
675 3034 718 3054 tua
732 3026 776 3052 illa
795 3025 924 3060 perpolita
944 3025 971 3050 in
985 3024 1106 3050 Reatino.
1179 3023 1278 3049 Ventre
1293 3022 1330 3048 nil
1345 3027 1376 3052 80
1391 3021 1578 3051 frumentaria,
1599 3029 1669 3056 quom
1686 3018 1807 3054 adferunt
1819 3028 1848 3045 ex
1860 3020 1970 3045 Varron.
1985 3018 2016 3044 R.
2032 3018 2062 3044 R.
2077 3027 2098 3050 3,
2113 3027 2136 3049 2,
2149 3022 2165 3045 6
2195 3019 2228 3053 est
2247 3020 2431 3049 Flumentana..⁴
2442 3040 2451 3053 „
2466 3028 2468 3031 ·

294 3069 360 3096 noui
380 3067 508 3102 frugalius
531 3066 621 3091 quen.
635 3065 685 3090 Sat.
699 3070 729 3095 ς,
750 3064 776 3088 6.
846 3060 924 3086 Glois.
938 3059 1031 3091 Cyrill.
1046 3058 1180 3093 Frugalis,
1204 3058 1332 3093 χρήσιμος,
1392 3057 1447 3083 Cic.
1461 3056 1513 3082 Att.
1528 3064 1554 3088 9,
1570 3063 1592 3082 11
1619 3054 1712 3081 Omnis
1732 3054 1794 3081 haec
1814 3053 1890 3080 claffis
1903 3053 2077 3085 Alexandria,
2094 3061 2138 3080 etc.
2166 3055 2198 3081 ad
2211 3053 2429 3085 intercludendos&
2443 3073 2446 3076 .

296 3103 393 3138 χρηςός.
449 3100 578 3135 anffll.
593 3109 612 3131 1,
628 3102 654 3129 6,
668 3106 696 3133 17
720 3100 747 3124 in
766 3105 804 3124 eos
818 3096 896 3126 dicit,
916 3098 958 3130 qui
971 3095 1108 3130 analogiam
1123 3097 1198 3119 nimis
1205 3092 1333 3129 scHaren-
1391 3097 1550 3118 commeatus
1564 3091 1670 3121 Italiae,
1686 3096 1711 3116 et
1729 3089 1761 3116 ad
1780 3088 1939 3124 occupandas
1958 3089 2141 3115 frumentarias
2156 3092 2306 3118 Prouincias
2324 3102 2427 3128 compa-

295 3147 353 3172 tur,
378 3140 492 3174 frugalis
508 3137 536 3162 lit
551 3135 619 3170 apud
633 3135 692 3160 illos
706 3142 760 3159 non
775 3133 852 3168 Frugi
866 3142 873 3155 .·
899 3139 958 3156 nam
976 3138 1029 3164 quo
1047 3129 1102 3155 alio
1115 3129 1195 3155 modo
1214 3129 1258 3155 fiat
1274 3130 1334 3154 Fru-
1392 3133 1475 3154 ratur.
1510 3126 1578 3154 Add.
1593 3127 1664 3152 Caes.
1685 3126 1713 3152 B.
1726 3126 1756 3151 C.
1772 3135 1798 3158 3,
1812 3132 1851 3159 73.
1917 3125 1956 3150 Re
1975 3124 2148 3151 frumentaria
2168 3127 2273 3161 anguste
2292 3129 2330 3154 vti
2353 3117 2463 3156 Cael'sx¹¹

295 3177 409 3212 gamas?
486 3173 548 3208 Vsus
561 3170 592 3199 es?
607 3170 734 3204 Apuleius
749 3169 800 3194 alia
817 3170 930 3197 notione,
949 3164 1014 3200 quast
1027 3164 1070 3190 Ad
1083 3164 1177 3200 fruges
1192 3168 1334 3200 pertinens,
1393 3163 1421 3190 B.
1437 3163 1467 3189 C.
1484 3172 1512 3195 3,
1532 3164 1568 3188 16.
1605 3160 1738 3187 Laborare
1752 3160 1823 3186 Idem
1838 3159 1903 3186 ibid.
1916 3167 1936 3190 3,
1951 3167 1976 3192 9.
2043 3161 2133 3187 Solum
2153 3161 2373 3196 frumentarium,
2394 3165 2425 3190 J„
2442 3174 2445 3177 .

297 3212 329 3237 de
343 3208 444 3236 Mundo
466 3217 489 3242 p.
506 3215 534 3241 71
554 3207 660 3232 Elmenh.
691 3204 828 3231 Maturitas
845 3201 968 3236 frugalis,
992 3203 1009 3226 i.
1019 3199 1136 3235 frugum.
1349 3201 1378 3229 85
1392 3208 1437 3235 quo
1448 3199 1544 3234 seriem⁴
1552 3196 1707 3232 frumentum
1727 3196 1792 3222 Plin.
1809 3200 1843 3229 18,
1857 3197 1881 3220 6.
1924 3195 1954 3220 Et
1974 3195 2103 3222 Columel.
2118 3205 2137 3229 1,
2151 3205 2176 3223 2.
2243 3198 2352 3225 Tel'sera
2372 3192 2449 3226 frua.

331 3253 375 3273 PR
387 3252 404 3270 ν
416 3251 436 3271 G
446 3251 466 3270 A
476 3251 491 3270 L
502 3242 540 3269 ἶΤ
550 3249 571 3268 Α
580 3249 591 3268 s
601 3261 608 3272 ,
634 3241 692 3266 Etis.
719 3241 739 3266 f.
774 3239 787 3272 [
795 3238 907 3269 λιτότης,
922 3236 1049 3269 ἒυτέλεια]
1090 3236 1272 3269 Temperantia,
1279 3234 1333 3268 fine
1393 3234 1534 3264 mentaria‚
1552 3238 1605 3259 erat
1619 3232 1730 3267 Signum,
1741 3230 1794 3264 siue
1808 3230 1941 3264 Symbolum
1954 3230 2082 3265 quoddam,
2100 3235 2127 3257 in
2140 3241 2185 3267 qua
2198 3236 2296 3259 nomina
2307 3237 2427 3270 accipien-

296 3281 430 3308 moderatio
445 3282 474 3306 in
491 3278 561 3304 rebus
582 3276 693 3312 agendis.
729 3274 774 3302 Sed
786 3276 859 3300 ctiam
876 3270 1007 3305 vniucrfim
1027 3273 1107 3296 omnir
1119 3274 1210 3296 virtus.
1253 3271 1334 3296 Philo-
1392 3272 1469 3300 tium,
1488 3275 1512 3294 et
1532 3270 1607 3304 grani
1625 3265 1762 3301 accipiendi
1782 3265 1863 3291 modus
1881 3266 2068 3293 continebantur
2092 3267 2198 3294 Sueton.
2220 3269 2321 3296 Neron·
2344 3279 2380 3303 Π,
2400 3270 2444 3304 ,μς

291 3317 366 3353 sophi
379 3316 478 3345 dicant,
495 3319 538 3340 aret
550 3315 646 3348 generis
661 3313 738 3336 totius
752 3318 835 3336 nomen
848 3307 903 3341 effi,
922 3314 966 3333 aut
977 3305 1127 3341 eius-speciei
1134 3324 1140 3335 ,
1160 3314 1218 3338 quae
1230 3312 1335 3330 vocatur
1394 3303 1570 3335 Frumentarii
1582 3303 1768 3336 Negotiatores
1782 3301 1845 3326 Plin.
1855 3304 1878 3331 8,
1892 3309 1929 3332 44
1946 3300 2095 3336 simpliciter
2110 3304 2284 3330 Frumentarii
2300 3306 2425 3332 dicuntur,
2442 3299 2464 3333 .¹'·]

303 3353 486 3386 Trmpcraneia.
541 3349 595 3375 Cic.
608 3346 719 3373 Tuscul.
732 3354 752 3377 3,
766 3347 792 3370 16
813 3353 834 3370 c.
850 3349 863 3373 8
885 3342 1034 3369 Verisimile
1047 3341 1126 3367 etiam
1139 3340 1205 3365 illud
1221 3340 1270 3370 est,
1288 3340 1335 3373 qui
1395 3341 1477 3366 Plaut.
1496 3337 1584 3366 Pseud.
1607 3345 1630 3367 1,
1652 3346 1683 3370 2,
1701 3345 1733 3369 54
1764 3337 1837 3369 Qxae
1857 3337 1939 3361 amica
1960 3346 1985 3362 es
2004 3338 2200 3371 frumentariis,
2219 3339 2315 3372 quibus
2327 3334 2460 3370 cuneiiuf'

299 3386 328 3413 fit
343 3394 505 3420 temperans,
526 3393 604 3419 quem
619 3383 712 3409 Graeci
730 3380 835 3414 σώφρονα
854 3378 983 3413 appellant
997 3388 1003 3403 ε
1028 3384 1139 3410 eamque
1152 3375 1279 3401 virtutem
1292 3385 1376 3411 otu-90
1393 3382 1495 3402 montes
1512 3373 1620 3400 maximi
1635 3372 1723 3399 acerui
1737 3371 1863 3398 frumenti
1885 3371 1941 3397 sunt
1956 3372 2038 3399 domi.
2128 3374 2183 3401 Cic.
2191 3373 2266 3401 offic.
2281 3384 2303 3408 3,
2317 3383 2347 3409 37
2365 3385 2385 3401 c.
2401 3367 2461 3408 13-¹‘‚

301 3421 411 3454 amorim
433 3428 542 3450 vocant,
566 3427 643 3453 quam
663 3417 734 3443 soleo
751 3415 875 3449 equidem
893 3422 948 3440 111111
970 3411 1185 3446 temperantiam,
1209 3416 1264 3436 tum
1280 3418 1335 3435 mo-
1395 3412 1459 3438 Non
1479 3410 1560 3444 igitur
1577 3408 1683 3434 videtur
1699 3416 1745 3433 nec
1763 3406 1948 3445 frumentarius
1971 3408 2017 3433 ille
2036 3407 2171 3440 Rhodius,
2190 3418 2237 3435 nee
2258 3410 2300 3436 hic
2319 3411 2442 3437 aedium*
2464 3403 2465 3435 J

303 3454 465 3482 dei-ationem
479 3454 628 3490 appellare:
653 3459 842 3485 nonnunquam
855 3450 936 3475 etiam
952 3448 1116 3478 modestiam,
1135 3445 1178 3472 sed
1195 3445 1262 3471 haud
1282 3445 1335 3471 scio
1395 3446 1519 3472 venditor
1534 3443 1616 3470 celare
1637 3449 1749 3469 emtores
1769 3440 1890 3467 debuill'e.
1984 3444 2160 3475 Frumentarii
2180 3451 2252 3471 etiam
2274 3445 2437 3478 dicebantur,

305 3498 336 3515 ,Π
350 3490 420 3515 reae
433 3499 462 3516 ea
474 3492 557 3517 vil-ms
572 3489 707 3524 fl-ugaljgas
721 3486 845 3521 appellari
861 3484 942 3519 poffit,
951 3483 1023 3518 quod
1036 3482 1168 3517 angustius
1182 3481 1248 3515 apud
1256 3482 1336 3507 Grae·
1395 3485 1437 3517 qui
1449 3479 1553 3516 appoliti
1568 3479 1677 3509 horreis,
1696 3485 1754 3512 quae
1766 3477 1853 3502 Romae
1867 3480 1894 3502 in
1907 3481 1992 3513 quouis
2011 3479 2080 3505 vrbis
2094 3480 2199 3516 Regione
2232 3481 2288 3506 [um
2307 3488 2378 3507 erant
2394 3479 2437 3507 ad,
2448 3479 2455 3487 .

306 3533 348 3550 (ος
367 3525 450 3556 valet,
470 3526 515 3558 qni
535 3525 606 3559 frugi
626 3524 746 3550 homines
766 3526 866 3548 tantum
883 3521 1005 3555 χρησίμας
1024 3518 1169 3552 appellant,
1189 3516 1216 3542 id
1229 3516 1264 3542 est
1284 3522 1337 3542 tan-
1395 3516 1536 3552 capiendum
1544 3514 1698 3549 frumentum
1712 3511 1851 3546 publicum,
1866 3512 2060 3540 admetiebantur
2071 3517 2169 3555 populo.
2231 3516 2292 3542 ucil.
2305 3517 2427 3552 ap.Non.¹

306 3558 443 3585 tutniuodo
456 3560 540 3586 vtiles.
576 3562 609 3586 At
623 3559 689 3586 illud
703 3558 738 3585 est
753 3557 838 3583 latius.
873 3555 966 3581 Omnis
979 3555 1049 3580 enirn
1062 3553 1229 3584 abstinentia,
1250 3552 1337 3578 omnis
1349 3557 1381 3583 95
1398 3561 1416 3584 1,
1431 3554 1463 3578 66
1490 3548 1686 3578 Fruinentarius
1704 3547 1754 3578 est,
1773 3547 1892 3574 modium
1913 3548 1956 3575 hic
1976 3549 2062 3575 secum
2081 3556 2160 3584 atque
2179 3551 2302 3577 rutellum
2339 3553 2426 3579 Vnum
2458 3547 2461 3550 ’

306 3594 457 3620 innocentia
486 3609 530 3614 —
557 3596 670 3630 reliquas
684 3594 763 3620 etiam
776 3593 888 3619 virtutes
902 3590 1038 3624 frugalitas
1051 3589 1167 3615 continet
1196 3603 1241 3607 —
1267 3588 1338 3613 Tres
1397 3587 1484 3614 habet.
1541 3586 1578 3612 De
1590 3584 1629 3610 his
1639 3584 1714 3618 plura
1728 3582 1784 3608 uide
1798 3584 1862 3618 apud
1874 3584 1942 3620 Lips
1957 3584 2030 3610 5128.
2046 3595 2066 3615 ι,
2080 3592 2103 3614 8.
2154 3586 2268 3612 laurent.
2285 3586 2312 3612 de
2327 3587 2437 3616 Conuiul.
2466 3606 2467 3609 ,

306 3631 433 3659 virtutes,
452 3628 650 3659 fortitudinem,
667 3630 809 3659 iustitiam,
825 3625 990 3662 prudentiam
1003 3624 1140 3658 frugalitas
1155 3623 1190 3649 est
1203 3623 1340 3657 complexa
1397 3632 1418 3649 c.
1433 3633 1457 3657 7.
1493 3619 1565 3656 Conf.
1583 3621 1640 3645 item
1653 3618 1752 3653 Casoub.
1772 3625 1794 3644 et
1807 3620 1906 3655 Salmas
1920 3621 1947 3645 in
1958 3619 2065 3646 Adrian.
2081 3621 2162 3654 Spart.
2183 3630 2203 3647 c.
2218 3630 2249 3648 11.
2285 3622 2349 3648 Aur.
2358 3621 2425 3648 νίἂ.

308 3680 353 3685 -—
388 3663 493 3695 reliqua
512 3670 537 3689 ct
557 3671 648 3697 quarta
665 3665 748 3691 virtus
760 3684 769 3696 ‚
794 3669 822 3689 vt
843 3663 896 3696 ipsa
916 3661 945 3687 sit
968 3660 1113 3694 frugalitas.
1180 3659 1243 3685 Eius
1266 3659 1338 3685 enim
1398 3658 1430 3685 de
1443 3657 1516 3684 Caes.
1535 3664 1556 3681 c.
1570 3662 1609 3687 39.
1644 3654 1737 3689 Reines.
1753 3654 1829 3680 Inscr.
1844 3663 1865 3687 1,
1885 3663 1918 3687 ις.

307 3700 413 3727 videtur
427 3699 474 3725 css'e
487 3699 639 3731 proprium,
654 3705 740 3725 motus
754 3698 836 3725 animi
853 3697 996 3732 appetentis
1009 3704 1116 3730 regere,
1132 3695 1284 3728 semperque
1297 3693 1341 3720 ad·
1435 3700 1451 3720 r
1460 3700 1479 3719 R
1488 3698 1539 3718 VM
1548 3697 1564 3716 Ε
1573 3694 1652 3729 Nsro
1663 3696 1680 3715 R
1690 3709 1697 3721 ,
1721 3689 1768 3715 ari.
1803 3689 1962 3722 [σιτολογέω,
1979 3689 2158 3724 ἓπισιτῖζομαι]
2198 3693 2351 3718 Frumentum
2363 3690 2427 3718 colli·
2439 3690 2441 3695 “

308 3737 455 3762 versantem
474 3732 598 3765 libidini,
618 3733 779 3760 moderatam
797 3734 825 3759 in
837 3732 912 3759 omni
929 3740 958 3758 re
977 3732 1079 3758 seruare
1092 3729 1277 3761 constantiam,
1297 3730 1395 3756 0111100
1418 3737 1463 3755 ere.
1498 3727 1613 3758 Pompei.
1627 3724 1674 3759 fiib
1687 3724 1742 3750 Cic.
1758 3726 1835 3751 Attic.
1850 3730 1873 3759 8,
1887 3734 1908 3751 11
1929 3735 1953 3759 p.
1968 3730 2013 3758 803
2033 3726 2121 3751 Graeu.
2176 3727 2272 3762 Neque
2286 3728 2352 3753 solus
2370 3725 2427 3753 cuni

309 3771 470 3798 contrarium
484 3768 581 3794 vitium
596 3769 714 3800 nequitia
726 3769 831 3795 dicitur.
886 3767 1086 3802 Frugalitasffltt
1099 3765 1211 3799 opinor,
1228 3774 1242 3791 3
1255 3765 1342 3798 fruge,
1400 3764 1448 3790 ista
1463 3762 1537 3794 copia
1550 3765 1646 3785 tantam
1659 3760 1854 3786 multitudinem
1869 3760 1992 3786 sustinere
2004 3760 2115 3794 poteris,
2135 3767 2164 3787 vt
2177 3762 2363 3789 frumentatum
2380 3770 2441 3788 eas.·.

309 3815 361 3839 qua
375 3805 442 3831 nihil
455 3803 549 3831 melius
563 3811 578 3828 e
589 3809 672 3828 terra:
697 3804 816 3837 nequitia
828 3803 860 3829 ab
874 3812 914 3833 eo,
929 3802 985 3835 (etsi
998 3801 1047 3828 hoc
1061 3801 1112 3827 erit
1125 3801 1228 3827 fortasse
1242 3799 1342 3831 durius,
1400 3798 1471 3825 Caes.
1485 3795 1547 3822 Bell.
1557 3794 1624 3820 Gall.
1643 3804 1669 3827 4,
1684 3804 1700 3827 9
1721 3796 1876 3826 Praedandi,
1888 3795 2121 3829 frumentandique
2136 3798 2217 3823 causa.
2283 3796 2429 3830 Liu.’31‚36

310 3842 352 3869 sed
372 3847 516 3871 tentemus,
540 3844 566 3864 et
577 3837 662 3863 rlusisse
681 3844 817 3870 putemur,
845 3837 861 3862 fi
879 3839 918 3864 nil
937 3838 984 3869 fit)
1010 3836 1043 3864 ab
1063 3845 1112 3868 e0,
1137 3836 1208 3870 quod
1228 3835 1341 3870 nequid·
1399 3835 1492 3866 Qium
1509 3830 1537 3856 in
1557 3831 1706 3869 propinquo
1724 3840 1787 3866 agro
1806 3831 2028 3857 frumentarentur
2043 3830 2164 3857 Romani.
2235 3833 2428 3859 Frumentatum

311 3886 389 3912 quam
401 3876 437 3902 est
454 3876 483 3904 in
495 3874 543 3900 tali
557 3872 675 3903 homine,
697 3881 726 3898 ex
741 3881 793 3906 quo
808 3872 877 3898 idem
890 3873 969 3900 nihili
985 3872 1091 3899 dicitur.
1128 3871 1201 3908 Conf.
1215 3870 1289 3899 Idem
1304 3869 1340 3896 ib.
1398 3867 1532 3894 dimittere
1552 3866 1610 3891 Liu.
1628 3874 1663 3897 22,
1678 3874 1721 3899 24.
1793 3866 1990 3894 Frumentatum
2008 3865 2095 3891 miss'us
2113 3866 2173 3892 Sall.
2189 3867 2244 3901 lug.
2257 3870 2299 3894 60.

310 3922 329 3947 4
349 3921 371 3938 c.
387 3914 425 3940 16.
495 3908 641 3945 Frugalitas
652 3907 782 3935 virtutum
796 3908 914 3943 genetrix
932 3908 1022 3936 iustin.
1036 3916 1080 3941 20,
1095 3915 1124 3942 4,
1138 3915 1175 3934 10.
1247 3905 1394 3941 Siagu-105
1435 3906 1568 3931 ERVME
1578 3901 1659 3930 N‘rei
1669 3907 1754 3936 Tio,
1774 3901 1842 3930 onis.
1877 3901 1899 3929 f.
1934 3901 2094 3936 [cervaria³
2114 3901 2280 3939 ἐπισιτισμός]
2315 3903 2434 3933 frumen-¹

2351 3943 2428 3966 'orum
