2479 4225
0 2104 7 2126 ἓ
28 2098 182 2127 :tritonum
201 2097 287 2122 Varro
302 2094 339 2127 ,de
357 2095 388 2121 R.
403 2095 435 2120 R.
455 2102 488 2127 2,
508 2102 519 2119 1
534 2092 583 2128 fin.

0 2420 6 2426 “
51 2416 179 2443 extrarius
194 2415 301 2442 Arbiter
319 2414 409 2441 assistat
427 2413 507 2448 Apul.-
525 2412 604 2446 Apol.
626 2421 651 2445 p.
665 2419 730 2442 300,
751 2417 772 2442 5.

0 3675 2 3695 1
40 3683 45 3687 ,
63 3649 217 3678 Intestinum
234 3655 379 3675 extremum
397 3648 512 3676 Scribon.
529 3660 582 3685 230.

35 331 203 367 c'APITIS
229 327 557 358 PRAElvaIVM
584 326 699 353 rmT.
757 321 866 359 Viam>
884 317 1068 357 particular.-

34 371 78 408 ,ΗΞ
94 370 207 400 videtur,
226 367 304 393 Extra
316 373 394 400 quam
409 363 443 390 fi:
470 370 516 395 vt,
528 364 635 397 leian.
650 363 678 388 111
694 361 711 387 1.
725 359 810 394 prima
831 360 853 393 9.
874 354 963 395 Labeo
977 352 1067 392 scribit

36 410 68 437 D.
88 405 119 433 de
134 401 304 434 fluminibus,
328 400 376 426 Sed
396 400 432 426 ita
450 398 635 433 excipiendum
655 398 708 430 ait,
726 401 799 421 extra
815 400 894 426 quam
912 393 930 416 l1
945 388 1009 423 quid
1030 393 1067 428 ita

1 455 5 473 ,·
35 441 133 472 1736111111
149 439 192 470 fit,
207 437 251 464 Δνῐὶ
263 436 295 463 de
309 436 365 470 lege
378 435 437 461 fieri
450 435 535 460 licuit.
605 433 664 460 Liu.
678 433 725 462 26,
742 438 781 462 34.
817 434 840 453 et
858 431 901 459 38,
918 430 953 457 38.
1010 424 1067 449 Cic.

37 479 90 507 Att.
106 478 132 509 6,
144 483 154 502 ι
178 474 233 508 Ego
246 472 332 499 habco
346 470 528 505 exceptionem
562 483 607 491 -
643 476 674 494 ex
695 468 733 499 Q
748 463 833 490 Mucii
846 461 934 488 edicto
947 458 1069 490 Aliatico,
1092 464 1107 489 ς
1136 461 1196 494 ch.
1213 461 1304 487 Manil.
1318 467 1356 491 28.

36 515 112 543 Extra
125 518 203 546 quam
222 508 240 535 fi
256 508 293 535 ita
311 507 448 542 negotium
466 505 566 541 gestum
580 504 632 536 est,
649 508 679 529 vt
696 509 729 527 eo
748 499 811 526 stari
829 506 883 524 non
897 500 1019 531 oporteat
1038 502 1069 521 ex

0 574 6 588 ³
39 548 90 611 fid}
99 547 364 609 ssgniitACLVSVs
377 598 386 611 ‚
422 578 507 612 Ager,
525 575 568 602 vel
593 574 664 600 locus
685 569 837 601 dicebatur,
875 566 930 601 Qii
950 566 1019 592 intra
1042 565 1071 606 ti-

27 618 157 648 ,111111113111
171 615 266 642 lineam
284 619 310 640 et
322 613 453 640 centurias
472 609 641 638 interiacebat
654 619 659 634 :
691 606 806 640 ideoque
819 603 994 635 extraclusus,
1009 609 1071 636 quia

26 654 105 682 .vltra
119 651 214 679 limites
227 649 342 676 finitima
354 649 425 676 linea
438 646 609 674 clauderetur.
646 648 672 669 et
686 641 828 668 extraclusa
842 640 899 665 loca
920 639 977 664 sunt
990 645 1072 672 aequc
1092 649 1127 674 10,
1137 640 1169 664 tis
1184 644 1302 665 extremo
1319 639 1475 671 summoque
1487 636 1622 670 Supplicio
1636 637 1741 664 affixum
1755 638 1868 664 videret,

37 689 104 718 iuris
117 686 328 717 subsecutorum,
347 685 416 711 vltra
428 684 540 712 limites,
556 685 581 707 et
595 680 663 705 vltra
678 677 819 703 finitimam
833 675 938 701 lineam.
968 708 973 713 ι
992 673 1072 706 Quod

39 723 120 761 'genus
136 730 261 758 agrorum
279 721 296 747 si
309 720 457 755 Reipublic.
473 716 567 751 Populi
580 714 708 746 Romani,
727 718 771 739 aut
793 711 871 746 ipsius
886 709 1014 739 coloniae,
1030 717 1073 733 cu-

40 754 146 788 1111511110
160 756 354 787 circumdatur,
374 755 426 782 fiue
443 751 595 788 peregrinae
613 749 701 780 vrbis,
719 754 763 774 aut
783 747 848 774 locis
869 745 962 777 sacris,
976 750 1021 769 aut
1035 752 1074 769 rc-

32 794 152 831 11310110,
170 801 252 827 aeque
271 792 303 818 ad
316 790 443 826 Populum
455 789 603 814 Romanum
626 783 835 821 pertinentibus,
856 781 945 807 datum
961 788 1014 805 non
1029 779 1075 811 cst,

39 831 99 861 iure
113 828 311 856 subseciuorum
325 827 353 853 in
365 826 436 856 eius,
453 823 500 858 qui
512 822 634 857 affignare
654 821 785 856 potuerit,
806 822 923 845 remanet
941 815 1075 849 potcltatc.
1094 827 1120 853 ¹5
1133 823 1182 852 pro
1199 815 1309 842 Tandem
1328 816 1424 841 ultimo.

39 867 77 894 Ex
91 864 220 893 Frontino
237 862 270 890 de
284 864 415 898 Agrorum
434 858 577 894 qualitate,
596 867 620 892 p.
635 865 666 889 39
688 854 765 889 GoeJii
779 854 846 881 Edit.
893 851 961 879 AM.
976 851 1073 885 Aggen.

40 900 78 930 ib.
100 909 124 935 p.
139 908 175 934 49
192 906 216 926 et
229 901 272 926 60.
341 896 424 930 Regio
438 894 582 925 extraclusa
598 893 697 927 Hygin.
718 892 756 918 ib.
777 900 802 925 p.
815 894 867 921 189.

74 942 93 963 E
102 943 122 963 Χ
130 942 151 962 T
159 942 179 961 R
187 941 209 962 A
218 940 236 961 C
249 940 269 961 0
279 940 295 959 L
303 938 341 966 Α,
361 939 399 957 ae.
434 939 469 956 m.
504 932 522 955 i.
536 929 610 970 foris
629 928 740 963 versans.
777 925 856 965 Gloss}
869 922 961 950 isidor.
1004 960 1007 964 .

75 978 93 999 E
103 979 122 999 x
130 978 151 998 T
161 977 181 997 R
191 976 266 997 ANE
275 975 296 994 V
304 974 316 994 s
324 986 333 999 ‚
350 975 380 999 a,
400 974 455 992 um.
492 965 552 992 Ad1.
588 962 764 998 [(ἰλλόδιιπος]
801 961 898 986 dicitnr
906 978 912 990 ‚
932 965 961 984 vt
982 963 1019 983 cut
1031 957 1076 983 Fe-

1514 228 1546 268 E
1633 229 1669 268 X
1758 230 1800 269 T
2099 246 2168 282 550

1132 327 1209 358 inam.
1281 318 1354 345 Idem
1368 318 1400 345 de
1413 319 1485 345 Orat.
1499 327 1528 352 41
1549 317 1706 351 devero
1725 317 1752 344 in
1765 323 1880 343 extrema
1894 320 2021 347 Oratione
2037 320 2106 356 quali
2121 327 2169 349 tuo

1133 363 1190 380 iure
1205 354 1320 380 sumsisti.
1392 354 1472 394 Qrbis
1491 361 1639 386 extremus,
1659 353 1733 389 11111111
1753 352 1835 380 Ouid.
1851 353 1907 379 Am.
1924 363 1949 385 2,
1964 358 1990 387 6,
2005 362 2039 387 33.
2109 358 2169 384 Pars

1135 397 1250 416 extrema
1265 397 1290 416 et
1305 391 1436 422 contiuno
1450 390 1565 415 muneris
1580 396 1604 416 ct
1617 389 1719 424 negotii
1732 389 1789 416 Cic.
1802 390 1838 422 Q
1850 389 1932 414 Fratr.
1947 399 1970 421 1,
1987 399 2004 416 1.
2095 393 2171 419 Plebs

1135 426 1238 452 I’ctron.
1257 435 1278 451 c.
1298 427 1352 452 106.
1431 426 1547 451 Fuci-itia
1564 432 1679 452 extrema
1699 425 1776 451 miles
1795 425 1846 450 fuit
1865 424 2030 458 imperatoris
2048 428 2103 453 Cic.
2121 438 2170 462 pro

1174 498 1176 500 Ι
1426 461 1532 486 Recess'u
1545 461 1647 494 penitus
1662 467 1783 487 extremo
1797 459 1900 486 abditus
1922 460 1978 485 Seu.
1994 462 2100 494 l‘lippol.
2116 465 2132 489 s.
2149 470 2171 494 g.

1136 497 1263 530 Spiritum
1283 504 1430 523 extremum
1449 495 1567 522 liliorum
1585 497 1705 530 excipere
1724 497 1779 523 Cic.
1794 496 1870 522 Verr.
1890 502 1919 528 ς,
1941 503 1985 527 117.
2029 498 2085 522 lai.
2102 500 2171 526 modo

1135 532 1255 558 Halitum
1274 539 1431 558 extremum.
1502 530 1574 556 Idem
1588 532 1618 557 de
1632 532 1689 558 liin.
1705 541 1726 562 2,
1742 540 1776 565 99
1796 531 1963 557 Summorum
1979 528 2129 559 officiorum
2142 534 2172 560 in

1136 574 1254 607 extremo
1267 568 1366 602 Spiritu
1380 566 1546 593 conseruatio
1556 585 1564 598 ‚
1584 567 1681 594 indicat
1697 568 1813 594 innatam
1831 567 1879 593 ess'e
1893 565 1996 592 homini
2014 567 2173 601 probitatem

1136 609 1287 637 gratuitam.
1358 603 1413 629 Cic.
1427 602 1504 627 Verr·
1519 608 1541 633 ς,
1557 606 1583 632 38
1611 603 1683 628 Italia
1703 609 1791 629 autem
1804 602 1940 628 alumnum
1953 602 2042 633 suum,
2063 603 2175 629 seruitu-

1957 637 2051 664 Torus
2071 639 2175 666 Petron.

1135 683 1158 700 c.
1173 679 1214 708 78.
1409 670 1430 709 fl
1458 681 1474 698 2
1511 672 1569 698 Cum
1588 673 1731 709 Pracpoji'tt.
1745 671 1898 708 fiabstamiue
1917 673 2067 700 Extremum
2086 681 2109 700 ct
2127 676 2177 700 Ex-

1137 717 1221 736 trema
1229 715 1374 749 ¹pumuntur.
1415 709 1467 740 Vt,
1486 708 1568 734 Plaut.
1606 728 1612 734 .
1651 729 1655 733 .
1695 729 1700 735 .
1737 710 1776 735 Ab
1789 715 1908 736 extremo
1922 717 2027 735 narrare
2041 709 2177 745 incipiam.

1138 746 1205 771 Hor.
1220 744 1298 778 hpist.
1315 753 1335 776 1,
1350 753 1370 776 1,
1383 752 1400 776 9
1430 743 1509 770 Solue
1523 744 1693 770 senescentem
1708 751 1810 771 mature
1829 745 1902 771 sanus
1918 754 2031 779 equum,
2050 753 2084 771 ne
2118 746 2179 773 Pec-

1138 787 1180 807 cet
1198 779 1239 806 Ad
1256 786 1405 806 extremum
1422 778 1562 818 ridendus,
1582 785 1607 805 et
1626 780 1673 806 ilia
1691 780 1776 806 ducat.
1837 780 1976 815 Vsurputur
1994 780 2181 814 minerbialiter,

1306 851 1310 855 .
1350 851 1354 856 ι
1379 851 1383 854 ι
1454 849 1459 854 .
1495 815 1549 841 Clc.
1564 814 1675 850 Philipp.
1691 824 1724 847 13,
1738 824 1769 850 4,-
1790 815 1840 841 Sed
1854 816 1906 841 iani
1920 816 1946 841 se
1964 816 2082 850 colligit,
2101 822 2127 843 et
2144 817 2179 843 ad

1140 858 1289 878 extremum
1303 856 1399 884 incipit
1416 849 1606 884 philosophari.
1677 850 1750 877 Idem
1769 852 1847 877 Attic.
1865 859 1891 882 2,
1912 859 1944 877 22
1972 851 2011 877 Ad
2031 858 2181 879 extremum

1141 895 1231 914 manus
1244 885 1325 912 dedit.
1365 886 1435 912 Illud
1449 892 1474 912 te
1488 891 1513 911 te
1528 886 1567 912 Ad
1580 892 1726 913 extremum
1741 895 1791 913 oro
1806 885 1844 912 Id.
1861 886 1898 912 ib.
1912 895 1937 918 2,
1948 895 1969 918 3.
2011 887 2050 913 Ad
2065 894 2182 915 extrema

1141 921 1295 950 descendere
1307 921 1442 948 Cic.Fam.
1453 930 1489 954 10,
1501 929 1535 953 33.
1572 921 1611 948 Ad
1626 927 1783 953 extremum,
1794 928 1840 956 pro
1850 924 1879 948 In
1894 930 2001 947 emt-ema
2010 930 2091 957 parte.
2120 924 2182 951 Liu.

1143 963 1198 990 2¹‚8
1217 956 1309 984 Miffile
1322 957 1404 982 telum
1419 957 1506 983 hastili
1518 956 1643 991 oblongo,
1653 962 1679 982 et
1692 963 1793 983 caetera
1804 957 1891 988 tereti,
1900 963 2082 992 praeterquam
2095 959 2127 985 ad
2139 968 2184 986 ex-

40 1007 108 1040 ssus,
128 1006 184 1039 Qti
198 1013 230 1031 ex
242 1004 320 1031 altera
334 1006 404 1028 terra
416 1001 461 1027 est.
500 1000 615 1028 Alludere
629 999 728 1026 videtur
745 996 778 1024 ad
793 1001 892 1023 terram
909 1000 932 1020 ct
947 999 1076 1020 conterra-
1095 1007 1130 1026 20
1142 991 1343 1025 tremum,vnde
1356 993 1458 1019 ferrum
1471 992 1593 1019 exstabat.
1614 992 1642 1018 de
1650 992 1775 1018 Falarica.
1812 992 1850 1017 Ad
1865 1000 2010 1018 extremum
2021 1003 2112 1020 manus
2121 994 2184 1022 dare

40 1051 129 1070 neum.
169 1040 216 1068 Sed
227 1046 305 1067 ancus
320 1035 353 1071 est
362 1035 497 1072 prodzoeffio
510 1045 591 1067 mera,
608 1042 652 1061 etc.
707 1034 850 1060 Extraneus
864 1031 940 1057 heres
955 1036 994 1064 ap.
1008 1029 1076 1068 Sue-t.

41 1077 133 1105 Claud.
152 1084 174 1103 e.
187 1084 215 1109 4.
284 1072 462 1099 Pseudo-Cic.
482 1077 568 1106 anteq.
583 1072 633 1097 iret
653 1071 682 1097 in
700 1069 763 1096 exil.
777 1076 793 1101 9
805 1068 874 1099 ,Pax
892 1071 917 1092 et
937 1063 1078 1090 concordia

41 1112 171 1141 extraneis
190 1111 326 1145 gignetur,
349 1117 432 1143 quum
453 1108 506 1134 iam
527 1106 675 1133 domesticis
694 1113 747 1132 non
767 1103 891 1134 insideat,
915 1100 957 1127 sed
977 1100 1079 1134 publice

41 1146 199 1186 prouidenti·
207 1143 345 1179 eripiatur.
416 1144 499 1170 Causa
516 1141 662 1170 Auctorad
676 1142 793 1167 Herenn.
809 1147 824 1171 3
846 1148 868 1164 c.
889 1146 910 1163 2.
975 1137 1079 1169 Cogno-

33 1182 114 1212 ·mine
126 1187 251 1208 extraneo
263 1178 443 1206 demonstrare
460 1178 503 1212 id,
523 1177 595 1213 quod
606 1178 654 1203 suo
668 1177 778 1203 nomine
789 1173 916 1209 appellari
930 1181 983 1197 non
996 1171 1080 1206 potest
1097 1183 1129 1210 23
1144 1170 1314 1198 obstinatum.

34 1218 115 1248 lldem
129 1218 161 1245 ad
173 1217 290 1243 Herenn.
303 1223 331 1248 4,
344 1223 379 1247 42
400 1224 421 1241 c.
435 1223 470 1247 31.
540 1214 624 1241 Heres
637 1218 773 1239 extraneus
792 1212 897 1237 Sueton.
917 1208 1009 1234 Claud.
1029 1216 1049 1232 c.
1063 1215 1080 1232 2

44 1256 178 1292 explicante
193 1252 355 1285 Imperatore
374 1248 396 1286 ᾗ.
411 1259 423 1282 3
447 1249 507 1276 Inst.
528 1249 559 1276 de
577 1248 666 1275 hered.
686 1247 779 1283 qualit.
805 1245 859 1279 Qui
879 1243 1007 1271 testatoris
1025 1241 1081 1268 iuri

42 1296 100 1318 uon
117 1285 247 1316 subie&us
265 1285 321 1311 est:
348 1288 429 1321 itaque
449 1288 523 1312 etiam
536 1284 610 1321 filius
630 1286 812 1319 emancipatus,
832 1288 878 1308 etc.
949 1278 1080 1305 Columel.

0 1325 6 1355 ἶ
47 1333 113 1359 υμι.
128 1330 169 1360 pr.
193 1323 215 1349 A
226 1327 318 1348 natura
332 1326 481 1355 comparata
500 1320 536 1346 est
554 1328 634 1354 opera
647 1319 767 1345 mulieris
785 1318 818 1344 ad
836 1315 1003 1343 domesticam
1022 1313 1082 1339 dili-

0 1357 3 1384 ἶ
42 1360 178 1397 gentiam,
195 1357 249 1391 (iri
262 1362 350 1383 autem
362 1357 394 1383 ad
408 1355 624 1382 exercitationem
636 1355 770 1381 forensem
782 1359 807 1379 et
821 1358 978 1379 extraneam.

41 1402 199 1427 extraneae,-
217 1397 243 1420 ct
254 1392 373 1426 corporis
387 1398 413 1418 et
426 1391 509 1418 anixm'
523 1391 633 1426 diuersae
653 1390 708 1418 Cic.
725 1390 756 1416 de
768 1390 842 1416 Orat.
857 1397 872 1414 2
892 1397 913 1413 c.
926 1395 957 1413 11.
1009 1384 1083 1412 Idem

0 1458 2 1462 ,
47 1431 82 1459 de
95 1432 283 1463 1m1ent.2‚177
301 1427 346 1454 Sin
359 1427 526 1454 distributius
540 1427 661 1459 tractare,
679 1426 739 1460 quis
751 1425 833 1457 volet,
848 1423 975 1458 partiatur
987 1421 1015 1448 in
1029 1420 1084 1447 ani-

46 1475 121 1495 mum
133 1471 160 1492 et
172 1472 264 1499 corpus
281 1469 307 1490 et
320 1468 453 1490 extraneas
469 1472 509 1490 res
523 1462 623 1489 licebit.
660 1461 752 1488 Animi
765 1460 810 1491 est,
827 1462 921 1491 virtus,
938 1465 982 1484 etc.
1019 1457 1086 1482 Cor-

45 1501 135 1537 poris,
147 1498 292 1531 valetudo,
312 1506 357 1525 etc.
413 1499 574 1530 Extraneae‚
590 1497 694 1530 honos,
715 1497 840 1531 pecunia,
856 1493 976 1523 affinitas,
994 1501 1085 1526 genus,

44 1536 134 1569 amici,
141 1534 366 1571 patria,potentia,
374 1541 400 1560 et
408 1540 516 1563 caetera,
525 1542 592 1568 quae
604 1532 685 1559 simili
697 1532 745 1558 ess'e
753 1532 782 1558 in
790 1539 884 1565 genere
893 1529 1085 1562 intelligentur.
1105 1537 1131 1564 33
1150 1527 1222 1554 dine.

81 1578 244 1599 EXTRAN
254 1577 315 1602 Eo,
335 1574 388 1595 are.
425 1570 520 1596 Facere
535 1574 689 1594 extraneum
703 1567 780 1601 Apul.
797 1566 873 1600 Apol.
896 1574 920 1599 p.
934 1572 984 1597 335,
998 1571 1027 1595 25
1048 1564 1088 1589 El-

43 1605 206 1640 menhorstius
224 1605 307 1635 dedit,
325 1606 359 1630 Vt
373 1604 566 1637 intelligeretur
580 1604 661 1629 iratus
682 1603 770 1637 potius
789 1600 944 1627 extraneasse
958 1608 1014 1625 eam
1033 1599 1088 1631 (tc-

37 1640 297 1706 gaementoffvxorem)
315 1648 394 1674 quam
412 1639 510 1666 oblitus
529 1638 685 1673 praeteriss'e.
738 1636 785 1665 Sed
802 1638 847 1662 ulii
867 1644 955 1671 magno
973 1633 1088 1671 constusu

68 1683 158 1704 xterna
179 1686 208 1708 e,
225 1686 251 1702 v.
268 1684 294 1701 υ.

84 1715 494 1742 nx‘raAortmNAmvs,
511 1717 535 1743 a,
553 1719 607 1736 um.
642 1708 704 1735 Adi.
740 1708 893 1742 [ὲέιτακτος]
927 1704 1133 1744 φωρ-,1140

2 1761 3 1765 ¹
46 1754 87 1775 ter
99 1745 264 1781 ordinemfit‚
284 1746 324 1771 vel
336 1743 376 1778 nst.
413 1746 468 1772 Cic.
481 1747 557 1772 Vcrr.
573 1752 635 1778 3,,35
662 1746 698 1770 Vt
719 1744 810 1770 omnia
829 1743 946 1775 semper,
965 1749 1031 1773 qnae
1050 1747 1089 1764 111-

0 1793 1 1800 ¹
48 1782 159 1810 dicanda
179 1782 227 1808 else
246 1780 384 1814 videntur,
403 1790 458 1807 non
475 1780 557 1806 modo
577 1781 619 1806 his
637 1777 854 1805 extraordinariis
876 1773 1087 1808 Cupiditatibus‚

47 1818 91 1844 sed
104 1818 184 1849 etiam
198 1816 244 1850 ipfi
258 1822 365 1841 naturae
377 1825 406 1841 ac
419 1815 559 1841 neceffitati
570 1814 734 1846 denegarem.
806 1811 876 1836 Cura
896 1810 955 1834 Liu.
969 1809 1008 1837 26,
1035 1825 1041 1831 .
1079 1824 1086 1830 .

45 1851 143 1879 Honor
161 1852 234 1877 Brut.
253 1849 285 1875 ad
299 1850 353 1881 Cic.
368 1858 395 1880 4.
432 1857 456 1874 ει
474 1849 530 1874 Cic.
544 1847 576 1873 ad
590 1848 662 1872 Brut.
677 1854 715 1871 10.
1013 1840 1086 1866 Caes.

46 1887 74 1914 B.
89 1888 119 1914 C.
134 1895 154 1918 1,
167 1893 205 1917 32.
239 1884 288 1909 Res
301 1883 440 1917 inuidiofiz,
456 1889 489 1907 vt
506 1881 617 1908 omnibus
635 1881 676 1906 his
694 1881 756 1905 locis
774 1884 886 1913 apparet.

41 1922 102 1950 Cic.
117 1920 229 1955 Philipp.
245 1926 277 1950 11,
291 1925 321 1952 17
340 1926 362 1943 c.
375 1925 392 1951 7
410 1924 434 1943 et
452 1925 496 1943 20.
567 1915 668 1942 Milites
688 1915 748 1941 Liu.
762 1921 804 1946 35,
824 1920 846 1945 ς.
916 1912 1012 1937 Munus
1033 1911 1089 1936 Cic.

37 1958 100 1985 [Att.
113 1964 136 1990 ς,
149 1964 174 1989 9.
225 1952 352 1985 Pecunia,
377 1955 395 1978 i.
416 1961 475 1988 quae
487 1954 515 1978 in
527 1951 623 1977 tabulas
636 1960 684 1976 non
696 1950 808 1986 refertur
822 1948 895 1974 Idem
908 1948 987 1972 Verr.
1002 1955 1019 1977 1,
1033 1954 1087 1971 100.

47 1994 80 2022 Et
99 2000 147 2028 pro
163 1990 238 2017 Rosc.
253 1989 329 2015 Com.
342 1996 370 2021 4.
446 1987 544 2014 Petitio
561 1986 709 2013 consulatus
730 1985 787 2011 Cic.
806 1983 838 2009 de
857 1983 927 2008 Clar.
942 1983 1016 2008 Orat.
1038 1982 1088 2006 226

49 2038 71 2055 0.
84 2031 123 2061 63.
192 2025 270 2052 Porta
288 2024 348 2050 Liu.
362 2031 409 2056 40,
422 2030 466 2058 27.
538 2021 651 2049 Potestas
669 2021 724 2048 Cic.
742 2028 790 2054 pro
806 2019 894 2045 Domo
907 2018 952 2043 sua
971 2025 999 2050 22
1027 2025 1048 2042 c.
1063 2024 1088 2048 9.

40 2061 207 2092 ‘Praesidium
225 2060 298 2086 Idem
311 2058 424 2093 Philipp.
438 2067 470 2091 u,
484 2066 527 2084 20.
599 2058 667 2083 Reus
691 2055 748 2083 Cic.
761 2056 833 2081 Fam.
850 2059 880 2086 Β,
898 2058 920 2083 8.

653 2089 869 2119 Extraordinaria
888 2087 1001 2115 crimina
1020 2088 1089 2113 Iur'r-

0 2135 1 2138 ’
41 2134 165 2171 geanficltis
177 2132 308 2163 dicuntur,
328 2131 396 2166 Quae
413 2139 461 2156 non
477 2130 528 2165 lege
545 2130 630 2163 aliqua
643 2126 804 2162 ‘publicorum¹
812 2124 975 2155 iudiciorum,
1006 2123 1035 2148 ed
1050 2131 1090 2148 εκ-

55 2171 95 2197 tra
107 2167 212 2196 ordinem
225 2165 386 2202 magistratus
398 2167 510 2200 imperio,
529 2172 558 2190 ac
565 2161 687 2198 potestate
700 2167 849 2188 exercentur.
892 2159 971 2190 Vnde,
1006 2157 1092 2191 ,egiti-

46 2202 98 2232 ⁴m'a
108 2202 213 2231 crimina
221 2200 441 2228 Extraordinariis
454 2206 610 2236 opponuntur
618 2198 647 2224 ab
655 2197 714 2232 le.
725 2197 742 2224 1.
750 2205 762 2229 3
783 2197 814 2222 D.
824 2195 856 2221 de
864 2195 939 2221 crim.
948 2193 1089 2219 stellionat.

46 2244 79 2258 ..·
94 2240 344 2269 ExTRAR1VS‚
370 2245 402 2267 a,
422 2245 476 2267 um.
511 2233 572 2261 Adi.
608 2232 754 2267 [ἓξωτικὸς]

53 2275 155 2307 focum,
173 2274 376 2303 sacramentum,
398 2271 492 2306 iusque
507 2270 559 2302 est,
576 2271 659 2304 inquit
674 2268 770 2295 Festus.
828 2266 954 2300 Apuleius
973 2264 1050 2299 Apol.
1065 2273 1090 2298 p.

51 2315 130 2344 318,7
147 2309 281 2336 Praeterea
299 2307 465 2340 minabatur,
488 2305 506 2332 fi
526 2305 642 2332 extrario
659 2303 794 2338 nupsisset,
818 2301 887 2328 nihil
908 2302 932 2327 se
953 2300 1015 2326 filiis
1033 2300 1091 2326 eius

51 2353 83 2372 ex
97 2345 209 2382 paternis
222 2353 314 2371 eorum
333 2343 409 2370 bonis
423 2342 577 2369 testamento
595 2340 761 2367 relicturum.
819 2335 872 2364 Hic
888 2339 1027 2371 accipitur,
1041 2343 1091 2370 pro

4 2388 6 2391 ’
51 2382 100 2413 Eo,
118 2382 160 2416 qui
179 2390 227 2406 non
239 2379 277 2413 fit
296 2376 454 2411 domesticus,
473 2384 496 2403 et
515 2387 545 2403 ex
565 2376 645 2403 eadem
655 2375 771 2411 familia.
826 2375 868 2402 Sic
880 2373 913 2398 At
926 2371 1031 2409 quiuis,
1048 2371 1090 2397 vel

752 1846 814 1870 Item
827 1844 880 1868 Att.
896 1850 919 1874 ς,
931 1851 958 1874 4.

366 2458 392 2482 p.
407 2453 442 2477 18.
513 2447 592 2473 Canis
614 2445 744 2472 extrarius
762 2443 828 2479 apud
841 2443 1032 2476 Sueton.Vesp.
1045 2451 1065 2468 c.
1078 2451 1091 2474 ς

50 2448 122 2479 Idem
137 2452 231 2485 Dogm.
246 2451 310 2476 Plat.
323 2457 340 2475 2

397 2481 497 2508 Auctor
516 2481 549 2507 ad
567 2482 683 2507 Herenn.
701 2489 733 2512 2,
754 2488 782 2512 19
807 2479 934 2505 Absoluta
955 2478 1090 2504 iuridicali

45 2493 95 2522 pro
111 2488 169 2512 Non
190 2483 326 2517 domestico.

0 2522 6 2551 {1
51 2520 239 2548 constitutione
250 2524 370 2550 vtemnr,
390 2526 472 2551 quum
487 2517 568 2551 ipsam
581 2525 653 2547 rem,
668 2524 747 2550 quam
761 2524 808 2541 nos
822 2515 908 2541 fecisse
922 2514 1089 2544 confitemur,

52 2557 112 2582 iure
125 2554 221 2581 faciam
234 2553 363 2585 dicemus,
380 2552 433 2579 fine
445 2552 500 2579 vlla
512 2552 665 2579 assumtione
679 2551 808 2578 extrariae
822 2549 987 2577 defentionis.
1042 2549 1090 2574 Ex-

53 2591 135 2618 traria
151 2590 211 2622 lux,
233 2589 390 2624 Extrinsecus
407 2588 519 2615 incidens
536 2589 641 2614 Lucrct.
656 2597 685 2621 4,
697 2594 757 2621 277.

55 2628 103 2660 176
123 2625 228 2652 Vtilitas
245 2631 289 2651 aut
302 2625 330 2650 in
344 2632 454 2658 corpore
467 2623 548 2659 posita
561 2623 614 2656 est,
632 2629 676 2650 aut
689 2623 717 2649 in
730 2622 852 2649 extrariis
864 2621 961 2647 Rebus.
1017 2621 1092 2646 Hanc

51 2661 241 2688 conditionem
253 2660 271 2686 si
284 2661 327 2686 cui
340 2659 426 2686 tulero
439 2660 556 2686 extrario
570 2660 639 2686 Ter.
654 2658 761 2685 Phorm.
776 2666 838 2690 4‚1,
853 2665 887 2688 13.
907 2657 940 2681 al.
959 2661 1093 2681 extraneo.

51 2697 100 2725 Sed
118 2696 238 2723 Extrario
255 2698 328 2721 etiam
348 2696 429 2721 Bentl.
508 2695 670 2720 Extrarium
687 2693 797 2723 dicitur,
823 2689 953 2725 Quidquid
971 2688 1003 2721 qs}
1020 2695 1092 2714 extra

53 2741 114 2764 rem,
134 2732 161 2758 (1⁷2³
172 2741 219 2767 qma
231 2734 332 2766 agitur,
347 2736 376 2755 vt
388 2729 454 2764 apud
465 2728 573 2762 innet.
587 2736 612 2762 7,
627 2737 650 2760 2,
665 2736 681 2760 9
701 2729 791 2760 Qmm
805 2726 833 2751 in
846 2726 981 2759 personam
995 2729 1093 2749 certam

52 2768 210 2795 transfertur
224 2766 368 2796 accusatio,
388 2765 474 2791 autin
486 2770 648 2797 extrar1um,
668 2768 713 2790 aut
727 2763 756 2789 in
771 2760 866 2798 ipsius,
885 2760 933 2796 qui
947 2759 1028 2796 periit
1047 2767 1092 2786 vo·
1100 2771 1135 2800 70

22 2814 26 2820 ·
53 2804 180 2830 luntatem
190 2823 196 2831 ,
216 2810 260 2829 etc.
295 2800 364 2828 Add.
379 2807 406 2834 7,
419 2809 447 2833 4,
460 2809 486 2833 9.

90 2845 235 2866 extrem
247 2844 294 2864 OR
306 2858 314 2870 ,
339 2841 551 2867 EXTERIVS,
578 2834 632 2861 vid.
646 2834 694 2871 sub
715 2840 903 2861 Ex‘rERvs.

90 2882 107 2902 E
117 2881 191 2901 xTR
201 2874 218 2900 f:
227 2881 251 2900 M
261 2881 281 2899 v
290 2880 302 2900 s
312 2893 319 2904 ,
340 2881 364 2904 a,
383 2880 437 2898 um.
474 2870 535 2897 Adi.
571 2869 673 2906 [dinem
693 2868 798 2904 ὅςατος]
841 2867 935 2904 Super-I.
954 2866 984 2893 ab
998 2866 1099 2902 Exter,

53 2911 94 2937 vel
108 2910 215 2936 Externs
224 2928 230 2940 ‚
256 2914 285 2935 vt
305 2908 451 2934 Postremus
459 2926 466 2938 ‚
487 2907 636 2942 Supremus.
690 2905 737 2934 Sed
752 2907 827 2931 multo
846 2905 924 2930 latius
935 2909 1007 2938 putet
1015 2922 1023 2934 ‚
1043 2911 1091 2928 non

1031 1350 1081 1375 Res
1095 1364 1128 1388 30
1146 1353 1165 1376 i.
1185 1352 1213 1376 in
1221 1348 1373 1385 summitate.

941 1876 1087 1909 Imperium
1095 1884 1130 1911 45

987 2051 1089 2086 Species
1097 2062 1129 2088 50

797 2232 922 2262 Alienus,
949 2229 997 2263 qui
1016 2233 1090 2255 extra
1105 2238 1134 2265 55

829 2410 860 2435 Et
879 2407 1000 2434 Exti-aria
1018 2407 1134 2437 Bona60

830 2586 885 2613 Cic.
900 2585 932 2612 de
947 2587 1050 2611 Inucnt.
1065 2593 1091 2616 2,
1104 2590 1134 2622 65

1143 1030 1201 1056 Cic.
1221 1029 1274 1054 Att.
1294 1037 1319 1060 2,
1337 1037 1378 1054 22.
1450 1028 1489 1054 Ad
1505 1034 1669 1060 extremum,
1683 1035 1731 1063 pro
1746 1025 1880 1058 Postremo:
1899 1028 1966 1053 Tac.
1981 1029 2047 1054 Hist.
2064 1038 2081 1060 1,
2097 1033 2131 1061 46
2152 1032 2184 1057 Et

1144 1064 1184 1091 Ad
1199 1070 1345 1090 extremum
1359 1063 1427 1090 bella
1440 1063 1532 1089 ciuilia
1549 1063 1670 1090 ruebant.
1740 1062 1813 1088 Idem
1826 1062 1892 1089 Anu.
1909 1070 1953 1094 14,
1974 1066 2001 1088 61
2029 1065 2076 1090 Sed
2094 1066 2185 1093 Vitam

1143 1100 1225 1134 ipsam
1238 1100 1266 1125 in
1279 1106 1425 1126 extremum
1437 1098 1585 1125 adductam.
1656 1098 1757 1124 Durare
1772 1098 1800 1123 in
1814 1104 1960 1123 extremum
1975 1099 2055 1125 Ouid.
2068 1100 2145 1134 Epist.
2158 1109 2186 1135 7,

1139 1144 1189 1162 111.
1259 1135 1350 1162 Tacit.
1363 1135 1429 1161 Hist.
1443 1143 1469 1167 3,
1482 1136 1511 1167 36
1539 1134 1705 1160 Acerrimum
1726 1133 1855 1166 militem,
1877 1139 1902 1159 et
1917 1133 2003 1167 Vsque
2022 1135 2049 1160 in
2069 1143 2186 1162 extrema

1384 1172 1414 1196 In
1428 1179 1457 1196 ea
1472 1169 1592 1205 Pompeii
1613 1169 1722 1204 epistola
1740 1174 1795 1194 erat
1817 1169 1845 1194 111
1859 1174 1978 1194 extremo
1999 1170 2078 1204 ipsius
2092 1180 2187 1197 manu:

1139 1205 1243 1246 subaud.
1261 1206 1391 1240 Scriptum
1412 1206 1466 1232 Cic.
1480 1206 1559 1232 Attic.
1575 1210 1605 1238 8,
1625 1214 1647 1233 2.
1717 1204 1860 1238 Intelligit,
1881 1204 2000 1231 fortunas
2022 1206 2076 1231 suas
2096 1206 2123 1232 in
2145 1215 2188 1233 ex-

1144 1249 1232 1269 tremo
1244 1241 1301 1269 litas
1315 1241 1417 1268 Sallust.
1430 1241 1549 1275 Iugur-th.
1569 1249 1611 1267 22.
1721 1241 1796 1274 Resp.
1814 1241 1840 1266 in
1861 1246 1980 1266 extremo
1999 1240 2043 1267 lita
2058 1241 2094 1268 cst
2114 1242 2190 1268 Idem

1147 1278 1228 1304 Catil.
1248 1286 1285 1310 52.
1357 1278 1454 1304 Ponam
1474 1277 1503 1302 in
1518 1282 1654 1307 extremo,
1673 1276 1745 1310 quod
1759 1276 1844 1302 sentio
1861 1276 1917 1302 Cic.
1932 1276 2002 1302 Fam.
2018 1285 2050 1309 11,
2066 1279 2101 1304 16.
2157 1279 2189 1304 In

1147 1320 1265 1342 extremo
1282 1312 1402 1340 Scribon.
1425 1314 1477 1344 165.
1509 1314 1527 1338 i.
1547 1315 1574 1338 in
1588 1314 1718 1338 cacumine.
1790 1313 1819 1337 In
1834 1318 1949 1337 extrema
1962 1318 2035 1345 parte
2050 1312 2122 1338 Idem
2138 1315 2190 1345 163.

1451 1347 1528 1374 Plura
1545 1347 1577 1373 de
1595 1347 1720 1373 extremis
1739 1346 1830 1381 loqui,
1851 1356 1907 1381 pars
1926 1347 2048 1381 ignauiae
2066 1348 2102 1374 cst
2120 1349 2191 1375 Tac.

1148 1385 1216 1412 Hist.
1232 1394 1254 1417 2,
1267 1393 1313 1419 47,
1325 1386 1350 1411 6.
1420 1385 1451 1410 In
1468 1383 1593 1409 extremis
1614 1383 1675 1410 effe:
1695 1382 1817 1409 Scaeuola
1831 1383 1858 1408 in
1872 1382 1889 1408 l.
1903 1382 2023 1409 alumnae
2043 1384 2075 1410 D.
2091 1384 2123 1410 de
2136 1385 2192 1411 adi-

1149 1420 1236 1449 mend.
1249 1421 1326 1455 legat.
1345 1419 1471 1454 Cognoui
1485 1419 1645 1445 Priscianum
1658 1418 1744 1444 fliium
1758 1427 1847 1444 meum
1863 1418 1890 1444 in
1903 1420 2026 1444 extremis
2041 1420 2096 1445 effe.
2148 1421 2192 1446 Iu·

1149 1457 1234 1483 lianus
1247 1456 1276 1482 in
1290 1456 1307 1482 l.
1326 1455 1354 1482 Si
1366 1461 1439 1490 pater
1460 1455 1492 1481 D.
1506 1454 1537 1480 de
1556 1454 1716 1480 fideicomm.
1736 1454 1825 1480 libert.
1846 1453 1936 1480 eadem
1959 1455 2043 1482 vtitur
2064 1455 2192 1490 loquendi

1149 1493 1246 1519 forma.
1301 1491 1350 1519 Sed
1361 1498 1384 1517 ct
1398 1489 1629 1526 eodemstgnisicatn
1643 1489 1730 1515 ibidem
1746 1490 1825 1521 dicit,
1846 1490 1898 1516 Ess'e
1920 1490 1948 1515 in
1962 1496 2079 1517 extrema
2093 1491 2193 1517 valetu-

1418 1524 1439 1562 ἦ
1467 1534 1478 1557 3
1517 1525 1564 1553 Sed
1584 1528 1658 1551 etiam
1678 1525 1742 1551 alias
1761 1524 1914 1557 Substantiue
1928 1528 2043 1560 ponitur.
2086 1527 2141 1553 Cic.
2161 1527 2194 1553 de

1151 1564 1247 1590 Natur.
1262 1563 1343 1588 Deor.
1359 1570 1375 1588 2
1396 1570 1418 1587 c.
1439 1569 1462 1593 13
1489 1561 1585 1595 Neque
1604 1560 1675 1586 enim
1693 1560 1746 1586 dici
1765 1560 1846 1594 potest
1868 1561 1897 1587 in
1915 1561 1968 1586 vlla
1983 1570 2072 1587 rerum
2091 1562 2194 1588 institu-

1150 1599 1225 1625 tione
1245 1599 1292 1624 ess'e
1311 1597 1414 1631 aliquid
1428 1602 1573 1622 extremum
1593 1602 1670 1630 atque
1686 1596 1841 1630 perfechun.
1914 1596 2005 1622 Tacit.
2020 1597 2087 1622 Ann.
2103 1604 2143 1629 15,
2157 1604 2194 1630 70

1152 1635 1180 1660 de
1193 1636 1300 1666 Lucano,
1320 1632 1375 1659 Vbi
1393 1633 1534 1666 frigescere
1548 1631 1624 1666 pedes
1637 1639 1801 1665 manusque,
1821 1637 1847 1656 ct
1865 1630 2002 1664 paullatim
2021 1631 2053 1656 ab
2071 1632 2194 1657 extremis

1152 1670 1245 1696 cedere
1257 1668 1396 1703 spiritum,
1416 1667 1523 1693 feruido
1538 1666 1632 1698 adhuc,
1651 1671 1676 1692 et
1690 1671 1812 1699 compote
1826 1666 1921 1691 mentis
1938 1665 2045 1699 pefiore
2058 1666 2194 1696 intelligit.

1151 1705 1239 1732 Habet
1259 1710 1421 1734 extremum,
1439 1702 1512 1736 quod
1533 1702 1638 1728 finitum
1655 1700 1692 1726 est
1708 1700 1763 1726 Cic.
1783 1700 1815 1725 de
1829 1700 1920 1726 Diuin.
1938 1708 1965 1730 2,
1981 1709 2032 1732 103.
2106 1696 2195 1728 Extre-

1153 1749 1227 1765 mum
1239 1739 1361 1764 omnium
1373 1746 1479 1768 rerum,
1498 1745 1569 1762 mors
1588 1735 1661 1761 Idem
1674 1735 1744 1760 Fam.
1759 1736 1783 1765 6,
1796 1743 1833 1760 21.
1906 1735 2043 1761 Summum
2062 1742 2140 1772 atque
2154 1746 2195 1763 ex-

1152 1780 1267 1800 tremum
1281 1772 1416 1798 bonorum
1430 1771 1551 1797 omnium
1567 1770 1621 1796 Cic.
1638 1769 1670 1794 de
1683 1770 1740 1795 Fin.
1758 1778 1767 1795 1
1778 1790 1786 1801 ,
1801 1778 1840 1802 29.
1913 1769 1961 1796 Sed
1981 1770 2032 1797 hoc
2048 1779 2197 1799 extremum

1153 1816 1247 1833 eorum
1261 1807 1324 1838 est,
1336 1806 1482 1839 postulant,
1502 1811 1530 1831 vt
1547 1805 1712 1840 excipiantur
1732 1804 1795 1831 haec
1815 1805 2011 1838 inexplicabilia
2029 1807 2102 1834 Idem
2116 1808 2195 1834 Aeaci.

1152 1851 1180 1874 4,
1194 1849 1236 1876 97.
1307 1876 1312 1880 ”
1327 1842 1449 1868 Extrema
1469 1841 1560 1867 onmia
1581 1840 1696 1875 experiri
1711 1840 1812 1867 Sallust.
1827 1841 1904 1867 Catil.
1921 1851 1942 1867 c.
1952 1843 1993 1867 26.
2064 1844 2196 1870 Curatum

1151 1882 1269 1913 extrema
1288 1875 1334 1902 Sil.
1350 1883 1394 1911 17,
1432 1896 1438 1903 .
1554 1877 1708 1903 Extremum
1729 1876 1833 1902 tunicae
1852 1876 1918 1902 Plin.
1937 1885 1974 1906 11,
1996 1884 2036 1911 37.
2107 1880 2197 1905 Extre-

1152 1921 1225 1938 mum
1239 1911 1293 1938 diei
1305 1918 1359 1938 erat
1373 1911 1473 1938 Sallust.
1488 1912 1608 1946 Iugurth.
1627 1920 1664 1937 21.
1753 1913 1793 1938 Sic
1807 1912 1930 1937 Extremo
1950 1913 2030 1944 anni,
2046 1920 2094 1948 pro
2110 1916 2197 1941 Exn-e.

1153 1957 1192 1973 ma
1206 1954 1282 1982 parte
1294 1950 1356 1973 anni
1373 1948 1441 1974 Tac.
1456 1948 1522 1973 Ann.
1536 1950 1562 1979 6,
1576 1954 1618 1981 27.
1688 1946 1761 1972 Idem
1775 1946 1842 1972 Hist.
1857 1955 1884 1979 3,
1896 1955 1933 1981 47
1954 1948 1984 1973 In
1998 1954 2117 1976 extremo
2132 1951 2197 1976 Pon-

1153 1983 1220 2022 ticae
1235 1991 1306 2008 orae.
1360 1982 1475 2008 Id.Hist.
1489 1990 1511 2014 ς,
1527 1991 1554 2008 12
1571 1983 1693 2008 Extrema
1707 1987 1732 2007 et
1745 1981 1862 2008 latiffima
1876 1983 2020 2009 moenium.
2138 1983 2158 2020 ἦ
2178 1997 2198 2020 4

1154 2018 1212 2053 obj.
1238 2019 1272 2044 Vt
1291 2022 1437 2043 extremum
1450 2024 1499 2052 pro
1512 2017 1606 2053 summo
1622 2017 1703 2053 gradu
1717 2015 1886 2053 perfcffionis
1905 2018 1956 2044 dici
1975 2018 2043 2045 modo
2062 2019 2198 2056 obstructur-

1152 2063 1205 2080 mus
1224 2062 1249 2081 n.
1262 2062 1275 2086 3
1289 2063 1296 2084 ;
1329 2055 1366 2079 ita
1387 2056 1460 2079 etiam
1468 2053 1497 2088 se
1517 2062 1557 2079 res
1569 2052 1640 2079 habet
1652 2055 1679 2078 in
1692 2053 1772 2079 malis.
1814 2054 1844 2079 V.
1856 2061 1881 2089 g.
1906 2053 1980 2088 Virg.
1993 2055 2058 2081 Aen.
2071 2065 2099 2089 4,
2115 2064 2161 2092 179

1307 2088 1383 2114 Illam
1403 2094 1473 2115 terra
1493 2096 1602 2122 parens,
1621 2088 1660 2113 ira
1680 2087 1783 2114 irritata
1803 2087 1914 2115 deorum

1307 2124 1458 2164 Extremam
1472 2126 1512 2156 (vt
1526 2122 1679 2158 perhibent)
1697 2124 1776 2155 Caco,
1790 2124 1971 2160 Enceladoque
1986 2126 2105 2153 sororem

1306 2160 1461 2193 Progcnuit.

1153 2193 1276 2225 Seruius,
1296 2197 1350 2221 Ant
1364 2194 1420 2229 post
1434 2203 1525 2221 omnes
1541 2194 1657 2228 gigantes
1692 2209 1737 2215 —-
1772 2200 1817 2222 aut
1831 2201 1901 2222 certe
1915 2195 2061 2230 pessimam:
2086 2207 2134 2224 non
2148 2207 2199 2224 ma.

1172 2233 1199 2270 izi
1217 2236 1296 2256 autem
1316 2229 1363 2263 est,
1389 2230 1453 2266 quod
1471 2230 1559 2262 addit,
1578 2230 1677 2256 Omnes
1696 2231 1784 2263 enim,
1803 2232 1849 2265 qui
1869 2231 1900 2257 de
1922 2232 2053 2258 medicina
2071 2233 2199 2266 tractant,

1173 2271 1256 2304 1011111,
1275 2266 1394 2292 naturale
1410 2266 1468 2298 esse,
1488 2272 1516 2293 vt
1531 2265 1756 2298 inmilioreshfint,
1776 2268 1822 2301 qui
1835 2268 1974 2293 nascuntur
1986 2268 2084 2294 vltimi.
2122 2270 2200 2295 (tusd-

1154 2300 1214 2343 quid
1229 2303 1267 2334 sit
1291 2300 1319 2327 de
1337 2304 1434 2328 ratione
1456 2302 1517 2333 hac,
1542 2301 1694 2327 Extremum
1709 2309 1757 2336 pro
1772 2302 1871 2337 ptjffimo
1887 2306 1965 2337 poni,
1983 2313 2031 2329 non
2046 2303 2078 2337 est
2092 2295 2199 2331 du‘ffium.

1153 2338 1195 2364 Sic
1210 2337 1277 2363 Tac.
1292 2338 1360 2363 Ann.
1376 2339 1402 2369 6,
1417 2345 1452 2370 24
1472 2338 1593 2363 Extrema
1613 2338 1683 2363 vitae
1697 2337 1846 2370 Alimenta,
1865 2338 1995 2369 munima,
2016 2340 2050 2365 ud
2067 2349 2125 2375 quae
2139 2342 2200 2367 vlti-

1153 2382 1193 2398 ma
1212 2372 1338 2412 izccqlfitas
1357 2373 1448 2409 adigit.
1503 2373 1544 2399 Sic
1559 2372 1674 2398 Extremi
1694 2373 1796 2407 ingenii
1815 2374 1881 2408 apud
1898 2369 1959 2400 [iu.
1974 2383 2012 2405 ες,
2029 2384 2059 2407 29
2083 2374 2131 2408 ast,
2152 2377 2199 2411 qui

1153 2416 1201 2434 nec
1214 2408 1268 2441 ipse
1282 2408 1434 2441 consulere,
1453 2417 1500 2434 nec
1515 2407 1591 2434 alteri
1605 2416 1696 2442 parcre
1712 2409 1781 2435 sciat.
1819 2409 1865 2436 Sed
1877 2417 1959 2444 nrtnpe
1970 2413 2052 2444 primi
2065 2410 2200 2446 etsi-cundi

1153 2446 1244 2483 1710111111
1258 2443 1397 2478 praecedit.
1493 2444 1633 2478 Comparat.
1671 2444 1747 2478 Apul.
1762 2446 1825 2470 Met.
1842 2453 1851 2470 1
1876 2453 1899 2478 p.
1913 2453 1955 2476 105
1983 2446 2008 2470 Si
2024 2446 2088 2478 quid
2102 2446 2138 2472 est
2152 2455 2197 2472 no-

1154 2479 1256 2504 vulnuo
1278 2480 1430 2505 extremius.
1505 2480 1536 2505 Et
1555 2487 1572 2513 7
1590 2486 1633 2514 pr.
1659 2479 1738 2512 Q10d
1761 2480 1861 2505 cunctis
1878 2479 1913 2504 est
1934 2482 2084 2506 extremius.
2122 2482 2197 2516 Cous.

1153 2515 1273 2541 Tertull.
1295 2515 1327 2541 de
1344 2515 1433 2547 Anim.
1453 2523 1474 2540 c.
1489 2523 1516 2546 33
1537 2522 1601 2540 extr.
1631 2515 1699 2540 Cum
1722 2515 1849 2548 pendatur
1869 2515 2029 2540 extre—miore
2048 2516 2198 2551 (irminrici)

1153 2550 1261 2583 August.
1282 2551 1362 2576 Conf.
1383 2559 1427 2581 12,
1447 2558 1489 2582 29.
1633 2550 1753 2583 Super-lat.
1789 2549 1908 2574 Tertull.
1930 2550 2006 2583 Apol.
2027 2560 2047 2576 c.
2061 2559 2077 2582 9
2109 2552 2198 2578 Extre-

1154 2585 1259 2624 millimi
1275 2586 1425 2619 prophetae.
1499 2585 1530 2610 In
1544 2584 1616 2610 MSS.
1629 2584 1774 2619 permisceri
1781 2585 1861 2619 solere
1875 2585 2011 2612 Extremus
2025 2592 2048 2611 et
2060 2587 2197 2619 Externus,

1155 2620 1266 2654 obstruat
1278 2619 1462 2646 Drakenborch.
1480 2618 1514 2643 ad
1530 2618 1575 2644 Sil.
1591 2626 1617 2650 9,
1631 2627 1687 2650 209.

1191 2653 1382 2694 EKTJMVS,
1402 2663 1426 2685 a,
1446 2663 1499 2679 um.
1526 2653 1585 2678 Adi.
1611 2654 1780 2687 [ἑκτέτκτος]
1802 2653 1921 2688 similiter
1933 2655 1962 2681 ab
1976 2656 2112 2683 Exterior:
2131 2658 2197 2685 Plin.

1155 2697 1181 2720 2,
1196 2693 1227 2728 73
1250 2689 1346 2716 Iisdem
1362 2689 1478 2729 (me-diae
1490 2696 1572 2715 terrae
1585 2690 1696 2723 incolis)
1717 2689 1845 2723 imperia,
1866 2699 1931 2724 quae
1944 2700 2077 2726 nunquam
2092 2694 2198 2721 extimis

1155 2724 1277 2759 gentibus
1299 2726 1414 2757 fuerint,
1447 2728 1465 2751 ι’.
1484 2726 1525 2750 vel
1543 2723 1578 2750 ad
1594 2726 1710 2753 Boream.
1732 2726 1772 2750 vel
1788 2725 1822 2750 ad
1837 2726 1928 2751 zonam
1947 2728 2067 2753 torridam
2088 2734 2197 2756 remotis.

1158 2761 1250 2795 Nempe
1271 2761 1418 2791 Extimum,
1440 2759 1538 2786 aquore
1556 2762 1629 2785 eti-:m
1647 2759 1740 2791 Festo,
1762 2760 1914 2787 Extremum
1935 2761 2076 2796 fignificat,
2099 2765 2134 2790 ita
2170 2773 2198 2791 vt

1155 2797 1254 2823 Intimo
1268 2796 1298 2823 fit
1311 2796 1482 2822 contrarium.
1538 2796 1579 2820 Ita
1593 2795 1648 2820 Cic.
1663 2794 1695 2821 de
1708 2796 1796 2821 Somn.
1811 2796 1877 2830 Scip.
1892 2806 1908 2828 9
1927 2806 1948 2823 c.
1963 2807 1981 2830 4
2003 2798 2117 2825 Orbium
2131 2785 2198 2827 v’nus

1156 2832 1192 2858 est
1208 2832 1321 2858 caelestis
1342 2832 1471 2863 extimus,
1491 2830 1538 2864 qui
1551 2829 1670 2865 reliquos
1688 2840 1779 2857 omnes
1797 2832 1990 2866 complee'titnr.

1156 2867 1266 2900 syrtium
1287 2876 1368 2894 cornu
1388 2867 1469 2893 Solin.
1486 2873 1518 2899 27
1539 2866 1589 2897 (al.
1603 2869 1666 2898 40).

1157 2906 1182 2935 6,
1197 2908 1233 2933 28·

2065 2835 2168 2862 1311111111

1470 2903 1477 2906 ἢ
1513 2901 1517 2905 .
1745 2865 1879 2893 Extimum
1899 2870 2113 2902 promontorium
2133 2846 2199 2898 Pliiii

1311 2900 1434 2935 Sulgliuut.
1460 2903 1594 2927 111-1111111111
1608 2902 1685 2928 vestis
1697 2902 1808 2928 sacratae
1820 2903 1913 2930 furtim
1926 2905 2024 2932 mulier
2035 2906 2123 2941 attigit
2137 2908 2200 2934 Pru·

56 2948 118 2975 enim
129 2945 227 2971 Intimo
246 2943 314 2970 modo
331 2946 479 2978 opponitur,
498 2952 546 2978 qua
563 2945 660 2968 ratione
671 2941 789 2968 Extimus
807 2939 951 2966 adhibetur:
970 2938 1017 2973 scd
1034 2945 1093 2964 erm·
1104 2949 1137 2978 73
1156 2938 1225 2966 dent.
1241 2940 1338 2970 Hymn.
1353 2939 1439 2964 omnis
1454 2937 1533 2963 horae
1556 2946 1580 2962 v.
1598 2946 1642 2969 40.

54 2983 125 3016 poris
137 2983 163 3006 in
174 2982 265 3015 primis
278 2981 391 3005 ultimam
404 2984 505 3014 partem
523 2984 595 3004 notat
608 2988 615 3002 :
640 2983 664 3003 ct
683 2986 736 3003 cum
755 2976 788 3004 ad
807 2978 884 3003 locum
903 2974 1023 3010 refertur,
1044 2982 1092 2999 vion

51 3023 109 3041 ‘tam
125 3015 219 3042 intimo
236 3017 389 3042 contrarium
400 3013 547 3049 fignificat,
569 3022 640 3049 quam
654 3012 756 3047 primo:
780 3018 810 3038 vt
818 3009 908 3044 statim
924 3013 950 3036 ii:
964 3009 1005 3035 illo
1023 3009 1091 3035 Hor.

62 3050 133 3084 A.‘P.
146 3058 194 3084 417
213 3052 329 3085 Occupet
341 3056 487 3076 extremum
501 3049 614 3083 scabies,
639 3055 663 3074 ct
673 3047 769 3082 Virgil.
784 3047 836 3074 Ecl.
854 3055 892 3078 10,
905 3054 915 3072 1
941 3046 1093 3072 Extremum

62 3083 130 3123 hunc
144 3085 265 3125 Arethusa
277 3086 346 3112 mihi
359 3084 472 3112 concede
483 3084 612 3111 laborem.
684 3085 715 3109 Et
728 3083 784 3110 Cic.
797 3082 829 3109 de
839 3081 947 3108 Amicit.
962 3089 992 3114 14
1011 3080 1093 3107 Cuius

62 3119 241 3153 disputationis
258 3121 309 3148 fuit
323 3127 469 3148 extremum
489 3121 546 3146 fere
567 3121 599 3146 tie
616 3119 815 3146 immortalitate
832 3117 992 3144 animorum.

55 3152 232 3226 Joifigeremm
249 3156 310 3182 illud
324 3160 407 3193 primo
426 3166 479 3183 cum
496 3153 670 3188 sufflaminis.

76 3198 130 3215 succ
144 3198 180 3216 us.

64 3226 133 3264 Cera
145 3229 259 3252 extrema
270 3226 323 3266 Cic.
334 3229 411 3254 Verr.
426 3236 436 3254 1
461 3237 482 3254 c.
496 3229 527 3259 36
546 3229 572 3253 in
590 3226 647 3261 fine.
718 3226 827 3253 Caelum
847 3230 995 3250 extremum
1016 3228 1095 3256 atque

62 3259 188 3300 Vltimum
199 3260 289 3299 1111111111
301 3262 336 3288 est
351 3262 425 3290 Idem
438 3262 470 3289 de
485 3262 577 3289 Diuin.
591 3270 616 3295 2,
630 3270 658 3294 91
678 3270 700 3288 c.
711 3270 754 3295 42.
823 3261 886 3286 Dies
900 3263 1031 3285 extremus
1046 3257 1095 3283 fati

64 3294 146 3322 Ouid.
159 3294 237 3329 Epist.
254 3304 272 3326 1,
284 3305 333 3330 114.

62 3331 330 3370 emortualem-natalis.
412 3334 469 3360 Cic.
484 3343 533 3369 pro
545 3333 617 3360 Cael.
631 3338 657 3363 28
686 3333 787 3359 Multos
805 3331 864 3358 vidi
885 3336 910 3356 et
929 3328 1021 3356 audiui
1041 3337 1095 3354 non

64 3366 161 3406 modo,
180 3372 228 3399 qut
239 3366 397 3406 primoribus
407 3369 487 3396 labris
501 3369 636 3404 gustassent
648 3369 698 3396 hoc
715 3377 796 3403 genus
810 3367 896 3397 vitae,
915 3371 941 3391 et
960 3365 1095 3396 extremis,

61 3408 92 3442 vt
105 3401 202 3427 dicitur
215 3401 312 3435 D1g1t1s
329 3403 479 3437 attigissent,
499 3405 556 3436 sed,
577 3412 622 3432 etc.
659 3406 777 3440 Explicat
789 3403 892 3429 Abram.
905 3401 939 3427 ad
950 3401 995 3426 loc.
1051 3400 1094 3426 Fi-

62 3444 105 3477 nis
118 3443 249 3477 extremus
263 3435 382 3464 laborum
392 3440 487 3474 Virgil.
502 3441 598 3474 Georg.
610 3449 637 3473 4,
653 3442 702 3466 116.
770 3440 886 3465 Fortuna
899 3442 1014 3463 extrema
1029 3435 1094 3462 stare

24 3506 32 3508 .
62 3474 120 3499 cic.
136 3480 165 3498 111
177 3471 276 3498 Sallust.
292 3479 330 3504 14.

22 3532 31 3535 -
62 3508 138 3550 Idem
150 3508 214 3534 Aen·
229 3508 330 3546 41684
356 3507 487 3548 Extremus
505 3511 522 3537 fi
536 3512 594 3547 quis
612 3512 688 3545 super
707 3509 804 3537 halitus
819 3515 905 3540 errat,
927 3508 982 3534 Ore
999 3507 1093 3542 legam.

69 3543 126 3570 Vld·
141 3552 196 3569 '7¹0³‘
210 3542 328 3576 Sinum&
381 3544 489 3582 *Virgih
501 3548 566 3573 Aen.
581 3552 604 3579 ε,
617 3555 658 3579 333
690 3547 813 3572 Extrema
825 3544 941 3571 moriens
959 3549 1046 3569 tamen
1059 3541 1094 3568 al-

63 3578 162 3614 loquor
181 3579 277 3618 Ηῡξᾶχ
351 3577 445 3605 Hleme
465 3583 583 3615 apparuit
600 3589 717 3608 extrema
738 3581 794 3608 Cic.
811 3589 860 3615 pro
876 3580 905 3605 L.
920 3578 1013 3605 Manil.
1031 3587 1052 3602 c.
1069 3585 1094 3603 12

64 3620 128 3640 ‘’m‘-
163 3620 186 3640 ⁹²
201 3613 297 3647 virgil.
312 3613 408 3646 Geosg·
424 3621 444 3645 ¹,
455 3622 512 3647 340.
580 3616 641 3644 Indi
653 3617 766 3643 extremi
779 3617 873 3642 Horat.
887 3614 965 3649 Epist.
984 3623 1002 3645 1,
1019 3621 1038 3644 1,
1052 3621 1094 3644 45.

719 3155 795 3181 Aetas
815 3154 884 3187 Nep.
903 3162 950 3186 24,
968 3161 999 3183 2,
1022 3160 1044 3183 3.
1074 3161 1093 3176 ι.

0 3711 6 3714 ,
65 3684 97 3711 de
110 3685 202 3712 Diuin.
216 3693 236 3717 1,
250 3693 275 3717 9.
346 3683 466 3715 Literae,
483 3686 577 3724 quibus
590 3688 618 3714 in
632 3688 756 3715 extremis
769 3691 826 3714 erat
843 3686 916 3713 Idem
932 3693 969 3717 14,
982 3689 1004 3713 ε.
1026 3686 1044 3709 i.
1065 3686 1092 3708 in

0 3726 7 3739 ,·
45 3753 47 3759 λ
82 3729 166 3747 uarum
181 3727 254 3756 parte
273 3726 394 3759 extrema..
457 3719 538 3759 15mea
550 3729 664 3750 extrema
682 3731 785 3753 amare,
804 3722 875 3752 haud
892 3720 960 3747 nihil
974 3719 1009 3745 cst
1024 3718 1092 3744 Ter.

87 3764 130 3782 un.
147 3765 180 3789 4,
197 3764 228 3788 2,
248 3764 285 3782 12.
363 3755 489 3789 Liquoris
502 3759 611 3784 extremi
622 3759 756 3794 adsperge,
774 3758 802 3784 de
813 3758 972 3784 excrementis
990 3753 1093 3789 liquidis

37 3794 39 3796 '
64 3791 141 3826 Apul.
156 3792 220 3818 Met.
233 3800 252 3824 4
271 3801 295 3825 P⁴
309 3799 358 3823 144
372 3797 415 3825 Pr·
485 3790 585 3817 Petron.
601 3802 622 3818 c-
638 3803 670 3821 22
691 3796 825 3821 Lucci-nae
842 3793 955 3819 humore
976 3789 1094 3817 defectae

67 3829 142 3853 tenue
154 3832 180 3853 et
192 3832 338 3853 extremum
355 3826 454 3852 Lumen
468 3825 596 3859 spargunt.
641 3829 852 3856 VidaBurmtmn.
871 3827 905 3854 ad
923 3828 968 3853 loc.

65 3868 130 3887 num
145 3867 285 3889 extremam
303 3862 441 3896 imponere
460 3860 529 3887 bello
544 3861 616 3895 Virg.
629 3863 692 3889 Aen.
705 3872 731 3898 7,
743 3872 800 3898 572.

66 3903 120 3922 non
131 3898 224 3924 accessit
238 3897 363 3932 operibns
376 3897 431 3923 eius
444 3897 499 3923 Cic.
513 3896 545 3922 de
559 3896 760 3925 Clar.0rat.261
778 3909 800 3925 c.
815 3907 850 3931 33.

28 3952 32 3955 ‚
65 3938 92 3963 2,
106 3939 138 3965 54
160 3933 317 3959 Februarius
329 3932 425 3959 Mentis
445 3939 575 3959 extremus
588 3932 658 3958 anni.

20 3971 146 4026 “frema
159 3968 211 3995 iam
222 3969 251 3994 in
263 3969 352 3995 Morte
364 3973 454 4003 parant
467 3967 606 3994 defendere
620 3966 686 3993 telis.

45 4000 91 4032 ,sd
103 4003 208 4039 quidem
221 4004 251 4033 in
267 4009 350 4035 totam
365 4004 521 4034 Orationem
539 4001 749 4033 confundendam

869 3865 963 3891 Manus
976 3868 1093 3888 extrema

920 3898 958 3924 Id.
972 3896 1004 3923 de
1012 3898 1091 3931 Legg.

726 3934 820 3967 Virgil.
837 3936 901 3960 Aen.
917 3943 946 3965 2,
962 3940 1018 3966 447
1044 3933 1092 3958 Ex—

756 3969 812 3994 Cic.
825 3968 856 3994 dc·
869 3971 942 3995 Orat.
955 3978 976 3999 2,
989 3977 1031 4000 322
1051 3967 1092 3993 Est

246 3191 320 3217 Anno
338 3198 472 3223 extremo,
504 3194 521 3218 i.
543 3193 632 3217 ultima
654 3193 706 3217 eius
724 3197 800 3226 parte
821 3190 881 3215 Liu.
902 3196 940 3220 39,
960 3189 990 3219 56
1017 3194 1040 3213 ec
1060 3188 1093 3213 al.
1121 3211 1123 3213 .

400 3300 605 3332 Extremumque
620 3298 699 3324 Diem
714 3297 814 3331 primus
828 3296 889 3322 tulit
906 3294 952 3321 Sil.
967 3302 989 3325 3,
1008 3301 1055 3325 133.
1076 3296 1094 3319 i.
1110 3296 1138 3325 85
1157 3294 1229 3320 Idem
1250 3293 1282 3319 de
1294 3295 1415 3320 Vniuers.
1436 3302 1471 3325 23.

418 3475 536 3502 Gemitus
555 3482 685 3502 extremos
705 3475 774 3501 ciere
788 3473 885 3508 virgil.
897 3473 993 3506 Georg.
1007 3479 1028 3503 3,
1040 3479 1094 3505 517.
1108 3479 1144 3505 90
1158 3473 1204 3498 nul
1217 3481 1231 3498 a
1245 3473 1356 3498 omnino
1370 3470 1504 3497 crassitudo
1519 3470 1548 3496 lit
1568 3471 1623 3497 Cic.
1638 3471 1716 3496 Acad.
1729 3480 1755 3502 4,
1771 3473 1809 3495 116
1828 3479 1848 3494 c.
1862 3472 1900 3500 36.

756 4021 765 4035 ,
779 4011 826 4031 nec
837 4005 946 4035 0111111110
965 4005 995 4032 111
1007 4008 1138 4041 extre-105
1155 4002 1258 4031 trahere
1277 4001 1377 4037 lapides
1396 4010 1443 4038 per
1455 4001 1558 4027 Vrinam
1577 4001 1696 4028 Scribon.
1713 4009 1758 4035 ¹51-

1178 2981 1294 3015 'EXTR
1305 2981 1354 3000 EM
1365 2980 1398 3013 Οἶ
1434 2973 1502 2999 Adu.
1539 2970 1663 3006 [ileon-rou]
1700 2973 1756 2999 Cic.
1771 2974 1822 3000 Att.
1838 2982 1875 3006 η,
1890 2983 1914 3007 13
1943 2975 2023 3009 Qlod
2044 2976 2114 3002 enim
2136 2978 2198 3003 scri-

1156 3009 1197 3036 bis
1218 3016 1353 3041 extremo,
1372 3008 1450 3040 vide,
1471 3015 1516 3034 etc.
1579 3009 1682 3043 Legitur
1703 3015 1726 3034 ct
1744 3010 1875 3042 Extremi,
1897 3017 1925 3036 ot
1945 3012 2072 3045 referatur
2091 3012 2126 3038 ad
2140 3014 2197 3039 loci.

1144 3046 1226 3084 ,Nep
1240 3054 1282 3077 22,
1295 3054 1318 3077 2,
1333 3054 1345 3077 3
1366 3044 1414 3070 Sed
1428 3050 1546 3070 extremo
1561 3043 1739 3070 Hamilcarem
1755 3045 1941 3077 imperatorem
1955 3047 2080 3072 fecerunt.

1191 3088 1234 3107 Ex
1246 3087 1267 3107 Τ
1280 3087 1297 3107 R
1309 3087 1358 3106 EM
1368 3086 1435 3106 VM.
1473 3079 1540 3105 Adu.
1577 3078 1653 3106 idem.
1690 3080 1770 3107 Ouid.
1784 3081 1868 3107 'si-ist.
1885 3090 1903 3112 1,
1919 3090 1941 3113 3,
1957 3090 1988 3113 ις.
2030 3082 2091 3107 Stat.
2104 3081 2196 3109 Theb.

1049 3115 1095 3158 Sed
1113 3121 1207 3148 8010,
1233 3124 1287 3148 933.

1193 3159 1209 3178 E
1221 3148 1474 3181 XTREMi'TAs,
1493 3150 1550 3176 atis.
1587 3150 1606 3176 f.
1646 3150 1690 3184 [vd
1705 3148 1808 3184 ἵςατον]
1845 3151 1918 3186 ζζιοῑῖ
1935 3154 1960 3177 in
1976 3161 2066 3186 qunque
2079 3161 2105 3177 re
2117 3159 2197 3179 arti-c.

1156 3197 1221 3213 mum
1236 3185 1278 3219 cst.
1314 3186 1470 3213 Extremitas
1488 3185 1582 3211 circuli
1604 3186 1669 3212 Plin.
1684 3196 1708 3217 2,
1725 3195 1760 3220 17.
1832 3188 1886 3213 Cic.
1901 3187 1932 3212 de
1947 3188 2001 3214 Fin.
2019 3197 2040 3218 c,
2058 3197 2099 3213 m:
2124 3189 2196 3214 Haec

1157 3232 1212 3249 non
1235 3228 1307 3249 erant
1331 3223 1401 3254 eius,
1428 3221 1475 3256 qui
1498 3222 1704 3248 innumerabiles
1727 3222 1853 3253 mundos,
1875 3222 2043 3256 infinitasque
2063 3223 2195 3256 regiones,

1158 3267 1269 3293 quarum
1284 3258 1354 3284 nulla
1367 3259 1425 3284 esset
1438 3258 1502 3289 Ora,
1516 3257 1588 3283 nulla
1602 3258 1762 3286 extremitas,
1781 3265 1866 3284 mente
1881 3261 2070 3292 peragranulct.
2121 3260 2196 3286 Caeli

1200 3330 1204 3334 ι
1246 3329 1251 3334 .
1342 3330 1347 3333 -
1485 3328 1489 3332 Ι
1568 3293 1662 3319 Mundi
1680 3294 1829 3319 extremitas
1850 3293 1955 3327 paribus
1974 3304 1985 3319 11
2005 3293 2094 3319 medio
2112 3295 2194 3321 radiis

1159 3335 1299 3363 attingitur
1317 3331 1372 3356 Cic.
1393 3329 1425 3355 de
1438 3328 1559 3353 Vniuers.
1577 3335 1600 3360 ¹3
1619 3338 1639 3354 c.
1656 3331 1672 3353 6
1728 3331 1818 3355 Parrus
1837 3332 1863 3354 in
1884 3331 1940 3354 Lat.
1955 3330 2018 3355 Crt‘t.
2038 3336 2091 3360 mc,
2112 3338 2196 3357 extre-

1158 3365 1275 3391 mitatem
1290 3365 1331 3391 hic
1345 3364 1387 3398 est}
1398 3363 1642 3398 circumferentium,
1655 3364 1679 3399 J:
1696 3365 1862 3399 pcripherium
1875 3366 1970 3390 cii-culi.
2016 3364 2062 3390 Sul
2074 3372 2155 3400 nempe
2170 3377 2198 3393 ea

1158 3399 1191 3433 ⁶st
1207 3403 1234 3427 in
1254 3402 1345 3427 circulo
1366 3399 1532 3430 extremitas,
1549 3405 1578 3424 vr
1600 3403 1628 3425 in
1648 3408 1748 3434 corpore
1768 3409 1904 3434 unoquoque·
1920 3408 1962 3430 m,
1981 3408 2041 3434 quur
2053 3401 2199 3437 Jiiprificies

1157 3438 1202 3463 vu!
1219 3446 1231 3462 ο
1246 3437 1348 3462 dicitur.
1419 3435 1615 3461 Extremitatem
1636 3440 1660 3461 et
1679 3434 1749 3469 quali
1771 3435 1972 3466 libramentum,
1995 3434 2080 3469 (zstss)
2101 3437 2128 3462 in
2143 3447 2198 3472 quo

1956 3471 2002 3497 ἑιίί
2015 3473 2055 3497 ille
2067 3481 2133 3498 iocus
2148 3483 2197 3499 non

1158 3506 1192 3540 cst
1205 3508 1294 3543 sanus.
1363 3508 1412 3533 Ille
1429 3514 1535 3532 omnem
1554 3506 1711 3532 infinitatem
1726 3504 1956 3539 peregrinabatur,
1977 3511 2006 3532 vt
2019 3507 2046 3533 in
2060 3508 2132 3534 nulla
2153 3517 2197 3535 ex-

1157 3543 1291 3569 tremitate
1310 3543 1457 3568 consisteret
1475 3542 1529 3568 Cic.
1545 3541 1626 3567 Tusc.
1647 3550 1674 3573 ς,
1696 3550 1745 3572 ¹14·
1941 3539 1962 3578 Ἴ
1988 3550 2004 3568 z
2040 3543 2197 3571 Exti-emitas

1157 3580 1184 3603 in
1202 3588 1262 3614 agro
1282 3581 1319 3604 ita
1337 3578 1454 3613 dcfinitur
1467 3578 1496 3603 ab
1508 3578 1616 3611 Aggeno
1635 3577 1662 3603 in
1676 3575 1794 3602 Frontin.
1815 3584 1838 3609 p.
1853 3580 1885 3609 48
1907 3576 1943 3610 sq.
1978 3577 2106 3605 Finitima
2127 3580 2197 3607 lim-,2

1157 3613 1209 3645 est,
1233 3622 1299 3648 quae
1318 3613 1478 3645 interuenit,
1503 3620 1547 3639 aut
1571 3621 1616 3646 per
1636 3612 1686 3637 iter
1707 3611 1857 3644 publicum,
1881 3612 1953 3645 quo-d
1974 3615 2120 3642 transcendi
2143 3625 2197 3642 non

651 3654 682 3679 In
699 3658 818 3679 extremo
832 3650 915 3678 Libro
935 3649 1016 3675 tertio
1036 3647 1093 3673 Cic·
1107 3651 1139 3677 93
1157 3649 1256 3682 potest,
1276 3649 1416 3675 secundum
1432 3649 1517 3683 legem
1532 3647 1690 3673 colonicam.-
1717 3654 1778 3679 qula
1792 3646 1878 3672 omnis
1893 3647 1968 3674 limes
1982 3649 2074 3676 itineri
2090 3651 2197 3685 publico

1158 3684 1258 3710 seruire
1276 3683 1373 3711 debet:
1403 3690 1448 3711 aut
1468 3693 1514 3718 per
1534 3683 1631 3708 limites
1651 3681 1703 3706 line
1722 3681 1850 3708 terminos
1870 3683 1976 3718 aliaque
1996 3685 2080 3718 flaua,
2101 3687 2197 3721 quibus

1158 3719 1294 3745 territoria
1309 3719 1453 3746 finiuntur:
1480 3725 1524 3745 aut
1537 3718 1583 3743 vbi
1602 3716 1714 3742 insoluta
1734 3717 1792 3743 loca
1804 3721 1992 3746 remanserunt.
2016 3714 2090 3747 vhace
2109 3729 2195 3748 autem

1157 3755 1215 3780 sunt
1236 3755 1309 3787 loca,
1328 3765 1394 3789 quae
1415 3755 1526 3781 insoluta
1546 3753 1683 3784 dicuntur,
1709 3761 1776 3787 quae
1790 3760 1839 3782 ,aut
1858 3755 1886 3781 in
1907 3756 1999 3782 saxosis
2018 3763 2044 3782 et
2064 3757 2194 3782 sterilibus

1157 3789 1222 3815 locis
1235 3791 1309 3819 sunt,
1327 3797 1371 3817 aut
1384 3791 1412 3817 111
1425 3789 1578 3824 paludibus,
1598 3786 1645 3812 vbi
1658 3787 1729 3814 nulla
1742 3789 1830 3822 potuit
1844 3792 1960 3817 exerceri
1975 3792 2074 3817 cultura
2088 3802 2093 3816 z
2121 3792 2195 3825 quia,

1038 3827 1147 3851 Ma-100
1157 3825 1220 3851 dum
1233 3834 1286 3851 non
1299 3826 1372 3857 esset,
1389 3826 1459 3860 quod
1479 3823 1563 3849 excoli
1583 3822 1719 3859 potuisset,
1738 3825 1818 3851 nullis
1837 3827 1934 3852 necesse
1948 3827 1999 3854 fuit
2019 3827 2135 3853 limitum
2154 3835 2194 3854 re-

1155 3860 1224 3895 gulis
1244 3860 1368 3895 obligari.

1192 3895 1395 3935 EXTRKH9,
1416 3895 1458 3927 xi,
1478 3893 1563 3925 8111111,
1585 3895 1638 3920 ere.
1674 3894 1796 3928 [ἐξέλκω,
1818 3896 1952 3930 α’νασποέω]
1994 3897 2072 3921 Extra
2086 3896 2192 3926 trahere,

1148 3930 1203 3965 flur
1223 3941 1310 3963 manu,
1327 3934 1381 3965 flue
1405 3938 1543 3965 quacunque
1565 3932 1662 3955 ratione
1676 3930 1781 3965 fucere,
1809 3939 1837 3958 vt
1859 3932 1920 3967 quid
1943 3937 2020 3956 excat.
2071 3931 2126 3957 Cic.
2144 3940 2192 3964 pro

1156 3967 1258 3993 Cluent.
1273 3975 1304 3998 39
1323 3977 1344 3993 c.
1359 3975 1383 3999 13
1401 3964 1552 3992 Extrahitur
1564 3964 1644 3991 domo
1660 3965 1762 3992 latitans
1775 3967 1935 4002 Oppianicus
1949 3974 1962 3990 a
1977 3965 2097 3991 Manilio.
2145 3967 2193 3992 Ex-

1832 4003 1888 4028 sen.
1904 4000 1993 4027 Theb.
2009 4009 2017 4026 1
2044 4001 2140 4028 Melius
2154 4001 2194 4028 in-

1463 4037 1482 4063 Z
1503 4046 1516 4065 ’.ι
1537 4044 1550 4065 z
1587 4044 1602 4063 2
2087 4037 2194 4066 veniam
