2912 4368
587 196 633 232 43
965 173 1122 212 DE
1210 172 1243 210 F
1621 220 1622 223 Ἴ
2071 162 2228 204 DE
2318 164 2445 203 F'
2665 176 2719 214 44

595 267 710 293 satietate
726 262 833 290 alicuius
846 260 885 287 rei
907 260 962 287 Cic.
982 259 1014 285 de
1026 260 1100 285 Orat.
1115 265 1166 292 117.

595 369 695 396 Iudices
708 367 850 399 defatigare
880 365 951 391 Ideni
965 364 995 389 de
1008 362 1100 396 chib.
1114 371 1136 394 3,
1150 369 1191 392 29.

597 439 671 468 tatis,
691 436 732 462 sed
751 437 831 462 etiam
850 435 878 461 in
891 435 980 460 labore
999 439 1024 458 et
1042 430 1172 465 periculis.

636 614 929 638 DEFATIGATIO,
947 608 1012 633 onis.
1030 605 1049 630 f.
1080 604 1201 630 Vei-bale.

1236 258 1330 283 Brutus
1344 253 1501 289 IdemEpist.
1516 255 1544 279 16
1574 252 1618 278 Ne
1682 253 1764 287 inagis
1773 272 1781 285 ,
1801 260 1879 286 quam
1892 250 2051 278 a11&0ritate
2063 251 2138 278 causa
2152 251 2197 278 illa
2211 252 2314 281 defensa
2328 253 2372 280 est.
2444 254 2525 281 Ouid.
2537 253 2623 280 Trist.
2637 261 2661 285 2,
2669 261 2718 285 421

596 301 758 333 Defatigere‚
791 305 841 322 neu
861 295 961 322 diffidas
982 296 1082 328 semper
1100 295 1126 319 in
1146 290 1320 328 praesentibus
1340 290 1414 315 malis
1436 287 1619 324 prohibendis.
1683 286 1923 327 Neue-peregrinis
1945 292 2047 313 tantum
2068 286 2194 327 defendar
2211 288 2243 314 ab
2262 290 2350 330 armis.
2423 289 2463 328 Ab
2476 290 2593 329 hostibus
2612 287 2718 314 defendi

598 336 664 362 Noli
676 336 703 360 in
716 331 896 358 conseruandis
916 330 992 356 bonis
1002 329 1068 355 viris
1085 327 1222 359 defatigari
1253 325 1308 350 Cic.
1324 333 1372 358 pro
1389 324 1496 351 Marcel.
1511 332 1544 348 20
1557 332 1578 347 c.
1594 324 1619 348 6.
1684 323 1822 357 paludibus
1838 329 1863 348 ct
1876 327 2002 348 itinerum
2019 322 2159 356 augustin,
2179 327 2204 348 et
2224 323 2362 351 altitudine
2374 331 2505 351 montium
2532 326 2587 351 Cic.
2603 325 2634 350 de
2649 325 2717 357 Lege

1244 359 1391 393 Defatigor,
1412 369 1464 385 cum
1479 357 1622 393 Infinitiuo:
1686 359 1748 390 Agr.
1763 366 1788 390 2,
1826 376 1832 383 .
1870 376 1878 383 .
1938 357 1997 383 Sall.
2010 358 2078 383 Hist.
2092 366 2101 384 ι
2122 359 2169 384 Or.
2184 357 2278 391 Lepidi
2290 370 2308 393 4
2328 361 2398 386 Nam
2412 359 2498 393 quida
2511 359 2626 392 Pyrrho,
2648 360 2718 384 Han-

596 405 649 430 Cic.
659 404 728 429 Fam.
739 409 813 434 ¹2³¹4
836 401 891 426 Nec
900 398 1064 432 defatigabor
1076 402 1226 431 permanere
1238 403 1292 420 non
1306 395 1389 420 solum
1402 395 1430 420 in
1444 393 1528 419 studio
1544 392 1623 419 liber·
1646 396 1659 422 ς
1685 392 1774 419 nibale
1809 407 1855 411 ——
1890 391 2026 418 defensum
2040 392 2075 418 est
2095 393 2182 425 aliud,
2203 401 2282 427 quarn
2299 395 2422 426 libertas,
2442 398 2459 420 i.
2478 401 2565 421 contra
2583 394 2717 429 Pyrrhum.

1244 430 1332 455 Puella
1352 429 1491 462 defatigata
1512 428 1589 461 petiit
1608 437 1624 454 a
1692 427 1749 455 Vid.
1764 428 1785 453 A
1799 428 1840 453 vel
1856 426 1905 453 AB
1925 436 1950 452 n.
1964 430 2006 453 26.
2063 428 2109 455 Sed
2121 436 2201 454 tamen
2221 432 2293 454 etiam
2307 434 2410 464 ponitur
2422 439 2474 455 cum
2489 429 2718 465 has-praepositione

597 478 749 502 matertera,
773 476 802 496 vt
820 469 868 496 sibi
886 467 1037 495 concederet
1050 465 1201 500 paullisper,
1215 470 1243 490 vt
1259 464 1289 490 in
1301 465 1357 489 eius
1376 464 1438 490 sella
1451 463 1625 497 requiesceret
1680 461 1864 500 st'nfilpssffiw-
1935 463 1990 489 Cic.
2004 471 2052 497 pro
2066 464 2161 490 Milon.
2178 473 2199 490 c.
2212 471 2243 496 25
2261 463 2289 489 Si
2302 472 2316 489 a
2329 471 2352 491 te
2364 466 2451 500 postea
2464 465 2598 491 defensum
2611 465 2638 491 in
2652 464 2719 498 peri-

597 508 653 534 Εἰς.
667 506 783 532 Diuinat.
799 514 807 531 ι
820 514 842 530 c.
856 506 899 537 46.
968 502 1040 528 Idem
1055 509 1100 535 pro
1113 500 1190 524 Dom.
1208 508 1229 525 c.
1243 509 1281 533 44
1310 500 1379 525 Emit
1391 498 1499 524 domuin
1513 498 1626 524 licitato-
1686 499 1746 525 culo
1760 498 1861 532 capitiS,
1875 497 1994 524 adiutum
2008 499 2035 524 in
2047 499 2174 532 petitione
2187 500 2334 526 Praeturae.
2385 502 2423 528 Id.
2441 499 2472 527 de
2487 501 2548 527 Diu.
2561 509 2567 525 i
2583 509 2604 526 c.
2622 508 2635 532 5
2654 499 2718 525 Satis

599 542 672 569 ribus
686 540 846 574 defatigatis,
870 547 950 572 prope
967 536 1079 563 dimidio
1095 532 1194 564 carius,
1220 543 1298 569 quam
1317 533 1476 560 aestimabat.
1547 533 1625 559 Dcfa-
1687 534 1791 560 defensa
1803 533 1901 566 religio
1913 534 1950 559 est
1964 534 1993 559 in
2006 534 2117 560 secundo
2131 534 2202 561 libro
2213 543 2228 561 a
2243 534 2356 560 Lucilio.
2408 538 2440 563 Et
2452 546 2473 561 c.
2490 544 2515 567 33
2536 536 2605 561 Haec
2620 536 2719 570 impro-

597 578 693 611 tigatus
706 576 733 602 in
748 574 846 608 Repub.
861 571 1033 599 conseruanda
1055 569 1091 596 Id.
1107 570 1177 594 Fam.
1193 578 1229 600 10,
1244 579 1280 602 19.
1652 575 1680 592 10
1687 568 1782 595 bantur
1794 577 1809 594 a
1824 569 2016 603 Peripateticis,
2033 577 2048 594 a
2063 569 2157 595 Stoicis
2169 569 2355 596 defenduntur.
2425 574 2455 598 Et
2476 573 2546 597 Fam.
2562 579 2601 602 11,
2615 578 2647 604 27
2663 568 2718 605 post

1238 603 1430 638 [καταπόνησις,
1450 602 1625 638 ἐπαγόρευσις]
1685 605 1747 630 med.
1777 605 1822 630 Me
1840 604 1893 630 scio
1905 612 1920 629 a
1934 610 1959 630 te
1978 610 2069 631 contra
2090 605 2213 632 inimicos
2231 614 2303 633 meos
2316 605 2400 631 solere
2414 605 2527 633 defendi.
2599 606 2661 631 Arte
2675 605 2719 631 dc-

602 648 657 674 Cic.
676 646 707 672 de
725 644 821 671 Seue&
843 650 904 669 extr.
941 643 1058 675 Corpora
1076 639 1182 673 quidem
1201 639 1420 666 exercitationum
1438 638 1627 672 defatigatione
1687 639 1762 666 fetidi
1795 639 1880 666 Valer.
1896 640 1994 674 Argon.
2009 645 2031 672 8,
2067 659 2075 665 .
2114 660 2120 666 .
2158 659 2166 666 .
2229 640 2326 667 Libere
2342 640 2463 672 defendi,
2487 642 2539 668 vid.
2568 647 2718 667 LIBERE.

600 681 792 715 ingrauescunt:
815 678 897 704 animi
910 683 995 703 autem
1009 676 1033 700 se
1045 674 1189 700 exercendo
1202 675 1331 701 leuantur.
1373 674 1533 708 Defatigatio
1548 682 1628 708 equo·
1689 674 1804 701 Defendi
1816 684 1862 709 per
1875 675 2032 701 aduocatum
2052 675 2117 701 Plin.
2132 675 2160 700 in
2175 675 2285 703 Praefat.
2319 697 2326 702 .
2363 695 2371 701 .
2428 676 2483 702 Cic.
2495 678 2522 703 in
2534 677 2621 703 Vatin.
2637 685 2649 707 3
2668 676 2719 702 De-

600 726 658 744 rum
682 716 750 742 Hirr.
771 714 798 740 B.
811 709 845 739 Gss
861 719 884 744 8,
899 720 939 746 27.
1009 710 1063 735 Cic.
1077 709 1189 743 Philipp.
1202 718 1225 743 5,
1237 719 1270 738 20
1296 709 1378 736 Nulla
1390 719 1430 736 res
1442 710 1466 735 ei
1481 709 1558 735 sinein
1573 718 1627 735 cae·
1688 710 1847 737 fendebatur
1863 710 1971 737 testibus
1989 711 2096 744 collegis
2108 710 2174 741 suis,
2197 719 2251 738 non
2267 710 2395 738 recitandi
2417 712 2491 737 causa
2502 712 2603 747 legisse,
2623 711 2665 737 sed
2678 720 2718 737 re-

600 750 679 778 dendi
697 750 744 775 nisi
766 749 924 782 Defatigatio
943 752 967 771 ct
981 745 1082 771 satietas
1095 745 1224 771 attulisset.
1294 745 1490 779 Defatigatione
1510 744 1628 771 desistere
1647 753 1672 779 15
1688 746 1875 780 cognoscendi,
1892 749 1909 772 i.
1923 749 1989 772 omni
2000 745 2172 778 affeueratione
2185 747 2381 773 contendebatur.
2433 747 2473 774 Sic
2485 746 2560 773 Vei-r.
2573 756 2586 779 3
2598 756 2619 772 c.
2634 755 2669 779 90
2688 746 2719 778 Id

598 784 701 819 aliquid
715 785 799 810 facere
815 784 884 809 Idem
898 790 945 815 pro
959 781 1055 806 Sextio.
1092 800 1098 805 .
1136 800 1142 806 .
1202 780 1329 807 Morbum
1347 788 1464 807 metuere
1482 789 1514 806 ex
1535 780 1628 806 defati-
1689 781 1803 807 aliorum
1822 782 1847 807 se
1871 781 1957 808 feciffe
1986 781 2124 816 exemplo,
2151 782 2300 808 contendat.
2393 782 2449 808 Cic.
2464 790 2512 816 pro
2527 783 2629 808 Cluent.
2667 802 2673 808 .
2710 801 2718 808 .

598 821 702 856 gatione
715 819 892 845 membrorum
909 815 946 841 Id.
960 815 991 842 de
1005 816 1066 842 Nat.
1081 816 1161 842 Deor.
1174 824 1197 848 2,
1212 824 1251 848 59.
1688 817 1747 842 Hoc
1760 825 1910 851 quanquam
1928 817 2018 843 sedulo
2030 817 2159 849 faciebat,
2179 822 2267 843 tamen
2288 817 2418 844 interdum
2434 826 2487 843 non
2502 816 2654 847 defendere,
2674 816 2718 843 sed

634 862 653 882 D
662 861 677 881 E
687 861 731 881 ΡΑ
742 859 802 879 TIS
810 859 826 878 C
834 859 852 877 o
861 859 879 878 R
888 871 896 883 ,
919 851 971 877 vid.
999 858 1018 877 D
1026 858 1043 877 Ε
1052 858 1068 877 1³
1078 857 1094 876 Ε
1103 858 1163 878 TIS
1172 858 1188 877 C
1197 857 1216 877 O
1224 858 1252 877 R.
1289 851 1354 877 Plin.
1373 858 1411 885 17,
1423 859 1449 878 2.
1687 853 1865 886 praeuaricari
1877 852 2019 879 accusatori
2033 851 2182 878 videbatur.
2254 853 2404 879 Verisimile
2417 861 2622 887 nonnunquam,
2639 853 2719 880 etiam

632 893 844 919 rimam-10,
862 892 1125 919 Drrrcrivvs,
1142 892 1262 912 berre
1274 893 1324 913 Tv
1336 893 1364 917 s.
1381 886 1434 913 vid.
1460 892 1626 913 orricio.
1684 886 1705 912 fi
1718 887 1803 913 minus
1818 887 1847 914 fit
1859 897 1968 920 verum,
1992 887 2148 920 defendere,
2169 887 2205 913 est
2219 887 2325 922 pati-oni
2347 888 2421 915 Idem
2434 888 2486 915 OtF.
2502 897 2524 919 ε,
2540 896 2575 920 5¹-

635 931 652 950 D
664 930 678 949 Ε
688 929 727 948 rr
736 929 757 947 N
768 929 786 948 D
796 929 814 948 o
823 942 832 954 ,
849 921 886 954 di,
898 922 965 954 sum,
981 924 1033 948 ere.
1071 921 1190 956 [οἰμύνω]
1228 923 1330 956 Proprie
1344 921 1377 954 ist
1389 921 1503 957 depellere
1512 942 1520 954 ,
1541 929 1569 947 vt
1585 922 1626 947 of·
1636 929 1671 947 20
1724 929 1766 949 DE
1776 930 1792 949 r
1802 931 1818 949 E
1827 931 1899 949 NDE
1909 931 1928 949 N
1939 931 1951 949 s
1961 943 1970 955 ‚
1989 924 2064 949 entis.
2102 923 2194 949 Partic.
2230 923 2321 957 Nepos
2334 932 2357 954 2,
2370 932 2397 956 4,
2413 933 2421 949 ι
2458 924 2547 950 Nullis
2559 921 2720 949 defendenti-

595 958 702 985 fendese
719 956 751 990 est
764 958 848 993 versus
859 959 961 993 aliquem
971 958 1074 992 pellere:
1092 957 1195 989 deinde,
1213 964 1307 983 mutam
1325 956 1504 990 corislrut‘sione
1511 957 1629 983 dicebant
1687 956 1746 984 bus.
1769 973 1813 977 —
1832 958 1930 985 Caedes
1944 959 2138 985 Defendentum
2151 958 2232 985 armis
2246 958 2333 985 aditus
2357 960 2430 992 Virg.
2444 961 2507 985 Aen.
2524 968 2556 993 ii⁷
2570 960 2625 988 886.

595 993 741 1019 Defendere
752 993 857 1019 moenia
871 993 903 1018 ab
917 992 998 1019 hoste.
1041 994 1107 1018 Hinc
1120 992 1258 1019 defendere
1271 990 1305 1025 est
1317 996 1390 1018 turri.
1446 994 1544 1019 Prioris
1558 1002 1627 1028 gene-
1724 1000 1767 1019 DE
1776 1001 1816 1020 FE
1827 1001 1849 1020 N
1859 1002 1872 1021 s
1881 1001 1900 1019 v
1911 1002 1939 1026 s,
1958 1002 1983 1026 a,
2001 1003 2055 1021 um.
2093 994 2185 1020 Partic.
2220 993 2261 1020 Ab
2275 1002 2308 1020 eo
2324 994 2353 1019 in
2367 993 2472 1020 iudiciis
2486 994 2604 1020 defensus
2618 993 2720 1027 aliquo-

592 1032 631 1054 νίς
645 1028 704 1064 finit
719 1030 824 1063 exempla
839 1027 900 1060 ista:
935 1029 1001 1054 Hor.
1015 1029 1103 1054 earm.
1118 1036 1138 1059 i,
1153 1035 1190 1061 17,
1205 1036 1221 1053 2
1247 1029 1277 1054 Et
1291 1028 1394 1062 igneam
1408 1027 1526 1054 defendit
1541 1028 1626 1054 Aesta-
1687 1028 1736 1055 ties
1751 1028 1875 1055 liberatus
1889 1030 2032 1056 discesserat
2065 1029 2134 1064 Nep.
2154 1037 2192 1061 19,
2211 1037 2237 1061 2,
2255 1037 2278 1061 3.
2349 1029 2393 1056 Nc
2406 1029 2458 1055 loci
2471 1029 2577 1064 quidem
2591 1029 2721 1062 religione

592 1072 647 1090 tem
665 1063 778 1098 capellis.
832 1063 980 1089 Defendere
999 1063 1115 1095 Bellum,
1140 1063 1249 1089 inferre»
1266 1064 1337 1090 Caes.
1352 1064 1380 1089 B.
1397 1064 1428 1089 G.
1447 1073 1468 1096 1,
1482 1072 1527 1096 44.
1584 1064 1626 1091 Sic
1687 1063 1805 1090 defensus
1817 1065 1949 1091 occiditur
1967 1066 2041 1091 Curt.
2056 1074 2093 1098 10,
2107 1074 2133 1098 9,
2146 1073 2179 1091 21.
2238 1065 2294 1091 Cic.
2309 1064 2340 1090 de
2354 1065 2411 1091 Fin.
2425 1072 2448 1097 5,
2485 1085 2491 1092 .
2527 1085 2534 1091 .
2571 1065 2618 1091 Sex
2637 1065 2721 1098 igitur

274 1124 279 1128 ‚
592 1108 619 1131 2,
632 1108 675 1131 29.
717 1099 774 1125 isid.
788 1099 854 1133 Lz'pſs
871 1100 900 1124 1⁷.
915 1098 981 1124 Leti.
996 1107 1021 1130 2,
1036 1107 1074 1125 22.
1112 1099 1153 1125 Sic
1166 1098 1245 1124 Ouid.
1260 1098 1291 1124 de
1302 1100 1376 1124 Rem.
1389 1100 1448 1125 Am.
1463 1105 1508 1128 228
1534 1099 1624 1124 Proxi-
1633 1106 1664 1131 25
1686 1099 1735 1125 hae
1750 1100 1806 1125 sunt
1823 1100 1951 1135 simplices
1963 1101 1995 1127 de
2013 1102 2111 1127 sumnia
2125 1101 2258 1127 bonorum
2275 1100 2460 1134 malorumque
2481 1101 2634 1126 sententiae:
2653 1099 2721 1125 duae

208 1159 209 1164 ,
232 1130 248 1158 l?
593 1143 651 1161 mus
664 1143 678 1160 a
691 1133 766 1160 tectis
777 1135 845 1167 Ignis
858 1133 1006 1160 defenditur
1018 1142 1109 1167 aegre:
1129 1133 1275 1168 quodpoffls
1288 1133 1404 1168 rtiamfic
1418 1134 1522 1167 efferre,
1538 1134 1625 1160 Tecta
1685 1136 1746 1161 sunt
1762 1134 1815 1161 sine
1832 1142 1963 1169 patrono,
1980 1142 2094 1170 quatuor
2113 1135 2240 1162 defensae.
2323 1136 2404 1161 Causa
2423 1135 2543 1169 pluribus
2561 1135 2721 1170 argumentis

208 1174 209 1177 ’
592 1169 769 1196 defenduntur
782 1169 814 1194 ab
829 1170 897 1203 igne.
952 1169 992 1195 Sic
1006 1168 1078 1194 Idem
1090 1169 1153 1195 Met.
1168 1177 1202 1200 13,
1216 1178 1260 1201 303
1279 1169 1355 1195 Haud
1368 1170 1460 1201 timeo,
1479 1170 1497 1196 si
1513 1171 1567 1196 iam
1579 1179 1623 1196 ne·
1684 1170 1789 1196 defensa
1801 1171 1918 1198 viriliter
1946 1171 2078 1205 Quinctil.
2091 1173 2116 1203 6,
2129 1180 2150 1198 ι.
2219 1171 2359 1197 Prouincia
2371 1170 2403 1197 ab
2418 1170 2531 1197 hostium
2550 1171 2721 1205 populatione

592 1214 661 1240 queo
674 1204 813 1230 defendere
821 1204 927 1229 Crimen
936 1204 1003 1229 Curii
1016 1210 1088 1230 tanto
1101 1213 1240 1230 commune
1253 1205 1323 1236 viro,
1337 1208 1354 1231 i.
1370 1205 1492 1240 depellere,
1506 1212 1534 1231 vt
1542 1205 1624 1241 stirpe.
1683 1205 1790 1231 defensa
1810 1206 1866 1232 Cic.
1879 1216 1928 1241 pro
1936 1207 2058 1234 Fonteio.
2094 1226 2101 1232 .
2136 1226 2144 1233 .
2180 1207 2330 1242 Virg-Aen.
2344 1215 2380 1238 12,
2393 1214 2444 1241 437
2463 1206 2542 1232 Nunc
2555 1212 2580 1231 te
2590 1215 2648 1232 inca
2660 1205 2721 1232 dex-

204 1269 205 1275 *
591 1241 658 1267 Hor.
672 1240 720 1266 Sat.
737 1248 756 1270 1,
770 1248 792 1271 3,
806 1248 824 1271 4
842 1240 930 1273 Toga,
944 1248 1009 1272 quae
1021 1239 1161 1265 defendere
1175 1240 1277 1273 Frigus,
1291 1241 1421 1274 Qiamuis
1435 1242 1521 1273 crass'a,
1536 1247 1623 1275 queat.
1682 1247 1738 1268 tera
1759 1241 1830 1267 bello
1866 1243 2007 1269 Defensuin
2021 1242 2102 1269 dabit.

202 1291 203 1294 =
217 1280 226 1309 A]
590 1276 701 1307 (Contra
716 1274 849 1307 Virg.Ecl.
864 1282 889 1308 7,
906 1277 921 1300 6
939 1275 990 1301 Hic
1006 1274 1084 1307 mihi,
1096 1274 1159 1301 dum
1172 1279 1272 1302 teneras
1284 1276 1398 1302 defendo
1411 1285 1426 1302 a
1437 1276 1539 1311 frigore
1553 1282 1660 1308 ηψπ-50
1721 1284 1740 1303 D
1753 1283 1769 1303 Ε
1784 1283 1800 1303 F
1816 1284 1832 1303 E
1850 1284 1871 1302 N
1886 1285 1898 1304 s
1915 1285 1936 1304 v
1952 1286 1961 1304 1
1977 1285 1995 1304 R
2010 1285 2037 1310 1,
2074 1275 2166 1310 vetuste
2179 1284 2229 1313 pro
2248 1277 2384 1314 Desensum
2402 1279 2446 1303 iri.
2487 1276 2578 1303 Celsus
2597 1275 2615 1303 l.
2633 1285 2642 1302 1
2662 1274 2720 1312 §.9

585 1697 647 1723 Vim
667 1696 807 1722 defendere
827 1695 860 1729 est
879 1697 959 1723 Plaut.
981 1697 1048 1723 Rud.
1064 1706 1088 1729 3,
1106 1706 1132 1730 4,
1153 1700 1195 1731 69.

580 1805 648 1828 tueri
656 1821 665 1833 ‚
674 1802 776 1837 screare
789 1802 819 1827 ab
827 1805 920 1836 impetu
933 1809 955 1828 et
969 1804 1030 1828 malo
1044 1812 1189 1839 quocunque.

586 1948 667 1968 mates
686 1942 743 1967 sunt
757 1942 934 1976 cuiuscunque
954 1941 1000 1968 sint
1013 1943 1123 1968 ordinis.

200 1312 231 1348 Η
271 1341 273 1343 ¹
591 1314 657 1350 tos.)
695 1309 839 1343 Virg-Aen.
857 1318 894 1341 10,
910 1317 958 1349 905
979 1311 1072 1350 l-Iunc,
1091 1319 1157 1342 oro,
1179 1310 1289 1337 defende
1308 1312 1444 1338 Fui-orem.
1501 1312 1623 1346 QClau-
1685 1313 1717 1338 D.
1731 1311 1764 1338 de
1777 1312 1831 1338 dot.
1850 1313 1964 1347 praeleg.
2000 1314 2032 1339 Et
2045 1313 2185 1341 mulierem
2205 1319 2323 1347 agentem
2344 1322 2375 1339 ex
2393 1312 2545 1338 testamento
2564 1320 2656 1338 cauere
2678 1311 2721 1336 dc-

199 1349 202 1375 }
222 1330 248 1376 l*
591 1345 649 1371 dius
659 1345 724 1379 apud
737 1345 806 1384 Gell.
818 1353 844 1377 9,
857 1353 866 1370 1
895 1346 916 1370 A
929 1354 1016 1379 puinis
1029 1345 1122 1372 Hostes
1141 1346 1316 1373 defendebant
1329 1346 1465 1373 facillime.
1527 1348 1622 1374 Caesar
1684 1347 1747 1374 bere
1760 1347 1907 1375 defensuiri
1927 1348 2066 1374 haeredem
2085 1348 2206 1375 aduersus
2224 1349 2363 1375 maritum:
2383 1356 2446 1382 crgo
2466 1348 2575 1373 maritus
2594 1347 2664 1373 idem
2677 1346 2721 1372 de-

215 1396 219 1418 ‚⁴
249 1351 270 1413 ll
589 1380 617 1407 B.
634 1381 663 1407 C.
677 1389 699 1411 2,
710 1388 726 1412 9
744 1380 797 1406 Vbi
809 1386 958 1414 tegumenta
971 1381 1145 1421 praependere
1158 1382 1254 1415 possent
1266 1381 1297 1408 ad
1310 1382 1487 1409 defendendos
1501 1382 1570 1408 lctus
1591 1392 1620 1409 ac
1684 1382 1758 1409 bebit
1771 1392 1863 1410 cauere
1871 1404 1880 1416 ,
1899 1383 2020 1410 aduersus
2035 1384 2174 1410 mulierem
2190 1383 2335 1410 defcnsuiri
2344 1404 2351 1416 ‚
2372 1383 2390 1409 si
2405 1383 2480 1418 prior
2491 1389 2557 1417 agat.
2604 1382 2722 1417 Gothofr.

196 1419 209 1460 ᾗ
222 1431 241 1464 ἦ,
586 1415 758 1477 ἑερείίεηάιῗι.
822 1416 891 1476 hSAenst
900 1415 932 1476 che
947 1417 1051 1443 Prouid.
1069 1426 1088 1449 i,
1102 1426 1120 1449 4
1138 1416 1252 1457 Imbrein
1267 1418 1355 1444 culino
1367 1424 1416 1458 aut
1424 1417 1519 1444 fronde
1531 1418 1621 1458 defen·
1684 1418 1791 1444 defensu
1805 1419 1850 1445 iri.
1885 1419 1993 1447 Scilmox
2006 1420 2121 1460 Iulianus
2134 1417 2158 1456 §.
2173 1420 2300 1454 sequenti,
2309 1419 2373 1446 Non
2385 1419 2447 1446 alias
2461 1427 2521 1459 eum
2536 1418 2647 1453 legatum
2661 1426 2723 1443 con-

198 1458 240 1525 ii}
584 1459 714 1513 1553...
728 1454 984 1525 f0ss3'15;...1⁰.f.⁶„;1.t’
999 1460 1024 1484 ²³
1039 1453 1202 1513 ²8..}i³⁰.3³.‘¹3
1215 1453 1267 1522 {2¹}
1277 1453 1558 1523 ⁶¹}gs5¹3{‡3{22¹¹.,3³.“‚¹
1572 1453 1620 1514 1¹35
1628 1462 1654 1486 ³'
1681 1455 1883 1515 {53⁰¹}‘s'c‘2‘5‘ra
1896 1464 1979 1516 ‘³233‘
1992 1455 2267 1526 ffssiti‘g‘vrss‘iiffdffi
2287 1454 2409 1482 mers...
2427 1454 2566 1481 mame...
2585 1453 2722 1480 defensum
2759 1480 2764 1483 ·

198 1521 243 1561 iffi
586 1521 714 1556 peratoris
726 1521 781 1552 sui,
801 1521 1022 1555 tribunorumque
1040 1520 1124 1555 plebis
1141 1522 1254 1562 Iniurias
1275 1523 1424 1550 defendere.
1495 1525 1550 1550 Cic.
1568 1524 1620 1550 Off.
1717 1531 1761 1550 DE
1772 1531 1988 1558 FENSVRVS,
2004 1534 2028 1557 a,
2048 1535 2102 1552 iim.
2134 1526 2227 1552 Partic.
2264 1525 2516 1561 [ὑπερασπισόμενος]
2551 1524 2613 1551 Neu
2632 1523 2721 1551 defen-

199 1558 247 1592 213³„
585 1565 609 1588 3,
623 1563 660 1595 74
673 1565 694 1581 c.
709 1561 738 1595 18·
764 1555 913 1594 ¹Defendere
927 1564 955 1581 ac
966 1557 1119 1590 propulsare
1131 1557 1269 1583 Iniuriam.
1323 1558 1394 1583 Idem
1410 1567 1457 1591 pro
1470 1560 1590 1584 Muraen.
1606 1567 1618 1590 5
1683 1560 1742 1585 sura
1755 1560 1869 1586 calorem
1884 1561 1972 1586 Aurea
1983 1561 2164 1591 summoueant
2176 1561 2279 1596 tepidos
2293 1561 2444 1593 umbracula
2457 1561 2523 1587 soles
2540 1559 2633 1587 Claud.
2642 1559 2721 1586 Cons.

199 1608 211 1633 s
226 1583 247 1625 'ri
586 1591 703 1618 Pericula
717 1598 825 1616 ciuium.
896 1591 972 1625 Prop.
990 1599 1009 1620 ι,
1021 1600 1060 1624 20,
1079 1600 1099 1617 ιι
1130 1591 1314 1626 Nympharum
1335 1593 1434 1626 semper
1453 1593 1558 1626 cupidas
1577 1593 1620 1618 de·
1682 1594 1755 1618 Hon.
1770 1604 1798 1627 4,
1812 1603 1872 1627 340·
1928 1595 2072 1622 Defensura
2084 1605 2143 1622 reos
2155 1596 2279 1623 facundia
2297 1597 2328 1622 A.
2342 1596 2374 1622 ad
2386 1597 2515 1622 Pisonem.
2552 1613 2559 1620 .
2597 1615 2603 1621 .
2658 1595 2720 1620 Stat.

221 1633 224 1647 ῑ
238 1643 245 1652 ,η
585 1626 665 1653 sende
678 1626 798 1660 Rapina&
859 1626 939 1666 *Virg
952 1626 1003 1666 Ecl.
1018 1633 1044 1661 7,
1059 1626 1258 1666 47‚S,0¹sti,tium
1273 1628 1363 1661 pecori
1381 1628 1524 1654 defendite.
1561 1629 1619 1654 Cic.
1630 1637 1665 1661 40
1683 1627 1775 1654 Theb.
1790 1637 1826 1660 η,
1841 1632 1891 1662 642
1906 1630 2003 1655 Mundi
2015 1630 2125 1656 foedere
2137 1640 2241 1658 mecum
2254 1632 2396 1658 Deseiisura
2410 1633 2512 1658 Manus.

587 1661 620 1688 de
635 1662 691 1689 Sen.
705 1670 731 1693 53
748 1671 767 1687 c.
783 1668 807 1693 15
832 1662 901 1687 Vitis
917 1661 1008 1687 vestita
1022 1671 1148 1695 pampinis
1166 1664 1263 1689 nimios
1284 1663 1350 1689 Solis
1366 1663 1486 1689 defendit
1504 1663 1620 1690 ardores.
1719 1670 1762 1689 DE
1772 1670 1787 1690 Γ·
1797 1671 1844 1690 EN
1854 1671 1866 1690 s
1876 1671 1911 1696 o,
1931 1668 1983 1691 are.
2022 1664 2193 1705 [οζσπίζομαι]
2229 1666 2311 1692 Plaut.
2324 1667 2391 1692 Rud.
2406 1676 2429 1698 3,
2443 1676 2466 1698 3,
2481 1675 2511 1698 3ο
2531 1665 2601 1690 Hinc
2613 1673 2662 1698 ego
2675 1663 2720 1689 de-

1267 1699 1301 1724 vi
1315 1699 1356 1725 vis
1376 1699 1447 1730 illata
1468 1699 1619 1725 defenditur
1681 1698 1791 1724 fensabo
1809 1699 1938 1732 praesidio
1958 1701 2077 1726 Veneris.
2149 1701 2257 1727 Moenia
2273 1701 2327 1735 ipsa
2345 1702 2397 1726 sese
2410 1700 2577 1726 defensabant
2604 1699 2663 1724 Liu.
2677 1699 2722 1730 26,

554 1766 557 1768 .
584 1733 641 1759 Cic.
654 1741 702 1766 pro
715 1732 810 1758 Milon.
824 1740 840 1764 9
855 1741 876 1758 c.
891 1741 916 1765 4.
1089 1729 1109 1769 q
1129 1741 1142 1758 2
1180 1734 1294 1760 Obtinuit
1308 1741 1389 1760 tamen
1400 1733 1532 1769 Urs-annus,
1551 1734 1620 1769 vsus,
1682 1741 1716 1765 43
1724 1740 1767 1767 pr·
1827 1733 1928 1760 Sallust.
1941 1734 2061 1768 Iugurth.
2075 1743 2097 1760 c.
2113 1736 2148 1761 60
2182 1736 2262 1761 Arma
2278 1736 2406 1770 capientes
2421 1735 2453 1761 ab
2467 1733 2585 1760 hostibus
2600 1733 2722 1759 Defensa-

584 1774 613 1793 vt
620 1767 779 1802 frequentior
792 1766 830 1800 fit
842 1768 921 1793 altera
940 1770 1006 1793 ratio
1018 1769 1131 1804 inuerfiz,
1150 1777 1198 1804 qauz
1206 1766 1311 1804 fabium
1329 1768 1375 1802 est,
1393 1777 1422 1796 vt
1435 1769 1576 1796 defendere
1583 1769 1621 1802 fit
1682 1769 1754 1794 bant.
1808 1768 1869 1795 Stat.
1879 1769 1942 1795 Silu.
1956 1779 1984 1803 4,
1993 1774 2016 1801 8,
2024 1779 2062 1803 44
2082 1770 2120 1795 En
2132 1769 2225 1796 hilaris
2239 1770 2387 1797 circumstat
2400 1770 2477 1796 turba
2491 1776 2607 1800 tuorum,
2626 1769 2722 1794 Defen-

1258 1805 1340 1831 Plaut.
1355 1805 1424 1832 Asin.
1440 1813 1464 1837 2,
1478 1814 1505 1838 4,
1518 1813 1545 1837 ες
1573 1805 1618 1831 Te
1625 1809 1658 1835 45
1681 1804 1772 1839 satque
1783 1810 1892 1838 patrem.
1929 1804 2071 1831 Defeiisare
2084 1805 2223 1831 seiniuria
2243 1805 2324 1831 Plaut.
2339 1804 2459 1832 Bacchid.
2472 1813 2494 1836 3,
2508 1812 2530 1835 3,
2543 1811 2583 1835 39.
2637 1804 2721 1837 Impe-

583 1836 693 1863 obsecro
707 1836 838 1875 defende..
881 1837 975 1870 Clipeo
988 1837 1130 1864 defendere
1142 1840 1257 1874 aliquem
1279 1840 1371 1867 Claud.
1385 1842 1416 1866 de
1425 1840 1488 1866 Bell.
1503 1841 1562 1866 Get.
1582 1860 1589 1866 .
1610 1860 1619 1867 .
1680 1839 1861 1866 dimentorum
1874 1848 1966 1873 agmen
1980 1835 2175 1866 defensantibus
2189 1841 2312 1875 iniquum
2332 1841 2400 1866 Tac.
2415 1841 2482 1866 Anii.
2497 1848 2520 1868 2,
2534 1847 2557 1871 ς,
2570 1847 2597 1870 4.

583 1871 713 1898 Praesidio
740 1877 765 1897 et
784 1871 903 1904 periculo
923 1873 969 1897 suo
988 1871 1130 1899 defendere
1147 1874 1247 1909 aliquid
1282 1876 1338 1902 Cic.
1359 1885 1408 1910 pro
1430 1875 1527 1902 Sextio.
1566 1895 1573 1902 .
1609 1896 1617 1902 .
1716 1881 1916 1906 DEPENSA,
1945 1883 1984 1901 ae.
2008 1875 2028 1901 f.
2071 1876 2154 1906 Vltio,
2170 1875 2287 1912 defeifio.
2329 1875 2493 1902 Tertullian.
2517 1873 2617 1899 aduers.
2637 1872 2720 1898 Marc.

582 1907 657 1934 Idem
671 1915 719 1941 pro
736 1907 834 1932 Sextio.
868 1926 874 1931 .
912 1926 919 1933 .
956 1907 1026 1932 Haec
1047 1908 1095 1941 qui
1113 1917 1161 1942 pro
1179 1911 1257 1936 virili
1276 1917 1348 1945 parte
1368 1910 1528 1943 defendunt,
1550 1911 1619 1945 opti.
1681 1918 1706 1942 2,
1721 1915 1746 1938 18
1772 1910 1794 1934 A
1809 1910 1866 1935 Deo
1880 1910 2016 1943 expeoare
2030 1909 2173 1936 defensam.

1096 1942 1101 1947 '
1196 1946 1285 1977 Quum
1299 1955 1348 1979 ego
1363 1948 1393 1972 C.
1407 1947 1492 1979 Sergii
1505 1947 1618 1972 Ani-atae
1717 1950 1761 1970 DE
1771 1950 1786 1969 F
1795 1951 1812 1970 E
1822 1950 1843 1969 N
1854 1952 1866 1970 s
1876 1942 1889 1970 f
1898 1952 1918 1971 T
1928 1951 1946 1971 0
1956 1965 1963 1977 ,
1984 1949 2036 1971 are.
2053 1944 2283 1979 [timpanis-[soum]
2319 1945 2374 1972 Cic.
2388 1944 2466 1971 Acad.
2479 1953 2505 1977 4,
2514 1945 2548 1976 69
2560 1952 2581 1968 c.
2595 1950 2628 1968 22
2648 1941 2722 1969 Idem

585 1983 675 2003 contra
688 1976 756 2002 hunc
769 1976 885 2003 nostruin
894 1977 1037 2002 Antonium
1050 1979 1151 2003 causam
1160 1977 1331 2006 defenderem
1353 1981 1432 2007 Id.de
1441 1983 1534 2008 Orat.1
1549 1990 1570 2007 c.
1579 1989 1617 2013 39.
1628 1990 1659 2016 50
1680 1978 1744 2005 baec
1763 1988 1818 2005 non
1835 1980 1920 2006 acrius
1939 1981 2070 2006 accusauit
2090 1980 2119 2006 in
2138 1980 2286 2012 senectute,
2314 1989 2393 2015 quam
2412 1985 2488 2006 antea
2512 1978 2721 2005 defenfitaller'dt·

584 2014 642 2039 Cic.
657 2013 728 2038 Fam.
743 2020 776 2044 11,
790 2019 823 2046 27
850 2011 976 2045 Equidem
991 2011 1007 2036 si
1022 2012 1127 2045 quando
1147 2014 1240 2044 audio,
1263 2022 1315 2042 tam
1336 2016 1465 2048 defendo,
1484 2025 1562 2051 quam
1575 2026 1618 2043 nie
1681 2014 1843 2041 Defensitare
1856 2016 1941 2041 causas
1971 2016 2027 2042 Cic.
2041 2015 2073 2042 de
2087 2016 2156 2042 Clar.
2171 2017 2245 2043 Orat.
2261 2025 2317 2043 100.
2330 2024 2353 2042 et
2366 2015 2418 2042 Off.
2435 2024 2446 2045 ι,
2459 2024 2480 2040 c.
2494 2023 2530 2046 33.
2601 2013 2722 2040 Studiose

585 2049 639 2074 scio
652 2056 666 2073 a
680 2051 706 2073 t'e
720 2053 810 2074 contra
822 2047 944 2072 inimicos
956 2055 1028 2072 meos
1042 2047 1126 2073 solere
1140 2047 1254 2074 defendi.
1308 2051 1381 2078 Idem
1398 2062 1447 2086 pro
1462 2053 1534 2079 Sulla
1547 2054 1592 2077 6c.
1602 2060 1618 2077 2
1680 2049 1850 2076 defensitabat
1863 2051 2018 2078 sententiam
2048 2050 2120 2077 Idem
2133 2051 2212 2077 Acad.
2225 2060 2244 2084 4
2255 2060 2277 2077 c.
2289 2059 2331 2084 45.
2405 2051 2510 2076 Summa
2523 2057 2572 2084 ope
2585 2048 2721 2075 defensita-

585 2083 738 2109 Praesertim
757 2082 804 2116 qui
822 2082 899 2108 illum
916 2081 984 2108 solus
1003 2081 1035 2107 de
1058 2083 1158 2109 ambitu
1180 2082 1340 2111 defendisset.
1409 2088 1491 2116 Tunc
1511 2096 1618 2120 quoque
1679 2085 1720 2111 vit
1739 2086 1808 2111 Geli.
1823 2094 1849 2117 2,
1867 2094 1904 2118 23.
2057 2088 2058 2091 ’

587 2118 738 2145 submotum
755 2117 842 2144 studio
863 2117 983 2143 defendis
1002 2118 1122 2143 Amicum
1154 2118 1236 2145 Ouid.
1249 2119 1337 2146 Trist.
1352 2129 1375 2153 3,
1390 2130 1418 2153 4,
1431 2130 1471 2155 41·
1545 2122 1566 2146 A
1580 2130 1619 2147 ca.
1718 2126 1736 2145 D
1747 2128 1763 2146 F„
1773 2127 1789 2146 1³
1797 2128 1812 2146 r.
1822 2128 1843 2147 N
1854 2128 1866 2148 S
1876 2130 1894 2149 o
1904 2129 1939 2154 R,
1963 2121 2026 2148 oris.
2056 2131 2078 2148 c.
2122 2120 2246 2148 Verbale.
2289 2122 2300 2153 [
2313 2119 2485 2155 ὖπερασπις-ἢς,
2517 2118 2722 2152 αἰπολογέμηος]

585 2154 702 2180 lamitate
722 2153 838 2188 aliquem
872 2153 927 2179 Cic.
941 2161 989 2187 pro
1002 2152 1070 2187 Lege
1083 2154 1173 2180 Manil.
1194 2163 1224 2188 14

586 2195 612 2216 et
625 2190 722 2215 famam
752 2188 825 2215 Idem
840 2187 917 2214 Acad.
932 2197 959 2220 4,
973 2196 1018 2214 120
1031 2197 1053 2214 c.
1067 2195 1105 2223 37.
1173 2191 1205 2215 Et
1222 2198 1271 2224 pro
1289 2191 1384 2221 Milon.
1423 2212 1429 2217 .
1467 2212 1473 2217 .
1512 2192 1575 2218 Non
1589 2192 1619 2217 li-
1681 2200 1730 2222 na,
1749 2201 1803 2217 uon
1823 2193 1998 2219 accusatorem
2019 2192 2133 2219 maxime
2153 2192 2253 2218 laudari
2272 2192 2346 2218 vole.
2417 2191 2560 2217 Causarum
2585 2189 2718 2216 Aminian.

584 2224 686 2252 bertate
699 2224 781 2250 solum
790 2244 799 2256 ‚
819 2223 862 2249 sed
877 2224 955 2249 etiam
973 2223 1097 2250 omnibus
1111 2225 1405 2259 praemiisqdignissimos
1419 2228 1504 2258 fuine,
1513 2228 1559 2261 qui
1573 2228 1618 2253 do·
1681 2231 1721 2258 28,
1736 2235 1754 2261 ι,
1826 2228 1956 2254 Defensor
1970 2229 2056 2260 necis,
2073 2227 2148 2263 Qafi
2155 2227 2333 2263 propulsator,
2352 2229 2395 2261 qui
2407 2234 2507 2253 mortem
2521 2231 2588 2251 arcet
2599 2231 2623 2250 et
2631 2224 2721 2259 prohi-

584 2260 652 2288 mini
664 2261 750 2293 Caput
760 2258 937 2285 defendissent.
1006 2259 1087 2285 Ouid.
1102 2268 1133 2285 ex
1142 2261 1223 2286 Ponto
1236 2269 1255 2295 1,
1268 2271 1296 2295 4,
1309 2271 1345 2294 40
1367 2262 1515 2288 Dese-ridere
1530 2271 1618 2288 meum
1680 2262 1719 2287 bes
1742 2262 1796 2288 Cic.
1811 2272 1859 2297 pro
1872 2264 1966 2289 Milon.
1981 2273 2002 2290 c.
2017 2272 2050 2290 22
2070 2265 2274 2290 conseruatores
2288 2262 2407 2295 domini,
2427 2261 2526 2288 vltores
2540 2259 2658 2291 sceleris,
2676 2259 2720 2285 de-

585 2295 695 2321 numina
710 2295 780 2320 nulla
789 2295 881 2329 Caput.
948 2292 1143 2320 AbomniCasu
1156 2295 1271 2330 aliquem
1293 2297 1380 2323 Valcr.
1392 2298 1490 2332 Argon.
1504 2305 1531 2332 7,
1569 2317 1575 2323 .
1611 2318 1618 2324 .
1681 2297 1797 2323 fensores
1811 2299 1890 2325 necis.
1935 2300 1975 2325 Sic
1989 2300 2116 2325 Defensor
2130 2298 2242 2333 periculi
2260 2298 2332 2324 Idem
2345 2306 2393 2332 pro
2405 2297 2524 2324 Muraen.
2538 2305 2559 2322 c.
2574 2304 2599 2321 2.
2645 2294 2720 2320 Cala-

585 2331 640 2357 Cic.
654 2330 686 2356 de
699 2329 800 2356 Sene&
818 2350 824 2356 .
845 2348 854 2357 .
874 2330 1067 2363 Causarumque
1079 2330 1223 2356 illustrium
1238 2340 1406 2366 quascunque
1420 2333 1527 2358 defendi
1540 2341 1661 2365 nune,50
1682 2332 1805 2360 mitatum
1837 2334 1875 2360 Id.
1890 2334 1952 2360 Diu.
1967 2334 1995 2360 in
2010 2335 2084 2361 Caec.
2099 2343 2120 2360 c.
2136 2344 2163 2367 4.
2235 2334 2337 2360 Paterni
2351 2333 2417 2359 iuris
2436 2332 2575 2363 defensor,
2601 2336 2627 2356 et
2647 2328 2719 2364 qnafi

584 2374 663 2399 quam
673 2366 788 2391 maxime
799 2364 913 2391 conficio
926 2365 1067 2391 orationes.
1102 2366 1174 2391 Idem
1190 2366 1221 2392 de
1236 2368 1393 2401 Orat.i,i7z
1412 2368 1524 2393 Videtur
1539 2369 1618 2394 etiam
1682 2369 1838 2401 patrimonii
1851 2375 2030 2405 propugnator
2045 2370 2085 2396 sui
2109 2370 2164 2396 Cic.
2177 2369 2208 2395 de
2221 2370 2294 2396 Orat.
2309 2378 2329 2402 1,
2343 2377 2406 2402 244.
2459 2368 2568 2399 Custos,
2586 2365 2720 2392 defensor-

584 2400 603 2427 fi
621 2400 668 2426 hac
680 2400 789 2426 scientia
808 2401 874 2427 iuris
887 2400 983 2427 nudata
995 2400 1038 2432 sit,
1056 2401 1124 2434 posse
1142 2401 1221 2427 facile
1241 2402 1348 2427 caeteris
1369 2403 1449 2428 armis
1464 2403 1620 2436 prudentiae
1683 2412 1734 2436 que
1750 2404 1814 2430 iuris
1829 2412 1854 2431 et
1873 2404 2002 2431 libertatis
2034 2405 2106 2432 Idem
2121 2415 2168 2440 pro
2182 2404 2272 2431 Rabir.
2288 2413 2324 2431 12.
2396 2403 2569 2429 Defensorem
2583 2401 2622 2427 sui
2642 2401 2720 2433 iuris,

1243 2163 1264 2180 c.
1278 2157 1302 2180 6.
1374 2156 1524 2183 Defendere
1532 2158 1617 2190 Caput
1630 2169 1654 2175 --

1627 2179 1653 2194 ³)
1681 2155 1732 2190 Qec*
1743 2156 1863 2191 defendit.
1920 2157 1974 2183 Cic.
1987 2158 2063 2184 Vcrr.
2079 2165 2098 2189 1,
2136 2177 2142 2184 .
2179 2177 2185 2183 .
2221 2156 2269 2183 Sed
2283 2165 2332 2190 ego
2346 2155 2512 2182 defensorem
2524 2155 2552 2180 in
2564 2163 2622 2181 mea
2634 2154 2722 2189 perso-

178 2429 180 2484 l
196 2441 198 2448 ⁸
212 2423 241 2472 l}
584 2436 679 2462 causas
696 2435 768 2461 tueri
780 2440 858 2468 ‘uque
869 2435 1020 2475 defendes&
1068 2437 1162 2462 Cflsss³⁵
1173 2445 1263 2463 rerum
1276 2438 1382 2471 COPiOse
1393 2437 1550 2470 defendere,
1566 2438 1619 2464 vid.
1680 2438 1794 2464 vltorein
1814 2440 1989 2473 iniuriarum,
2021 2440 2139 2468 adstorein
2158 2441 2238 2467 totius
2257 2441 2346 2466 causae
2364 2439 2488 2473 adoptare
2519 2439 2557 2465 Id.
2578 2436 2669 2462 Diuin.
2690 2436 2721 2462 in

178 2486 181 2499 ,
227 2470 241 2507 '3³
587 2477 694 2497 corin.
766 2471 846 2503 Lege,
857 2476 885 2495 ct
904 2470 1033 2503 pracsidio
1046 2471 1111 2505 legis
1120 2472 1229 2498 Causam
1250 2473 1305 2499 Cic.
1319 2482 1367 2507 pro
1381 2473 1486 2499 Cluent.
1522 2493 1530 2499 -
1566 2493 1574 2499 ·
1613 2494 1618 2499 -
1682 2473 1756 2498 (3³0ss
1773 2482 1813 2506 54·
1881 2476 2019 2502 Moenium
2047 2477 2179 2502 Aimnian.
2195 2484 2232 2507 19,
2247 2484 2266 2501 i.
2292 2475 2320 2501 de
2333 2476 2461 2501 militibus.
2534 2473 2626 2500 Salutis
2640 2472 2721 2497 alicu-

214 2497 247 2571 l
587 2505 719 2532 Audacter
732 2505 776 2530 sua
783 2506 893 2530 Decreta
917 2504 987 2530 Idem
1003 2505 1035 2530 de
1052 2506 1109 2536 Fin.
1123 2514 1147 2532 2.
1218 2508 1285 2534 Hor.
1303 2508 1331 2534 in
1344 2509 1407 2534 Arte
1422 2510 1493 2534 Poct.
1508 2517 1559 2541 442
1592 2509 1619 2535 Si
1642 2513 1673 2544 6,-
1683 2508 1723 2534 iun
1738 2508 1861 2535 defensor
1881 2511 1936 2535 Cic.
1951 2519 1999 2543 pro
2013 2511 2108 2536 Milon.
2145 2530 2151 2536 .
2188 2529 2194 2535 .
2230 2510 2303 2535 Idem
2316 2519 2365 2543 pro
2377 2509 2471 2534 Milon.
2485 2518 2521 2540 40
2550 2509 2575 2533 P.
2592 2507 2720 2533 Lentulus

212 2539 221 2576 's
237 2554 248 2571 r
586 2540 727 2567 defendere
739 2539 871 2578 Delicium
885 2548 963 2572 quani
981 2546 1084 2566 vertere
1100 2541 1198 2566 manes.
1235 2543 1397 2576 Dignitatem
1411 2550 1436 2569 et
1449 2544 1620 2570 existimatio·
1683 2543 1760 2569 Vltor
1773 2544 1891 2576 sceleris,
1911 2552 2090 2579 propugnator
2103 2546 2225 2576 Senatus,
2245 2544 2366 2570 defensor
2385 2543 2483 2568 vestrae
2498 2542 2655 2572 voluntatis,
2676 2550 2720 2574 pa-

212 2554 241 2624 'lsl
586 2584 648 2603 nem
661 2574 693 2601 ab
707 2575 823 2613 inimicis
854 2575 925 2600 Caes.
940 2574 967 2612 Β.
982 2575 1011 2600 C.
1028 2583 1048 2607 i,
1061 2582 1086 2609 7.
1156 2576 1272 2602 Domum
1291 2586 1320 2603 ac
1334 2578 1395 2604 deos
1414 2585 1516 2613 penates
1527 2580 1620 2613 aliquo
1682 2584 1775 2605 tronus
1789 2579 1860 2606 illius
1874 2580 1975 2614 publici
1987 2581 2139 2611 consensus,
2159 2580 2294 2606 restitutor
2308 2578 2396 2605 salutis
2411 2587 2494 2604 meae.
2567 2577 2720 2603 Acerrimus

209 2609 243 2662 isi
586 2616 754 2645 Ol’Pugmme
786 2610 842 2635 CK·
856 2617 904 2642 1³¹⁰
919 2608 1014 2647 Mlloffi
1050 2628 1058 2635 ·
1093 2628 1100 2635 ·
1114 2643 1119 2648 ,
1137 2611 1307 2639 ExmsflinUe
1325 2613 1514 2640 adOICsCffltifle
1534 2616 1558 2640 se
1578 2616 1621 2640 de·
1683 2613 1820 2646 defensor,
1842 2615 1895 2642 uid.
1918 2622 2024 2642 ACER.
2096 2615 2212 2641 Assiduus
2226 2615 2346 2641 defensor
2365 2620 2390 2640 et
2404 2618 2584 2648 propugnator
2600 2611 2720 2637 fortuna·

585 2645 695 2673 rendere
725 2644 797 2672 mem
817 2653 864 2679 Pfo
884 2643 984 2670 estho-
1064 2644 1147 2670 0¹³¹d·
1162 2645 1253 2671 ΑΙΠΟΓ-
1272 2656 1294 2678 ²,
1308 2656 1330 2679 ς,
1343 2657 1359 2679 9
1391 2649 1464 2675 Felix
1485 2650 1531 2684 qui
1546 2649 1620 2683 quod
1683 2657 1742 2674 rum
1760 2650 1871 2676 alicuius
1902 2651 1958 2677 Cic.
1972 2651 2028 2684 post
2041 2651 2118 2677 redit.
2134 2651 2161 2676 in
2173 2651 2256 2676 Senat.
2274 2657 2306 2683 37
2320 2650 2337 2675 s.
2353 2655 2417 2675 extr.
2497 2648 2583 2673 Bonus
2597 2646 2720 2672 defensor

210 2701 229 2713 i.
586 2687 673 2713 amat,
708 2680 848 2707 defendere
861 2679 975 2705 Fortiter
989 2679 1074 2718 audet.
1119 2714 1123 2718 η
1149 2680 1253 2719 *Amici
1267 2682 1394 2708 Fortunas
1423 2685 1479 2710 Cic.
1493 2694 1542 2718 pro
1560 2686 1619 2710 Mu-
1635 2696 1670 2723 70
1683 2684 1814 2717 Qiinffil.
1828 2693 1849 2717 5,
1864 2694 1898 2717 13-
1968 2686 2096 2711 Defensor
2109 2685 2188 2711 vobis
2202 2685 2282 2711 adero
2306 2684 2366 2710 Liu.
2382 2685 2421 2716 36,
2436 2690 2471 2715 35.
2506 2682 2573 2710 AM.
2586 2682 2654 2708 Hor.
2668 2681 2720 2707 Sat.

213 2717 226 2747 ,¹5
586 2726 659 2744 raeu.
697 2736 704 2742 .
744 2736 749 2741 .
786 2715 861 2748 Virg.
874 2714 925 2741 Ecl.
940 2722 966 2748 7,
978 2716 995 2739 6
1023 2715 1075 2740 Hic
1089 2713 1157 2740 mihi
1170 2714 1231 2740 dum
1243 2720 1345 2741 teneras
1361 2716 1474 2743 defendo
1486 2728 1500 2743 a
1510 2720 1620 2752 Frigore
1681 2727 1707 2749 2,
1722 2727 1745 2751 ς,
1759 2728 1798 2750 30.
1866 2721 2034 2747 Acerrimum
2050 2720 2214 2747 defensorem
2228 2719 2338 2746 alicuius
2350 2719 2377 2744 in
2391 2727 2420 2745 re
2437 2718 2526 2752 aliqua
2544 2719 2568 2744 se
2582 2715 2718 2742 ostendere

216 2750 243 2789 il*
587 2758 704 2784 myrtos,
739 2751 787 2777 Vis
800 2751 885 2785 3¹⁶2ssst
899 2750 952 2783 ipse
968 2758 1043 2783 capes
1063 2749 1238 2776 deesrfflfflrat·
1307 2752 1444 2778 Honorem
1458 2753 1532 2777 suum
1564 2754 1620 2778 Cic<
1683 2753 1740 2777 Cic·
1754 2754 1824 2778 Fam·
1847 2763 1867 2785 1,
1885 2764 1903 2780 1.
1974 2756 2038 2781 Non
2053 2754 2235 2781 defensoribus
2249 2754 2305 2779 istis
2339 2753 2461 2787 Tempus
2477 2759 2535 2788 eget
2562 2752 2634 2784 Virg.
2651 2751 2718 2777 Aen.

587 2788 665 2815 Verr.
679 2795 708 2819 4,
745 2806 751 2812 .
788 2805 796 2811 .
848 2787 889 2812 Sic
901 2784 1040 2811 defendere
1048 2785 1206 2811 Sententiam
1219 2787 1290 2811 suam
1309 2786 1381 2812 Idem
1395 2787 1427 2812 de
1435 2787 1492 2813 Fin.
1506 2796 1532 2819 2,
1568 2806 1575 2813 .
1613 2807 1620 2813 .
1683 2794 1706 2816 2,
1720 2795 1771 2818 521.
1844 2788 1958 2814 Periculi
1978 2789 2033 2814 Cic.
2047 2797 2095 2822 pro
2108 2790 2226 2815 Muraen.
2243 2798 2264 2814 c.
2278 2797 2303 2814 2.
2324 2791 2341 2814 i.
2355 2788 2473 2823 depulsor.
2528 2785 2640 2812 Idoneus
2659 2786 2718 2812 stiae

588 2823 620 2850 Et
632 2822 683 2848 Off.
699 2830 718 2853 t,
730 2830 773 2860 23⁴
793 2820 848 2855 Qii
861 2826 947 2846 autem
959 2829 1005 2846 nec
1021 2820 1137 2846 defendit
1156 2829 1203 2847 nec
1215 2820 1328 2852 obsistit,
1349 2822 1366 2847 si
1380 2822 1477 2856 potest,
1496 2823 1621 2854 iniuriae,
1681 2822 1720 2846 rei
1735 2821 1857 2848 defensor
1891 2823 2021 2856 Qiinffil.
2043 2833 2071 2856 4,
2092 2832 2110 2849 i.
2180 2823 2239 2858 le.
2254 2824 2314 2849 inl.
2343 2824 2373 2849 Et
2386 2826 2472 2857 primo
2490 2822 2522 2848 D.
2541 2821 2573 2847 ad
2588 2821 2717 2847 Senatusc.

223 2852 241 2888 ζ’
588 2864 643 2885 tain
659 2857 734 2883 estin
747 2856 824 2887 vitio,
839 2865 915 2890 quam
929 2855 991 2890 qui,
1011 2862 1056 2881 etc.
1127 2856 1226 2882 Locum
1244 2857 1318 2883 suum
1337 2856 1510 2883 honestissime
1530 2858 1619 2883 defen·
1636 2864 1667 2891 75
1684 2856 1812 2883 Velleian.
1833 2857 1881 2886 Sed
1893 2865 1918 2883 et
1935 2858 1951 2884 fi
1965 2858 2063 2884 Mulier
2077 2858 2197 2885 defensor
2210 2859 2321 2885 alicuius
2341 2858 2484 2889 exstiterit,
2503 2864 2548 2883 etc.
2620 2857 2717 2883 Defen-

588 3070 637 3095 mis
649 3070 684 3095 Ac
694 3069 794 3095 virtute
806 3069 887 3094 velint
901 3069 1011 3102 patriam
1026 3067 1164 3094 defendere
1178 3074 1273 3094 terram
1293 3070 1388 3096 Lucret
1396 3079 1419 3101 2,
1432 3072 1488 3103 641.
1532 3071 1623 3096 Pacem
1685 3067 1728 3093 off·
1742 3068 1822 3094 iurid.
1838 3070 1910 3096 Alex.
1968 3071 2138 3103 Defensores,
2160 3072 2258 3098 Milites
2270 3070 2368 3106 quidam
2384 3070 2547 3103 uocabantur,
2567 3072 2609 3104 qui
2623 3078 2651 3095 ex
2664 3072 2716 3094 acte

216 2887 220 2923 l
589 2893 652 2919 dere
672 2892 726 2919 Cic.
739 2901 787 2926 pro
801 2892 894 2924 Qiint.
909 2900 940 2923 43
953 2900 974 2917 c.
990 2899 1022 2922 13-
1092 2891 1172 2917 Ouid.
1185 2892 1277 2918 Amor.
1292 2901 1314 2924 2,
1328 2901 1354 2925 4,
1368 2902 1377 2918 1
1407 2893 1471 2919 Non
1486 2902 1534 2927 ego
1549 2902 1619 2918 men-
1681 2891 1739 2923 sor,
1763 2891 1830 2927 apud
1848 2894 2055 2929 Iurisconficltos,
2078 2893 2172 2927 tametsi
2183 2904 2198 2920 a
2206 2900 2368 2929 procuratore
2388 2903 2435 2919 non
2449 2901 2617 2928 usquequaque
2635 2890 2718 2924 distet,

217 2932 235 2968 ἶ,
589 2928 666 2954 dosos
681 2927 761 2953 ausim
776 2926 915 2953 defendere
923 2927 1019 2953 Mores.
1076 2926 1183 2952 Adsueti
1196 2927 1276 2961 longo
1288 2928 1380 2954 Muros
1394 2927 1535 2954 defendere
1549 2928 1620 2954 bello
1681 2927 1788 2958 dicitur,
1809 2931 1850 2962 qui
1869 2928 1958 2963 absque
1973 2929 2088 2955 mandato
2108 2938 2160 2954 cum
2168 2930 2224 2965 fiila
2231 2929 2398 2965 satisdatione
2416 2930 2520 2955 alterum
2532 2931 2559 2953 in
2574 2927 2665 2953 iudicio
2677 2927 2718 2954 de-

214 2966 243 2994 ²ff
590 2964 665 2997 Virg.
679 2964 742 2989 Aen.
757 2971 783 2995 9,
796 2970 842 2995 511.
913 2963 1029 2996 Propert.
1052 2970 1071 2993 ι,
1089 2963 1127 2994 16,
1146 2970 1163 2994 9
1190 2962 1247 2988 Nec
1262 2964 1361 2996 possum
1378 2963 1484 2989 infamis
1497 2964 1620 2990 dominae
1675 2962 1781 2997 sentiit,
1800 2970 1872 2998 atque
1885 2970 1982 2994 tuctur,
2000 2972 2029 2990 vt
2042 2962 2074 2997 gs?
2087 2968 2113 2990 in
2126 2964 2143 2991 l.
2156 2965 2252 2991 minor.
2265 2973 2323 2990 cum
2338 2964 2414 2990 duab.
2428 2965 2480 2998 seq.
2497 2963 2529 2990 D.
2542 2963 2574 2988 de
2585 2968 2718 2996 procurat.

219 3001 240 3021 Η
588 2998 730 3025 defendere
744 2997 850 3024 Noffies.
920 2998 987 3023 Ter.
1004 2996 1107 3023 Phorm.
1124 3005 1143 3029 i,
1157 3006 1185 3030 4,
1198 3003 1230 3030 48
1248 2998 1428 3025 Meministine
1439 3000 1506 3025 olim
1519 3005 1547 3025 vt
1567 3000 1621 3024 sue-
1684 2997 1839 3024 Defensores
1861 2999 1998 3025 ciuitatum
2011 2999 2064 3033 fiue
2078 2999 2215 3033 locorum,
2237 2998 2405 3036 Magistratus
2424 2999 2521 3034 quidam
2540 3005 2610 3024 erant
2621 2997 2717 3032 ssmiles

220 3027 234 3060 ll
252 3044 253 3048 ’
587 3035 623 3061 rit
636 3034 718 3060 vestra
731 3033 833 3065 oratio,
855 3033 884 3058 In
897 3042 926 3059 re
938 3032 1089 3066 incipiunda
1102 3032 1132 3058 ad
1147 3032 1334 3059 defendendam
1343 3034 1469 3061 Noxiam.
1528 3035 1560 3060 Vt
1574 3035 1620 3060 Ar·
1638 3043 1670 3068 80
1687 3033 1808 3058 Tribunis
1822 3034 1917 3068 plebis,
1934 3042 2005 3070 atque
2023 3035 2077 3061 ideo
2090 3035 2238 3062 defensores
2256 3035 2339 3070 plebis
2355 3035 2509 3070 appellantur
2532 3034 2560 3059 in
2573 3033 2590 3059 l.
2609 3043 2627 3059 i.
2640 3033 2669 3059 C.
2683 3032 2717 3059 de

213 3101 242 3132 Μ’

594 3383 674 3408 lutcm
687 3385 817 3411 sociorum
848 3388 902 3413 Cic.
916 3396 963 3421 pro
975 3388 1004 3413 L.
1019 3388 1088 3413 Man.
1101 3396 1122 3413 c.
1138 3389 1162 3413 6.

590 3105 645 3130 Cic.
664 3104 775 3138 Philipp.
796 3109 819 3135 8,
839 3113 870 3130 11.
942 3102 1090 3130 Defendere
1112 3103 1256 3137 perfracte,
1290 3105 1343 3131 vici.
1385 3113 1399 3131 P
1410 3113 1426 3132 E
1436 3113 1452 3131 R
1462 3112 1504 3132 PR
1514 3113 1522 3131 1
1532 3113 1552 3131 N
1562 3112 1582 3131 (4
1592 3112 1620 3131 O.
1682 3113 1804 3138 nunquam
1818 3105 1916 3131 exibant
1926 3125 1934 3137 ,
1953 3115 1996 3132 nce
2007 3107 2180 3138 excurrebant,
2196 3106 2244 3143 sed
2256 3106 2354 3132 ordines
2361 3106 2456 3142 semper
2468 3104 2610 3141 struebant.
2651 3104 2715 3139 Issus

589 3139 644 3165 Cic.
660 3149 707 3173 pro
719 3139 840 3169 Fontci0;
878 3159 883 3164 .
920 3159 926 3165 .
962 3139 984 3164 A
998 3147 1051 3173 quo
1070 3139 1189 3164 Periculo
1210 3139 1359 3172 defendite,
1381 3140 1499 3172 Iudices,
1526 3141 1621 3167 Ciuem
1683 3137 1714 3171 est
1728 3140 1888 3169 Mauricius,
1902 3144 1946 3176 qui
1958 3141 1989 3167 de
2003 3141 2100 3168 militia
2113 3143 2231 3169 Romana
2242 3143 2331 3168 Graece
2343 3141 2437 3177 quidem
2444 3139 2561 3177 scripfit‚
2580 3141 2664 3165 multis
2677 3145 2716 3164 ta-

590 3175 686 3200 fortcm
701 3181 778 3209 atque
790 3175 964 3200 innocentem.
1020 3174 1107 3200 Pudor
1120 3173 1237 3201 defendit
1251 3175 1365 3209 aliquem
1390 3175 1462 3202 Idem
1476 3177 1546 3202 Fam.
1566 3184 1586 3208 5,
1602 3185 1620 3202 i.
1682 3183 1734 3199 men
1748 3181 1771 3200 et
1788 3176 1889 3201 Latinis
1902 3183 1924 3202 ct
1937 3177 2051 3203 barbaris
2068 3179 2191 3204 vocubulis
2203 3177 2330 3213 adspersis.
2350 3179 2443 3203 Annot.
2460 3175 2566 3202 Tum-b.
2619 3174 2715 3200 Defen-

590 3209 694 3236 Publice
713 3210 891 3244 priuatimque
911 3210 1025 3244 aliquem
1053 3209 1089 3235 Id.
1104 3211 1178 3236 Vcrr.
1191 3218 1217 3242 2,
1253 3230 1259 3236 .
1296 3230 1302 3237 .

593 3244 649 3269 Fin.
664 3254 688 3276 2,
724 3265 729 3271 .
765 3266 770 3272 .
815 3245 894 3272 Reate
907 3254 935 3272 ac
948 3246 1006 3272 iure
1018 3244 1159 3271 defendere
1172 3245 1271 3280 aliquid
1288 3246 1360 3272 Idem
1375 3256 1423 3280 pro
1436 3247 1531 3273 Milon.
1568 3267 1574 3272 .
1611 3267 1618 3273 .
1681 3245 1786 3271 Senatus
1796 3267 1803 3278 ,
1815 3247 1938 3282 sequioris
1952 3251 2005 3274 aeui
2015 3249 2188 3283 appellationes
2201 3256 2223 3275 ct
2236 3257 2349 3280 munera,
2370 3247 2397 3273 de
2411 3247 2496 3282 quibus
2514 3243 2594 3277 instar
2608 3248 2714 3271 omnium

591 3279 734 3306 Defendere
750 3280 867 3312 rec'tum,
888 3288 936 3316 pro
956 3282 1033 3307 Tueri
1052 3284 1186 3315 opinionem
1206 3282 1233 3306 de
1246 3284 1355 3312 virtute,
1380 3289 1423 3308 aut
1441 3283 1518 3317 ipfiim
1538 3285 1619 3308 virtu.
1680 3279 1722 3313 effi*
1731 3280 1811 3315 potist
1831 3284 1880 3308 Iac.
1895 3283 2009 3318 Gothofr.
2023 3284 2056 3312 ad
2069 3284 2124 3309 Cod.
2144 3284 2261 3320 Theodos.

591 3319 646 3338 tem.
682 3315 746 3341 Hor.
756 3316 803 3342 Sat.
818 3324 838 3346 2,
846 3323 873 3350 7,
881 3320 913 3342 26
933 3316 1052 3350 Autquia
1060 3325 1113 3341 non
1127 3316 1349 3342 firimirnReeluin
1362 3316 1488 3344 defendis.
1543 3318 1617 3343 Tur.
1717 3321 1735 3341 D
1745 3323 1761 3342 E
1771 3323 1811 3343 FE
1821 3323 1841 3342 N
1853 3325 1927 3350 sio,
1946 3319 2012 3345 onis.
2033 3319 2053 3345 f.
2073 3319 2193 3346 Verbale.
2213 3319 2365 3355 [nso-rualem
2382 3315 2520 3349 ἀπολογία]
2540 3314 2681 3341 Cic.Acad.
2692 3323 2712 3346 4

592 3357 623 3381 pc
638 3349 704 3374 Reos
720 3356 786 3376 emta
804 3352 912 3378 miseros
924 3351 1063 3378 defendere
1077 3351 1165 3386 lingua
1195 3352 1275 3378 Ouid.
1289 3352 1380 3378 Amor.
1397 3362 1417 3385 1,
1432 3362 1469 3385 io,
1484 3361 1522 3384 39.
1576 3354 1614 3379 Sa·
1679 3350 1714 3376 Vt
1727 3360 1758 3377 ea
1778 3361 1833 3386 pars
1848 3352 2004 3380 defenfionis
2027 3354 2200 3389 relinquatur.
2271 3352 2408 3383 Defenfi02
2427 3350 2492 3385 apud
2512 3351 2712 3386 Iurisconsulms,

1356 3212 1496 3237 Rationem
1517 3212 1572 3237 Cic.
1588 3211 1665 3246 de’85
1683 3210 1754 3236 sores
1772 3211 1925 3244 ciuitatum,
1940 3213 2040 3238 Domus
2060 3213 2200 3248 principis,
2224 3212 2407 3242 Eccleliarum‚
2433 3212 2592 3244 Pauperuin,
2618 3209 2715 3242 Plebis,

1233 3388 1407 3413 Communem
1424 3389 1536 3414 Sa¹utein
1557 3389 1617 3414 Rei.
1634 3392 1723 3424 90pro
1746 3388 1920 3423 Excustzstone,
1939 3389 1957 3415 l.
1977 3389 1993 3415 si
2012 3390 2182 3424 Reipublicae
2203 3390 2234 3416 D.
2256 3389 2287 3416 de
2307 3389 2375 3415 vsur.
2432 3389 2491 3412 Item
2509 3393 2557 3421 pro
2575 3387 2711 3420 exceptione

596 3417 665 3456 publ.
686 3418 756 3444 Idem
771 3429 817 3452 pro
832 3422 947 3449 Muraen.
960 3432 980 3449 c.
1018 3443 1024 3448 .
1062 3442 1068 3448 .
1106 3421 1254 3448 Defendere
1266 3431 1294 3448 ac
1310 3429 1396 3458 tegere
1404 3424 1488 3449 Scelus
1517 3423 1554 3449 ld.
1570 3433 1617 3457 pro
1680 3421 1816 3457 usurpatur
1836 3423 1852 3450 l.
1869 3433 1877 3450 1
1892 3425 1921 3450 C.
1936 3425 1967 3450 dc
1981 3425 2032 3451 iur.
2046 3432 2070 3452 et
2084 3425 2145 3452 fact.
2159 3427 2229 3459 igno.
2242 3425 2259 3450 l.
2273 3423 2397 3458 liquidem
2415 3422 2446 3447 D.
2461 3421 2491 3447 dc
2506 3427 2603 3455 except.
2660 3419 2710 3445 De·-

595 3452 662 3477 bnlla
675 3456 713 3481 86.
791 3454 820 3479 Se
832 3458 883 3482 acri
897 3458 985 3485 animo
1003 3458 1058 3484 Cic.
1071 3466 1119 3492 pro
1133 3458 1228 3483 Milon.
1265 3477 1270 3483 .
1309 3477 1315 3489 ‚
1366 3459 1396 3484 Se
1408 3468 1485 3485 manu
1505 3460 1577 3485 Caes.
1589 3460 1616 3485 Β,
1679 3457 1761 3483 fensio
1783 3458 1857 3492 plena
1872 3460 2028 3494 accipietur,
2048 3468 2076 3487 vt
2095 3465 2133 3487 ait
2153 3462 2213 3495 le.
2227 3461 2255 3486 in
2269 3459 2320 3485 fine
2336 3458 2352 3484 l.
2379 3458 2444 3483 Item
2458 3457 2494 3483 ait
2508 3462 2610 3490 praetor
2628 3454 2659 3480 D.
2677 3462 2710 3494 cic

596 3487 628 3512 G·
643 3494 664 3518 5,
677 3495 701 3519 7.
771 3488 800 3514 Sc
819 3490 871 3515 telo
892 3493 944 3517 Cic.
959 3502 1006 3527 pro
1023 3493 1117 3519 Milon.
1154 3513 1160 3519 .
1197 3512 1204 3518 .
1260 3493 1399 3527 Aequitate
1419 3500 1443 3520 et
1463 3494 1513 3520 fide
1528 3495 1617 3521 Socios
1678 3492 1753 3527 quib.
1769 3495 1834 3520 caus.
1850 3496 1944 3521 maior.
1965 3496 1981 3521 fi
1995 3503 2020 3523 et
2034 3496 2162 3522 iudiciuin
2180 3505 2233 3521 non
2253 3492 2424 3520 detraeieiur.
2440 3499 2464 3518 et
2485 3492 2627 3518 iudicatum
2641 3490 2710 3516 solui

595 3521 667 3562 [dem
680 3522 730 3561 Off·
747 3531 768 3553 2,
805 3543 810 3548 .
848 3543 854 3549 .
907 3527 969 3553 Plin.
985 3538 1022 3560 19,
1038 3537 1046 3554 i
1060 3529 1077 3554 s.
1091 3530 1108 3554 6
1139 3528 1245 3554 Rubcnt
1257 3528 1283 3554 in
1301 3530 1370 3555 cauis
1383 3529 1503 3562 aedium,
1521 3538 1544 3556 ct
1560 3539 1615 3556 mu-
1678 3528 1822 3555 satisdetur.
1895 3531 1950 3557 Cic.
1960 3532 2030 3558 Fam.
2045 3541 2064 3563 i,
2077 3540 2094 3566 7
2110 3532 2180 3558 Nam
2192 3530 2279 3556 nostra
2291 3529 2483 3562 propugnatio,
2501 3536 2529 3553 ac
2541 3525 2655 3565 defensio
2669 3525 2708 3551 di-

594 3560 665 3582 lcum
679 3566 690 3581 a
704 3557 762 3582 Sole
777 3557 924 3585 defendunt.
995 3565 1049 3590 Cic.
1064 3573 1112 3598 pro
1125 3564 1194 3589 Sulla
1208 3572 1237 3596 50
1270 3564 1323 3598 Ego
1336 3565 1460 3591 iacentem
1480 3572 1504 3591 et
1519 3566 1617 3599 Spolia„
1637 3575 1669 3600 95
1679 3564 1784 3597 gnitatis
1796 3571 1871 3597 tuae,
1898 3573 2004 3600 propter
2018 3567 2223 3597 magnitudinem
2242 3564 2365 3591 beneficii
2384 3564 2438 3595 tui,
2457 3561 2557 3589 fortasse
2577 3561 2709 3595 plerisque

596 3597 650 3616 tuni
664 3591 774 3617 defendo
792 3599 817 3618 et
830 3600 945 3628 protego.
1012 3599 1098 3625 *reeta
1118 3599 1161 3625 sua
1183 3598 1338 3632 defendere,
1357 3607 1383 3626 et
1396 3600 1429 3626 ab
1450 3602 1518 3633 aris,
1538 3602 1615 3633 focis,
1679 3598 1761 3625 officii
1780 3601 1907 3627 maiorem
1935 3596 2118 3628 audiorita‘tem
2151 3601 2246 3627 habere
2271 3599 2391 3626 videatur
2405 3620 2413 3631 ‚
2447 3605 2522 3632 quam
2556 3596 2707 3622 sententiae-

595 3626 695 3664 ferr-um
710 3627 890 3667 flammamque
903 3630 1030 3670 depellere
1048 3635 1103 3660 Cic.
1117 3643 1165 3668 pro
1178 3634 1275 3660 Sextio.
1303 3654 1310 3661 .
1347 3655 1353 3660 .
1389 3636 1454 3661 Cels.
1470 3646 1496 3668 4,
1511 3644 1523 3667 5
1544 3637 1614 3663 Nam
1679 3635 1806 3660 Criminis
1820 3636 1935 3663 defensio
1958 3637 2028 3663 Idem
2042 3647 2089 3671 pro
2103 3636 2196 3663 Milon.
2234 3655 2241 3661 .
2278 3656 2283 3660 .
2328 3634 2493 3661 innocentiae
2505 3631 2621 3657 defensio
2634 3633 2708 3665 saepe

595 3660 663 3686 redit
679 3660 727 3699 huc
740 3662 902 3689 imbecillitas
915 3666 971 3695 sua,
993 3667 1038 3704 nili
1053 3668 1143 3695 iisdem
1158 3669 1308 3696 defenditur
1322 3669 1391 3696 bona
1400 3671 1537 3703 Valetium,
1557 3673 1614 3705 qui-
1678 3670 1824 3697 inultorum
1839 3672 2009 3705 improbitate
2023 3672 2160 3699 interclusa
2175 3671 2283 3704 respirat
2303 3670 2339 3697 Id.
2355 3680 2402 3705 pro
2414 3669 2516 3695 Cluen&
2553 3687 2559 3692 ·
2596 3687 2603 3693 =
2638 3668 2708 3693 1¹¹1·is

596 3695 644 3721 bus
657 3695 756 3735 reddita
769 3697 813 3736 eil.
883 3699 1062 3738 A'Valtationc
1082 3704 1181 3731 Italiam
1202 3705 1285 3731 Plane.
1302 3706 1358 3732 Cic.
1372 3707 1441 3732 Fam.
1457 3715 1495 3738 io,
1509 3716 1533 3737 ις
1550 3713 1613 3732 aar.
1677 3705 1853 3732 defensionem
1868 3708 1959 3742 suscipi
1972 3709 2047 3742 pofl'e,
2060 3708 2138 3733 etiam
2150 3707 2177 3732 iii
2190 3706 2345 3732 confessione
2359 3704 2421 3731 faeti
2441 3702 2495 3728 Cic.
2511 3711 2557 3736 pro
2570 3702 2664 3728 Milon.
2674 3710 2707 3734 ις.

595 3730 683 3769 Vestes
697 3740 711 3756 a
724 3736 801 3756 tineis
814 3731 929 3772 defendit
942 3735 998 3760 hai-c
1008 3736 1079 3762 herba
1099 3738 1162 3764 Plin.
1176 3749 1218 3771 20,
1234 3750 1262 3775 ¹7
1276 3742 1292 3766 s.
1309 3750 1348 3774 73.
1418 3742 1506 3767 Vitam
1518 3741 1551 3767 ab
1566 3742 1670 3770 ini-100
1681 3741 1770 3767 Breuis
1794 3741 1909 3769 dcfcnlio
1940 3743 2011 3769 Idem
2034 3751 2083 3777 pro
2097 3742 2188 3768 Caelio
2207 3750 2230 3773 9.
2302 3741 2396 3768 Facilis
2421 3744 2445 3763 ct
2469 3746 2570 3771 promta
2589 3736 2706 3763 defensio

594 3774 723 3805 micorum
742 3766 845 3806 audacia
870 3769 932 3807 Cic.
947 3778 994 3808 pro
1006 3770 1098 3797 Milon.
1114 3775 1139 3797 6.
1207 3777 1293 3801 Vitam
1312 3777 1382 3802 suam
1401 3777 1486 3803 noetis
1499 3783 1524 3803 et
1539 3777 1614 3811 fugae
1678 3775 1715 3800 Id.
1729 3777 1760 3801 de
1774 3777 1847 3802 Orat.
1870 3786 1889 3809 i,
1907 3786 1963 3812 237.
2051 3778 2136 3803 Fortis
2160 3784 2184 3803 ct
2203 3777 2302 3804 inuidia
2316 3773 2429 3805 defensio
2444 3773 2531 3799 salutis
2545 3781 2616 3798 meae
2626 3792 2633 3803 5
2653 3771 2704 3810 pid.

613 3799 737 3832 raesidio,
756 3809 809 3826 non
823 3810 888 3827 iuris
902 3804 1111 3839 iudiciorumque
1135 3807 1205 3833 Idem
1220 3818 1266 3842 pro
1280 3812 1375 3838 Sextio.
1405 3831 1411 3837 ,
1437 3832 1442 3837 ,
1470 3832 1476 3838 ,
1531 3812 1612 3838 Ouid.
1680 3817 1717 3836 ΙΝ
1727 3818 1746 3835 v
1757 3819 1764 3836 1
1774 3818 1790 3837 C
1800 3819 1820 3837 T
1831 3817 1850 3835 v
1860 3818 1881 3837 S.
1951 3812 2073 3846 Iniquior
2085 3812 2213 3845 defensio,
2235 3813 2286 3839 unl.
2308 3819 2362 3839 IN]
2373 3816 2419 3847 (ὲν
2430 3816 2449 3834 V
2459 3816 2480 3834 s.
2536 3807 2605 3833 Mala
2617 3813 2643 3833 ct
2657 3816 2705 3832 im·

624 3842 657 3861 et.
675 3844 707 3866 13.
722 3841 764 3865 218
805 3836 851 3862 Ille
865 3838 944 3877 potest
964 3839 1068 3865 auctore
1088 3842 1157 3867 suain
1176 3841 1313 3871 defendere
1333 3848 1441 3873 Vocem.
1513 3847 1612 3874 Vrbem
1679 3845 1760 3878 proba
1775 3846 1905 3878 detentio,
1926 3848 1977 3874 oid.
2000 3855 2009 3873 1
2020 3853 2044 3873 M
2057 3855 2070 3873 r
2081 3855 2125 3873 Ro
2135 3855 2150 3874 Β
2161 3856 2178 3874 ν
2189 3856 2211 3875 s.
2281 3845 2418 3881 Magnifica
2434 3851 2458 3869 et
2473 3843 2602 3877 Pffiesslaffi
2617 3842 2705 3868 ‘lesen‘

591 3869 662 3896 bello
679 3870 771 3896 Claud.
787 3871 817 3897 de
832 3871 895 3898 Bell.
910 3873 980 3899 Gild.
1000 3895 1006 3900 .
1028 3893 1033 3899 .
1054 3894 1058 3898 .
1127 3876 1224 3902 Vrbem
1237 3888 1249 3903 a
1268 3881 1409 3908 vastatione
1426 3882 1551 3909 Μηρώ
1559 3884 1614 3910 Cic,
1679 3879 1729 3910 sio,
1746 3881 1797 3906 vid.
1811 3889 1832 3906 ai
1844 3889 1863 3907 Α
1874 3889 1893 3908 G
1904 3889 1924 3907 N
1935 3890 1985 3909 vs.
2037 3883 2168 3911 Praeclara
2180 3884 2295 3910 defensio
2306 3880 2430 3908 facinoris
2451 3880 2506 3905 Cic.
2521 3879 2547 3904 in
2561 3878 2647 3903 Vatiii.
2670 3897 2675 3904 .
2699 3896 2705 3903 .

592 3904 661 3932 Fa¹11·
681 3913 717 3936 10,
734 3914 759 3938 ¹5
777 3914 841 3933 exst·
1034 3906 1053 3943 ff
1076 3918 1085 3939 3
1122 3912 1175 3937 Cic.
1196 3912 1227 3938 de
1246 3915 1348 3942 Amic-it.
1388 3938 1394 3944 ,
1431 3938 1437 3944 ,
1474 3919 1566 3952 Imque
1585 3916 1791 3954 12105Timida
1804 3916 1919 3943 defcnlio
1940 3917 2070 3951 Qiiiic'til.
2083 3926 2108 3953 7,
2123 3928 2147 3945 2.
2218 3919 2342 3953 Accipere
2356 3916 2432 3942 vultu
2451 3914 2518 3940 truci
2530 3912 2706 3974 defenlilonem

2640 3954 2704 3974 acii.
