2479 4225
32 237 100 277 741
417 217 669 259 FRI
1517 215 1765 257 FR1
2088 236 2166 274 742

0 310 3 326 x
33 321 63 341 εκ
73 308 189 338 ,nm-„um
205 313 230 335 ες
241 309 409 343 potentiorum
429 316 530 344 genere,
549 317 564 335 a
583 313 606 333 te
625 306 720 343 laesus,
739 314 788 332 mm
805 301 905 338 frigore
919 300 987 342 modo
1006 304 1065 326 ami·
1128 303 1252 330 facetum.
1322 302 1457 343 Frigidum
1472 304 1507 330 est
1522 305 1607 333 dicere
1620 298 1725 333 S'ueton.
1733 305 1824 333 Claud.
1840 311 1938 341 c.26,1.
1995 311 2126 345 Qiine'til.
2142 320 2168 345 ς,

0 330 3 380 l
34 349 118 377 ciriae,
141 344 169 370 de
185 352 231 379 quo
242 341 333 376 statim
357 353 382 369 n.
402 354 419 378 4
443 343 492 379 fid
511 344 564 379 ipfiz
582 349 659 369 morte
677 349 701 368 te
719 338 822 375 afficiat.
888 372 893 377 ¹
912 337 1066 376 hxtremum
1132 347 1170 378 ιε,
1187 348 1210 378 3ι
1237 337 1305 365 Illud
1325 339 1393 373 apud
1414 339 1564 374 Euripidem
1584 342 1721 376 frigidum.
1774 341 1843 370 Add.
1857 345 1881 373 6,
1896 352 1918 375 3,
1933 353 1958 376 53
1984 347 2013 372 Et
2032 348 2093 374 haec
2111 355 2164 374 mm

2 397 5 402 ,
34 383 132 416 frigus,
158 382 177 405 i.
196 388 261 406 mors
282 380 343 405 Stat.
358 378 449 405 Theb.
468 384 501 411 8,
523 387 582 414 734.
685 378 840 410 Supremum
859 373 943 406 frigus
963 380 1065 398 ammae
1130 374 1340 408 f1·1g1da‚.quam
1354 374 1539 413 estnominmn
1554 377 1644 410 fictio,
1663 385 1708 405 etc.
1802 378 1843 405 Sic
1855 378 1919 404 idem
1932 380 2062 412 Qninffil.
2076 391 2113 415 12,
2126 392 2165 415 ιο,

0 440 3 445 ,
36 417 108 446 Idem
126 415 189 442 Silu.
208 422 238 446 3,
256 423 286 446 3,
303 423 342 440 20.
414 414 520 441 Veneni
536 414 621 449 frigus
638 412 727 439 Sidon.
741 412 786 445 Ep.
800 416 822 442 5,
835 413 857 438 8·
969 443 974 447 ,
1013 404 1033 444 q
1047 416 1065 440 4
1132 418 1159 435 ¹2
1180 411 1299 444 Frigidus
1315 411 1342 435 in
1356 408 1462 436 salibus·
1499 413 1529 437 Et
1546 421 1570 444 9,
1582 421 1605 445 3,
1618 415 1652 446 69
1672 412 1794 448 Frigidus
1807 413 1835 439 in
1846 413 1922 439 iocis.
1977 417 2018 442 Sic
2026 416 2081 450 post
2094 416 2165 444 (id-'la

2 463 3 467 ¹
32 453 126 486 <Frigus
152 452 180 476 in
208 452 320 476 amicitia
348 450 451 484 remiffio
478 449 594 485 quaedam
618 450 710 475 amoris
729 444 770 485 qli:
825 444 912 470 senec.
929 442 1006 482 Epist.
1029 452 1065 475 123
1090 446 1104 473 5
1129 446 1264 484 Siculorum
1277 448 1303 470 in
1322 445 1422 471 Verrem
1440 447 1526 472 relata.
1594 449 1649 474 Cic.
1661 450 1735 476 Verr.
1750 457 1774 481 1,
1794 457 1833 475 ιιι
1851 457 1872 475 c.
1885 451 1922 482 46
1946 449 2001 475 Alii
2019 451 2097 477 etiam
2118 453 2165 479 fri.

36 489 173 516 Montanus
186 484 269 511 Iulius
289 492 314 511 ct
331 485 449 512 amicitia
461 483 574 512 Tiberii
593 490 670 511 notus
690 489 716 509 et
733 481 843 514 frigore.
898 479 971 514 Conj·
994 485 1008 504 1³
1017 486 1035 504 R
1046 486 1066 504 1-
1130 481 1246 514 gidiorcs
1259 486 1332 506 cram
1345 490 1351 506 z
1377 478 1420 506 sed
1433 481 1495 520 quia
1509 482 1744 517 stomachabantur,
1758 483 1864 512 ridiculi
1877 483 2037 511 videbantur
2049 488 2106 518 essc,
2118 496 2166 515 etc.

38 528 103 552 Bvs
112 526 129 547 C
139 526 160 545 V
169 526 185 546 L
195 527 216 546 V
225 527 249 546 M
264 540 272 552 ,
310 527 352 547 ΓΚ
361 528 369 547 1
379 527 398 547 G
410 528 425 547 1⁷.
435 528 448 547 s
458 527 476 548 C
487 526 508 546 0
524 540 533 553 ,
570 527 586 546 F
595 525 682 546 R1G1
695 523 714 543 D
724 522 745 555 Y
754 522 766 542 S
782 534 789 545 ,
800 550 805 554 .
824 521 843 540 R
854 520 894 553 EF
903 521 921 540 R
931 521 939 539 l
949 520 969 540 G
981 519 996 539 Ε
1009 521 1026 539 R
1036 520 1065 540 O·
1130 515 1193 547 Sed,
1214 524 1238 542 vt
1253 516 1377 547 auximus,
1396 515 1532 549 Frigidum
1547 516 1580 550 ‹st
1589 537 1595 548 ,
1613 520 1734 555 quidquid
1744 519 1887 555 languidum
1900 518 1948 553 est,
1967 527 1991 546 et
2004 520 2128 554 inefficax,
2141 522 2167 557 s.

35 558 138 588 Sueten.
152 555 259 590 August.
281 565 302 581 c.
318 558 351 582 66
372 556 400 582 dc
413 559 545 592 Agrippa,
563 557 631 582 Cum
645 552 698 579 leui
711 551 820 585 frigoris
839 550 894 584 (με
912 550 961 585 legi
981 551 1066 575 volunt
1129 554 1239 577 irritum.
1311 551 1479 590 Accusatores
1492 551 1653 586 frigidiffimi
1674 556 1730 581 Cic.
1746 557 1783 589 Q
1795 556 1877 581 Fratr.
1893 564 1918 587 3,
1931 564 1953 587 3.
2024 556 2167 583 Affectano

0 594 5 626 ζ
33 591 149 621 Muretus
162 597 186 617 ee
198 590 304 626 Lipsius,
317 598 366 625 pro
379 593 480 628 vulgato
493 591 607 625 rigoris)
628 586 786 626 suspicione,
805 591 832 612 et
845 583 916 624 quod
929 584 1068 611 Marcellus
1131 586 1228 626 frigida
1243 592 1268 612 er
1281 585 1389 626 puerilis
1407 586 1537 618 Qnine‘til.
1551 595 1578 620 4,
1596 597 1622 621 1,
1641 597 1684 624 77.
1757 590 1898 617 Calumnia
1915 590 2013 625 frigida
2033 597 2059 617 et
2077 592 2167 617 ieiuna

0 632 5 663 l
35 627 83 656 {ibi
103 626 293 659 anteferretur,
312 627 453 659 Mitylenas
471 628 512 659 se,
533 625 632 653 relictis
651 622 792 654 omnibus,
811 619 968 647 contulisset.
1007 619 1066 647 Vid.
1095 622 1186 647 10C1c.
1196 630 1244 655 pro
1257 623 1360 661 Caecin.
1374 623 1402 647 61
1421 631 1442 647 c.
1459 630 1496 648 21.
1568 623 1682 651 Dextera
1700 625 1772 651 bello
1786 625 1884 660 frigida
1901 626 1975 660 Virg.
1989 627 2053 653 Aen.
2068 635 2099 658 11,
2116 631 2168 658 333.

16 681 18 684 .
34 663 69 691 ibi
81 661 210 695 Casaubon.
230 668 254 687 et
269 663 387 689 Tot-rent.
409 666 468 689 item
487 666 513 688 in
528 671 550 687 c.
565 669 594 693 41
613 657 727 685 Claudii.
770 656 842 684 Adde
859 656 892 682 Li
904 655 928 691 s.
947 655 982 697 ad
997 655 1066 695 Yell.
1132 657 1256 695 Fomenta
1274 655 1371 690 frigida
1387 665 1509 696 curarum
1528 658 1621 686 Horat.
1634 661 1711 694 Epist.
1728 669 1747 693 1,
1759 669 1782 693 3,
1798 663 1828 686 26
1847 662 1965 694 inutilia,
1975 661 2090 697 fomenta
2104 665 2169 688 enim

33 699 129 726 Patere.
143 706 166 729 ι’,
180 701 216 728 83.
254 704 277 723 et
291 698 393 732 Rupert.
407 698 440 724 ad
452 696 549 724 Sallust.
563 694 688 726 Catil.·13.
924 698 936 723 5
964 692 1068 730 hugus,
1130 692 1212 718 calida
1226 691 1267 725 cll}
1280 692 1372 732 debent.
1407 727 1412 732 ι
1444 693 1500 718 Cle.
1513 693 1585 719 Fam.
1601 703 1637 726 10,
1648 698 1677 722 16
1696 697 1786 729 Quum
1801 696 1822 722 is
1836 696 1944 730 frigidas
1958 698 2025 728 sane,
2040 702 2065 724 et
2078 698 2170 725 incon-

25 743 86 761 .cum
98 733 126 759 de
139 735 167 758 vi
179 735 299 758 orationis
305 733 386 768 sermo
401 732 450 767 est,
468 733 596 767 opponitur
609 729 692 756 calori
705 727 847 762 aff'efluum.
902 728 977 751 Iocus
992 726 1067 765 frigt-
1131 727 1224 754 stantes
1243 727 1368 754 recitasset
1383 727 1483 754 Literas
1497 728 1600 763 Lepidi.
1672 732 1746 757 Mens
1763 731 1861 766 frigida
1873 740 2015 758 ceruorum
2029 733 2132 759 Lucret.
2144 741 2170 765 3,

36 769 82 795 dus
94 767 137 800 est,
149 771 192 802 qui
207 776 254 793 uon
266 775 344 794 mouet
358 768 391 794 ad
401 769 485 804 risum,
493 773 539 793 etc.
589 765 654 791 Plin.
664 765 706 799 Ep.
716 766 773 796 6,1;
793 770 858 790 extr.
880 762 971 788 Paullo
983 762 1069 787 aliena
1132 771 1189 795 300,
1213 764 1241 789 vi
1259 762 1393 789 violentae
1405 763 1524 790 Leonum
1542 768 1682 800 opponitur.
1757 766 1874 802 Negotia
1893 767 1958 793 Plin.
1975 767 2052 802 Epist.
2065 776 2098 801 9,
2113 777 2125 794 2
2150 771 2172 797 i.

26 803 158 831 ‘deliratio
169 802 333 837 aliquantum
351 803 458 838 frigoris
466 801 573 837 ¹attulit,
598 803 617 827 i.
630 800 716 836 fecit,
736 806 765 826 vt
784 801 865 824 minus
870 796 979 838 studiose
997 796 1067 823 audi-
1088 804 1114 831 15
1130 799 1221 824 nullius
1239 800 1360 824 momenti.
1414 799 1456 825 Sic
1474 799 1523 825 Res
1541 799 1650 835 frigidas
1669 801 1737 828 dixit
1755 811 1787 835 9,
1808 811 1830 829 2.
1922 803 2019 829 Solatia
2036 803 2117 830 Ouid.
2136 812 2171 830 ex

34 845 118 871 retur,
141 845 172 864 vt
195 838 251 864 dum
271 839 437 865 dilirationem
457 838 566 864 Iauoleni
586 834 727 862 retrafflmt
748 837 839 861 animis
856 840 879 859 et
898 832 994 863 rident,
1020 842 1069 858 non
1131 834 1214 860 Ponto
1226 842 1253 866 4,
1268 842 1290 865 τ,
1304 840 1345 865 45.
1417 834 1504 860 Verba
1517 835 1661 870 frigidiora
1675 837 1782 864 vitanda
1800 838 1858 864 stult
1876 837 1932 864 Cic.
1946 838 1978 865 de
1990 840 2063 867 Orat.
2077 848 2100 871 2,
2113 840 2171 872 256.

29 872 127 911 Pfiffi‘nl
144 881 228 908 capere
246 874 314 900 illum
330 874 446 905 calorem,
463 882 509 907 quo
529 871 584 898 illos
597 871 724 897 incendere
738 869 840 897 Paullus
858 871 981 898 oratione,
998 877 1070 902 quam
1131 868 1252 903 Frigidus
1270 869 1298 894 in
1312 869 1442 895 Venerem
1458 869 1554 904 Virgil.
1571 872 1666 906 Gcorg.
1680 881 1704 904 3,
1716 880 1760 907 97.
1853 873 1951 900 Lentus
1964 874 1992 900 in
2005 874 2133 906 dicendo,
2146 879 2174 901 et

31 909 169 941 recitabat,
180 907 305 942 studebat.
352 910 409 935 Huc
427 909 521 944 referri
540 908 595 933 vult
611 907 741 942 Casaubon.
760 904 795 930 ad
810 904 880 943 Suet.
894 903 987 930 Claud.
1003 912 1023 928 c.
1036 912 1068 936 ,μ
1132 913 1212 939 paene
1232 903 1345 943 frigidus
1362 905 1418 930 Cic.
1432 905 1463 931 de
1480 905 1550 932 Clar.
1564 908 1638 933 Orat.
1658 913 1710 942 178.
1782 909 1868 943 Virgo
1888 918 1943 935 non
1962 909 2061 943 frigida
2080 909 2114 935 ad
2132 918 2173 936 res

30 944 97 971 allud
113 945 223 971 Senecae
243 945 371 971 Controu.
391 952 404 969 2
427 953 452 978 p.
473 948 513 975 185
538 941 641 968 Deinde
661 951 719 968 cum
739 939 950 967 scholasticorum
966 939 1066 964 summo
1131 942 1222 966 amoris
1240 939 1320 965 Ou1d.
1336 940 1427 966 Amor.
1443 949 1468 972 2,
1483 949 1503 972 1,
1517 948 1538 973 5.
1735 941 1755 979 fl
1775 951 1787 975 3
1824 945 1946 978 Frigida,
1965 944 2119 978 §alfianum
2128 952 2174 980 po..

33 980 141 1014 fragore
154 990 159 1005 :
186 981 236 1015 legi
249 981 303 1006 vult
317 979 425 1013 frigore.
466 978 514 1007 Sed
525 978 678 1005 retinendum
691 977 812 1010 fragore,
832 981 861 1001 vt
869 975 915 1008 suo
929 976 979 1000 loco
993 972 1067 1006 osten·
1082 981 1116 999 20
1124 974 1215 1008 Jitmn,
1234 977 1276 1000 cui
1280 974 1429 1010 subauditur
1442 977 1526 1009 Aqua.
1563 976 1645 1002 Plaut.
1660 976 1737 1002 Most.
1753 986 1771 1007 1,
1792 987 1812 1010 3,
1831 988 1842 1005 ι
1870 980 2028 1014 Iampridem
2047 981 2175 1007 mecastor

35 1015 115 1041 dimus
131 1024 157 1041 n.
172 1023 184 1047 3
200 1015 248 1050 fich
269 1021 284 1041 F
293 1022 310 1041 R
319 1022 339 1041 Α
350 1022 370 1040 N
379 1020 400 1041 G
410 1021 439 1041 o.
501 1014 631 1040 Curatum
646 1012 729 1046 frigus
743 1012 846 1037 lentum
853 1010 994 1047 solicitudo.
1007 1019 1066 1044 quae
1131 1010 1230 1044 frigida
1245 1018 1299 1036 non
1312 1009 1366 1036 laui
1380 1012 1463 1045 magis
1474 1011 1598 1038 libenter.
1656 1011 1722 1037 Plin.
1739 1013 1816 1046 Epist.
1830 1022 1859 1046 3,
1873 1023 1895 1047 5.
1968 1016 2104 1049 Frigidam
2122 1015 2176 1042 suf.

33 1052 138 1077 calnrem
145 1051 280 1086 sembemis
291 1050 429 1085 refrigerat
448 1049 529 1075 Ouid.
545 1057 576 1075 cx
589 1050 672 1075 Ponto
688 1056 710 1080 3,
721 1055 748 1080 9,
761 1053 801 1078 25.
867 1046 923 1072 Cic.
938 1047 975 1078 (Q
987 1046 1004 1071 1³
1007 1051 1067 1071 ratr.
1130 1045 1242 1071 fundere
1256 1047 1341 1077 alicui,
1357 1045 1391 1079 est
1407 1047 1530 1073 hominum
1548 1045 1656 1073 calidum
1675 1056 1779 1073 amorem
1799 1057 1858 1084 erga
1876 1049 1944 1075 illum
1958 1053 2074 1077 minuere.
2133 1051 2176 1078 sic

34 1094 62 1118 2,
78 1094 103 1112 12
124 1085 211 1112 Pridie
224 1083 293 1117 Idus,
308 1093 389 1119 quum
398 1085 496 1119 Appius
508 1085 629 1111 Senatum
643 1084 838 1117 infrequentem
858 1081 994 1115 coegisset,
1015 1087 1069 1107 tan·
1130 1087 1195 1107 certe
1212 1080 1385 1115 intelligendus
1404 1082 1485 1108 Plaut.
1505 1081 1567 1108 Cist.
1588 1090 1615 1114 1,
1635 1090 1662 1114 1,
1680 1089 1712 1116 37
1748 1083 1849 1110 Nostro
1869 1084 2066 1119 (meretricum)
2084 1085 2177 1112 ordini

35 1127 92 1147 tum
104 1121 156 1147 fuit
170 1121 263 1155 frigus,
279 1126 307 1146 vt
319 1120 411 1154 populi
424 1120 547 1146 conuicio
560 1128 607 1145 nos
620 1118 723 1145 coaetus
736 1117 766 1143 fit
781 1117 924 1143 dimittere.
960 1115 1067 1150 Qinct.
1131 1116 1217 1151 palam
1235 1116 1409 1144 blandiuntur
1427 1118 1596 1152 (matronae)
1615 1117 1698 1150 elam,
1715 1117 1734 1143 fi
1750 1118 1849 1145 occafio
1869 1128 1978 1154 vsquam
1993 1120 2046 1152 est,
2072 1121 2177 1155 Aquam

35 1159 62 1189 6,
79 1165 99 1188 1,
112 1164 144 1190 37
168 1156 237 1182 Nam
249 1161 275 1181 et
286 1155 436 1190 imperitia,
456 1161 481 1182 et
494 1154 638 1186 rusticitas,
659 1160 684 1180 et
695 1153 785 1187 rigor,
803 1158 829 1179 et
842 1152 995 1178 deformitas
1009 1151 1068 1178 affe·
1078 1158 1109 1184 25
1131 1151 1259 1186 frigidam
1283 1151 1391 1178 subdole
1412 1153 1571 1180 suffundunt.
1644 1151 1684 1179 Ad
1706 1152 1831 1187 frigidam
1852 1155 1955 1181 eximus
1972 1156 2076 1182 Petron.
2098 1165 2118 1182 c.
2139 1161 2177 1185 28·

34 1198 97 1218 runt
110 1192 217 1217 interim
234 1191 333 1225 frigus,
358 1194 377 1217 i.
391 1191 512 1227 faciunt,
528 1196 557 1216 vt
571 1199 619 1216 non
636 1195 762 1216 moueatur
775 1188 848 1214 iudex
856 1199 866 1217 ,·
892 1194 915 1214 et
933 1186 1002 1214 affor
1016 1197 1070 1212 cum
1170 1193 1187 1213 F
1199 1185 1315 1214 R1G‘1‘D
1328 1193 1344 1213 E
1355 1207 1362 1213 .
1399 1189 1466 1214 Adu.
1503 1187 1640 1223 [ψυχρῶς]
1677 1189 1809 1221 Qninffiiil.
1824 1192 1851 1222 6,
1867 1198 1888 1223 ι,
1900 1199 1929 1223 39
1950 1190 2027 1217 Tum
2047 1191 2093 1217 ille
2110 1191 2177 1218 alio.

28 1226 124 1262 pudore
135 1226 184 1261 fico
200 1225 298 1260 consilio
318 1234 341 1253 et
355 1230 490 1252 intentione
506 1224 614 1251 excidat.
683 1224 757 1250 Idem
774 1233 799 1255 2,
814 1232 852 1256 12,
865 1225 882 1250 6
901 1225 990 1257 Itaque
1003 1222 1070 1248 illud
1133 1223 1180 1258 qui
1194 1223 1236 1249 vir
1249 1223 1383 1253 facundus,
1404 1224 1556 1258 inopinatae
1567 1224 1608 1250 rei
1621 1224 1679 1250 casu
1695 1223 1882 1257 obmutuitset
1895 1226 2024 1253 infantem
2039 1227 2114 1252 suum
2127 1226 2178 1253 fri-

34 1261 224 1294 Qiaestionum
236 1267 261 1287 et
273 1267 489 1296 argumentorum
508 1260 578 1294 apud
597 1266 721 1294 corrupta
740 1259 839 1285 iudicia
858 1259 941 1293 frigus
961 1259 1070 1285 euitant.
1132 1258 1259 1293 gidiffime
1277 1259 1439 1293 reportauit:
1471 1262 1490 1285 i.
1509 1265 1539 1285 vt
1558 1262 1657 1285 minime
1671 1267 1777 1286 moueret
1797 1260 1899 1288 iudices.
1941 1262 1999 1289 Vid.
2020 1268 2143 1288 FRIGV
2155 1268 2178 1292 s,

34 1293 165 1330 Quinetil.
186 1305 215 1329 ς,
233 1303 264 1331 7,
282 1305 308 1330 3ι
341 1296 421 1330 Q1od
443 1296 632 1330 interrogantis
655 1304 710 1322 non
732 1296 791 1322 leue
814 1295 897 1329 frigus
919 1294 963 1320 est.
1010 1293 1069 1320 Vid.
1133 1304 1159 1320 n.
1172 1303 1197 1320 2.
1253 1294 1294 1321 Sic
1309 1294 1377 1321 Gell.
1395 1303 1439 1327 19,
1457 1303 1469 1326 3
1495 1294 1595 1328 Exigue
1613 1300 1692 1328 atquc
1711 1295 1811 1330 frigide
1829 1295 1940 1324 laudari.
2036 1297 2092 1323 Com
2111 1303 2180 1324 arat.

0 1342 3 1370 ‚
36 1337 100 1360 11³1
113 1337 134 1358 G
146 1339 156 1357 1
167 1337 185 1357 n
195 1339 237 1358 vs
247 1351 254 1357 .
1079 1333 1111 1358 30
1134 1328 1264 1362 anffll·
1279 1332 1304 1361 6,
1319 1338 1340 1361 3,
1352 1338 1379 1362 4·
1433 1331 1464 1357 Et
1484 1330 1542 1356 Scn.
1556 1331 1687 1357 Commu.
1703 1339 1724 1363 1,
1743 1340 1771 1365 4.
1865 1332 1988 1368 Superior.
2004 1332 2078 1366 Qin
2106 1332 2136 1360 il.
2150 1335 2179 1364 6,

0 1375 5 1389 ι
31 1383 39 1394 .=
57 1373 162 1394 ,1³an
172 1373 217 1393 EO
227 1386 235 1398 ‚
257 1367 302 1398 xi,
322 1369 375 1393 ere.
410 1367 540 1402 [κρυμέω,
556 1366 759 1401 καταφύχομοιι]
793 1365 818 1394 h.
832 1375 857 1393 e.
875 1366 978 1401 Frigore
994 1362 1072 1399 affici,
1134 1374 1155 1398 1,
1168 1373 1199 1397 39
1222 1368 1271 1391 ium
1286 1365 1403 1391 dedimus.

4 1410 5 1414 ¹
38 1434 41 1438 .
54 1401 139 1438 ‘mem
177 1401 297 1428 Priscian.
311 1410 328 1434 9
347 1411 372 1436 p.
386 1407 436 1436 870
461 1403 563 1435 Syllaba
575 1412 641 1429 vero
654 1402 810 1429 naturaliter
825 1402 904 1436 longa
919 1407 978 1427 ante
996 1406 1073 1430 GEO,
1171 1406 1234 1426 FR1
1244 1398 1430 1433 GIDVLVS,
1446 1409 1471 1434 a,
1491 1410 1546 1427 um.
1582 1400 1642 1427 Adi.
1662 1401 1764 1429 Dimin.
1800 1401 1977 1439 [ὗηᾶᾦυχρσς]
2012 1403 2099 1431 Catul.
2113 1403 2178 1438 Arg.

30 1442 118 1474 ,mutat
131 1443 197 1468 GEO
216 1438 245 1463 in
264 1445 319 1469 XI,
339 1443 368 1464 vt
380 1437 488 1471 Lugeo,
506 1438 579 1470 luxi,
604 1438 716 1472 Frigeo,
729 1438 804 1464 frixi.
847 1438 868 1463 A
883 1438 984 1463 Graeco
998 1435 1072 1462 venit
1134 1436 1153 1462 s.
1167 1438 1207 1467 63,
1219 1444 1257 1468 131
1287 1436 1436 1470 Frigidulos
1450 1436 1502 1463 vdo
1517 1436 1641 1470 singultus
1655 1445 1701 1463 ore
1715 1437 1836 1465 cientem.

70 1473 137 1505 ικέἰν,
156 1471 256 1499 auHore
269 1473 353 1499 Festo.
391 1474 481 1499 Malim
500 1482 516 1499 a
532 1473 610 1508 giiye‘w.
657 1475 766 1508 Propria
783 1472 969 1508 significatione
988 1474 1074 1498 rarius
1172 1472 1366 1502 FRIGE'DO‚
1397 1472 1456 1498 inis.
1492 1472 1512 1498 f.
1547 1471 1711 1507 [ψυχρότης]
1756 1473 1839 1505 Idem,
1863 1473 1929 1509 quod
1944 1474 2042 1510 Frigus.
2078 1474 2179 1506 Varro,

0 1511 3 1546 ’ζ
35 1478 70 1541 ff
80 1511 96 1538 ;'
109 1507 169 1544 sere
181 1515 244 1534 meta
262 1509 343 1535 horice
356 1511 462 1543 ponitur
480 1508 508 1533 de
524 1510 581 1539 his,
597 1517 656 1542 quae·
666 1514 755 1542 parum
766 1507 860 1539 calide,
872 1507 927 1541 fine
940 1506 1036 1540 affeflu
1050 1513 1073 1532 et
1082 1512 1110 1538 35
1136 1508 1222 1541 Atque
1238 1512 1267 1533 vt
1280 1507 1336 1541 igni
1347 1507 1454 1534 feruido
1471 1507 1622 1534 medullitus
1635 1508 1809 1542 Aquiloniam
1822 1509 1893 1536 intus
1909 1510 1995 1536 seruat
2007 1509 2177 1544 frigedinem.

33 1543 168 1578 cupiditate
189 1549 230 1570 tra
259 1549 342 1569 antur.
415 1544 470 1569 Cic.
484 1542 600 1569 deClar.
614 1544 688 1569 Orat.
702 1548 746 1577 187
772 1546 861 1576 Qiare
881 1543 980 1569 tibicen
1000 1542 1074 1568 Anti·
1136 1542 1209 1570 Non.
1224 1551 1255 1573 2,
1271 1550 1332 1576 544.

32 1578 141 1614 genidas
160 1577 263 1604 dixerat
283 1578 412 1611 discipulo
432 1578 491 1603 sane
509 1578 621 1612 frigenti
642 1578 674 1604 ad
693 1578 834 1612 populum,
859 1577 928 1604 Mihi
949 1586 1028 1609 cane,
1047 1582 1074 1604 et
1173 1583 1419 1604 FR1c111)AR1V
1432 1585 1461 1612 s,
1481 1587 1505 1610 a,
1525 1586 1579 1604 um.
1617 1577 1677 1605 Adi.
1720 1579 1764 1611 Vt,
1785 1579 1934 1613 Frigidaria
1948 1580 2013 1606 cella
2025 1579 2090 1605 Plin.
2099 1579 2179 1613 Epist.

33 1613 122 1641 Mufis.
156 1617 174 1639 i.
191 1615 285 1639 Parum
298 1613 414 1639 feliciter
428 1613 528 1647 populo
543 1614 568 1639 se
581 1613 755 1647 approbanti,
775 1620 804 1639 vt
816 1616 853 1639 ait
866 1614 955 1639 Valer.
963 1613 1072 1639 Maxim.
1136 1622 1162 1645 2,
1177 1621 1213 1647 17.
1283 1614 1389 1639 Vitruu.
1403 1622 1426 1646 5,
1441 1622 1468 1639 10
1492 1612 1583 1639 Ahena
1596 1613 1672 1647 supra
1684 1613 1872 1647 hypocaustum
1885 1615 1937 1640 tria
1949 1615 2007 1639 sunt
2020 1623 2181 1648 componen-

33 1657 58 1681 3,
72 1657 98 1682 7.
162 1648 242 1675 Plane
259 1657 328 1674 nunc
340 1648 428 1682 frigeo
451 1649 507 1674 Cic.
519 1650 588 1675 Fam.
607 1657 639 1681 ιι,
654 1657 691 1681 14.
764 1649 871 1682 Frigent
891 1648 932 1674 hic
952 1648 1073 1675 homiues
1137 1649 1184 1681 da,
1207 1657 1289 1674 vnum
1304 1648 1465 1680 caldarium,
1484 1648 1595 1674 alterum
1614 1648 1791 1682 tepidarium,
1808 1649 1918 1675 tertium
1937 1648 2125 1681 frigidarium:
2154 1654 2182 1674 et

35 1683 105 1710 Ter.
118 1684 184 1710 Eun.
196 1692 220 1715 2,
236 1692 262 1715 2,
274 1691 313 1718 37.
379 1683 446 1710 Ibid.
462 1692 484 1716 3,
496 1693 517 1716 3,
531 1693 553 1710 ιι
574 1683 628 1710 Vbi
640 1683 736 1718 friget,
757 1684 807 1710 huc
820 1684 909 1715 euasit,
929 1684 1073 1718 quampri-
1082 1691 1119 1716 40
1136 1684 1173 1710 ita
1185 1683 1352 1713 collocanda,
1369 1684 1408 1709 vti
1421 1692 1452 1709 ex
1467 1683 1599 1716 tepidario
1620 1684 1648 1708 in
1660 1683 1821 1714 caldarium,
1841 1688 1968 1716 quantum
1990 1692 2071 1716 aquae
2091 1683 2182 1710 caldae

35 1718 97 1745 dem
109 1725 182 1753 pater
193 1718 262 1745 mihi
275 1725 301 1745 et
312 1724 396 1746 mater
407 1720 509 1745 mortui
522 1720 611 1751 essent,
637 1722 656 1745 i.
671 1719 713 1745 obi
727 1720 791 1746 nihil
804 1726 870 1749 erat,
891 1720 955 1754 quod
968 1721 1075 1753 amplius
1136 1718 1248 1747 exierit,
1269 1719 1371 1743 influat.
1424 1719 1463 1743 De
1485 1718 1627 1751 frigidario
1648 1718 1678 1742 in
1695 1717 1856 1751 tepidarium
1875 1717 1908 1743 ad
1925 1717 2038 1745 eundem
2059 1718 2180 1745 modum.

0 1768 2 1772 ν
35 1753 136 1780 diceret.
183 1762 185 1764 ·
206 1754 262 1780 Cic.
277 1755 354 1781 Verr.
368 1764 391 1786 2,
406 1757 440 1780 60
460 1763 482 1780 c.
496 1763 523 1787 ες
536 1762 580 1789 pr.
608 1756 697 1787 Qum
717 1755 805 1780 onmia
826 1754 925 1779 iudicia
946 1754 1075 1786 frigerent
1136 1753 1247 1778 Balneae
1265 1752 1359 1778 Pallad.
1374 1751 1405 1776 de
1420 1753 1452 1778 R.
1467 1753 1497 1779 R.
1511 1761 1536 1782 1,
1554 1760 1595 1783 41.
1688 1751 1808 1777 Cisterna
1829 1753 1934 1778 Petron.
1957 1762 1979 1779 c.
1998 1761 2037 1787 72.
2110 1755 2182 1780 Hinc

33 1788 174 1815 admonitu
186 1789 270 1821 istius,
286 1797 330 1815 etc.
401 1790 462 1815 Sine
475 1790 572 1815 Cerere
585 1795 611 1814 et
623 1789 725 1815 Baccho
739 1789 819 1821 friget
827 1790 918 1813 Venus
931 1788 998 1812 Ter.
1007 1788 1074 1812 Eun.
1135 1785 1258 1817 Substant.
1292 1786 1485 1818 Frigidarium,
1505 1784 1662 1820 ὑδροψύχιον,
1681 1785 1848 1821 ψυχρυφόρον,
1869 1789 1930 1814 Vet.
1946 1788 2025 1814 Glofl'.

34 1831 64 1856 4,
76 1829 99 1855 5,
112 1825 136 1848 6.
206 1824 262 1849 Cic.
276 1824 308 1849 de
321 1824 417 1850 Natur.
431 1824 512 1848 Dcor.
526 1832 555 1854 2,
568 1825 603 1847 60
634 1823 671 1847 Ex
695 1830 749 1855 quo
767 1822 836 1847 illud
850 1821 992 1852 Terentii,
1012 1821 1072 1846 Sine
1172 1826 1189 1845 r
1198 1826 1217 1845 R
1228 1827 1237 1845 1
1247 1826 1268 1846 G
1277 1827 1287 1845 1
1298 1826 1316 1845 D
1327 1827 1336 1845 1
1346 1827 1387 1846 vs
1396 1827 1413 1846 c
1422 1827 1443 1845 v
1453 1827 1470 1845 L
1480 1827 1501 1846 v
1510 1827 1522 1846 s
1533 1840 1540 1852 ,
1558 1829 1583 1853 a,
1605 1830 1658 1847 um.
1694 1823 1754 1849 Adi.
1793 1823 1860 1849 Gell.
1869 1831 1890 1855 3,
1899 1832 1928 1849 10
1948 1823 1996 1850 Sed
2010 1823 2062 1850 alia
2076 1823 2181 1851 ibidem

33 1858 132 1884 Cerere
143 1861 170 1883 et
181 1857 282 1883 Libero
294 1858 375 1890 friget
388 1858 486 1882 Venus.
558 1856 636 1882 Vires
656 1855 764 1881 effectae
785 1857 883 1889 frigent
897 1855 993 1889 Virgil.
1009 1856 1114 1882 Aen.45
1136 1854 1256 1888 congerit
1271 1854 1462 1888 frigidiuscula.
1503 1855 1562 1881 Vid.
1583 1863 1599 1882 F
1609 1863 1627 1882 R
1638 1863 1722 1883 1G1D
1732 1864 1753 1883 V
1763 1865 1790 1888 s,
1815 1867 1841 1883 n.
1857 1867 1879 1883 2.
2054 1884 2056 1887 ,

33 1900 57 1927 5,
69 1894 126 1925 396.
193 1893 224 1917 In
241 1900 270 1918 re
290 1891 454 1925 firigidiffima
469 1891 552 1923 cales,
572 1890 601 1917 in
621 1890 807 1917 feruentissima
826 1891 908 1925 friges
927 1890 1028 1917 Aueior
1039 1890 1071 1916 ad
1175 1895 1192 1916 F
1203 1896 1223 1916 R
1232 1897 1242 1916 1
1251 1896 1272 1916 G
1281 1897 1301 1916 v
1310 1897 1323 1916 S
1334 1896 1351 1917 c
1362 1897 1383 1916 V
1393 1897 1409 1916 L
1419 1898 1440 1917 v
1449 1897 1473 1917 M
1482 1909 1489 1921 ,
1509 1891 1526 1916 i.
1548 1900 1574 1916 n.
1610 1891 1726 1918 Tertull.
1741 1892 1773 1918 de
1786 1893 1880 1918 Anima
1896 1902 1917 1918 c.
1929 1900 1960 1925 25
1977 1891 2049 1920 extr.¹
2068 1894 2111 1920 Ita
2121 1895 2180 1921 Fro-

20 1928 151 1960 ‘’Herenn.
164 1936 193 1960 4,
204 1935 246 1953 22.
316 1926 394 1961 Apul.
405 1926 483 1961 Apol.
501 1936 526 1961 p.
540 1931 608 1960 480,
623 1935 646 1952 11
668 1926 780 1959 Floridi,
809 1928 877 1953 Cum
894 1926 944 1953 hoc
966 1935 1073 1960 quoqne
1134 1925 1187 1952 ben.
1207 1926 1305 1961 Rigalt.
1325 1932 1349 1951 et
1363 1927 1417 1951 alii.
1453 1925 1479 1951 Si
1492 1926 1595 1951 animae
1608 1926 1640 1952 de
1654 1927 1805 1961 frigusculis
1824 1928 1963 1954 euenirent
1977 1938 1983 1954 z
2013 1931 2031 1955 i.
2048 1928 2079 1955 ab
2093 1927 2182 1962 afflatu

35 1962 201 1997 mendacium
212 1963 326 1996 frigere,
343 1971 372 1988 ac
390 1971 473 1997 prope
490 1962 544 1988 iam
578 1974 623 1981 —-
657 1961 793 1995 explosum
808 1962 920 1988 videret.
972 1963 1074 1992 Rarior,
1130 1960 1233 1996 frigidi
1245 1963 1321 1986 aeris.
1363 1962 1401 1987 De
1421 1961 1586 1995 metaphorica
1600 1965 1698 1988 notione
1716 1962 1769 1989 vld.
1786 1969 1803 1989 F
1815 1969 1833 1989 R
1842 1970 1851 1988 1
1861 1970 1905 1990 BV
1914 1971 1926 1990 s
1937 1969 1954 1989 C
1965 1970 1987 1989 V
1996 1970 2012 1988 L
2021 1970 2042 1989 V
2051 1970 2085 1990 M.

22 1995 66 2026 ’σε
81 1998 203 2030 diximus,
218 1997 374 2033 significatio
387 2000 510 2032 propria,
528 1999 597 2023 cuius
614 2006 658 2022 nec
674 2006 745 2022 unam
765 1998 896 2031 exemplum
913 1996 1018 2023 habeant
1032 1998 1074 2023 Ιη-
1176 2001 1220 2021 FR
1233 2002 1241 2020 1
1255 2001 1276 2021 G
1287 2001 1332 2021 OR
1341 2015 1350 2027 ,
1374 1996 1415 2021 vel
1438 2001 1481 2021 FR
1492 2003 1501 2021 1
1511 2002 1531 2021 G
1543 2002 1560 2021 D
1571 2002 1633 2028 ΟΒ,
1660 1997 1722 2024 oris.
1757 2007 1792 2026 m,
1828 1998 2036 2025 Molestiffimum
2051 1999 2182 2033 frigorem

36 2034 101 2062 dues
112 2034 232 2060 Pliniani.
288 2033 335 2060 Sed
344 2033 475 2059 Columel.
488 2040 514 2065 9,
529 2034 556 2064 6,
570 2041 581 2058 ι
602 2032 657 2066 Qi
670 2041 717 2058 nec
731 2032 819 2058 hieme
833 2032 936 2066 rigent,
955 2040 1002 2057 nec
1015 2040 1074 2057 can-
1083 2029 1116 2055 50
1137 2030 1194 2056 Th.
1207 2030 1330 2056 Priscian.
1344 2039 1370 2063 z,
1384 2039 1425 2063 29.
1467 2030 1580 2065 Frigdor
1594 2031 1682 2058 cordis
1693 2033 1766 2060 Idem
1780 2033 1812 2060 de
1823 2033 1924 2060 Diaeta.
1974 2034 2102 2068 Frigdore
2116 2043 2183 2070 quo-

37 2070 96 2099 dent
111 2068 211 2095 aestate.
253 2069 327 2095 MSS.
341 2071 444 2103 optimi,
463 2068 570 2102 frigent.
641 2067 708 2094 Ter.
722 2067 828 2097 Phorm.
844 2075 867 2100 5,
877 2075 924 2099 9‚5
944 2066 1005 2099 Abi,
1018 2072 1073 2093 tan·
1137 2074 1189 2100 que
1205 2070 1230 2091 et
1248 2065 1360 2099 fingultu
1375 2066 1435 2092 OCt.
1448 2067 1543 2092 Horat.
1557 2075 1581 2098 2,
1597 2069 1633 2093 16.
1782 2097 1786 2100 .
2014 2097 2015 2101 Ἰ

1 2136 3 2138 q
39 2114 92 2142 8²²²
103 2104 122 2131 fi
141 2113 195 2130 non
208 2108 278 2131 totus
295 2104 389 2138 friget,
410 2113 452 2130 me
473 2104 564 2136 enica,
590 2103 617 2129 de
630 2101 769 2139 confusione
787 2112 816 2129 ex
838 2102 952 2129 dedecore
969 2109 993 2128 et
1011 2108 1075 2128 metu
1175 2099 1373 2127 FRiGORfF
1386 2098 1427 2127 fc
1438 2107 1459 2126 V
1470 2108 1500 2133 S,
1518 2110 1542 2133 a,
1561 2111 1614 2128 um.
1644 2102 1704 2129 Adi.
1736 2102 1919 2139 [ψυχροπωδς]
1957 2105 2024 2131 Gell.
2039 2110 2099 2139 1728
2119 2106 2182 2132 Ace.

39 2143 105 2178 agit,
122 2145 151 2166 vt
167 2146 248 2166 tamen
261 2139 295 2166 ad
299 2138 494 2175 stnfitmtaftus
506 2145 589 2174 aperte
601 2139 736 2174 referatur.
1138 2141 1194 2162 tum
1206 2136 1328 2162 omnium
1340 2136 1456 2162 maxime
1468 2136 1644 2171 frigorificum
1657 2137 1706 2169 est,
1725 2145 1803 2173 atque
1820 2139 1847 2166 id
1860 2149 1996 2174 nunquam
2015 2146 2104 2167 tamen
2121 2149 2183 2167 con-

76 2178 190 2205 FR‘iGE
200 2181 221 2201 N
231 2182 245 2202 s
253 2195 261 2207 ‚
282 2175 358 2204 entis,
392 2175 486 2202 Partic.
523 2174 627 2209 [ῥιγῶν]
664 2172 880 2208 Frigenaanimis
894 2171 971 2199 turba
980 2192 989 2204 ,
1015 2174 1033 2198 ὶ.
1042 2174 1075 2198 ti·
1139 2171 1240 2197 crescit.
1281 2170 1340 2197 Vid.
1362 2178 1384 2198 A
1393 2178 1409 2198 c
1418 2177 1435 2197 E
1445 2179 1466 2198 T
1476 2179 1496 2198 v
1506 2180 1531 2199 M
1540 2194 1546 2200 .
1592 2173 1634 2200 Sic
1652 2180 1669 2200 c
1678 2180 1699 2199 A
1709 2180 1725 2199 1.
1734 2181 1754 2201 o
1763 2182 1782 2201 R
1792 2182 1802 2201 1
1814 2181 1830 2200 F
1842 2182 1876 2202 ις
1885 2183 1906 2201 ν
1918 2182 1931 2201 s
1943 2195 1950 2206 ‚
1969 2175 2038 2202 Ibid.

0 2209 1 2213 ’
45 2210 109 2238 mida
125 2209 167 2237 Sil.
188 2212 230 2243 16,
247 2216 303 2244 598.
373 2210 486 2237 Lumina
506 2210 631 2244 frigentia
649 2214 756 2242 torpent
772 2209 833 2235 Stat.
847 2208 912 2234 Silu.
927 2216 953 2240 2,
973 2216 998 2238 1,
1018 2209 1075 2241 146.
1085 2207 1113 2234 55
1176 2211 1268 2233 FRIG
1280 2212 1370 2237 0R0‚
1390 2211 1442 2233 are.
1479 2209 1582 2242 Corpus
1593 2208 1726 2242 frigorare
1739 2210 1771 2236 C.
1779 2209 1973 2244 Aur-Tard.4,
1981 2219 2007 2245 4.
2043 2210 2184 2246 Frigoran-

41 2247 163 2275 Mortuum
175 2253 246 2272 notat
257 2247 334 2280 Virg.
343 2247 409 2272 Aen.
419 2248 443 2277 6,
456 2254 503 2277 219
524 2246 680 2278 Corpusque
693 2244 782 2270 lauant
794 2244 916 2277 frigentis
930 2248 955 2269 et
967 2248 1077 2277 vngunt.
1139 2241 1187 2269 dos
1202 2242 1239 2268 ait
1252 2241 1399 2269 cholericos
1412 2242 1486 2269 Idem
1499 2244 1574 2270 Acut.
1587 2252 1611 2276 3,
1623 2253 1661 2272 ιι.

32 2312 34 2315 .
74 2287 116 2308 FR
124 2287 134 2306 1
143 2287 165 2307 G
173 2288 189 2307 Ε
197 2288 216 2308 R
225 2289 244 2308 ο
252 2302 261 2314 ,
278 2285 332 2308 are.
367 2280 545 2314 [καταφυχῦ]
584 2280 735 2316 frigefacio.
771 2279 867 2306 Catull.
881 2281 923 2310 60,
936 2287 967 2310 3ο
988 2278 1076 2313 Frige-
1177 2284 1194 2304 F
1204 2284 1223 2304 R
1232 2284 1241 2302 1
1250 2283 1270 2304 G
1281 2277 1302 2303 V
1311 2285 1332 2304 T
1342 2286 1351 2304 1
1359 2285 1378 2304 o
1388 2298 1397 2310 ,
1417 2281 1466 2305 ire.
1507 2280 1566 2305 Cum
1587 2286 1654 2305 motu
1672 2279 1777 2315 quodam
1795 2283 1874 2307 animi
1891 2280 2003 2315 exfilire,
2025 2280 2051 2317 s.
2070 2284 2183 2308 emicare.

0 2324 11 2341 Α
38 2325 96 2344 rans
117 2316 258 2351 Aganippe.
324 2316 458 2352 Composita
477 2319 528 2342 eius
547 2318 627 2352 magis
645 2316 708 2352 June
725 2318 753 2341 in
770 2315 834 2352 vsu,
865 2321 894 2341 vt
919 2314 1076 2349 Refrigero,
1140 2314 1302 2340 Declaramus
1313 2313 1358 2340 hoc
1369 2314 1469 2340 verbum
1482 2317 1508 2340 in
1526 2320 1664 2346 FR1G0,
1683 2324 1710 2341 n.
1725 2325 1746 2342 2.

9 2343 193 2400 }Pk{rfrigero,
1180 2354 1196 2374 r
1208 2355 1424 2382 RING1LLA,
1454 2355 1470 2375 r
1482 2356 1666 2382 mairia,
1692 2356 1966 2384 FRiNGvuLA,
1981 2361 2020 2379 ae.
2042 2352 2062 2378 f.
2083 2351 2184 2386 [σπίζαι]

0 2415 4 2421 ,
36 2401 41 2407 ‘
73 2393 91 2414 Ρ
101 2394 121 2414 R
130 2394 252 2415 IGERA
262 2394 285 2415 Τ
295 2395 306 2415 1
315 2394 335 2415 o
343 2407 352 2420 ,
372 2387 440 2414 onis.
476 2387 498 2413 f.
533 2387 610 2423 Apud
621 2386 724 2421 Apulei.
743 2384 786 2419 effe
805 2385 909 2418 dicitur,
929 2391 1004 2422 negat
1018 2383 1076 2412 Iud.
1085 2381 1132 2410 60..
1141 2384 1205 2410 Auis
1219 2384 1264 2417 est,
1284 2384 1366 2419 dieta,
1387 2391 1416 2411 vt
1430 2387 1513 2420 inquit
1526 2384 1624 2419 Festus,
1644 2385 1716 2420 quod
1729 2386 1832 2421 frigore
1845 2393 1930 2414 cantet
1942 2394 1967 2413 et
1980 2388 2077 2422 vigeat.
2114 2389 2187 2414 Mar-

0 2423 3 2434 ·
35 2422 131 2456 florid.
1141 2419 1197 2446 tial.
1212 2429 1238 2453 9,
1252 2428 1278 2452 55
1305 2420 1385 2446 Nunc
1404 2420 1505 2446 sturnos
1527 2421 1633 2455 inopes,
1653 2421 1867 2457 frigillarumque
1882 2423 2002 2457 querelas
2038 2422 2137 2454 Audit,
2156 2427 2185 2448 et

0 2452 3 2461 '
74 2464 219 2485 FRIGER
229 2459 353 2489 KToR,
372 2458 436 2484 oris.
471 2467 508 2484 m.
544 2456 623 2492 Apud
634 2456 766 2491 Apicium.
804 2457 863 2483 Non
878 2463 951 2492 puto.
1140 2462 1235 2489 arguto
1249 2455 1344 2489 passere
1359 2462 1451 2483 vernat
1465 2465 1535 2490 ager.
1605 2457 1691 2483 Varro
1705 2456 1737 2482 de
1749 2458 1778 2483 L.
1793 2458 1822 2483 1..
1838 2460 1865 2488 6,
1878 2466 1891 2491 ς
1910 2467 1935 2492 p.
1951 2463 1982 2487 82
2018 2467 2041 2484 r.
2066 2457 2109 2484 vbi
2126 2461 2184 2493 agie

73 2499 92 2520 1³
102 2501 122 2520 R
134 2502 144 2520 1
155 2500 176 2520 G
186 2500 202 2519 E
212 2500 231 2519 R
241 2500 293 2519 ΛΤ
304 2498 323 2519 o
333 2499 352 2519 R
361 2501 371 2519 1
380 2500 400 2519 v
409 2500 435 2519 Μ
449 2512 458 2525 ,
487 2493 507 2519 i.
543 2501 568 2518 n.
609 2492 704 2527 Apicio
725 2492 799 2528 sorte
828 2501 877 2518 non
901 2493 998 2519 meliore
1021 2490 1077 2527 fide
1139 2490 1168 2517 de
1183 2491 1306 2517 deriuatis
1324 2501 1341 2517 a
1354 2491 1453 2517 vocibus
1470 2493 1628 2523 animalium,
1653 2492 1691 2518 M.
1708 2492 1802 2518 Accius
1822 2492 1942 2524 (Plautus
1956 2464 2040 2520 Calin.
2052 2501 2079 2525 2,
2092 2501 2114 2524 3,
2126 2495 2183 2527 49)

0 2532 5 2558 ζ·
33 2529 169 2556 tribuitur.
1139 2536 1155 2553 a
1168 2526 1314 2561 fringuilla,
1334 2526 1399 2560 quid
1411 2527 1565 2561 fringultisZ
1604 2526 1651 2552 uid
1666 2527 1723 2553 istic
1741 2533 1794 2553 tam
1806 2527 1902 2562 cupide
1916 2528 2007 2562 cupis?

76 2569 94 2590 F
105 2571 124 2590 R
134 2572 144 2590 1
154 2570 175 2590 G
184 2570 201 2590 E
210 2570 222 2590 S
232 2568 249 2589 c
260 2569 293 2593 o,
313 2563 365 2589 ere.
401 2561 622 2597 [καταψύχομαι]
660 2563 791 2600 Frigidum
802 2562 873 2599 fieri.
910 2563 977 2589 Cato
997 2571 1018 2589 c.
1034 2562 1077 2594 156
1094 2559 1125 2592 6,-
1179 2568 1196 2588 F
1207 2570 1225 2588 R
1236 2569 1245 2587 1
1254 2569 1276 2588 N
1286 2568 1307 2588 G
1316 2569 1336 2589 V
1346 2569 1363 2589 L
1372 2569 1393 2588 T
1403 2569 1412 2587 1
1421 2569 1440 2588 0
1450 2582 1458 2593 ,
1478 2565 1526 2588 ite.
1562 2563 1582 2587 E
1617 2561 1761 2596 Praepedite
1773 2572 1803 2588 ac
1814 2562 1938 2598 obfiurius
1950 2563 2026 2589 verba
2044 2565 2182 2589 erzmztiare.

37 2599 177 2626 Infundito
195 2599 224 2625 in
239 2598 354 2624 catinum
371 2600 411 2625 vti
432 2599 562 2633 frigescat.
613 2597 686 2625 Idem
705 2609 726 2626 c.
739 2606 780 2632 95.
851 2599 995 2633 Metaphor.
1019 2598 1075 2624 Cic.
1140 2597 1217 2631 Apul.
1231 2598 1306 2630 Apol.
1326 2606 1350 2630 p.
1365 2599 1423 2629 296,
1437 2605 1464 2622 21
1484 2596 1579 2629 Quod,
1597 2597 1644 2630 qui
1657 2597 1825 2631 eloquentia-e
1837 2598 2014 2632 patrocinium
2026 2598 2108 2632 vulgo
2122 2607 2185 2632 pro·

38 2636 111 2662 Fam.
126 2640 148 2666 8,
162 2636 178 2660 6
203 2634 230 2660 Si
242 2634 330 2660 Parthi
347 2643 395 2660 vos
410 2634 479 2660 nihil
494 2635 650 2667 calfaciunt,
667 2643 714 2661 nos
727 2634 770 2661 hie
783 2634 886 2668 frigore
901 2633 1074 2668 frigescimus.
1140 2632 1256 2663 fiteatur,
1273 2632 1353 2657 etiam
1369 2631 1474 2657 honesta
1488 2631 1560 2657 dictu
1581 2631 1685 2658 sordide
1703 2631 1840 2666 blatteret,
1862 2642 1891 2660 ac
1907 2634 1981 2668 saepe
1997 2634 2026 2659 in
2042 2633 2121 2660 rebus
2140 2642 2185 2660 ne-

37 2671 111 2705 Opus
124 2669 242 2704 frigescit
259 2669 389 2703 Quinem.
403 2672 430 2702 6,
443 2678 464 2701 1,
479 2678 517 2701 29.
589 2670 703 2696 Affeekus
722 2669 795 2696 Idem
809 2678 842 2700 ιι,
855 2678 874 2700 3,
888 2677 933 2700 133·
974 2668 1040 2693 Pers.
1055 2674 1076 2698 1,
1140 2675 1272 2700 quaquam
1287 2665 1440 2692 difficilibus
1456 2666 1617 2701 fringultiat,
1636 2667 1679 2693 vel
1694 2668 1806 2695 omnino
1820 2668 1991 2695 obmutescat.
2049 2670 2081 2695 Et
2094 2672 2185 2696 iterum

40 2714 87 2740 15³9
108 2705 177 2731 Vide
192 2704 237 2737 fis,
255 2713 287 2730 ne
301 2705 433 2731 maiorum
446 2705 497 2730 tibi
512 2705 582 2731 forte
595 2705 700 2731 Limina
713 2704 870 2737 frigescant,
890 2706 908 2728 i.
923 2711 952 2728 ne
965 2701 1076 2728 excluda-
1141 2702 1217 2736 Apol.
1232 2710 1257 2735 p.
1270 2703 1323 2736 336,
1332 2708 1356 2730 18
1377 2701 1481 2728 Audisti
1495 2703 1649 2737 priuignum
1663 2711 1752 2730 meum
1765 2704 1811 2730 vix
1825 2703 1935 2738 singulas
1951 2704 2059 2736 syllabas
2071 2703 2186 2738 fringul-

35 2744 90 2773 ris,
93 2740 241 2777 frigideque
254 2738 387 2772 tratrem,
403 2749 457 2765 cum
477 2739 559 2766 domus
566 2743 733 2775 potentiorum
741 2738 874 2774 salutandi
885 2739 958 2774 causa
971 2736 1078 2767 adieris.
1093 2741 1128 2769 70
1140 2737 1259 2764 tientem.
1296 2738 1323 2763 A
1339 2737 1457 2771 fringilla
1475 2738 1574 2764 verbum
1586 2736 1684 2773 deflefli
1698 2739 1812 2772 videtur,
1832 2739 1881 2774 nist
1892 2742 1978 2775 potius
1997 2749 2012 2765 a
2030 2740 2186 2774 frangendis

30 2773 103 2810 yid.
120 2783 163 2803 εκ
173 2783 182 2803 1
191 2782 240 2802 GV
250 2783 279 2806 s,
306 2779 337 2801 it.
351 2783 371 2802 R
380 2781 396 2801 Ε
406 2781 424 2801 12
434 2782 453 2801 R
463 2782 472 2801 1
483 2782 503 2802 G
513 2782 528 2801 E
538 2783 556 2801 R
568 2782 587 2802 0
599 2795 607 2807 ‚
633 2781 657 2801 et
675 2781 717 2801 ra
726 2781 758 2801 113
767 2781 809 2800 vs
820 2779 836 2799 c
848 2780 868 2799 v
879 2780 895 2798 L
906 2779 928 2800 v
938 2780 974 2799 M.
1134 2772 1207 2809 sonis
1230 2772 1356 2806 Fringilla
1378 2769 1449 2808 dieta
1459 2793 1467 2805 ‚
1499 2779 1523 2799 et
1545 2782 1561 2799 a
1582 2772 1672 2799 verbis
1701 2774 1853 2808 frangendis
1877 2775 2042 2809 fringultire.
2092 2778 2186 2802 Auium

75 2817 193 2839 FRIGE
205 2817 348 2843 FACTO,
361 2814 414 2837 are.
432 2811 572 2845 Frequent.
594 2809 758 2843 [καταψύχων]
778 2812 804 2836 A
816 2809 974 2843 Frigefacio.
994 2808 1076 2834 Plaut.
1139 2817 1220 2835 vocem
1235 2806 1278 2840 effi?
1296 2805 1400 2840 ostendit
1419 2808 1470 2844 ipfi
1489 2808 1567 2843 Apul.
1581 2808 1650 2835 Flor.
1665 2817 1695 2842 3,
1713 2817 1743 2844 ι7
1767 2810 1888 2838 Merulae
1906 2811 1936 2838 in
1954 2810 2066 2838 remotis
2085 2811 2185 2846 tesquis

39 2848 120 2874 Poen.
134 2856 158 2880 3,
170 2854 192 2880 5,
208 2854 232 2879 15
250 2846 371 2873 Calidum
383 2846 509 2880 prandisti
526 2847 665 2881 prandium
678 2845 777 2872 hodiez
801 2844 844 2871 dic
856 2844 934 2871 mihi.
961 2852 992 2871 A.
1011 2843 1077 2879 quid
1140 2843 1321 2878 fringultiunt.

35 2883 111 2910 iam?
138 2890 164 2909 L.
180 2883 244 2917 quia
256 2891 285 2908 os
299 2891 367 2907 nunc
383 2882 550 2916 frigefassas,
571 2891 652 2917 quum
663 2890 748 2916 rogas.
786 2880 860 2916 Conf.
873 2879 976 2913 Rud.5,
989 2889 1004 2906 z
1013 2899 1021 2912 ‚
1037 2888 1075 2912 39.
1178 2885 1195 2905 F
1206 2886 1225 2906 R
1235 2886 1245 2905 1
1256 2886 1277 2905 N
1287 2885 1337 2906 GV
1348 2883 1370 2904 Τ
1381 2886 1391 2905 1
1403 2884 1439 2909 0,
1458 2879 1499 2905 vel
1520 2884 1538 2904 F
1547 2885 1613 2906 R1G
1622 2885 1644 2905 V
1653 2885 1675 2906 T
1684 2886 1705 2906 T
1714 2886 1724 2906 1
1734 2887 1768 2913 o,
1793 2880 1848 2908 vid.
1869 2887 1930 2908 FRI
1941 2888 1962 2909 G
1971 2889 2001 2908 ο.
2021 2890 2049 2909 n.
2056 2890 2077 2908 2.

42 2920 130 2954 Aliqui
142 2919 227 2954 legunt
240 2917 438 2952 Frigidefaetas.
479 2917 537 2944 Vid.
550 2920 577 2943 in
596 2924 718 2944 CALEO
727 2937 736 2950 ,
755 2925 781 2942 n.
795 2925 820 2942 2.
1093 2919 1125 2948 75
1180 2920 1197 2940 F
1209 2922 1227 2941 R
1236 2922 1246 2940 1
1257 2920 1276 2941 o
1287 2934 1294 2945 ,
1317 2917 1370 2940 fite.
1405 2912 1519 2949 [rfle]
1555 2915 1696 2946 Conium,
1718 2919 1886 2943 comminuere.
1920 2917 1986 2944 Piin.
2001 2925 2036 2949 13,
2048 2926 2066 2950 4
2086 2917 2117 2942 In
2129 2915 2185 2951 ipsa

79 2960 95 2980 r
103 2960 122 2980 R
130 2959 168 2980 1G
177 2960 194 2980 E
202 2959 218 2979 12
226 2960 248 2979 A
256 2959 272 2980 c
282 2960 333 2984 10,
354 2959 371 2978 r
381 2960 399 2979 R
408 2961 417 2979 1
426 2960 447 2979 G
456 2959 472 2979 E
482 2959 499 2979 F
509 2961 532 2980 A
540 2959 556 2980 c
564 2960 585 2980 r
594 2961 604 2979 1
613 2959 631 2980 o
640 2973 649 2985 ,
678 2958 695 2978 r
704 2960 724 2979 R
732 2959 742 2978 1
750 2959 771 2979 G
779 2958 796 2980 Ε
805 2958 821 2978 F
830 2958 852 2979 A
861 2958 878 2978 c
886 2956 908 2977 'r
917 2957 935 2977 ο
945 2956 963 2976 R
972 2970 980 2982 ‚
1002 2956 1018 2976 r
1027 2956 1046 2976 R
1056 2956 1078 2975 1-
1142 2950 1250 2985 quidem
1263 2949 1406 2984 Aethiopia
1419 2949 1515 2976 friatur
1528 2948 1591 2976 haec
1605 2953 1694 2981 (tanta
1706 2951 1742 2977 est
1755 2951 1864 2984 ficcitas)
1877 2957 1903 2978 et
1915 2953 2017 2979 farinae
2029 2952 2110 2978 modo
2126 2952 2187 2986 spii·-

46 2992 176 3016 GEFAC
188 2996 209 3015 Τ
219 2995 277 3021 VS,
306 2988 373 3023 apud
385 2988 499 3015 Celsum.
1142 2987 1212 3012 satur
1224 2986 1252 3012 in
1265 2995 1368 3020 panem.
1424 2986 1508 3012 Varro
1522 2985 1554 3011 de
1568 2986 1599 3012 R.
1614 2986 1645 3011 R.
1660 2995 1680 3018 1,
1694 2995 1721 3019 9,
1737 2995 1754 3021 7
1774 2987 1801 3013 Si
1818 2987 1848 3014 fit
1860 2994 1930 3015 terra
1942 2987 2016 3018 alba,
2030 2987 2047 3013 fi
2061 2987 2152 3021 nigra,
2166 2986 2184 3013 fi

82 3028 177 3051 ERIG
186 3023 199 3051 i‘
208 3030 226 3050 D
236 3029 255 3050 O
265 3044 273 3057 ,
298 3026 339 3050 vel
357 3031 401 3051 FR
410 3032 419 3050 1
429 3031 450 3051 G
459 3030 477 3050 D
487 3030 522 3055 o,
550 3027 604 3050 are.
645 3023 750 3049 Lucilio
764 3022 923 3058 adscribitur.
967 3021 1082 3048 Certiora
1142 3021 1225 3053 leuis,
1246 3030 1313 3056 quae
1327 3029 1409 3055 quum
1422 3020 1557 3053 fodiatur,
1572 3021 1649 3047 facile
1662 3022 1767 3049 frietur.

42 3055 107 3092 sum
118 3057 184 3084 Cael.
196 3060 283 3086 Aurel.
298 3061 373 3086 Acut.
388 3068 410 3092 3,
426 3067 464 3094 ι7,
478 3067 518 3092 155
537 3059 580 3086 Ob
594 3059 773 3094 frigidandum
788 3067 889 3092 corpus.
959 3057 990 3083 Et
1003 3065 1026 3089 3,
1043 3064 1080 3090 ι7,
1182 3063 1199 3082 F
1210 3064 1229 3083 R
1238 3064 1278 3083 1A
1287 3063 1302 3083 Β
1312 3054 1324 3083 f
1333 3063 1350 3082 L
1359 3064 1369 3082 1
1378 3063 1405 3087 s,
1425 3065 1448 3082 e.
1484 3056 1546 3082 Adi.
1582 3057 1596 3090 [
1603 3055 1747 3091 εὔθραυςος]
1784 3057 1857 3092 Qcod
1862 3057 1944 3093 facile
1951 3057 2066 3093 friatur,
2079 3063 2103 3083 ct
2116 3054 2186 3090 quast

0 3118 1 3123 ,
52 3092 100 3117 162.
131 3091 262 3121 Plumbum
281 3095 351 3122 tastu
370 3096 511 3122 necessario
531 3094 649 3130 frigidat.
719 3095 750 3122 Et
768 3103 792 3126 1,
805 3102 848 3129 17,
870 3095 913 3123 168
942 3092 1080 3126 Frigidam
1098 3096 1131 3122 80
1142 3092 1253 3118 manibus
1270 3094 1383 3118 mimitim
1396 3095 1543 3118 conteritur.
1585 3092 1651 3118 Plin.
1665 3101 1709 3124 20,
1727 3097 1741 3122 8
1763 3093 1923 3127 Optimaque
1940 3093 1991 3124 est,
2010 3100 2077 3126 quae
2097 3090 2185 3117 candi-

0 3139 3 3151 ι
44 3125 234 3157 membranam.
1144 3127 1256 3158 diffima,
1272 3134 1297 3154 et
1311 3126 1434 3159 friabilis,
1456 3127 1621 3162 minimeque
1633 3127 1778 3162 ponderosa
1792 3138 1798 3154 :
1822 3137 1904 3162 quum
1916 3133 2016 3154 teratur
2034 3127 2104 3153 inter
2116 3126 2185 3160 digi-

42 3196 43 3199 ,
89 3168 106 3188 1³
116 3167 136 3186 R
147 3161 296 3198 1G‘1'Dvs‚
319 3174 352 3199 a,
376 3175 430 3192 um.
467 3165 529 3193 Adi.
570 3164 705 3200 [ψυχρός]
753 3165 849 3192 Caloris
867 3170 962 3199 expers.
999 3163 1080 3190 Ouid.
1143 3169 1199 3195 tos,
1218 3164 1426 3189 fermenteseens.
1475 3163 1549 3190 Idem
1564 3171 1606 3195 34,
1621 3169 1654 3194 18.
1691 3164 1722 3189 Et
1736 3170 1772 3197 17,
1784 3172 1810 3196 4.

49 3196 130 3237 E?ist·
151 3204 171 3229 1,
187 3206 215 3223 2²
236 3200 367 3235 Frigidius
387 3202 470 3237 glacie
489 3202 578 3237 pedus
598 3199 707 3228 amantis
724 3206 788 3228 erat.
894 3201 947 3226 Aet
966 3198 1080 3232 frigidus
1181 3205 1198 3224 F
1209 3206 1276 3225 RIA
1287 3204 1375 3229 Tvs‚
1394 3207 1417 3228 a,
1437 3207 1492 3226 um.
1527 3198 1620 3226 Partic.
1654 3199 1757 3225 Luci-et.
1772 3207 1794 3231 1,
1806 3200 1853 3229 886
1875 3197 1981 3226 Scilicet
1994 3203 2019 3224 et
2032 3196 2115 3232 glebis
2133 3201 2185 3223 ter-

52 3233 107 3258 clk'·
123 3230 154 3257 de
167 3230 272 3262 Νᾶί-Ἰ).
283 3245 316 3269 2,
327 3245 371 3272 27.
441 3238 533 3264 Amnis
550 3237 657 3265 Tibull.
673 3245 700 3270 4,
719 3243 743 3269 8,
763 3244 790 3269 4.
829 3250 833 3254 ·
861 3235 961 3269 Anguis
981 3234 1079 3268 Virgil.
1144 3243 1233 3262 rarum
1247 3234 1322 3268 saepe
1336 3234 1429 3260 friatis.

51 3266 106 3294 Ecl·
121 3275 143 3299 3,
155 3275 195 3299 93·
226 3275 249 3294 et
266 3275 338 3306 8271.
364 3275 382 3299 i.
396 3273 490 3309 letifer.
531 3273 590 3300 Vid.
604 3274 678 3300 Mors
696 3271 810 3307 frigida,
829 3272 947 3304 Corpus,
969 3269 1081 3304 Lingua,
1098 3271 1128 3301 85
1182 3276 1227 3295 rit
1239 3276 1247 3294 1
1258 3276 1277 3295 Α
1287 3276 1370 3300 T1o,
1390 3269 1459 3295 onis.
1495 3269 1515 3295 f.
1552 3268 1647 3303 Apicio
1662 3267 1793 3295 tribuitur.

53 3304 144 3337 Aqua:
163 3302 215 3328 ‘Uid-
235 3312 260 3329 ¹¹-
274 3312 294 3336 3·
349 3308 418 3335 Aura
435 3310 552 3344 Propert.
569 3318 587 3340 1,
600 3311 637 3339 16,
653 3316 693 3341 24.
749 3307 842 3333 Auster
861 3307 934 3332 Idem
948 3314 970 3337 2,
984 3307 1027 3337 26,
1041 3309 1080 3337 36.
1182 3311 1198 3331 F
1210 3311 1228 3330 R
1238 3312 1324 3332 1R1T
1334 3311 1355 3330 V
1365 3312 1392 3336 s,
1419 3304 1457 3331 ἧς.
1494 3313 1530 3330 m.
1564 3308 1583 3330 i.
1606 3305 1748 3339 strepitus,
1765 3303 1913 3331 laudabatur
1933 3313 1961 3330 ex
1973 3303 2028 3330 Cic.
2042 3302 2074 3329 de
2087 3303 2185 3329 Natur.

51 3339 172 3372 corpus,
191 3338 313 3374 Exsangue
332 3343 459 3376 Qinffll.
472 3345 502 3371 in
513 3353 632 3380 prooem.
646 3346 670 3370 6.
740 3344 810 3369 Cura
823 3341 921 3376 frigida
940 3341 1043 3367 Lucret.
1052 3349 1081 3373 4,
1143 3342 1223 3368 Deor.
1238 3349 1263 3373 2,
1277 3346 1308 3372 89
1328 3350 1349 3366 c.
1364 3348 1390 3373 33
1409 3350 1438 3366 cx
1451 3340 1540 3366 Accio.
1578 3339 1625 3366 Sed
1637 3341 1727 3379 legitur
1740 3339 1776 3366 ibi
1790 3343 1818 3365 in
1829 3339 1992 3375 descriptione
2004 3342 2086 3370 nauis,
2094 3338 2186 3365 Tanta

54 3382 117 3405 ¹054
139 3372 212 3408 P‘lffit
225 3373 298 3407 forte
315 3375 433 3411 languida
451 3379 502 3413 effi.
553 3380 601 3408 Scd
620 3382 710 3416 legitur
729 3376 794 3405 reste
816 3377 938 3405 Feruida.
1011 3377 1080 3402 Fons
1142 3377 1225 3402 moles
1241 3375 1340 3402 labitur
1348 3375 1529 3402 Fremebnnda
1541 3382 1572 3400 ex
1586 3374 1649 3406 alto,
1661 3375 1762 3409 ingenti
1775 3375 1863 3401 sonitu
1875 3380 1904 3401 et
1917 3375 2021 3409 spiritu.
2055 3375 2098 3402 Sic
2110 3377 2186 3400 ctiam

52 3408 182 3448 frigidior
195 3409 288 3435 Horat·
301 3409 376 3444 EPist·
388 3421 408 3443 ¹,
419 3417 456 3447 16,
467 3410 502 3447 '1;.
572 3414 696 3442 Grauedo
718 3414 816 3440 Catull-
826 3422 872 3448 42,
890 3421 921 3444 13.
974 3412 1081 3438 Horror
1143 3412 1266 3438 Priscian.
1287 3421 1310 3446 p.
1326 3419 1391 3444 1325.
1691 3426 1696 3430 ·

53 3444 152 3478 Virgil.
168 3445 231 3469 Aen·
244 3454 263 3475 32
278 3452 317 3476 29·
384 3448 469 3477 Imber
482 3451 554 3478 Idem
567 3452 662 3486 Georg.
680 3459 699 3482 1,
711 3457 767 3482 259.
836 3449 938 3482 Lingua
953 3450 1082 3473 morientis
1094 3455 1130 3479 90
1183 3453 1200 3473 F
1210 3453 1294 3479 R1T,
1325 3446 1386 3482 quid
1397 3445 1537 3481 significet,
1556 3444 1666 3472 declarat
1678 3446 1766 3473 Varro
1788 3445 1819 3471 de
1835 3445 1866 3470 R.
1879 3445 1911 3471 R.
1925 3452 1950 3476 1,
1965 3449 1998 3477 48
2018 3450 2082 3470 extr.
2113 3443 2185 3470 Illud

28 3515 39 3518 ,
52 3479 150 3514 Vifgfl·
164 3480 260 3512 Θεοῖς·
273 3488 299 3512 4,
313 3487 365 3512 523·
414 3483 482 3512 Loca
492 3487 657 3521 frigidiffima
676 3486 748 3512 Caes.
764 3485 793 3511 B.
808 3485 840 3510 G.
855 3493 881 3517 4,
897 3493 916 3510 1.
969 3482 1081 3508 Lumina
1144 3488 1232 3509 autem
1247 3483 1346 3508 summa
1360 3483 1388 3508 in
1400 3483 1467 3516 spica
1479 3482 1532 3507 iam
1546 3486 1662 3513 matura,
1676 3481 1748 3515 quod
1763 3480 1799 3506 est
1814 3480 1901 3505 minus
1915 3488 1993 3514 quam
2006 3487 2124 3514 granum,
2137 3488 2186 3506 vo-

52 3514 180 3542 lablfflffls
200 3515 295 3549 frigida
313 3514 386 3541 letho
401 3517 493 3553 Virgil.
507 3523 570 3553 Aen.
586 3531 619 3555 11,
632 3527 680 3552 818.
736 3522 810 3547 Mors
826 3519 899 3546 Idem
913 3520 976 3545 Aen.
992 3526 1018 3550 4,
1033 3523 1083 3550 385,
1145 3522 1218 3544 catur
1231 3518 1287 3544 frit.
1326 3519 1411 3548 Forte,
1429 3520 1486 3553 quia
1493 3517 1576 3553 facile
1589 3515 1724 3551 estsriatu.
2088 3547 2093 3551 ,

53 3560 125 3586 quam
139 3551 244 3577 Pansam
265 3550 389 3584 frigidam
402 3552 469 3580 vitae
486 3556 552 3584 dixit
565 3559 669 3584 Lucret.
682 3566 705 3589 3,
717 3565 775 3590 943.
844 3555 921 3581 relus
942 3553 1038 3587 frigida
1056 3555 1082 3585 6,
1183 3559 1200 3578 r
1212 3559 1299 3580 R1T1
1310 3560 1368 3579 ms
1389 3553 1442 3579 ου.
1460 3551 1492 3585 ψ
1505 3551 1572 3587 apua
1584 3552 1701 3583 Festum,
1726 3559 1782 3577 uoce
1795 3550 1905 3576 Muries.
1939 3549 2029 3576 Locum
2049 3551 2128 3575 totum
2142 3547 2186 3576 da-

56 3594 114 3619 1192.
137 3589 225 3612 ΥΠΟΥῘῘῙ
237 3590 367 3620 ΡΥΟΧῘΠΜΒ
379 3585 484 3622 flgnum.
525 3594 556 3618 Et
570 3593 691 3628 Frigidus
705 3590 738 3624 cst
751 3594 856 3618 moriens
869 3590 964 3624 Virgil.
980 3590 1042 3614 Aen.
1058 3597 1083 3621 9,
1145 3597 1198 3613 mur
1212 3591 1239 3614 in
1258 3594 1301 3615 Ex
1313 3594 1345 3614 ΡΙ
1356 3596 1384 3614 R.
1441 3587 1545 3614 Paullus
1565 3590 1591 3613 in
1606 3586 1771 3621 corripienda
1787 3584 1850 3617 Festi
1867 3584 1951 3611 verbis
1968 3584 2080 3611 fifiilern
2093 3583 2187 3620 ficbsti·

55 3629 110 3655 4¹5·
147 3637 151 3640 ·
180 3621 274 3648 Osk‘Ula
292 3621 372 3648 ΘΗΜ·
387 3622 464 3655 Epist·
479 3632 515 3657 Π,
533 3635 581 3662 ιι7.
651 3627 786 3662 Frigidior
803 3626 903 3653 Geticis
922 3623 1024 3651 Pruinis
1043 3625 1084 3649 Iu-
1100 3627 1132 3653 93
1145 3630 1237 3654 tuerat,
1256 3633 1324 3657 quem
1342 3623 1437 3658 refellit
1450 3624 1570 3659 Scaliger,
1585 3629 1606 3648 et
1619 3625 1703 3656 rcponi
1717 3622 1771 3647 vult
1784 3623 1857 3647 etiam
1872 3619 1966 3647 Nonio
1984 3629 2007 3653 3,
2023 3627 2069 3654 197
2089 3623 2116 3645 in
2130 3628 2185 3646 vcr-

54 3657 139 3683 venal.
152 3664 176 3690 5,
190 3664 229 3690 50.
300 3658 433 3690 Quinam
450 3659 515 3686 Hor.
527 3661 606 3689 Serm.
622 3672 645 3696 2,
656 3672 679 3696 3,
692 3672 752 3695 290.
815 3662 886 3688 Rura
900 3661 974 3694 Virg.
986 3660 1083 3693 Georg.
1145 3658 1184 3683 his
1197 3658 1274 3685 Fabii
1287 3658 1413 3689 Pictoris,
1433 3667 1493 3693 quae
1505 3658 1632 3684 laudamus
1650 3657 1703 3691 ipfiz
1717 3665 1806 3691 quoque
1824 3659 1852 3682 in
1869 3662 1885 3681 Ε
1896 3662 1915 3681 Χ
1929 3661 1945 3681 12
1959 3662 2005 3682 1R.
2061 3656 2186 3682 Caeterum

56 3700 77 3724 3,
89 3700 147 3725 324.
216 3693 323 3726 Sanguis
342 3691 415 3718 Idem
427 3693 523 3728 Georg.
536 3704 559 3727 2,
570 3703 625 3731 483.
695 3697 780 3725 Sudor
795 3698 871 3732 Virg.
884 3698 979 3729 Georg.
993 3704 1015 3727 3,
1029 3703 1082 3727 501.
1146 3700 1274 3729 cognatam
1288 3701 1363 3729 putat
1382 3695 1492 3729 Scaliger
1509 3691 1648 3719 Coniec‘ian.
1667 3695 1694 3717 in
1713 3692 1820 3718 Varron.
1831 3697 1862 3727 p.
1875 3700 1908 3727 77
1933 3691 2054 3718 Fritillae
2066 3691 2137 3726 pulsi
2153 3698 2185 3714 εκ·

55 3727 154 3762 Vesper
172 3727 244 3754 Idem
261 3729 357 3761 Θεοῖς.
371 3737 391 3760 s,
403 3730 456 3759 336·
533 3730 630 3759 Vmbxa
643 3734 740 3768 frigida
753 3732 838 3760 noetis
852 3733 926 3765 Virg.
941 3731 993 3757 Ecl.
1007 3735 1029 3760 8,
1045 3739 1083 3763 14.
1148 3728 1214 3754 Frit.
1270 3729 1317 3755 Sed
1331 3729 1399 3765 conf.
1419 3735 1434 3755 F
1446 3737 1455 3755 1
1465 3736 1486 3755 T
1496 3735 1504 3753 1
1514 3735 1530 3753 L
1539 3735 1555 3753 r
1564 3734 1594 3753 A.

50 3760 77 3799 q
103 3773 115 3789 2
150 3763 288 3798 Frigidum
307 3763 355 3797 est,
381 3763 502 3798 quidquid
519 3765 674 3801 languidum,
697 3769 795 3796 viribus
811 3766 968 3801 dfflitmum,
993 3764 1083 3798 effeHu
1185 3761 1399 3796 FRi'TlrLA,
1417 3773 1455 3790 ae.
1481 3764 1501 3789 f.
1537 3761 1588 3788 vid.
1611 3766 1648 3787 Fr
1661 3767 1755 3788 '1’1LL
1763 3769 1793 3788 A.

56 3806 141 3824 carens
153 3797 195 3831 est.
236 3800 270 3825 Vt
282 3802 345 3825 enim
363 3800 430 3825 calor
443 3801 548 3825 maxime
558 3798 642 3833 efficax
654 3802 695 3834 est,
710 3808 748 3830 ita
755 3804 847 3838 Frigus
860 3802 994 3837 ignauiam
1007 3805 1084 3830 creat,
1093 3807 1139 3824 100
1184 3805 1226 3824 FR
1237 3805 1247 3823 1
1256 3806 1277 3825 T
1287 3806 1296 3825 1
1307 3806 1322 3825 L
1333 3805 1348 3825 1.
1358 3808 1378 3826 v
1387 3807 1415 3831 s,
1435 3799 1452 3824 i.
1488 3807 1523 3823 m.
1560 3796 1591 3823 In
1604 3796 1655 3832 lusu
1669 3798 1733 3824 aleae
1746 3796 1778 3830 est
1791 3796 1916 3833 vasculum
1931 3792 2118 3836 pocftlofirrl112›
2135 3800 2183 3828 qm

55 3833 118 3868 quod
135 3834 163 3860 de
176 3834 263 3869 apibus
281 3838 319 3861 ait
332 3834 462 3861 Columel.
475 3843 502 3867 9,
514 3841 539 3869 7,
554 3843 575 3867 ς.
616 3836 696 3863 Habet
713 3839 769 3865 haec
781 3838 911 3874 appellatio
931 3835 998 3872 quast
1011 3836 1085 3862 domi·
1147 3832 1252 3860 conieffl
1274 3835 1322 3860 tali
1344 3837 1481 3871 agitarique
1501 3834 1635 3858 mittuntur
1654 3835 1681 3859 in
1700 3834 1826 3859 alueolum.
1886 3830 2015 3863 Pracstllff
2033 3835 2112 3863 '5³⁰⁰‘
2130 3837 2183 3853 ‘um

55 3870 139 3895 cilium
155 3872 182 3895 in
201 3873 262 3896 iocis
271 3871 372 3906 fatuis,
392 3870 469 3905 risum
486 3880 533 3896 non
553 3871 708 3897 mouentibus.
776 3875 833 3900 Cic.
846 3874 875 3900 in
887 3874 969 3900 Bruto
988 3874 1033 3904 236
1057 3871 1084 3896 de
1147 3869 1230 3904 vsum,
1249 3877 1316 3903 quem
1336 3870 1448 3903 Pyrgus,
1464 3868 1489 3902 s
1501 3867 1664 3899 Turricula;
1689 3867 1784 3901 obstitit
1796 3867 1890 3904 fraudi
1908 3873 2001 3895 eornm,
2021 3865 2064 3897 qui
2082 3865 2182 3898 argutis

55 3904 84 3930 P.
99 3905 217 3937 Lentulo,
241 3906 342 3932 Habuit
360 3915 374 3932 a
392 3912 484 3932 natura
502 3914 581 3940 genus
599 3904 730 3939 quoddam
748 3910 874 3935 acuminis
884 3929 891 3940 ,
915 3908 986 3943 quod
1004 3908 1083 3934 etiarn
1147 3907 1223 3945 uimis
1236 3904 1325 3939 digitis
1337 3905 1432 3939 pfflbnt
1448 3901 1561 3935 effras,
1576 3910 1654 3938 prout
1666 3912 1677 3929 e
1690 3913 1716 3929 re
1728 3903 1793 3937 qffit,
1810 3912 1856 3929 non
1869 3910 1918 3927 tam
1932 3897 2040 3928 ιαέῗανε,
2056 3907 2127 3943 qaam
2135 3903 2181 3936 pp-

55 3945 111 3965 arte
125 3940 279 3973 limauerat,
302 3941 373 3976 quod
386 3948 441 3968 erat
461 3942 488 3967 in
508 3939 729 3975 reprehendendis
745 3943 834 3969 verbis
851 3945 984 3970 versutum
1006 3949 1031 3969 et
1045 3943 1084 3968 so·
1146 3949 1210 3966 nere.
1260 3940 1381 3973 Graphice
1399 3940 1442 3966 hoc
1463 3938 1577 3973 describit
1592 3939 1687 3965 Seneca
1707 3939 1734 3965 in
1754 3939 1816 3965 ludo
1835 3939 1864 3964 in
1877 3933 1966 3973 Claud.
1982 3939 2043 3958 extr.
2072 3933 2182 3971 Placuit,

55 3973 105 4002 len
119 3985 125 4001 :
153 3974 196 4002 sed
210 3976 286 4011 saepe
306 3977 513 4009 stomachofiim,
537 3984 726 4011 nonnunquam
745 3976 888 4012 frigidum,
906 3979 1039 4006 interdum
1058 3983 1083 4005 et
1094 3983 1138 4011 105
1146 3984 1243 4003 nouam
1257 3983 1368 4010 poenam
1381 3973 1525 4038 excogiAari
1537 3973 1648 4008 debere,
1666 3973 1904 4004 instituendumque
1921 3968 1961 3994 illi
1979 3967 2097 3993 laborem
2113 3975 2180 4028 ἓξὲ-

1434 4018 1449 4044 5
1526 4018 1540 4036 2
2172 4021 2187 4033 *
