2479 4225
226 207 304 250 1183
614 192 629 232 1
716 191 761 231 Ν
839 187 884 227 T
1623 170 1624 173 ’
1729 179 1747 219 1
1839 179 1883 219 N
1969 177 2014 217 T
2286 180 2372 228 1134

228 287 310 316 Asiam
328 283 453 318 dispertit.
488 281 554 308 Plin.
567 289 589 313 ς,
604 287 625 311 3.
696 281 770 307 Mare
797 276 869 303 Idem
890 275 982 309 Paneg.
997 282 1018 300 c.
1029 275 1066 300 16.
1160 270 1266 299 Nouies
1328 279 1369 297 res
1382 270 1429 298 fint
1444 270 1604 299 intermedii.
1659 269 1716 296 Alii
1729 269 1824 295 codices
1838 268 1943 300 habent,
1963 269 2054 301 Quum
2071 267 2179 295 interim
2193 264 2302 302 plurimi
2315 273 2370 291 me·
2411 291 2413 294 ,
2452 286 2455 291 .

229 325 289 355 Styx
304 320 426 347 interfusa
453 317 526 352 Virg.
541 311 638 352 Georg.
651 325 678 349 4,
691 320 750 348 480.
821 312 906 337 Genas
918 310 1046 336 interfusa
1057 307 1166 335 maculis
1192 306 1267 333 Idem
1330 306 1377 333 dii.
1449 308 1510 334 Liu.
1549 328 1555 334 .
1593 327 1599 333 .
1636 306 1727 339 Qnun
1741 304 1847 331 interim
1863 304 1879 330 si
1894 305 1952 338 quis
1964 303 2112 329 existimare
2125 303 2198 330 velit.
2260 302 2300 328 Sic
2312 301 2369 326 Cic.

230 361 285 384 Aen
312 365 330 389 4
362 357 420 387 6⁶4.
1093 360 1099 365 ·
1330 350 1379 376 pro
1393 342 1456 369 Sull.
1473 352 1504 370 11.
1608 341 1735 373 Interim,
1762 340 1886 375 Discretio
1902 338 1933 371 est
1947 343 1997 365 eiut
2009 341 2061 370 rei,
2079 347 2138 374 quae
2151 338 2184 364 ad
2200 344 2370 364 narratmnem
2416 368 2423 374 .

267 400 276 418 1
287 377 307 418 Ν
319 372 452 417 ΤἘΡῘΟΑ
464 394 571 419 RIUO,
590 391 637 413 ire.
686 382 755 410 Vnde
1249 410 1255 416 .
1325 381 1444 412 pertinet.
1514 378 1581 405 Ter.
1596 376 1675 404 Andr.
1693 385 1717 408 1,
1731 384 1758 408 1,
1774 381 1799 406 81
1833 375 1949 402 Curabat
1967 383 2017 401 vna
2035 375 2127 400 funus:
2164 373 2243 400 tristis
2261 371 2370 398 interim
2409 378 2411 382 ·

265 435 274 454 1
287 433 309 452 N
319 433 340 452 T
349 432 364 451 E
373 432 392 451 R
402 430 422 450 G
431 431 479 451 AR
488 431 524 450 R]
537 429 605 450 Tvs
614 441 623 453 ,
641 429 671 451 a,
690 427 743 444 um.
779 417 846 443 Part.
883 415 1001 442 Pauculis
1016 414 1106 442 verbis
1115 413 1269 447 intergarri-
1291 414 1306 441 5
1332 421 1521 447 nonnunquam
1534 411 1753 440 conlacrumabat.
1823 411 1896 437 Idem
1911 411 1975 437 Eun.
1990 417 2016 442 ς,
2027 418 2059 442 2,
2071 418 2083 441 3
2114 409 2222 435 Interim
2234 408 2296 434 dum
2310 411 2370 433 ante
2416 440 2417 445 1
2457 422 2472 435 .,

231 463 265 490 tis
293 461 369 495 Apul.
384 459 462 494 Apol.
500 479 507 485 .
544 480 550 485 .
1333 448 1430 474 ostium
1443 449 1490 475 sto-
1569 449 1641 475 Caes.
1657 449 1685 474 B.
1699 447 1729 473 C.
1746 454 1774 479 ς,
1788 454 1815 478 37
1842 447 1953 473 Interim
1968 445 2030 472 dum
2044 445 2076 471 de
2088 444 2287 471 conditionibus
2301 443 2372 469 inter
2450 443 2452 445 ’
2473 460 2475 462 »

268 505 278 523 1
288 505 308 523 N
319 503 340 522 T
351 502 369 522 Ε
380 502 400 522 R
411 502 431 521 G
443 493 484 521 ἐκ
495 501 513 520 0
522 513 529 525 ‚
547 491 570 516 ffi
580 510 587 522 ,
609 489 690 520 stum,
709 488 762 514 ere.
800 486 866 512 Plin.
878 494 912 518 ¹3,
928 494 954 512 12
984 485 1012 511 de
1026 485 1115 512 charta
1129 485 1271 519 Aegyptia,
1333 484 1358 510 se
1371 489 1458 518 agunt.
1573 485 1641 510 Suet.
1655 482 1752 509 Tiber.
1767 491 1789 507 c.
1802 489 1832 516 73
1868 481 1978 508 Interim
1992 481 2092 507 cumin
2107 479 2169 506 ac‘tis
2180 480 2282 506 senatus
2295 477 2372 510 legis·
2416 483 2427 495 ¹-
2452 480 2453 497 1
2472 491 2477 495 ν

233 542 306 569 quam
320 541 382 567 aqua
404 531 460 557 Nili
469 527 590 565 glutinari
602 524 715 555 dixerat,
746 522 910 562 Diligentior
928 530 988 548 cura
998 542 1005 553 ‚
1030 520 1106 546 molli
1128 521 1200 554 panis
1220 519 1272 544 fer·
1334 520 1379 545 set.
1436 518 1508 554 Conf.
1522 519 1583 546 Liu.
1596 526 1637 551 28,
1652 529 1697 552 44.
1736 524 1758 544 et
1771 525 1807 549 35,
1820 525 1863 550 24.
1898 517 1989 544 Tacit.
2004 517 2070 542 Ann.
2086 523 2120 548 ις,
2135 524 2169 547 ιι,
2181 525 2204 546 4·
2311 511 2331 549 q
2354 520 2371 538 2.

233 568 344 595 mentati
370 566 452 592 colata
474 570 539 596 aqua
563 560 696 585 feruente:
731 557 874 583 minimum
896 557 965 583 hunc
989 556 1098 582 modum
1124 555 1271 588 intergerit.
1331 554 1556 590 Aliquando,fiue
1570 555 1693 580 interdum
1702 553 1829 589 fignificat
1844 552 2199 587 Quineiilianofrequentcr‚
2229 547 2374 584 v.21,.9
2413 558 2418 563 ·
2452 550 2454 554 ·

233 604 281 631 Sed
295 603 364 629 hodie
377 603 482 636 legitur,
512 595 654 622 Minimum
674 593 724 619 hoc
742 593 824 619 modo
847 593 1001 627 intergerii,
1027 598 1105 626 atque
1118 591 1198 617 etiam
1211 589 1274 616 Nili
1289 602 1318 620 10
1335 590 1383 616 Sed
1402 591 1464 624 quia
1482 589 1589 616 interim
1609 590 1763 616 excusantur
1786 587 1848 613 haec
1866 589 1933 614 vitia
1953 594 1996 613 aut
2016 586 2220 616 consuetudine,
2242 590 2301 615 aut,
2327 589 2374 609 etc.

235 640 328 665 lenitas
347 638 486 669 superatur.
560 631 651 664 Nempe·
1335 627 1417 651 Etiam
1430 626 1486 651 Cic.
1500 624 1530 650 de
1543 627 1616 652 Orat.
1632 635 1652 656 2,
1664 633 1715 656 209
1741 624 1850 650 Interim
1863 623 1945 649 timor
1956 622 2084 649 incutitur
2098 628 2140 647 aut
2153 630 2185 645 ex
2199 621 2315 653 ipsorum
2331 627 2375 653 pe-

270 681 310 700 1N
321 679 342 698 T
354 679 368 697 E
378 677 394 695 R
404 675 423 694 G
434 674 449 693 Ε
458 674 475 693 R
486 673 494 691 1
506 673 526 692 V
536 672 561 691 M
575 663 607 697 cst
618 667 723 690 materia
739 663 864 700 glutinosa
876 666 944 689 inter
952 664 1069 699 plagulas
1082 668 1105 688 et
1112 660 1217 698 schedas
1230 666 1274 694 pa·
1334 660 1426 687 riculis
1435 680 1442 692 ,
1463 665 1508 687 aut
1521 669 1551 687 ex
1565 659 1748 687 connnunibus
1757 679 1764 691 ‚
1783 659 1808 693 fi
1824 657 1890 685 refle
1904 661 1966 695 legit
1979 657 2098 684 Budaeus.
2154 654 2201 682 Sed
2219 662 2286 680 vetus
2300 663 2378 680 exem-

229 712 292 745 Pyrj
306 706 447 741 Aegyptiae
461 699 570 738 ingesta,
589 709 636 736 qua
649 699 705 726 illae
717 700 862 731 cohaerent,
885 705 907 724 et
922 705 988 724 totae
1007 698 1113 724 Chartae
1120 696 1272 734 solidantur.
1329 698 1390 731 plor
1402 697 1472 722 habet
1483 702 1506 721 et
1518 698 1575 722 olim
1587 697 1684 726 editur,
1712 695 1778 721 Item
1797 695 1888 721 timor.
1943 693 2015 729 Cons.
2036 692 2102 718 Plin.
2120 690 2198 725 Epist.
2218 698 2262 722 10,
2276 696 2317 723 27.
2354 693 2378 714 et

238 743 295 772 Vid.
320 748 336 768 C
347 746 366 766 H
376 745 422 765 AR
431 745 452 764 T
461 744 492 763 Α.
1336 732 1427 759 Tacit.
1443 732 1509 757 Ann.
1523 740 1542 764 1,
1556 741 1582 765 4.
1698 731 1825 762 Interim,
1840 737 1889 765 pro
1903 728 2045 765 Aliquando
2054 748 2063 761 ‚
2088 725 2211 753 interdum
2229 728 2378 761 geminatur.

270 785 280 803 1
290 784 311 802 N
321 781 393 802 TER
404 779 475 799 GER
485 779 493 798 1
503 777 557 803 ΕΒ,
575 771 609 797 ei.
631 769 651 796 f.
687 767 720 802 [ὅ
734 772 815 802 τοῖχος
828 766 868 795 δύο
881 768 974 799 κτήσεις
987 767 1085 805 διορίζων
1098 769 1157 795 Vet.
1171 765 1273 799 Gloffi]
1293 774 1319 801 ις
1337 767 1466 802 Qinenl.
1483 775 1508 798 1,
1522 774 1534 798 3
1563 766 1671 792 Interim
1686 765 1840 798 elabuntur,
1862 767 1970 792 interim
1991 765 2050 790 suae
2072 761 2217 789 memoriae
2232 765 2345 786 intentos
2363 767 2379 785 a

233 816 252 839 i.
271 819 352 838 murus
364 809 425 834 duas
438 805 724 843 poſjiffionesfiparans.
1338 812 1407 829 nona
1414 801 1568 828 inuentione
1576 801 1715 828 declinant.
1771 799 1844 826 Idem
1854 807 1886 829 11,
1900 808 1921 831 3.
1957 805 1981 825 et
1994 808 2016 831 3,
2031 808 2068 825 10.
2102 796 2203 824 Sen.acl
2217 797 2298 822 Marc.
2312 804 2333 821 c.
2344 801 2379 828 ις.

270 846 609 871 ιΝΤΕιὶεῐΕκῖΝνε,
635 840 660 876 s.
690 845 1014 870 INTERGERIVVS,
1040 848 1072 871 a,
1098 847 1153 864 um.
1214 835 1276 862 Adi.
1339 840 1447 865 Gronau.
1462 836 1565 864 adSen.
1579 836 1712 863 deBenef.
1726 837 1753 867 6,
1768 843 1812 869 42.
1865 834 2202 869 Pric.adApul.9p.·32.
2279 837 2280 841 ¹

232 879 389 914 Intergerini
407 879 532 913 parietes,
553 885 566 902 e
588 876 718 902 Vitruuio
734 874 902 910 adferuntur,
927 878 970 911 'qui
982 877 1049 901 inter
1067 884 1141 900 nouos
1150 875 1278 908 parietes,
1373 880 1383 899 1
1396 880 1418 899 N
1430 880 1476 903 TE
1486 871 1601 905 RfM0,
1617 873 1686 904 emi,
1707 877 1822 901 emtum,
1835 869 1859 906 s.
1873 876 2007 904 emptum,
2028 872 2082 896 ere.
2124 849 2292 902 [δῖαφθείρω]
2336 865 2379 891 In-

231 922 274 943 aut
281 914 449 950 fundamenta
463 919 512 948 pro
519 911 625 947 fultura
640 914 836 946 inter-gerantur.
910 912 988 936 Locur
1002 908 1035 942 est
1050 919 1079 943 ς,
1097 919 1125 936 12
1156 908 1183 934 de
1202 914 1276 942 portu
1337 908 1456 944 reficere.
1511 908 1566 935 Cic.
1578 907 1655 935 Acad.
1670 916 1702 940 4,
1729 927 1735 933 .
1762 926 1768 932 .
1804 906 1976 933 Interimcbat
1987 913 2109 931 onrem.
2180 903 2240 929 Liu.
2257 910 2277 933 1,
2290 909 2303 940 ’,ζ
2315 905 2381 926 extr.
2427 931 2429 933 Ι

231 950 395 985 aedificando,
420 948 462 974 vbi
475 949 529 974 vult
542 953 571 973 vt
582 955 654 973 arcae
671 946 776 972 Catenis
790 946 928 980 colligatae
942 946 969 972 in
984 954 1016 972 eo
1028 945 1088 971 loco
1097 965 1105 977 ‚
1126 945 1173 979 qui
1187 943 1277 969 finitus
1289 952 1325 970 20
1339 945 1454 979 Stirpem
1467 944 1555 970 fratris
1568 944 1676 971 virilem
1690 943 1832 969 interimit.
1939 941 2020 967 Plaut.
2035 941 2090 966 Cas.
2103 948 2124 971 3,
2137 946 2161 972 ς,
2171 946 2203 971 29
2223 938 2383 976 Interimere

233 987 300 1017 erit,
324 983 528 1011 constituantur:
562 989 588 1008 et
606 981 777 1015 intergerinis
798 991 812 1007 e
831 988 917 1014 creta,
941 981 1139 1014 bcronibusque
1158 988 1189 1005 ex
1213 979 1277 1004 vlua
1340 982 1378 1007 ait
1390 980 1459 1006 velle
1475 981 1499 1006 se
1511 979 1602 1006 vitam.
1638 981 1756 1014 Aulique.
1828 977 1900 1003 Idem
1914 977 1978 1003 Cist.
1993 985 2026 1009 4,
2044 984 2074 1007 2,
2093 983 2125 1008 45
2154 974 2198 1000 Ne
2212 974 2282 999 suam
2296 977 2381 997 Vitam

233 1021 308 1048 fae'tts
323 1020 443 1046 calcetur.
497 1017 544 1045 Sed
557 1017 657 1052 Salmas.
672 1020 709 1043 ita
721 1017 745 1043 h.
761 1018 779 1043 l.
797 1016 942 1051 constituit,
959 1024 985 1043 et
1001 1016 1072 1042 iuter
1085 1016 1197 1041 destinas
1210 1020 1280 1040 creta
1338 1016 1513 1043 interimeret,
1568 1016 1634 1042 Idem
1645 1014 1822 1050 obstruauimus
1836 1014 1864 1039 de
1878 1013 1950 1039 verbo
1962 1011 2112 1043 Inter-ficio,
2125 1019 2151 1036 υ.
2166 1018 2191 1036 υ.
2284 1007 2315 1033 Se
2328 1006 2384 1041 ipsa

232 1056 374 1083 aeronibus
388 1064 419 1081 ex
434 1054 496 1080 vlua
506 1053 615 1088 palustri
627 1052 703 1079 factis
717 1052 840 1079 calcetur.
910 1053 1023 1079 Certiora
1038 1052 1099 1077 dant
1111 1051 1198 1077 Festus
1208 1070 1216 1082 ‚
1237 1050 1278 1075 In·
1339 1052 1475 1079 interemit
1489 1052 1610 1078 Lucretia
1624 1060 1638 1078 a
1651 1050 1710 1076 filio
1723 1050 1792 1083 regis
1806 1058 1852 1083 per
1865 1049 1921 1075 vim
1934 1049 2055 1082 stuprata*
2085 1047 2142 1073 Cic.
2157 1044 2189 1071 de
2206 1044 2266 1084 fin.
2291 1050 2307 1069 2
2319 1061 2328 1074 ,
2348 1042 2384 1068 66
2422 1060 2425 1065 .

233 1091 360 1125 tergerini
375 1090 486 1125 parietes
501 1090 639 1120 dicuntur,
659 1088 706 1122 qui
719 1088 788 1114 inter
802 1088 917 1114 confines
932 1088 1082 1119 struuntur,
1104 1093 1129 1112 et
1150 1086 1220 1121 quasi
1241 1086 1279 1111 in·
1341 1098 1362 1114 c.
1377 1097 1415 1114 ρο.
1488 1086 1608 1114 Interimi
1620 1095 1725 1113 veneno
1747 1085 1814 1111 Plin.
1829 1092 1854 1119 7,
1869 1093 1899 1116 ¹3·
1935 1090 1957 1110 et
1971 1092 2009 1115 ιι,
2023 1090 2064 1118 37.
2181 1080 2238 1106 cic.
2252 1078 2283 1105 de
2296 1078 2332 1104 N.
2346 1078 2382 1103 D.

231 1133 410 1161 tergeruntur.
495 1124 687 1158 Intergerrinos
698 1124 770 1149 malit
785 1125 847 1150 Scal.
860 1134 875 1150 a
888 1124 986 1158 gerris,
1019 1126 1037 1149 i.
1058 1123 1169 1149 cratibus
1184 1120 1280 1151 dsftos,
1295 1128 1327 1155 25
1339 1133 1358 1156 1,
1369 1133 1399 1153 50
1423 1123 1454 1149 Et
1469 1122 1487 1148 fi
1501 1131 1566 1158 quae
1580 1123 1731 1149 interimant
1744 1119 1949 1147 innumerabilia
1966 1120 2034 1151 sunt,
2053 1117 2133 1144 etiam
2145 1124 2185 1148 ea,
2199 1123 2266 1150 quae
2280 1113 2384 1140 conser—

230 1170 254 1189 et
263 1169 384 1198 prouocat
396 1161 431 1187 ad
443 1159 612 1194 craticiums.
626 1159 816 1185 concraticium
831 1160 959 1194 parietem
975 1160 1100 1190 ICtorum,
1118 1166 1184 1193 quem
1192 1157 1279 1183 damus
1338 1165 1401 1185 ven-t
1415 1157 1519 1185 infinita
1533 1159 1580 1184 effe
1591 1158 1696 1184 debere.
1789 1155 1829 1182 Ad
1842 1156 1957 1182 nihilum
1970 1155 2105 1181 interimat
2118 1161 2159 1179 res
2181 1152 2286 1189 Lucret3
2302 1155 2384 1189 ηεξ-7.
2395 1181 2401 1183 g
2432 1151 2439 1158 ⁵

227 1198 275 1234 fich
290 1203 307 1223 c
320 1205 337 1224 R
347 1204 397 1224 AT
408 1204 422 1223 Ε
433 1203 455 1222 s.
516 1194 563 1222 Sed
582 1203 628 1220 non
646 1202 706 1229 opus
725 1194 824 1221 videtur
842 1196 935 1229 gerris.
993 1196 1172 1228 Intergerinus
1187 1192 1224 1226 fit
1239 1192 1279 1218 ille
1341 1195 1415 1221 Mors
1426 1194 1556 1220 interimit
1568 1202 1608 1220 res
1632 1192 1704 1220 Idern
1719 1201 1741 1225 2,
1755 1201 1823 1218 1001.
1928 1191 2009 1217 Plaut.
2024 1190 2107 1216 Merc.
2122 1196 2143 1220 3,
2157 1196 2185 1220 4,
2200 1195 2227 1212 22
2254 1185 2385 1219 Disperii:

234 1234 354 1260 craticius
376 1232 460 1266 paries
475 1241 480 1257 ι
510 1229 558 1265 sed
571 1228 669 1265 potest,
690 1237 768 1265 puto,
794 1230 990 1265 intergerinus,
1023 1234 1041 1256 i.
1067 1227 1214 1265 intergejlus
1237 1226 1280 1260 effi:
1340 1240 1402 1257 nam
1416 1229 1491 1256 illaec
1511 1229 1645 1256 interemit
1662 1237 1703 1254 me
1718 1227 1800 1254 modo
1814 1227 1911 1253 oratio,
2020 1225 2076 1252 Cic.
2092 1232 2141 1258 pro
2157 1222 2253 1249 Milon.
2266 1229 2303 1261 24
2321 1229 2342 1246 c.
2356 1227 2386 1252 34

232 1271 306 1295 etiam
318 1278 346 1294 ex
362 1266 445 1303 lapide
453 1266 545 1302 solido,
560 1267 599 1291 vel
612 1275 752 1301 quacunque
763 1269 876 1293 materia.
950 1266 1016 1293 Plin.
1035 1273 1077 1298 35,
1092 1274 1116 1296 14
1136 1272 1200 1291 extr·
1214 1264 1232 1289 s·
1245 1271 1282 1295 49
1343 1267 1389 1293 Me
1402 1265 1510 1300 quidem
1524 1265 1642 1298 Iudices,
1656 1264 1808 1291 exanimant
1819 1269 1844 1289 et
1859 1262 2016 1289 interimunt
2030 1261 2078 1287 hae
2092 1267 2169 1286 voces
2183 1257 2303 1286 Milonis,
2321 1262 2387 1290 quas

232 1304 333 1330 Romae
345 1312 399 1329 non
413 1302 479 1328 fiunt
493 1302 555 1328 talia
570 1301 689 1327 aedificia
709 1302 883 1336 (latericia),
910 1302 974 1337 quia
993 1300 1180 1335 sesqmpedalis
1194 1299 1279 1333 paries
1296 1309 1329 1333 30
1342 1302 1423 1328 audio
1431 1301 1534 1327 affidue.
1710 1299 1730 1336 q
1751 1308 1767 1325 2
1802 1299 1958 1325 Interimere
1971 1299 2041 1324 sacra
2053 1294 2086 1329 est
2098 1295 2142 1322 illa
2154 1293 2390 1332 interuentu-ennio:

234 1348 288 1366 non
302 1339 358 1373 plus
372 1347 450 1373 quam
464 1346 542 1364 vnam
553 1337 778 1371 contignationem
793 1338 902 1364 tolerat:
922 1344 1082 1371 cautumque
1096 1336 1148 1369 est,
1165 1345 1197 1361 ne
1208 1343 1279 1360 com-
1343 1341 1384 1363 ni,-
1403 1338 1568 1373 imaginariae
1586 1336 1678 1362 tollere.
1747 1335 1803 1361 Cic.
1826 1343 1875 1368 pro
1892 1335 2013 1361 Muraen.
2033 1341 2054 1358 c.
2070 1339 2098 1358 12
2132 1331 2208 1356 Sacra
2222 1329 2332 1354 interire
2344 1325 2390 1352 1111
2422 1335 2430 1339 ¹*

233 1376 319 1401 munis
332 1373 436 1400 craslior
447 1372 508 1406 fiat,
528 1381 574 1399 nec
588 1372 813 1407 intergeriuorum
841 1373 900 1407 (ita
915 1373 996 1400 Hard.
1011 1382 1041 1399 ex
1053 1373 1129 1399 MSS.
1150 1372 1184 1397 al.
1199 1372 1279 1397 inter·
1343 1374 1470 1408 (maiores
1487 1370 1588 1405 nostri)
1617 1371 1770 1397 noluerunt.
1831 1371 1935 1396 Horum
1959 1365 2118 1403 (lCtorum‘)
2143 1364 2253 1400 ingenio
2273 1363 2344 1404 senes
2356 1360 2390 1387 ad

233 1412 406 1444 gerinorum)
428 1410 497 1435 ratio
511 1409 617 1443 Patitur·
675 1408 749 1445 CO'lf-
765 1409 872 1435 Vitfflss·
887 1418 916 1441 2,
936 1414 949 1438 8
963 1418 988 1443 P·
1003 1416 1037 1440 31·
1110 1407 1176 1433 ΡῙῙΠ-
1192 1415 1230 1438 Π,
1251 1414 1279 1431 ¹0
1343 1408 1510 1435 coe'mtiones
1530 1407 1659 1433 faciendas
1684 1405 1923 1432 interimendorum
1948 1406 2082 1430 sacrorum
2108 1403 2184 1428 causa
2203 1404 2302 1434 reperti
2321 1399 2389 1424 sunt.

232 1446 261 1472 de
269 1446 359 1481 sauls,
383 1446 497 1471 Ruentes
517 1453 587 1470 ceras
605 1443 722 1470 fulciunt
741 1451 813 1480 apes,
836 1445 951 1479 pilarum
965 1443 1135 1479 intergerinis
1148 1442 1181 1469 sic
1195 1451 1209 1468 a
1222 1441 1279 1468 solo
1343 1446 1375 1471 In
1387 1453 1477 1484 magna
1484 1443 1664 1479 fintenuarum
1679 1443 1802 1467 varietate
1810 1443 1893 1476 placet
1899 1440 2026 1475 sententia
2038 1440 2157 1465 Gronouii
2169 1436 2196 1462 de
2211 1437 2322 1462 Pavet.
2336 1439 2391 1467 4,7
2437 1455 2444 1466 ,,

233 1481 387 1513 fornicatis,
406 1489 439 1506 ne
453 1480 516 1506 defit
530 1479 615 1506 aditus
628 1478 659 1505 ad
670 1480 842 1508 sarciendum.
1297 1484 1327 1510 35
1337 1484 1465 1516 proposita
1482 1486 1506 1505 et
1519 1480 1623 1505 Graeuio
1638 1477 1672 1503 ad
1691 1477 1746 1503 Cic.
1761 1476 1778 1501 l.
1792 1485 1813 1502 c.
1828 1477 2032 1513 Schwartzioque
2045 1474 2073 1499 de
2087 1471 2198 1505 detestat.
2208 1471 2305 1507 sacror.
2319 1475 2348 1504 p.
2362 1470 2396 1495 16
2411 1497 2413 1499 ¹

267 1524 277 1543 1
286 1524 308 1543 N
317 1524 338 1543 T
347 1524 362 1542 Ε
371 1523 390 1542 R
399 1522 419 1542 G
429 1523 447 1542 R
457 1523 472 1542 E
485 1522 520 1542 DI
532 1523 551 1542 Ο
561 1522 579 1541 R
593 1535 602 1548 ‚
637 1515 701 1541 vnde
1335 1517 1454 1552 probata,
1466 1524 1525 1550 quae
1537 1514 1644 1540 breuiter
1661 1514 1722 1539 talis
1735 1510 1784 1545 est:
1810 1511 1962 1539 subornabat
1974 1511 2044 1536 heres·
2056 1509 2174 1536 hominem
2181 1507 2263 1542 senem
2276 1512 2394 1545 tanquan:

270 1559 279 1577 1
292 1559 314 1578 N
325 1559 370 1578 TE
380 1558 427 1578 RG
443 1558 460 1578 R
473 1558 531 1578 ESS
541 1557 600 1583 Vs,
622 1548 661 1576 sis.
697 1559 732 1576 m.
787 1550 970 1577 Periniurium
985 1550 1021 1576 est
1033 1570 1040 1583 ‚
1066 1549 1138 1576 vires
1152 1554 1177 1576 te
1196 1547 1280 1574 affic-
1341 1555 1483 1588 grauiorem
1501 1548 1641 1576 aufl'orem:
1679 1551 1717 1581 ei,
1743 1555 1772 1574 vt
1792 1550 1820 1573 in
1838 1547 1950 1582 legitima
1967 1547 2164 1580 mancipmione,
2183 1542 2300 1568 aduocato
2317 1540 2393 1566 'librt-

235 1587 276 1613 nis
303 1596 376 1613 meae
405 1587 557 1621 intergressu
584 1585 746 1620 grauissimae
772 1585 958 1621 disputationis
987 1586 1134 1620 infringere
1178 1584 1280 1610 Minue.
1338 1587 1418 1623 pende
1431 1596 1461 1613 at
1472 1584 1588 1618 ustibus,
1607 1583 1727 1610 vendebat
1737 1583 1915 1614 hereditatem,
1940 1591 1988 1607 non
2010 1589 2037 1607 υι
2052 1579 2152 1611 heredi,
2170 1587 2216 1616 neq
2228 1585 2276 1615 pro
2289 1574 2392 1607 herede,
2425 1592 2427 1594 -

236 1623 289 1649 pel·
303 1630 337 1655 ¹5.
354 1631 372 1648 ¹·
409 1626 427 1648 ¹⁵·
445 1621 588 1656 ῘΠΝΥΡΟᾸῘῙΠ
603 1621 784 1656 disputatione,
804 1631 851 1657 qua
865 1621 1022 1658 interpellata
1036 1621 1068 1654 ⁶st
1081 1620 1148 1647 ustio
1162 1629 1222 1646 mm-
1344 1624 1395 1657 (vt
1410 1622 1514 1649 vendere
1527 1620 1623 1656 solebat
1641 1618 1744 1652 testator
1755 1619 1875 1655 samniae
1893 1617 2018 1651 emtori‚)
2041 1615 2089 1651 Jed
2113 1622 2142 1640 vt
2155 1614 2280 1649 posteat-sori
2302 1614 2391 1638 altena.
2429 1614 2432 1623 '

272 1665 281 1683 1
292 1665 312 1683 N
321 1663 342 1682 T
351 1664 366 1683 Ε
376 1664 395 1683 R
404 1663 423 1682 H
435 1664 444 1682 1
455 1664 474 1683 o
487 1677 495 1688 ‚
515 1661 567 1683 are.
623 1658 651 1683 T
654 1657 741 1684 ertull.
755 1658 833 1692 Apol.
842 1666 869 1684 —c.
883 1659 916 1690 4²8
947 1657 1020 1684 Finis
1034 1663 1059 1683 et
1071 1657 1148 1683 limes
1167 1655 1281 1687 medius,
1295 1662 1332 1687 40
1345 1660 1421 1686 senex
1435 1658 1493 1684 daeo
1506 1657 1570 1682 dicii
1584 1655 1656 1690 causa
1673 1664 1744 1681 numo
1750 1653 1882 1690 sestertio,
1906 1662 1956 1679 eam
1975 1652 2110 1684 coemebat,
2135 1656 2158 1676 et
2177 1658 2225 1676 non
2233 1645 2394 1686 secus-acse-

237 1693 285 1728 φή
299 1691 434 1718 interhiat·
475 1691 532 1717 Vid·
546 1692 581 1717 sbi
596 1693 691 1727 Rigalt.
1344 1693 1438 1723 {lionis
1451 1700 1527 1720 emtor
1541 1699 1563 1718 et
1572 1690 1698 1728 foſjeflbr,
1712 1691 1814 1717 liberam
1826 1699 1888 1721 eam,
1907 1689 1982 1714 nullis
1995 1685 2227 1722 adstriftussacris,
2247 1684 2394 1719 quastjuam

275 1735 316 1753 lN
329 1735 350 1754 T
361 1734 422 1754 ER]
433 1725 475 1753 Ac
486 1732 502 1752 E
514 1734 547 1757 (ι,
568 1727 612 1758 ui,
629 1731 682 1752 (re.
719 1726 834 1760 [μεσέω]
871 1728 902 1752 In
915 1727 992 1752 medio
1001 1729 1088 1753 iacere.
1125 1727 1191 1753 Plin.
1202 1725 1282 1759 Epist.
1335 1730 1460 1766 faciebat.
1527 1728 1611 1760 Postea
1627 1736 1667 1753 res
1686 1730 1713 1752 in
1724 1725 1876 1760 stipulatum
1896 1724 2075 1755 deducebatur,
2099 1729 2121 1748 et
2139 1728 2217 1748 emtor
2235 1728 2264 1745 ac
2281 1718 2395 1744 domium

239 1771 282 1794 ιο,
297 1771 348 1795 42,
363 1771 373 1788 1
411 1763 442 1788 Et
454 1762 507 1787 duo
520 1761 628 1795 publica
642 1769 723 1795 opera
737 1769 897 1801 quamquam
911 1762 954 1787 via
968 1762 1149 1787 interiacente.
1221 1761 1283 1786 Liu.
1334 1766 1489 1800 fiduciarius
1496 1761 1619 1797 stipulam
1631 1762 1716 1788 heredi
1729 1760 1796 1796 quast
1809 1770 1838 1787 ex
1846 1761 1938 1796 sponsi:
1953 1759 2051 1786 eandem
2069 1758 2192 1784 tradebat.
2249 1755 2289 1781 Sic
2303 1752 2394 1787 exstin-

236 1807 278 1832 27‚
292 1806 322 1830 41
332 1804 375 1832 pr.
402 1797 708 1835 Interiaccbatcampus:
744 1796 823 1822 colles
839 1797 1016 1822 imminebant
1032 1796 1106 1822 nudi.
1199 1797 1282 1821 Inter·
1342 1799 1463 1835 guebasur
1475 1806 1560 1822 „omen
1573 1797 1685 1828 heredis,
1709 1796 1882 1831 etjblugbatur
1895 1795 2035 1825 hereditas,
2053 1793 2139 1829 ficque
2153 1790 2342 1826 djffbluebantur
2349 1790 2393 1824 sa-

236 1834 303 1859 iacet
317 1834 448 1866 Capuam,
468 1838 491 1857 et
504 1832 643 1856 interiacet
658 1832 780 1864 Capuae,
801 1831 915 1857 dicimus.
989 1832 1054 1857 Plin.
1069 1839 1098 1864 ς,
1119 1840 1138 1864 4
1170 1831 1200 1857 Et
1215 1839 1230 1856 a
1243 1838 1282 1856 re·
1297 1835 1330 1861 45
1344 1844 1388 1860 cra
1403 1832 1537 1859 hereditati
1547 1840 1660 1863 annexa,
1688 1837 1712 1856 et
1724 1830 1853 1863 lucrosiore
1868 1831 1941 1856 titulo
1949 1829 2085 1864 poffidebat
2096 1849 2105 1861 ‚
2129 1833 2173 1864 qui
2184 1828 2300 1864 grauiore
2308 1830 2394 1862 prius,

236 1869 330 1903 gione,
354 1875 421 1901 quae
434 1867 497 1891 duas
511 1866 596 1897 Syrtes
611 1865 757 1891 interiacet.
848 1866 979 1891 Columel.
995 1875 1033 1897 ιι,
1055 1876 1066 1898 3
1092 1868 1128 1893 Vt
1141 1867 1170 1892 in
1185 1865 1213 1892 id
1229 1866 1282 1898 spa·
1343 1876 1374 1896 m
1391 1869 1460 1894 heres
1470 1865 1620 1902 poſjiwderat.

234 1905 319 1935 tium,
335 1900 406 1936 qnod
418 1901 494 1927 sulcis
509 1901 664 1932 interiacet,
685 1900 855 1926 inclinentur.
904 1900 932 1926 de
944 1901 1092 1936 seminibus.
1199 1901 1282 1925 Inter·
1381 1911 1390 1929 1
1402 1909 1424 1927 N
1437 1909 1459 1928 T
1469 1908 1511 1927 ER
1521 1908 1537 1927 E
1549 1908 1574 1926 M
1588 1908 1609 1927 T
1620 1908 1640 1925 v
1651 1907 1663 1926 s
1675 1919 1682 1930 ‚
1702 1909 1732 1930 a,
1752 1909 1808 1925 um.
1843 1899 1937 1924 Partic.
1972 1898 2054 1924 Plaut.
2069 1898 2151 1925 Merc.
2169 1906 2200 1931 ς,
2216 1906 2227 1924 ι
2237 1917 2245 1929 ,
2259 1906 2288 1931 4.
2324 1897 2394 1923 Hor.

238 1940 303 1966 iacet
318 1938 379 1964 haec
393 1937 462 1963 inter
476 1945 533 1962 eam
560 1935 627 1962 Plin.
642 1944 670 1969 4,
684 1943 721 1961 ιι.
1346 1939 1435 1964 Carni.
1449 1947 1461 1967 4
1471 1957 1479 1969 ,
1493 1946 1528 1968 4,
1541 1943 1575 1968 72
1599 1934 1745 1960 Asdrubale
1757 1934 1908 1959 interemto.

272 1982 281 2000 1
293 1980 312 1999 N
325 1980 346 1999 T
355 1979 398 1999 ER
408 1979 470 1999 tAc
479 1979 495 1997 r.
504 1979 525 1997 N
536 1978 565 2002 s,
585 1971 661 1997 entis.
697 1969 791 1996 Partic.
828 1969 940 1995 Vastitas
956 1968 1135 1996 interiacentis
1144 1968 1194 1995 soli
1213 1967 1281 1993 Plin.
1381 1980 1390 1998 1
1400 1979 1422 1997 N
1435 1977 1456 1997 T
1468 1977 1484 1996 E
1494 1977 1512 1996 R
1522 1976 1538 1995 Ε
1549 1976 1572 1995 Μ
1583 1976 1603 1995 T
1615 1976 1622 1993 1
1633 1975 1668 2000 o,
1689 1968 1757 1994 onis.
1783 1968 1802 1994 f.
1845 1965 2023 2000 [ἐφανισμδς]
2079 1966 2134 1994 Cic.
2148 1976 2197 2002 pro
2211 1968 2240 1993 L.
2256 1966 2349 1993 Manil.
2364 1975 2395 1998 3⁰

236 2010 328 2043 Pancg.
343 2016 411 2040 c.14.
480 2006 608 2033 Transitu
622 2005 793 2032 interiacente
817 2004 855 2031 Id.
871 2004 949 2038 Epist.
962 2013 978 2030 2
990 2024 998 2038 ‚
1015 2014 1048 2037 ι7.
1298 2006 1330 2033 50
1345 2016 1367 2033 c.
1384 2016 1406 2033 11
1436 2005 1528 2032 Testis
1547 2011 1572 2030 ct
1586 2003 1672 2030 Gallia
1684 2023 1691 2035 ,
1713 2011 1759 2037 per
1771 2011 1850 2038 quam
1863 2001 2012 2036 legionibus
2026 2001 2121 2030 nostris
2134 2004 2161 2029 in
2176 2003 2329 2037 Hispaniam
2343 2004 2395 2028 iter

271 2051 279 2070 1
290 2052 311 2070 N
324 2049 344 2069 T
357 2050 372 2069 E
382 2049 401 2068 R
410 2050 419 2068 1
429 2049 449 2068 A
458 2049 474 2069 C
484 2049 493 2067 1
503 2049 522 2069 O
532 2062 538 2073 ³
557 2044 610 2068 ὅῐὲ-
666 2043 819 2075 ῙΠΜΥΙΟΨΙῘ,
845 2040 968 2074 vastem·
1040 2039 1177 2066 Arminius
1199 2038 1283 2073 plera·
1347 2039 1692 2069 Gallorum-interemtione
1709 2038 1869 2073 patefaciam
1883 2038 1927 2064 cst.
1994 2039 2070 2064 Vetus
2090 2040 2226 2074 Exemplar.
2246 2040 2293 2074 leg.
2313 2039 2396 2064 Inter-

235 2088 286 2115 que
301 2079 396 2106 Latino
409 2079 528 2104 sermone
542 2076 727 2104 interiaciebat
753 2076 845 2103 Tacit.
860 2076 928 2101 Ann.
943 2085 969 2108 z,
983 2084 1021 2108 ιο,
1036 2085 1063 2108 4.
1344 2078 1462 2104 nicione.
1526 2075 1604 2102 Gloss'.
1622 2074 1716 2107 Cyrill.
1740 2074 1914 2106 Internum,
1937 2073 2099 2107 κατασφαγῆ.
2172 2074 2237 2100 Fest.
2250 2074 2312 2100 Ruf.
2327 2083 2349 2100 c.
2363 2079 2397 2106 ας

273 2121 312 2142 1N
322 2120 342 2140 T
352 2120 368 2140 E
378 2121 397 2140 R
407 2112 440 2140 ῑΒ
450 2120 469 2139 1.
520 2112 588 2138 Adu.
643 2112 688 2145 [ἓν
702 2111 787 2146 rim]
843 2112 909 2138 Idem
919 2111 1077 2146 significans,
1095 2109 1160 2146 quod
1175 2110 1282 2136 lnsss'rffl·
1348 2114 1530 2140 Diocletianus
1543 2111 1631 2138 subito
1651 2111 1789 2136 innumera
1808 2109 1943 2135 Persarum
1960 2110 2065 2143 agmina
2089 2110 2233 2144 aggressus,
2260 2109 2293 2136 ad
2315 2109 2397 2136 inter-

236 2150 398 2184 Plauhcapt·
414 2157 436 2182 Ξ,
451 2157 469 2179 1,
484 2157 509 2180 31
534 2149 590 2174 VOS
603 2147 689 2174 [³¹¹³oe
705 2146 828 2173 interibi·
864 2146 980 2174 Αᾶά-Ῐᾶ·
990 2148 1068 2173 Poen-
1083 2154 1104 2178 3,
1118 2154 1141 2177 Ξ,
1156 2153 1176 2177 3·
1213 2143 1282 2170 RUd-
1349 2149 1494 2175 emtionem
1507 2146 1613 2173 occidit.
1649 2145 1718 2173 Add.
1733 2146 1806 2172 Porc.
1819 2146 1900 2171 Latro
1916 2145 2031 2172 Declam.
2045 2145 2073 2171 in
2087 2145 2166 2172 Catil.
2179 2155 2200 2172 c.
2210 2154 2247 2172 10.

237 2195 265 2219 4²
279 2188 303 2217 (¹2
316 2194 348 2211 20
367 2190 391 2210 ‘Y
401 2183 494 2219 Pstffim-
564 2183 631 2209 Gell·
646 2191 674 2215 32
693 2192 706 2215 7
734 2181 832 2208 C0¹¹s¹¹¹
848 2182 958 2208 interibi
972 2182 1035 2208 dum
1048 2190 1078 2208 ea
1093 2189 1179 2215 pugna
1192 2179 1238 2211 fit,
1258 2180 1284 2205 se
1304 2178 1332 2205 55
1384 2190 1425 2210 IN
1436 2190 1457 2210 T
1469 2190 1485 2209 E
1495 2189 1514 2209 R
1525 2188 1542 2208 E
1553 2189 1578 2208 M
1589 2189 1610 2208 T
1620 2188 1629 2207 1
1640 2188 1655 2208 Β
1666 2188 1674 2206 1
1685 2188 1700 2207 L
1711 2188 1720 2207 1
1731 2188 1758 2212 s,
1785 2190 1807 2207 e.
1844 2180 1904 2207 Adi.
1959 2181 2078 2208 Tertull.
2090 2181 2151 2208 adu.
2165 2182 2246 2208 Marc.
2259 2189 2288 2213 3,
2303 2182 2329 2207 6.

239 2222 267 2249 in
282 2221 353 2247 locos
370 2219 490 2246 subducit
502 2225 572 2245 tutos
584 2225 663 2254 atque
673 2218 767 2245 editos.
802 2217 939 2253 obsoletum.
1385 2226 1395 2244 1
1405 2225 1427 2246 N
1437 2225 1486 2245 ΤΕ
1497 2224 1516 2243 R
1526 2224 1575 2244 EM
1587 2223 1610 2243 T
1624 2223 1643 2243 0
1655 2224 1672 2243 R
1684 2237 1692 2249 ‚
1718 2217 1781 2243 firiS.
1811 2225 1846 2243 m.
1900 2217 1960 2243 Sen.
1975 2216 2054 2250 Epist.
2069 2226 2100 2250 70
2130 2218 2335 2243 Interemtorem
2355 2215 2396 2242 sui
2432 2210 2438 2220 ⁸

274 2263 282 2281 1
294 2263 315 2282 N
324 2262 345 2281 T
354 2262 370 2282 E
380 2262 399 2281 R
411 2262 420 2280 1
433 2253 446 2281 1⁹
458 2261 474 2281 C
487 2262 494 2280 1
506 2260 525 2280 Ο
536 2273 544 2285 ‚
561 2254 617 2285 ἕέῐ,
636 2254 739 2286 estium,
764 2255 817 2279 ἕῐθ-
862 2250 1075 2291 [παρεμέοίλλω]
1116 2252 1286 2289 Ινιτενρρηθνζ.
1349 2254 1418 2280 fieri.
1490 2253 1551 2280 Val.
1566 2254 1634 2279 Max.
1646 2254 1662 2278 6
1673 2272 1680 2283 ,
1695 2261 1706 2278 1
1718 2272 1727 2285 ,
1739 2261 1756 2278 2
1791 2252 1911 2286 Virginis
1927 2251 2038 2286 pudicae
2051 2252 2225 2284 interemtor,
2244 2261 2324 2287 quam
2337 2260 2396 2278 cor-

237 2291 369 2319 Columel.
390 2299 415 2322 1,
452 2310 458 2316 .
497 2309 503 2316 .
540 2291 574 2316 Vt
594 2289 610 2315 si
625 2298 675 2324 qua
695 2288 832 2316 interiecta
853 2290 911 2314 sunt
925 2288 1073 2314 stramentis
1086 2292 1131 2312 aut
1145 2285 1224 2321 paleis
1237 2285 1286 2319 spi·
1347 2296 1440 2324 ruptae
1453 2294 1527 2323 pater
1539 2289 1587 2314 effe
1605 2288 1707 2313 maluit,

236 2336 330 2354 narum
353 2326 395 2352 vel
416 2326 566 2359 germinum
587 2326 699 2356 semina,
725 2325 864 2351 intereant.
920 2324 994 2359 Conf.
1016 2323 1088 2349 Caes.
1109 2323 1137 2348 B.
1158 2322 1188 2347 C.
1211 2329 1236 2352 1,
1254 2328 1286 2354 73
1388 2329 1701 2354 INTEREMTRIX,
1728 2324 1786 2350 icis.
1825 2323 1845 2349 f.
1898 2321 2116 2348 Laffiant.1nstit.
2135 2330 2160 2354 1,
2179 2330 2217 2348 10.
2272 2322 2394 2349 Tertull.

237 2363 366 2389 stationes
381 2361 521 2395 disponunt
544 2364 663 2396 equitum
684 2367 709 2386 et
724 2360 878 2386 cohortium
894 2359 1053 2391 alariarum,
1073 2357 1286 2392 legionariasque
1300 2352 1336 2377 60
1347 2360 1462 2396 speetac,
1479 2367 1516 2394 ¹7·
1719 2371 1721 2373 ·
2010 2353 2013 2358 ’
2336 2357 2343 2364 ““

237 2398 401 2424 interiiciunt
414 2397 544 2422 cohortes.
637 2396 675 2423 Id.
689 2397 717 2422 B.
733 2397 764 2422 G.
787 2403 804 2430 7
813 2416 821 2428 ,
839 2401 871 2425 80
904 2395 975 2422 Galli
988 2395 1058 2420 inter
1071 2394 1172 2429 equites
1182 2412 1190 2424 ‚
1211 2399 1286 2418 raros
1385 2404 1395 2423 1
1405 2403 1427 2422 N
1441 2402 1463 2422 T
1477 2401 1494 2421 Ε
1505 2402 1523 2421 R
1535 2402 1543 2420 1
1554 2401 1599 2421 OR
1609 2413 1616 2425 ‚
1633 2394 1674 2423 ius
1683 2413 1691 2426 ‚
1727 2393 1780 2420 vid,
1803 2401 1812 2419 1
1825 2399 1846 2419 N
1857 2399 1879 2418 T
1888 2399 1906 2419 R
1915 2398 1947 2418 Α.

237 2433 383 2468 sagittarios
394 2452 403 2464 ‚
425 2431 615 2466 expeditosque
630 2432 695 2458 leuis
708 2437 858 2458 armaturae
872 2431 1074 2462 interiecerant,
1093 2436 1138 2456 etc.
1220 2428 1286 2453 Tra·
1385 2439 1396 2458 1
1408 2438 1431 2456 N
1444 2437 1465 2456 T
1479 2438 1496 2457 E
1505 2437 1523 2455 R
1534 2438 1543 2456 1
1555 2436 1577 2455 'r
1591 2437 1611 2456 v
1620 2437 1632 2456 s
1647 2449 1655 2461 ‚
1691 2429 1744 2456 vid.
1764 2436 1773 2454 1
1787 2436 1808 2455 N
1823 2435 1845 2456 T
1857 2435 1872 2454 Ε
1881 2435 1900 2454 R
1910 2435 1926 2454 Ε
1936 2435 1965 2455 0.

236 2471 301 2496 late:
337 2468 430 2494 Tacit.
448 2467 515 2493 Hist.
531 2476 554 2500 3,
569 2473 590 2498 8,
604 2476 616 2499 3
642 2469 748 2494 Moram
763 2467 925 2494 interiicere.
998 2465 1073 2492 Idem
1087 2466 1153 2492 Ann.
1168 2466 1238 2495 1‚'23
1248 2481 1255 2493 ,
1270 2463 1286 2488 6
1384 2473 1396 2492 1
1406 2473 1427 2491 N
1440 2471 1462 2491 T
1475 2472 1538 2491 ER1
1548 2471 1599 2490 VN
1610 2471 1630 2490 G
1641 2472 1677 2496 Ο,
1697 2465 1776 2495 unxi,
1792 2464 1921 2496 unitum,
1941 2466 1994 2490 ere.
2032 2459 2224 2497 [δᾶαξεῦγνυμι]
2259 2458 2397 2494 Subfistero..

239 2506 343 2536 Preces,
363 2503 456 2529 minas.
1353 2499 1477 2529 Trac‘hm
1494 2511 1508 2526 a
1521 2509 1614 2530 curru,
1637 2503 1708 2526 cuius
1728 2503 1837 2525 lumenta
1856 2503 1882 2524 in
1896 2499 1949 2534 ipsa
1963 2502 2005 2524 vla
2026 2500 2219 2533 disiunguntur,
2245 2503 2273 2523 ve
2292 2499 2331 2522 vel
2345 2495 2400 2532 ipsa

275 2548 281 2565 1
296 2547 317 2566 N
330 2547 351 2566 T
360 2546 376 2565 E
385 2546 404 2565 R
414 2545 423 2563 1
432 2545 449 2565 E
459 2543 476 2563 C
487 2545 508 2564 T
518 2545 538 2564 V
547 2545 560 2565 S
569 2558 577 2570 2
597 2547 611 2565 ἃ
620 2558 628 2571 s
649 2548 703 2566 um·
740 2539 808 2565 Part·
844 2535 1075 2573 [παρψξληῧεῖς]
1119 2534 1193 2561 Caes·
1206 2533 1235 2560 B·
1252 2533 1284 2558 G·
1301 2526 1333 2558 65
1349 2538 1390 2564 vel
1404 2534 1515 2563 vet‘lores
1528 2538 1629 2562 interim
1642 2534 1778 2570 quiescant.
1832 2533 1947 2559 Martial.
1963 2542 1983 2564 c,
1996 2536 2013 2559 6
2043 2534 2073 2560 Et
2086 2542 2169 2568 quum
2184 2541 2290 2559 currere
2304 2531 2398 2558 debeas

238 2583 272 2610 7,
288 2584 316 2607 23
346 2575 442 2608 Neque
459 2575 528 2599 inter
543 2575 566 2599 se
581 2575 733 2608 contingant
745 2574 843 2600 trabes:
879 2574 922 2600 sed
937 2572 1045 2607 paribus
1061 2570 1218 2597 interminae
1233 2570 1287 2603 spa·
1349 2572 1483 2604 Bouillas,
1518 2571 1703 2604 Interiungere
1717 2569 1821 2604 quaeris
1835 2569 1866 2595 ad
1880 2570 2017 2595 Camenas.
2106 2569 2289 2603 Interiungere
2301 2576 2398 2602 equos,
2440 2567 2453 2592 ,’

241 2612 284 2637 tiis
293 2631 300 2643 ‚
317 2610 432 2644 lingulae
445 2609 550 2643 lingulis
564 2610 630 2635 saxis
644 2610 791 2636 interieetis
801 2629 808 2642 ‚
828 2609 900 2636 arete
911 2609 1104 2635 contineantur.
1175 2605 1286 2631 Interie-
1349 2610 1517 2644 Disimgere,
1533 2613 1562 2633 vt
1574 2607 1755 2642 conquiescant.
1828 2605 1942 2631 Mattial.
1957 2613 1978 2636 3,
1991 2612 2023 2638 37

240 2647 297 2673 etus
313 2646 397 2681 equiti
413 2644 490 2679 pedes
523 2644 614 2670 Tacit.
629 2645 697 2671 Hist.
709 2654 738 2676 3,
753 2653 803 2679 79,
823 2654 843 2676 3.
912 2645 969 2671 Cic.
983 2643 1015 2670 de
1029 2644 1065 2670 N.
1080 2643 1111 2669 D.
1125 2650 1153 2674 2,
1170 2643 1204 2667 66
1231 2641 1285 2666 A'e'r
1510 2643 1566 2669 Iam
1586 2651 1672 2676 prono
1693 2639 1854 2667 Phaethonte
1873 2641 1947 2667 sudat
1966 2640 2089 2673 Aethon,

239 2689 343 2713 autem,
372 2687 400 2707 vt
424 2679 507 2706 Stoici
530 2680 680 2714 disputant,
709 2680 864 2706 interiectus
878 2680 949 2706 inter
961 2689 1033 2707 mare
1050 2685 1075 2705 et
1097 2678 1213 2707 caelum,
1241 2683 1286 2702 etc.
1508 2678 1659 2712 Exarsitque
1680 2677 1750 2708 dies,
1769 2682 1794 2702 et
1813 2675 1878 2703 hora
1898 2676 1971 2702 laffos

241 2718 315 2744 Idem
328 2717 358 2743 de
372 2715 432 2743 Fin.
447 2724 474 2748 2,
490 2723 518 2750 17
552 2716 600 2741 Tu
615 2721 701 2742 autem
716 2716 786 2742 inter
798 2716 861 2742 haec
874 2721 972 2742 tantam
988 2713 1186 2741 multitudinem
1201 2711 1288 2738 homi·
1298 2714 1334 2741 70
1506 2713 1669 2748 Interiungit
1689 2721 1771 2747 equos
1790 2711 1946 2738 meridiana.
1992 2711 2020 2737 de
2030 2714 2116 2748 pigris
2128 2713 2222 2737 nautis.

242 2762 306 2779 ¹¹¹¹OE
320 2751 484 2779 interiectam
497 2759 551 2777 '¹0¹¹
565 2750 655 2783 Vides,
673 2760 736 2783 ¹¹00:
755 2758 800 2777 etc.
871 2751 909 2777 Id·
925 2751 1004 2776 ΛΕΜ,
1019 2759 1039 2783 ¹,
1054 2752 1084 2782 36
1115 2750 1150 2776 ΠΒ
1166 2748 1224 2783 ῐΡίῖ8
1239 2747 1289 2773 213³
1353 2750 1458 2778 Pulchre
1471 2749 1504 2775 ad
1514 2750 1678 2776 meridianam
1693 2751 1811 2784 quictem,
1837 2755 1860 2774 et
1878 2748 1947 2773 illum
1966 2748 2095 2774 Varronis
2114 2746 2257 2772 insiticium
2277 2745 2400 2771 somnum

244 2788 381 2814 ἰῐῑὶθϊῐὲἃᾶ
394 2793 419 2814 Εἴ
432 2786 519 2813 medii!
533 2787 697 2813 numerabat.
792 2786 847 2814 Cic·
863 2786 915 2812 Off·
929 2795 954 2817 1,
967 2794 1001 2817 92
1035 2786 1088 2811 Aut
1102 2783 1237 2811 interiecti
1251 2784 1290 2809 5¹¹-
1351 2787 1436 2814 refert
1449 2786 1544 2812 Seneca
1557 2786 1601 2819 Ep.
1616 2790 1642 2816 83
1663 2794 1686 2819 p.
1700 2793 1740 2816 341
1772 2783 1886 2809 Dormio
1899 2783 2039 2809 minimum
2049 2804 2058 2816 0
2078 2781 2294 2809 consuetudinem
2315 2789 2400 2806 meam

245 2831 284 2851 ter
296 2823 481 2858 philosophos,
499 2828 524 2849 et
537 2831 592 2855 eos,
611 2822 657 2856 qui
678 2821 821 2855 Rempubl.
841 2820 1072 2853 administrarent,
1096 2820 1290 2846 delectarentur
1352 2822 1437 2849 nosti:
1473 2821 1624 2847 breuiss‘nno
1642 2821 1734 2846 somno
1753 2825 1830 2850 vtor,
1857 2825 1882 2845 et
1902 2819 1972 2854 quafi
1986 2819 2147 2854 interiungo.
2205 2816 2316 2844 Satisest
2329 2814 2399 2842 mihi
2462 2847 2463 2850 Ἰ

244 2868 274 2886 re
293 2861 336 2885 sua
356 2858 499 2889 familiari,
539 2861 558 2884 i.
586 2857 692 2884 medium
711 2857 830 2893 quoddam
850 2856 973 2890 consilium
999 2863 1022 2882 et
1043 2855 1183 2888 institutum
1199 2855 1289 2891 stcuti.
1352 2857 1464 2891 vigilare
1477 2856 1582 2883 defliss‘e.
1645 2855 1798 2891 Aliquando
1817 2855 1940 2881 dormifl'e
1960 2864 2003 2881 me
2022 2855 2091 2887 scio,
2114 2853 2265 2889 aliqnando*
2277 2851 2399 2886 suspicor.
2426 2870 2449 2890 ‘'-

246 2896 356 2922 Flumen
381 2895 472 2920 Tacit.
487 2895 553 2920 Arm.
569 2902 590 2924 2,
605 2902 642 2925 10,
656 2902 677 2925 3.
785 2893 841 2919 Cic.
857 2892 908 2919 Off.
927 2901 953 2924 1,
966 2901 998 2924 30
1030 2893 1106 2925 Qute
1121 2891 1190 2925 quali
1207 2891 1289 2924 longo
1307 2890 1339 2917 7⁵
1354 2893 1392 2920 Id.
1408 2892 1439 2918 de
1453 2892 1608 2926 Tranquill.
1623 2893 1672 2918 An.
1686 2900 1710 2924 ις
1732 2900 1755 2926 p.
1766 2896 1804 2923 385
1835 2891 1950 2923 Qudam
1965 2891 2055 2917 medio
2069 2890 2112 2916 die
2125 2889 2352 2917 interiunxerunt,
2372 2891 2399 2912 ct
2439 2885 2443 2901 ³

247 2930 388 2957 interuallo
401 2929 541 2955 interit-610
560 2928 692 2955 videmus.
795 2929 880 2954 Nasus
894 2927 963 2963 quasi
978 2936 1068 2954 murus
1084 2928 1167 2953 oculis
1183 2927 1290 2953 interie-
1355 2930 1384 2955 in
1406 2928 1621 2963 postmeridianas
1646 2928 1723 2954 horas
1748 2926 1850 2961 aliquid
1872 2927 1982 2954 leuioris
2000 2935 2096 2961 operae
2115 2925 2277 2952 distulerunt.
2352 2921 2399 2948 Sed
2442 2930 2445 2937 ’

246 2966 302 2992 &us
326 2964 364 2991 Id.
380 2964 410 2991 de
424 2965 460 2991 N.
474 2965 506 2991 D.
521 2973 610 2998 2‚143.
680 2963 770 2997 spatio
783 2963 924 2990 interiecto
951 2964 1010 2990 Liu.
1024 2971 1049 2995 2,
1065 2971 1103 2996 17.
1139 2970 1162 2988 et
1175 2963 1247 2989 Caes.
1260 2962 1289 2988 B.
1354 2966 1464 2991 Dextras
1486 2964 1681 2998 interiungere‚
1713 2963 1803 2998 (quod
1824 2961 1944 2989 dextram
1968 2963 2077 2997 iungere
2099 2962 2206 2988 dextrae
2228 2958 2297 2984 dixit
2320 2957 2397 2991 Virg.
2442 2954 2446 2962 ¹

249 3002 281 3028 G.
294 3010 317 3033 3,
330 3011 355 3035 4.
426 3001 486 3027 Lin-
501 3009 526 3033 1,
540 3005 566 3033 58
598 2999 687 3026 Paucis
700 2999 848 3025 interiectis
862 2998 969 3030 diebus,
985 3000 1053 3025 Sext.
1067 2999 1238 3033 Tarquinius
1251 2998 1291 3024 in·
1354 3001 1418 3026 Aen.
1435 3008 1461 3032 1,
1474 3002 1544 3032 408)
1577 2999 1604 3025 de
1618 2998 1738 3025 mnitibus
1745 2998 1774 3033 se
1785 3001 1890 3024 inuicem
1903 2998 2113 3034 consalutantibus
2131 2996 2190 3024 Liu.
2203 3002 2246 3026 22,
2260 3002 2290 3025 30
2319 2993 2398 3020 Tum

249 3037 301 3063 scio
315 3035 449 3065 Collatino
459 3056 466 3068 ‚
485 3045 543 3062 cum
558 3036 656 3062 comite
669 3044 723 3061 vno
738 3035 881 3061 Collatiam
894 3035 975 3061 venit.
1353 3035 1460 3062 dextrae
1476 3034 1665 3065 interiunctae,
1693 3034 1844 3067 militesque
1862 3037 1990 3061 concione
2011 3033 2111 3060 dimissa
2130 3040 2145 3058 a
2161 3029 2232 3056 notis
2245 3029 2399 3063 ignotisque
2436 3055 2438 3057 ,
2451 3051 2453 3053 .

285 3079 292 3096 ι
305 3079 327 3097 N
337 3078 358 3096 T
367 3078 383 3097 Η
393 3079 411 3098 R
422 3079 454 3098 113
464 3078 480 3098 C
489 3077 510 3097 T
522 3078 540 3097 v
553 3079 581 3103 s,
602 3069 641 3098 sis.
678 3080 714 3097 ni.
759 3068 943 3105 [παρεμέῗολὴ]
997 3069 1054 3096 Cic.
1070 3069 1102 3095 de
1115 3069 1152 3096 N.
1166 3069 1198 3095 D.
1214 3077 1236 3103 2,
1249 3077 1290 3098 103
1305 3062 1338 3089 80
1353 3071 1468 3105 benigne
1479 3075 1558 3104 atque
1572 3070 1739 3104 hospitaliter
1752 3069 1869 3096 inuitati.
2383 3098 2386 3100 .

247 3116 268 3132 e.
277 3115 312 3140 40
327 3114 391 3133 extr.
419 3107 574 3142 Interpofitu
589 3107 785 3141 interieehique
798 3111 890 3133 terrae.
984 3105 1115 3132 Columel.
1128 3114 1151 3137 3,
1166 3114 1207 3137 21,
1222 3106 1238 3130 6
1263 3103 1291 3130 Si
1390 3115 1400 3134 1
1411 3114 1431 3132 N
1446 3112 1467 3133 T
1478 3104 1603 3132 ERLAB
1613 3113 1632 3132 o
1643 3113 1659 3132 R
1670 3125 1676 3136 ‚
1696 3105 1748 3132 abi.
1771 3106 1836 3140 Dep.
1873 3105 2138 3140 Virg.Georg.2,349
2158 3102 2205 3127 Per
2212 3100 2306 3135 tmqfim
2322 3100 2399 3128 Inter

249 3152 313 3168 vero
327 3142 508 3169 interiectibus
523 3152 614 3177 capere
628 3144 755 3177 cuiusque
768 3141 871 3176 generis
886 3139 1002 3167 suffitum
1017 3147 1105 3173 aneat,
1125 3148 1170 3167 etc.
1231 3139 1290 3166 Vid.
1352 3143 1424 3170 enim
1439 3141 1560 3168 labentur
1573 3150 1664 3176 aquae.

249 3181 322 3204 enam
332 3178 370 3203 >ad
382 3186 404 3210 3,
419 3181 455 3208 ¹6.
469 3187 490 3210 3·
560 3178 715 3204 Interiectus
729 3178 856 3212 temporis
882 3177 972 3203 Tacit.
987 3177 1053 3202 Ann.
1066 3184 1087 3208 3,
1101 3185 1134 3208 51,
1147 3185 1169 3208 3.
1228 3176 1290 3202 Pau-
1390 3185 1400 3204 1
1410 3185 1432 3204 N
1444 3184 1466 3204 T
1476 3185 1491 3204 E
1500 3184 1517 3203 R
1528 3185 1543 3203 L
1552 3184 1574 3203 A
1583 3183 1623 3203 BE
1635 3182 1655 3201 Ν
1666 3182 1679 3202 s
1688 3196 1696 3208 ,
1717 3175 1793 3202 entis.
1829 3175 1924 3202 Par-tic.
1965 3175 2027 3202 Stat.
2038 3172 2130 3200 Theb.
2146 3181 2167 3204 2,
2181 3174 2235 3205 649
2260 3173 2338 3198 Parce
2351 3179 2399 3206 per

250 3222 340 3239 ‘orum
355 3213 459 3239 dierum
487 3213 523 3239 Id·
540 3214 605 3240 ibid·
619 3222 640 3245 3,
657 3216 702 3248 67⁵
715 3221 737 3247 5·
810 3212 907 3240 Notffiss
937 3211 1010 3238 Idem
1024 3214 1050 3243 6,
1064 3219 1104 3243 392
1118 3220 1142 3237 2-
1354 3213 1401 3241 has
1416 3213 1495 3240 stellis
1512 3211 1732 3239 interlabentibus
1745 3211 1860 3238 vmbras.
1932 3211 1977 3237 Sil.
1992 3212 2017 3241 6,
2031 3214 2056 3239 18
2086 3209 2265 3242 Truncosque
2278 3207 2399 3234 trahebat

287 3256 294 3274 1
306 3256 325 3274 N
336 3255 356 3274 T
366 3255 381 3274 Ε
391 3255 409 3274 R
420 3256 428 3275 1
438 3256 454 3276 E
464 3256 480 3276 C
491 3256 572 3280 Tlo,
592 3250 660 3276 [mis-
685 3249 704 3275 f·
742 3247 927 3283 [παρέμςῦλὴ]
963 3246 1127 3281 Interpofi‘m,
1147 3253 1169 3272 et
1181 3246 1293 3281 instrue.
1309 3239 1338 3268 85
1353 3251 1402 3276 Per
1415 3249 1524 3283 stragem
1538 3249 1627 3274 neruis
1643 3247 1863 3274 interlabentibus
1875 3252 1955 3273 artus.

251 3283 381 3316 Quinctil.
395 3295 407 3314 4
418 3304 426 3316 ,
448 3293 463 3311 2
473 3304 481 3316 ‚
507 3292 546 3310 121
580 3285 624 3311 Ne
644 3285 770 3310 sententia
783 3284 891 3318 quidem
905 3282 977 3309 velut
991 3282 1130 3316 fatigatum
1145 3281 1294 3308 intentione
1391 3293 1400 3311 1
1410 3292 1432 3311 N
1443 3291 1463 3310 T
1475 3291 1489 3309 1³
1500 3291 1518 3311 R
1529 3291 1543 3309 L
1554 3291 1575 3311 Α
1584 3290 1628 3310 TE
1638 3290 1672 3314 ο,
1694 3287 1747 3309 ere.
1807 3283 1871 3309 Non
1884 3282 1920 3308 est
1933 3279 2059 3311 dubium,
2080 3279 2145 3314 quin
2161 3278 2275 3305 multum
2290 3278 2399 3313 spiritu·
2425 3279 2435 3300 '¹
2454 3302 2458 3306 .

251 3319 410 3345 stomachum
423 3319 519 3345 iudicis
532 3319 641 3346 reficere
653 3319 831 3353 diss'uaserim,
857 3319 972 3345 maxime
989 3318 1097 3352 quidem
1117 3317 1194 3343 breui
1213 3315 1293 3343 inter·
1355 3321 1504 3347 imm-lateat
1531 3320 1588 3346 Sen.
1603 3320 1654 3352 (λιι,
1669 3319 1730 3344 Nat.
1743 3321 1775 3350 6,
1792 3320 1828 3344 16.
2458 3343 2459 3346 ,

250 3353 374 3380 ieehonc.
441 3356 481 3382 Sic
496 3355 559 3389 lens
612 3357 656 3380 Al.
670 3355 817 3381 interieeh.
886 3356 917 3380 A.
931 3354 963 3380 ad
976 3355 1093 3380 Herenn.
1109 3361 1118 3379 1
1131 3362 1152 3378 c.
1161 3355 1178 3378 6
1209 3353 1236 3378 Si
1249 3361 1294 3379 ne·
1393 3362 1402 3380 1
1413 3363 1435 3381 N
1444 3361 1466 3381 Τ
1476 3362 1492 3380 E
1501 3362 1520 3380 R
1530 3362 1544 3380 L
1557 3354 1603 3380 136
1612 3361 1630 3379 o
1640 3372 1648 3384 ,
1669 3353 1711 3386 egi
1720 3372 1728 3384 ‚
1750 3356 1802 3378 ere.
1856 3354 1904 3377 Per
1921 3349 2053 3374 interualla
2071 3349 2203 3383 decerpe-re.
2258 3347 2354 3375 Pallad.
2368 3348 2398 3375 in
2439 3357 2444 3379 ,τ
2456 3352 2457 3355 ’

251 3388 370 3421 gabinius
384 3398 430 3415 nos
445 3389 476 3415 de
487 3389 576 3423 aliqua
592 3398 621 3416 re
634 3389 769 3422 dicturos,
795 3395 820 3416 et
834 3395 920 3416 tamen
932 3389 1034 3416 occulte
1053 3389 1183 3419 dicemus,
1213 3388 1293 3414 inter·
1357 3390 1520 3420 Februario,
1538 3389 1567 3416 de
1580 3389 1658 3415 Malis
1670 3397 1690 3414 c.
1704 3396 1751 3420 ις,
1765 3390 1791 3413 16
1822 3386 1848 3413 Si
1866 3384 1935 3419 spissa
1949 3393 2026 3418 poma
2038 3393 2125 3411 ramos
2137 3383 2300 3415 onerabunt,
2317 3384 2398 3410 inter·
2420 3407 2421 3413 ,
2468 3382 2469 3388 ’

254 3422 366 3450 ἰεὲὶὶοηε
379 3424 531 3451 verborum.
604 3426 635 3451 In
656 3425 698 3451 his
711 3428 817 3460 ponitur
830 3432 880 3460 pro
900 3435 942 3457 ea,
966 3434 1025 3460 quae
1044 3423 1199 3458 Parenthefis
1218 3425 1294 3459 vulgo
1307 3419 1343 3443 90
1357 3425 1465 3460 legenda
1479 3426 1537 3452 sunt
1558 3432 1676 3459 quaeque
1697 3423 1811 3454 vitiosa,
1834 3427 1862 3448 vt
1882 3419 2037 3446 alimentum
2051 3420 2160 3447 caeteris
2174 3420 2262 3446 succus
2274 3419 2399 3454 aequipa-
2430 3417 2434 3422 ’

254 3465 363 3484 voratur.
434 3460 560 3495 Disertius
572 3463 645 3486 etiam
660 3461 790 3493 Qiine’til.
803 3466 826 3492 8,
839 3469 864 3492 2,
881 3468 905 3493 ις
928 3461 1012 3486 Etiam
1027 3459 1212 3486 interieCfione
1230 3462 1293 3493 (qua
1356 3468 1411 3494 ret,
1431 3469 1476 3487 etc.
1533 3460 1599 3488 Add.
1613 3460 1670 3486 Iun.
1684 3468 1712 3492 ς,
1729 3468 1762 3485 1.v
1785 3456 1835 3483 Iul.
1848 3464 1871 3487 3,
1887 3464 1904 3481 Ι.

255 3498 281 3530 et
294 3500 408 3520 oratores
424 3503 449 3521 et
461 3495 578 3521 historici
592 3495 743 3530 frequenter
757 3502 882 3527 Vtuntur,
902 3501 929 3522 vt
943 3495 1032 3521 medio
1046 3497 1165 3521 sermone
1177 3495 1294 3528 aliquem
1392 3504 1400 3522 1
1414 3503 1436 3524 Ν
1453 3503 1475 3523 T
1485 3503 1553 3523 ERL
1564 3503 1580 3523 E
1591 3501 1608 3522 C
1618 3502 1639 3521 T
1649 3501 1657 3519 1
1667 3501 1703 3527 o,
1723 3493 1790 3520 onis.
1815 3491 1835 3517 f.
1891 3490 2084 3525 Scriptnrarum
2100 3490 2251 3516 interiectio
2276 3489 2396 3516 Tertull.

256 3528 370 3554 inserant
389 3530 506 3561 sensum)
538 3531 664 3565 impediri
682 3531 748 3558 solet
767 3531 932 3564 intelle-Erus,
959 3531 1005 3557 nifi
1023 3531 1095 3565 quod
1115 3530 1294 3565 interponitur
1355 3532 1416 3559 adu.
1431 3533 1480 3559 Vx.
1495 3540 1526 3564 2,
1547 3534 1572 3558 6.
1606 3533 1624 3556 i.
1652 3529 1724 3556 tectio
1741 3530 1800 3555 aliis
1812 3529 1917 3562 negotiis
1931 3525 2074 3561 interposita
2088 3536 2096 3550 :
2132 3525 2180 3552 Sed
2192 3526 2273 3551 Prior.
2289 3525 2414 3550 inter-ie..

256 3562 336 3588 breue
355 3562 398 3589 est.
471 3567 550 3592 Habes
563 3566 687 3601 hicstmul
704 3566 868 3602 definitionem
881 3574 904 3593 ct
919 3568 1065 3601 exemplum,
1090 3566 1294 3602 quaepulcherri-
1330 3595 1341 3602 α
1356 3568 1428 3601 Stin,
1457 3569 1562 3594 alterius
1584 3564 1699 3592 leflionzs
1713 3574 1742 3591 ne
1762 3565 1880 3589 mentione
1905 3561 1999 3596 quidem
2017 3559 2097 3596 facia
2111 3571 2119 3586 .·
2161 3560 2238 3586 eodem
2260 3559 2396 3586 intellectu.

254 3606 293 3622 ma
302 3599 471 3632 prampicndz·
487 3605 551 3628 ratio
566 3600 607 3635 cst.
659 3604 698 3628 De
705 3609 782 3638 parte
795 3606 917 3629 orationis
930 3601 1060 3635 Quinctil.
1076 3610 1096 3634 ι,
1111 3609 1133 3634 ς,
1147 3610 1179 3634 ςι.
1220 3601 1294 3637 C⁰’².f·
1309 3596 1339 3621 9>
1393 3611 1402 3629 1
1415 3610 1437 3629 N
1451 3610 1472 3629 T
1484 3610 1526 3629 ER
1537 3605 1596 3629 ιῑυ
1606 3607 1624 3627 o
1634 3620 1643 3633 ,
1662 3603 1715 3627 ere.
1765 3597 1873 3625 Paullin.
1887 3597 1985 3624 Nolan.
1999 3598 2086 3624 Carni.
2101 3605 2137 3628 10,
2152 3598 2198 3622 261
2229 3595 2344 3621 Grauem
2357 3596 2398 3621 in·
2477 3614 2479 3620 ι

255 3638 266 3657 1
278 3639 296 3658 N
310 3638 330 3657 T
340 3640 354 3658 Ε
365 3640 383 3658 R
394 3640 408 3658 L
417 3640 486 3660 ECT
497 3644 544 3663 10.
1355 3639 1480 3666 terlidere
1495 3638 1606 3664 dentem.
2434 3631 2445 3641 '¹

292 3675 299 3692 1
313 3674 333 3693 N
345 3675 366 3694 'r
376 3675 391 3694 Ε
403 3675 420 3694 R
432 3676 439 3694 1
451 3673 550 3697 Ech‘r
560 3679 578 3698 R
589 3680 626 3704 Α,
645 3681 682 3699 ae.
722 3673 743 3700 f.
797 3673 919 3700 Frontin.
933 3672 965 3699 de
979 3672 1073 3699 Colon.
1087 3681 1110 3707 p.
1120 3679 1160 3705 ¹35
1190 3672 1254 3698 Sunt
1268 3677 1293 3699 et
1393 3682 1401 3700 1
1414 3681 1437 3700 N
1451 3681 1473 3700 T
1485 3681 1501 3700 E
1511 3680 1527 3699 R
1539 3680 1553 3698 1.
1565 3678 1602 3699 1G
1612 3678 1647 3703 o,
1675 3675 1728 3697 are.
1786 3668 1895 3695 Alterno
1915 3667 2028 3694 maculas
2063 3665 2228 3702 (tigridum)
2261 3665 2397 3700 interligat

258 3709 303 3734 Per
317 3703 428 3744 tcehtras
443 3705 538 3739 politae
559 3708 752 3735 interieeturae.
1357 3710 1428 3737 ostro
1454 3710 1515 3736 Stat.
1530 3707 1620 3735 Theb.
1636 3716 1658 3739 7,
1672 3714 1724 3740 571.
1779 3704 1849 3740 Conf.
1865 3704 1945 3730 Rutil-
1961 3704 2021 3729 ltin.
2036 3711 2054 3733 1,
2067 3710 2122 3734 539-
2445 3707 2460 3734 s

296 3744 333 3762 1N
346 3745 365 3764 T
376 3746 390 3765 ιε
402 3747 419 3765 R
430 3747 436 3765 1
449 3747 485 3766 M.
523 3742 719 3779 Adu.eemp0rir.
757 3743 890 3777 [μιταξύ]
928 3743 994 3770 Idem
1007 3742 1184 3779 quodlnterea.
1222 3742 1291 3769 Ter.
1394 3752 1436 3772 1N
1450 3751 1471 3771 T
1483 3751 1551 3771 ERL
1563 3742 1574 3770 i
1587 3749 1609 3768 N
1620 3749 1655 3774 o,
1672 3741 1727 3772 ini,
1746 3740 1842 3773 suisne
1857 3741 1918 3771 cui,
1938 3741 2021 3769 stum,
2041 3740 2094 3764 ere.
2129 3734 2281 3770 [διαλείφω]
2337 3736 2397 3762 Stiln'

260 3771 338 3810 Andr.
354 3781 371 3801 ι,
386 3783 394 3799 ι
404 3794 411 3806 ‚
426 3784 472 3801 100
504 3777 590 3803 Funus
605 3780 712 3805 interim
725 3779 859 3814 procedit,
879 3779 1023 3813 sequimur.
1081 3777 1154 3813 Cous.
1169 3777 1225 3804 Cic.
1244 3787 1293 3812 pro
1302 3777 1427 3816 ¹00parte
1440 3782 1508 3812 lata,
1526 3781 1689 3808 Atramemo,
1714 3783 1757 3801 ant
1774 3778 1857 3811 aliqua
1877 3784 1902 3801 re
1922 3772 2174 3810 aliafiaperinduffa,
2190 3771 2346 3806 scripturam
2359 3770 2397 3796 di·
2449 3791 2451 3793 .
2475 3790 2476 3795 ,

260 3805 317 3853 1:1{4
335 3816 383 3833 c-1.
419 3817 441 3834 et
455 3811 485 3837 de
499 3813 570 3839 Orat.
586 3822 600 3839 2
615 3817 684 3843 c.86.
791 3815 859 3840 Ter.
875 3815 938 3842 H-ec.
954 3823 973 3845 1,
988 3824 1016 3846 2,
1032 3822 1074 3840 102
1106 3813 1222 3840 Primum
1236 3814 1292 3840 dies
1356 3817 1433 3849 verfis
1445 3818 1504 3842 locis
1518 3813 1646 3846 destruere.
1717 3812 1772 3838 Cic.
1788 3821 1835 3846 pro
1848 3811 1951 3837 Cluent.
1966 3819 2004 3842 123
2022 3818 2043 3835 c.
2057 3819 2094 3843 44
2129 3807 2183 3840 Qui
2196 3805 2297 3846 tabulas
2311 3805 2405 3840 publi·¹
2443 3830 2451 3842 ἱ
2475 3809 2476 3838 J

261 3843 445 3883 cornplusculos
457 3845 522 3886 bene
541 3849 715 3875 conueniebat
736 3850 793 3875 sane
812 3850 881 3876 inter
899 3859 956 3876 eas:
990 3850 1097 3876 interim
1118 3849 1193 3875 miris
1206 3850 1293 3875 modis
1356 3861 1397 3878 cas
1410 3849 1549 3884 municipii
1563 3848 1601 3874 sui
1616 3848 1754 3882 corrupifl'e
1764 3847 1892 3873 iudicatus
1907 3845 1952 3878 fit,
1972 3846 2020 3880 qui
2033 3844 2212 3871 testamentum
2222 3841 2395 3867 interleuerit.

260 3875 338 3915 Pdffl?
350 3885 435 3911 coel’st
455 3881 601 3909 §osli-atam.
656 3885 772 3909 Donatus
786 3888 966 3919 interpretatur
983 3886 1106 3920 Repente.
1202 3887 1292 3919 Qtum
1357 3887 1416 3921 le.
1438 3886 1455 3912 l.
1472 3887 1500 3911 16
1520 3883 1542 3920 §.
1556 3892 1568 3916 5
1588 3884 1619 3909 D.
1634 3884 1759 3909 Familiae
1771 3883 1858 3909 ercisc.
1891 3882 1917 3908 Si
1933 3890 1999 3907 vnus
2013 3880 2130 3907 rationes
2144 3877 2314 3903 hereditarias
2328 3876 2396 3902 dele-

262 3916 382 3943 ῙΠΝ-Ἣῐΰ,
404 3921 450 3946 Pro
466 3917 543 3950 Quam
557 3926 635 3944 tamen
667 3919 796 3952 Qinffil.
811 3928 849 3950 12,
867 3929 894 3945 10
921 3922 992 3947 Sicut
1007 3928 1121 3956 quatuor
1136 3921 1293 3955 generaliter
1357 3923 1426 3948 verit
1443 3921 1483 3947 vel
1497 3919 1669 3945 interleucrit.
1740 3918 1841 3944 Paullus
1854 3918 1871 3943 l.
1886 3926 1898 3943 2
1917 3917 1950 3944 D.
1970 3917 2002 3943 ad
2022 3916 2052 3942 1...
2065 3912 2171 3942 Cornel.
2186 3912 2218 3938 de
2232 3912 2317 3945 fallis,
2338 3910 2394 3944 Qui
2436 3918 2440 3929 ¹

261 3951 351 3971 ventos
366 3947 474 3975 totidem
487 3953 578 3978 mundi
591 3953 741 3980 cardinibus
753 3955 898 3989 accepimus
911 3957 974 3983 flare
985 3977 994 3989 ,
1020 3965 1102 3992 quum
1115 3957 1223 3984 interim
1237 3956 1293 3991 plu.
1307 3958 1350 3985 105
1356 3957 1537 3984 testamentum
1550 3954 1694 3986 deleuerk,
1712 3953 1887 3981 interluxerit.
2311 3987 2383 4009 TER

2260 3990 2271 4010 1
2279 3990 2301 4011 N
2385 3995 2393 4002 ·
