2479 4225
311 195 383 237 847
691 168 971 216 GVR
1675 150 2050 206 'Gv'r
2359 147 2438 229 843

311 271 440 305 originem
454 263 554 295 audiui.
594 265 652 293 Vid.
671 264 788 291 Almelou.
858 256 952 283 Laber.
971 255 1037 290 apud
1048 254 1116 281 Gell.
1132 255 1172 285 16,
1191 260 1209 287 7
1238 252 1290 279 Hic
1304 253 1341 279 est
1441 259 1460 279 G
1471 260 1543 280 vs⁷r
1554 252 1576 279 Α·
1585 258 1670 282 TVS,
1694 250 1731 277 us.
1751 261 1786 292 in.
1823 252 1942 292 [γεῦμα]
1979 255 2027 280 Pro
2047 253 2130 288 Gustu.
2164 254 2220 281 Cic.
2230 252 2260 281 de
2268 254 2304 281 N.
2312 255 2344 283 D.
2357 263 2382 288 2,
2394 255 2437 299 ¹41,
2452 285 2454 289 ,

313 308 356 333 ,¹1²
386 304 466 331 urdus
493 310 547 330 etc*
593 301 670 328 Gloff.
683 298 739 325 ffid,
764 296 872 323 Brutus,
891 290 1006 317 Gurdus.
1406 296 1428 314 c.
1437 290 1465 320 56
1499 290 1553 315 Iam
1567 288 1693 321 gustatuS,
1713 295 1760 321 qui
1774 288 1868 313 sentire
1883 296 1990 321 eorum,
2009 290 2104 322 quibus
2117 291 2263 320 vescimur,
2283 299 2377 323 genera
2394 291 2439 319 de-=
2454 290 2456 293 ’

311 318 320 335 ¹
343 316 393 367 “va
404 347 422 367 R
434 345 454 365 G
465 321 502 366 iis
532 323 591 363 'stiffi
612 346 645 362 m,
683 332 824 365 [ianm-is,
845 325 910 361 δίνη]
952 327 1030 352 Locus
1043 323 1181 359 influmine
1190 322 1343 358 profundus,
1406 323 1496 356 beret,
1518 324 1617 350 habitat
1630 324 1657 349 in
1670 331 1698 348 ea
1712 329 1784 356 parte
1798 323 1863 354 oris,
1876 332 1928 357 qua
1939 324 2074 350 esculentis
2089 331 2113 351 et
2127 325 2269 359 potulentis
2284 327 2334 351 iter
2346 331 2434 355 natura
2464 336 2466 345 ³

311 380 337 403 in
366 385 395 402 uo
409 385 423 401 a
443 385 471 400 ua
484 359 622 410 congeritur
635 377 656 395 et
669 371 759 393 circum
780 365 897 389 vertitur.
967 363 1029 394 Quo
1048 360 1158 387 minime
1177 358 1265 398 credas
1284 367 1342 392 gur·
1407 360 1536 392 patefecit.
1592 360 1648 385 Vua
1667 357 1806 392 peracerba
1823 358 1922 392 gustatu
1939 360 1993 386 Cic.
2006 360 2037 385 de
2051 360 2109 385 Sen.
2124 369 2150 392 53
2169 370 2232 393 c.15.
2290 360 2347 395 Ipsa
2358 358 2436 397 gusta-7

331 385 365 437 itg
397 384 454 436 ist-qis
468 409 518 434 erit
544 406 622 434 Ouid.
636 404 666 428 de
680 401 749 426 A-A-
766 406 789 430 3,
805 400 868 431 426.
938 396 1005 423 Plin.
1019 405 1044 428 9,
1058 404 1081 427 31
1108 394 1207 420 Aestate
1222 402 1250 419 in
1262 402 1350 427 opaca*
1368 398 1382 425 ς
1408 397 1451 420 tio.
1487 395 1560 421 Idem
1579 393 1611 420 de
1625 395 1719 419 Natur.
1737 394 1816 419 Deor.
1832 401 1863 425 2,
1884 399 1923 426 158
1950 404 1971 420 c.
1987 397 2017 427 63
2044 395 2102 422 Nisi
2117 396 2186 422 forte
2203 402 2273 423 tanta
2292 396 2394 422 vbertas
2410 403 2434 426 et

313 421 361 472 gur
379 420 446 472 i'tum
459 444 589 471 recedunt.
630 438 658 463 de
677 437 783 461 cancri&
856 432 931 458 Altus
962 432 1035 466 Virg.
1050 431 1102 456 Ecl.
1117 432 1148 461 6,
1162 431 1205 463 76.
1277 428 1351 454 Alth,
1407 429 1518 456 varietas
1532 438 1688 464 pomorum,
1709 437 1853 462 corumque
1866 429 1992 456 iucundus
2011 439 2064 456 non
2077 431 2189 464 gustatus
2202 432 2301 463 solum,
2321 431 2362 456 sed
2376 432 2453 466 odo-,

313 456 379 509 tgudg
393 480 503 515 gurgitis
525 477 589 503 Plin.
604 478 626 502 8,
640 479 661 503 ς.
750 467 856 502 Apicius
869 473 994 502 nepotum
1007 467 1127 492 onmium
1138 464 1271 491 altiffimus
1285 473 1343 497 gur·
1408 470 1478 490 ratus
1492 466 1585 496 etiam,
1606 470 1630 490 et
1646 464 1797 498 adspce‘tus,
1817 463 2010 491 dubitationem
2023 465 2112 496 affert,
2130 467 2195 500 quin
2213 466 2366 493 hominibus
2379 467 2441 498 solist

315 526 358 552 ges
381 517 454 542 Idem
467 523 503 544 10,
516 517 557 544 48·
626 504 722 532 Anheli
746 504 790 530 Sil.
806 512 836 535 3,
873 523 880 530 .
917 523 924 529 .
977 503 1037 528 Cita
1051 502 1135 528 fertur
1150 499 1252 534 gurgite
1266 498 1343 524 claffis
1408 507 1438 525 ea
1451 506 1542 527 natura
1556 500 1704 526 donauerit.
1782 499 1902 526 Gustatus
1922 501 1957 527 est
1976 502 2062 527 sensus
2082 510 2113 527 ex
2126 502 2249 528 omnibus
2268 501 2382 528 maxime
2394 506 2459 530 vod-

314 553 388 585 Virg.
402 553 464 577 Aen·
477 557 504 579 5(ae
518 554 549 576 33,
617 542 751 579 Curuams-
778 538 851 565 1dem
864 540 962 570 Aen‚3‚
978 540 1031 571 563,
1101 536 1241 577 flumineo
1255 540 1344 568 raptus
1408 533 1532 569 luptarius
1549 536 1603 562 Cic.
1619 535 1649 560 de
1657 536 1710 576 nOr.
1724 543 1736 566 3
1758 543 1779 561 c.
1794 542 1832 567 25.
1843 570 1856 576 ..
2418 530 2447 572 ‘ff‘

315 589 388 615 venit
402 586 433 611 de
446 581 546 616 gurgite
560 577 635 612 piscis
673 575 788 614 Martial.
809 584 843 608 4,
865 577 908 600 66.
931 609 936 613 Ι
999 574 1108 599 Lernaei
1131 577 1242 611 gurgitis
1263 569 1344 602 hydra
1362 576 1391 594 10
1429 575 1470 612 G
1484 577 1504 595 v
1516 578 1629 610 Sijs‚
1653 579 1690 595 us.
1727 579 1762 596 m.
1797 570 1910 610 [γευσις]
1934 571 2108 611 ¹Sensus-ipsi,
2130 574 2173 612 qui
2189 581 2217 598 ex
2235 570 2371 607 gustatione
2383 569 2456 610 persi,

316 623 408 650 Anien,
423 616 520 645 Arateis
540 622 564 639 v.
578 617 627 644 38¹-
697 611 763 636 Plin.
780 618 796 643 9
807 629 815 641 ,
831 617 855 641 15
880 609 994 643 Reliquo
1008 614 1126 643 ternpore
1140 606 1253 632 h1berno
1266 605 1346 631 latent
1408 612 1511 640 capitur.
1546 606 1612 632 Plin.
1628 614 1665 637 10,
1680 612 1709 638 71
1736 607 1851 639 Qioque
1864 605 2070 632 existimauerim
2090 607 2214 634 omnibus
2233 609 2333 634 sensum
2354 608 2408 642 gust
2444 608 2453 642 f«

316 659 343 684 in
373 652 501 686 urgitibus
513 649 583 675 imis.
653 646 775 672 Limosus
801 645 880 671 Ouid.
895 645 960 670 Met.
973 647 1004 675 6,
1019 650 1068 676 381.
1139 641 1253 675 Rapidus
1286 641 1345 666 Sen.
1409 641 1466 667 else.
1521 642 1553 668 In
1569 639 1740 672 vetustioribus
1758 641 1880 667 comt-ibus
1900 642 1991 676 tegitur
2009 648 2033 667 et
2052 642 2182 669 Gustatus.
2235 643 2346 675 Gustus,
2362 643 2403 669 ide
2418 639 2460 672 “’““·.

316 666 422 722 Thgyest.
436 695 457 712 2.
529 684 622 710 Refluo
635 681 797 708 circumsona
811 680 913 713 gurgite
925 679 1018 705 Thule
1054 679 1115 705 Stat.
1133 678 1196 703 Silu.
1218 684 1240 709 5,
1255 685 1264 702 1
1276 696 1284 708 ,
1307 684 1346 708 91.
1410 676 1481 711 quod
1497 677 1573 712 sapor
1594 675 1713 702 Scribon.
1729 681 1778 708 185.
1800 678 1850 706 186.
1873 682 1921 706 188.
1949 683 1972 702 et
1984 677 2092 712 saepius.
2136 678 2202 704 Add.
2218 679 2296 704 Rhod.
2318 681 2344 704 in
2357 672 2457 721 Lexiofil'3i2

316 727 432 753 Sinuatus
455 720 501 746 Sil.
515 728 553 751 13,
589 738 596 744 .
633 736 640 744 .
709 716 830 742 Sinuatus
845 715 873 740 in
887 723 981 740 curuos
994 723 1067 740 arcus
1091 713 1171 740 Ouid.
1186 713 1248 738 Met.
1265 719 1346 744 14,51.
1408 711 1487 739 ScrIb.
1541 713 1621 743 Acer,
1648 710 1702 736 vid.
1720 717 1816 738 ACFR.
1885 713 1981 738 Acutus
1994 718 2020 738 et
2033 712 2156 739 odoratus
2170 713 2256 748 gustus
2270 714 2337 740 Plin.
2352 706 2433 748 2751,
2449 716 2465 743 '}.

314 759 408 787 Tuscis
420 755 569 790 gurgitibus
583 761 648 787 puer
661 751 781 778 innatasti
807 751 867 776 Stat.
881 750 945 776 Silu.
959 757 986 782 4,
1002 757 1025 781 5,
1037 759 1081 782 40.
1150 748 1266 779 Tantos,
1280 755 1347 781 quae
1365 753 1390 780 ις
1409 748 1518 774 Amarus
1532 757 1591 774 cum
1611 745 1795 778 adstrictione,
1819 746 1874 772 vid.
1893 754 1941 774 AD
1951 755 1963 773 s
1972 754 1993 774 T
2002 755 2021 774 R
2030 755 2039 774 1
2049 755 2070 773 N
2080 754 2101 773 G
2111 755 2139 774 Ο.
2210 749 2356 775 Αάίὶιίᾶιιε
2375 749 2410 775 Pl·
2429 750 2439 769 t
2449 750 2464 779 l.

313 791 459 825 Charybdis
473 790 612 817 exhaurire
625 787 740 821 gurgites
756 787 849 820 posset,
874 791 982 819 quantas
996 785 1043 811 iste
1063 784 1264 816 Byzantiorum,
1283 783 1347 808 Bro-
1409 791 1453 817 27,
1466 791 1501 809 12.
1572 782 1721 812 Austerior,
1744 782 1795 807 vid.
1810 789 1831 808 A
1841 789 1973 809 VSTER.
2027 783 2134 809 Calidus
2154 783 2218 810 Plin.
2232 792 2275 819 27,
2290 790 2313 814 g,
2367 785 2399 811 ΡΒ
2432 816 2435 818 v
2453 795 2456 799 .

311 830 510 863 gitarorurnque
523 824 629 859 praedas
643 822 785 848 exorbuit?
821 821 877 846 Cic.
891 820 923 845 de
936 820 1111 854 Arusp.Resp.
1125 828 1156 852 59
1170 828 1190 845 c.
1199 826 1240 852 27.
1297 819 1345 843 Pro
1408 819 1576 853 potionisque
1592 818 1737 844 bonitatem
1752 817 1827 851 gustu
1838 818 1975 852 explorare
1988 818 2045 844 Col.
2059 827 2083 850 2,
2095 827 2117 844 2.
2141 826 2164 845 et
2178 827 2211 851 11,
2226 828 2249 845 2,
2386 817 2406 855 q
2422 815 2458 853 ὀμ.

311 864 367 899 Jpso
381 865 458 888 maris
465 861 575 896 periculo
588 866 611 884 et
625 860 702 884 ueluti
710 857 782 893 syrte
795 855 900 891 quadam
911 862 955 881 aut
967 855 1054 889 Scylla.
1127 855 1347 888 Virg.Aen.1,118
1409 854 1464 880 Cic.
1477 853 1589 888 Philipp.
1603 862 1628 885 2,
1644 860 1680 885 ιι5
1701 861 1721 878 c.
1735 860 1766 884 45
1792 853 1826 878 Vt
1841 853 1948 887 quidam
1967 853 2062 880 morbo
2083 854 2173 888 aliquo
2189 861 2214 881 et
2235 855 2319 881 sensus
2337 854 2453 890 stupore,-

311 900 442 933 Apparent
454 897 507 923 rari
521 901 609 921 nantes
622 894 648 919 in
662 893 765 926 gurgite
779 891 859 918 vasto.
896 890 965 917 Add.
979 891 1073 917 Auicn.
1088 891 1158 917 Arat.
1174 900 1198 915 v.
1208 898 1237 922 41
1251 895 1273 915 et
1286 896 1346 920 344.
1409 890 1560 916 suauitatem
1575 889 1627 915 cibi
1642 897 1696 914 non
1709 888 1824 914 sentiunt
1836 899 1842 914 ι
1864 888 1897 914 fic
1910 888 2064 922 libidinosi,
2083 891 2173 923 auari,
2192 889 2346 921 facinorosi,
2367 895 2456 931 verae-f,

311 934 469 965 Caeruleus,
483 938 532 967 pro
547 931 642 957 Oceano
665 927 746 955 Ouid.
761 928 823 953 Met.
838 935 859 957 2,
871 931 923 958 528.
976 952 979 953 ⁷
994 927 1042 952 Per
1054 928 1249 952 translationem.
1290 924 1347 949 Cic.
1360 934 1394 952 20
1409 924 1492 951 laudis
1507 925 1608 959 gustum
1626 933 1680 950 non
1699 922 1803 949 habent.
1876 924 1970 951 Gustus
1988 934 2042 952 non
2062 924 2174 952 traditur
2194 931 2250 952 arte
2269 925 2400 959 Qinefil,
2417 925 2449 961 Q

311 970 344 996 in.
353 971 430 996 Verr.
445 976 468 1000 3,
482 976 512 999 23
538 965 667 992 Immensa
681 964 770 997 aliqua
782 971 881 996 vorago
894 961 945 993 est,
963 967 1007 987 aut
1020 970 1113 995 gurges
1126 961 1272 992 vitiorum,
1291 965 1347 985 tur·
1410 968 1433 992 5,
1447 969 1465 985 1.
1499 960 1566 988 Λεία,
1580 969 1606 993 9,
1620 969 1648 993 4,
1664 968 1718 986 120,
1743 966 1767 984 ει
1785 960 1809 990 6,
1823 967 1845 990 3,
1859 966 1896 993 ¹7·
2090 959 2111 998 q
2127 971 2138 993 3
2173 961 2284 993 Gustus,
2298 968 2348 997 Pro
2360 963 2452 996 prim,

330 1004 514 1037 itudinumquc
526 1001 655 1028 omnium.
726 998 799 1025 Idem
814 998 841 1024 in
852 998 936 1023 Pison.
950 1005 979 1029 41
993 1006 1014 1022 c.
1033 1004 1061 1031 17
1097 997 1146 1023 Ille
1158 1004 1251 1031 gurges
1267 1001 1346 1029 atque
1406 995 1511 1030 prandii
1528 995 1611 1030 miffiae,
1622 994 1794 1030 Jizceferculo.
1830 994 1946 1020 Martial.
1961 1003 1993 1027 11,
2005 1003 2033 1027 32
2427 1003 2451 1026 Α,

311 1015 419 1072 iielluo,
437 1045 511 1065 natus
525 1035 662 1063 abdomini
682 1035 745 1067 suo,
769 1042 823 1060 non
837 1033 910 1059 laudi
923 1038 1001 1067 atque
1014 1031 1122 1065 gloriae.
1200 1032 1299 1064 Gurges
1321 1034 1347 1056 et
1638 1031 1720 1057 Gustu
1740 1029 1861 1064 protinus
1881 1029 1926 1056 has
1944 1029 2003 1056 edes
2022 1030 2051 1056 in
2070 1030 2143 1066 ipso,
2420 1030 2447 1070 ᾖ

311 1077 412 1110 vorago
427 1072 581 1109 patrimonii
605 1070 641 1097 Id.
656 1079 704 1104 pro
717 1070 783 1096 Sext.
797 1078 831 1095 111
846 1078 868 1094 c.
882 1076 920 1101 52.
993 1069 1051 1093 Non
1071 1067 1238 1103 improbabilis
1249 1065 1281 1099 est
1290 1066 1348 1101 sen—
1637 1067 1691 1093 Has
1711 1067 1796 1100 prima
1817 1066 1900 1096 feret,
1925 1065 2041 1092 alteraue
2060 1075 2159 1099 coena,
2424 1071 2429 1094 j

311 1114 391 1138 tentia
406 1112 441 1137 Io.
457 1107 559 1141 Mrurfii
570 1105 683 1139 manti-'ffiz
696 1105 729 1131 ad
741 1105 783 1131 lib.
797 1104 826 1131 de
838 1105 896 1130 luxu
909 1104 977 1129 Rom.
991 1112 1012 1129 c.
1020 1112 1046 1129 12
1061 1102 1199 1129 deriuantis
1214 1103 1258 1128 hoc
1270 1108 1346 1127 totum
1364 1111 1393 1138 ,ς
1638 1103 1692 1128 Has
1708 1110 1788 1128 coena
1808 1101 1859 1128 tibi
1878 1101 1956 1128 tertia
1971 1108 2090 1136 reponet.
2127 1103 2156 1128 de
2173 1101 2308 1129 cucurbitis
2327 1102 2405 1138 loquit
2442 1099 2450 1114 ““

312 1155 396 1173 nomen
408 1155 423 1171 α
440 1146 483 1171 Gr.
497 1142 591 1178 γοργόν.
643 1142 705 1168 Sunt
718 1144 780 1166 enim
793 1138 897 1174 γοργόνα
910 1137 976 1173 apud
987 1138 1086 1165 Suidam
1102 1138 1200 1172 φοβερυί
1217 1138 1247 1162 εἰς
1266 1147 1347 1169 γαςρι-
1410 1134 1485 1170 Conf.
1498 1135 1566 1172 Lips.
1584 1137 1647 1163 Ant.
1661 1136 1742 1163 Lestt.
1762 1138 1780 1163 1.
1798 1145 1822 1168 3.
2017 1136 2037 1172 fl
2063 1146 2082 1170 4
2118 1137 2213 1164 Gustus
2231 1137 2302 1164 rebus
2318 1139 2401 1164 venali
2410 1172 2412 1174 v

312 1182 427 1217 μαργίαν.
483 1180 568 1205 Fuerit
581 1181 663 1211 itaque
671 1175 757 1211 γοργών
770 1176 870 1213 Gurges
879 1177 962 1209 primo
975 1182 1063 1216 uorax,
1082 1182 1111 1200 ac
1123 1172 1209 1199 deinde
1221 1180 1263 1207 prr
1275 1178 1349 1213 metas
1410 1173 1548 1212 tribuitur,
1563 1178 1585 1197 et
1598 1171 1630 1205 est
1643 1172 1718 1204 illud,
1736 1181 1782 1208 quo
1800 1173 1905 1214 bonitas*
1915 1171 2013 1199 illarum
2027 1175 2183 1213 exploratus,
2203 1174 2276 1213 vulgo
2290 1171 2406 1214 Praegust
2446 1170 2450 1178 ¹

307 1218 411 1253 pharam
426 1217 492 1241 Iocus
503 1217 530 1239 in
543 1215 607 1239 mari
620 1211 771 1247 uclflumine
783 1209 910 1244 abjorbens
924 1218 1012 1235 omnia.
1067 1210 1151 1245 Neque
1163 1216 1242 1234 tamen
1263 1207 1349 1242 displi-
1416 1206 1474 1232 Vni.
1486 1207 1585 1242 Casaub.
1598 1207 1632 1233 ad
1645 1208 1736 1234 Athen.
1751 1218 1778 1239 1,
1793 1217 1830 1234 22.
1867 1209 1936 1234 Hmc
1947 1208 2053 1248 metaph.
2090 1208 2169 1234 Dedit
2180 1208 2258 1234 nobis
2273 1208 2393 1243 gustum,

311 1259 349 1278 ce,
362 1261 389 1277 fx
402 1250 454 1285 ''Pfi'
461 1249 522 1285 fim⁰
538 1256 656 1283 aquarum
669 1245 762 1272 ᾱιὲἶιιηι
779 1244 822 1278 est?
834 1247 913 1279 primo
927 1245 1067 1278 gurgitem.
1186 1241 1206 1278 ἢ
1229 1252 1243 1269 z
1280 1244 1348 1268 Gur·
1410 1250 1488 1276 quem
1501 1242 1668 1276 respondebit
1683 1243 1740 1269 Seu.
1754 1244 1799 1277 Ep.
1814 1252 1846 1269 ιι.
1916 1244 2077 1278 Principatus
2093 1249 2153 1270 tuus
2172 1243 2204 1270 ad
2216 1243 2319 1277 gustum
2332 1244 2410 1278 exigit

312 1296 371 1322 ges,
398 1287 530 1321 Cognomen
550 1285 587 1317 Q
598 1281 674 1308 Fabii
687 1281 804 1307 Rulliani
819 1279 884 1313 filii,
899 1288 913 1306 a
927 1279 1054 1306 deuorato
1068 1278 1229 1314 patrimonio
1242 1278 1282 1305 illi
1298 1279 1346 1304 im·
1364 1291 1395 1316 30
1410 1277 1482 1304 Idem
1497 1277 1528 1304 de
1541 1278 1624 1305 Clem.
1640 1288 1659 1311 1,
1674 1288 1693 1305 1.
1729 1278 1802 1314 Conf.
1823 1278 1888 1305 Plin.
1903 1279 1948 1313 Ep.
1963 1289 1992 1312 4,
2005 1288 2045 1314 27,
2057 1286 2080 1312 5.
2133 1279 2279 1306 Minimum
2298 1279 2383 1306 veluti
2399 1272 2443 1314 giu

311 1321 421 1358 politum
448 1318 566 1346 Macrob.
580 1319 680 1344 Saturn.
693 1325 719 1349 2,
732 1325 757 1349 9.
792 1317 876 1352 Sigon.
891 1315 919 1341 de
933 1317 1006 1341 Nom.
1019 1316 1087 1341 Rom.
1101 1324 1152 1347 c.5.
1409 1313 1475 1340 stum
1489 1313 1594 1340 haurire
1610 1315 1694 1340 somni
1707 1315 1810 1341 Petron.
1831 1323 1853 1340 c.
1866 1323 1902 1341 22.
2442 1333 2447 1337 .

346 1364 367 1384 G
376 1365 395 1383 V
406 1364 423 1383 R
434 1362 454 1382 G
464 1362 482 1380 V
494 1361 526 1381 LI
538 1361 557 1381 O
566 1373 574 1386 ,
591 1353 659 1379 (mis.
696 1361 731 1378 m.
773 1351 873 1386 [τρώξ]
931 1349 1023 1383 Fistula
1034 1350 1090 1376 colli
1096 1350 1232 1386 spirituum
1245 1354 1346 1374 meatus.
1445 1355 1467 1376 G
1476 1356 1496 1375 V
1506 1356 1519 1375 s
1530 1355 1551 1375 T
1561 1357 1611 1376 AT
1624 1357 1642 1376 o
1652 1357 1672 1376 R
1684 1358 1693 1376 1
1703 1356 1723 1374 V
1733 1357 1756 1376 M
1766 1370 1775 1382 ,
1798 1351 1817 1376 i.
1854 1359 1880 1375 n.
1916 1347 2060 1383 [γευςίδὶοη
2078 1350 2120 1377 Gl.
2137 1350 2167 1376 L.
2181 1350 2228 1376 Gr.
2238 1352 2250 1383 ]
2281 1347 2444 1385 supellefflill'e

312 1393 399 1418 Varro
411 1391 443 1417 de
457 1391 526 1416 R.R.
542 1398 565 1419 2,
578 1397 600 1421 3,
615 1397 631 1414 2
656 1387 752 1413 Hircus
765 1387 867 1413 ceruice
879 1391 905 1412 et
919 1386 990 1412 collo
1005 1385 1101 1417 breue,
1120 1385 1280 1419 gurgulione
1291 1383 1347 1409 lon·
1403 1390 1486 1420 pars,
1502 1387 1529 1410 in
1549 1394 1596 1420 qua
1616 1385 1751 1418 Gustatio,
1769 1385 1793 1421 s
1807 1386 1940 1419 Promulsis
1959 1389 2100 1421 apponitur.
2142 1386 2200 1412 Vid.
2219 1392 2262 1412 PR
2272 1391 2325 1411 OM
2335 1389 2354 1410 V
2366 1384 2447 1412 Ls1fl'‹

310 1428 394 1462 giore.
465 1426 602 1452 Pulmones
615 1432 673 1450 cum
688 1423 739 1448 suis
753 1422 956 1456 gurgulionibus
984 1421 1049 1448 Plin.
1063 1421 1150 1446 Valer.
1167 1429 1189 1453 2,
1205 1428 1241 1456 17.
1277 1419 1347 1446 ΑΜ.
1409 1427 1433 1446 et
1454 1427 1469 1445 Ρ
1478 1427 1497 1446 R
1506 1427 1524 1446 Ο
1534 1427 1558 1446 Μ
1567 1428 1587 1446 V
1597 1427 1612 1445 L
1622 1428 1634 1446 s
1646 1427 1653 1445 1
1663 1427 1681 1446 D
1690 1427 1711 1446 A
1720 1427 1739 1446 R
1749 1426 1775 1445 E.
1819 1422 1885 1446 Nam
1897 1421 1959 1446 idem
1974 1420 2017 1453 ‘ff’
2030 1421 2209 1447 Gustatorium
2221 1427 2245 1447 et
2257 1419 2444 1448 Promulfidare

311 1463 410 1489 Arnob.
424 1471 435 1494 3
455 1471 479 1496 p.
494 1468 550 1495 107.
638 1458 754 1485 Lat‘stant.
771 1457 802 1483 de
816 1457 890 1491 Opif.
911 1466 932 1483 c.
951 1466 974 1483 11
1002 1457 1112 1491 Spiritus
1126 1462 1233 1488 contra,
1253 1455 1299 1489 qui
1312 1454 1348 1494 es}
1362 1465 1390 1491 35
1409 1462 1513 1490 apparet
1526 1465 1554 1481 ex
1569 1456 1672 1481 Petron.
1691 1464 1712 1480 c.
1726 1463 1751 1486 31
1769 1454 1863 1481 Adlata
1878 1455 1913 1481 est
1926 1456 2045 1481 Gustatio
2059 1456 2136 1482 valde
2148 1456 2218 1482 lauta
2254 1470 2298 1475 —-
2332 1464 2391 1492 quas
2405 1454 2443 1482 cle-

311 1497 484 1532 incorporalis
499 1505 526 1522 ac
541 1494 643 1526 tenuis,
663 1494 711 1528 qui
725 1494 835 1527 spatium
857 1492 906 1519 fibi
926 1493 1012 1518 facere
1032 1501 1085 1519 non
1102 1498 1221 1526 poterat,
1249 1496 1348 1524 accepit
1410 1491 1466 1517 inde
1480 1491 1641 1526 describitur,
1659 1491 1800 1530 Caeterum
1817 1491 1845 1516 in
1857 1491 2041 1524 promulsidari
2053 1491 2145 1517 asellus
2159 1498 2213 1518 erat
2222 1490 2384 1523 Corinthius,
2396 1492 2442 1518 eti:-

311 1535 382 1560 viam
398 1533 511 1564 fatalem,
524 1539 590 1565 quae
603 1536 712 1556 vocatur
725 1528 865 1563 Gurgulio.
918 1529 942 1554 Is
962 1527 1060 1554 constat
1079 1536 1110 1554 ex
1124 1527 1217 1553 offibus
1230 1525 1348 1552 flexuofis
1410 1526 1505 1553 Deinde
1520 1535 1541 1551 c.
1557 1545 1564 1551 .
1586 1545 1592 1551 .
1613 1526 1807 1560 Repofitorimn
1822 1526 1929 1559 allatum
1942 1526 1977 1552 est
1990 1535 2048 1552 cum
2062 1526 2156 1552 corbe:
2176 1534 2199 1552 et
2206 1536 2261 1552 mox
2275 1535 2336 1560 c.34
2379 1525 2442 1567 uffa-

312 1578 340 1596 ae
353 1568 477 1594 mollibus
486 1587 494 1598 ,
513 1565 582 1600 quali
597 1574 627 1591 ex
641 1565 743 1591 annulis
766 1565 794 1590 in
812 1569 917 1590 catenae
939 1563 1047 1589 modum
1061 1562 1202 1597 compaoffls
1214 1571 1242 1588 ac
1255 1561 1348 1588 cohae-
1410 1561 1479 1587 toria
1494 1561 1593 1595 pariter
1605 1570 1619 1587 a
1633 1561 1716 1587 choro
1727 1567 1846 1587 cantante
1858 1561 2004 1596 rapiuntur.
2040 1562 2120 1588 Gloff.
2133 1562 2165 1588 ad
2178 1562 2204 1588 h.
2220 1562 2238 1588 l.
2260 1563 2288 1588 In
2300 1561 2344 1596 qui
2364 1569 2393 1587 us
2403 1561 2440 1587 'ci-

312 1603 447 1634 rentibus,
467 1607 588 1635 patetque
601 1601 700 1634 semper
713 1600 773 1626 hinc
786 1599 915 1626 transitus.
966 1599 1039 1634 Conf.
1060 1599 1183 1625 Prudent.
1203 1597 1263 1624 adu.
1277 1598 1349 1628 Sym-
1410 1596 1459 1623 bus
1480 1597 1497 1623 s.
1517 1603 1658 1622 antecoena
1676 1596 1865 1631 apponebatur.
1937 1597 2003 1623 Plin.
2018 1597 2095 1631 Epist.
2111 1606 2133 1630 5,
2148 1600 2173 1630 6,
2187 1605 2219 1632 37
2238 1595 2377 1631 destibadio
2384 1596 2441 1632 suo,

314 1638 396 1665 m'ach.
413 1646 440 1669 2,
455 1645 520 1669 ¹053·
666 1633 686 1671 ff
706 1644 717 1660 2
755 1635 893 1661 pudendum
906 1636 981 1661 virile
1010 1635 1076 1660 Pers.
1091 1644 1123 1667 4,
1138 1642 1177 1668 37.
1294 1630 1314 1669 Ἴ
1335 1641 1393 1666 340
1412 1632 1610 1665 Gustatorium,
1628 1633 1789 1666 grauiorque
1810 1632 1947 1664 coenatio,
1968 1634 2082 1666 margini
2101 1633 2253 1668 imponitur.
2326 1629 2442 1658 Martial.

313 1672 353 1706 Est
368 1680 391 1699 et
409 1672 560 1698 Vermiculus
572 1668 671 1705 quidam
676 1669 817 1702 frumentis
830 1672 944 1695 inimicus
953 1675 965 1702 ,¹
990 1670 1055 1704 apud
1067 1670 1132 1696 Plin.
1147 1668 1272 1704 mstforte
1285 1669 1350 1694 Cur.
1414 1677 1456 1700 14,
1477 1672 1506 1697 88
1531 1669 1615 1694 lemma
1629 1666 1678 1700 est,
1700 1668 1882 1694 Gustatorium
1902 1668 2008 1702 (malim
2023 1668 2189 1701 Gustatoria)
2218 1670 2365 1703 epigramma
2377 1666 2422 1691 hoc
2433 1674 2444 1690 .-

312 1709 384 1735 culio
398 1706 491 1734 reflius
498 1705 643 1741 scribendus
658 1703 699 1737 est.
741 1704 797 1730 Via.
815 1709 994 1730 CVRCVLio.
1066 1705 1132 1731 Plin.
1146 1710 1180 1737 18,
1195 1713 1224 1735 30
1247 1705 1349 1737 Gurgu-
1411 1703 1564 1729 Femineam
1577 1703 1655 1729 nobis
1672 1703 1781 1729 cherson
1799 1701 1963 1737 (tqsludinem
1977 1702 2136 1738 torrestrem)
2153 1704 2171 1730 si
2184 1704 2267 1730 credis
2280 1700 2371 1730 incise,
2394 1700 2448 1731 De-A

313 1745 412 1769 lionem
427 1743 497 1768 enim
510 1750 564 1767 non
576 1738 728 1766 descendere
742 1739 812 1764 infra
825 1745 937 1772 quatuor
951 1738 1061 1771 digitos,
1084 1748 1130 1764 nec
1148 1739 1260 1771 amplius
1283 1739 1350 1771 peri·
1409 1738 1520 1771 espen-is,
1537 1738 1623 1771 pelagi
1637 1739 1749 1764 mascula
1761 1739 1855 1773 praeda
1868 1740 1964 1765 sumus.
2056 1739 2121 1766 Plin.
2135 1748 2159 1773 9,
2171 1748 2192 1766 ιι
2208 1736 2384 1765 Testudinum
2400 1736 2465 1769 pm«

313 1778 407 1803 clitari.
599 1772 620 1810 ff
652 1783 671 1806 4
722 1774 871 1808 Gurgulio,
911 1773 1048 1805 οἰκημάτων
1076 1772 1161 1808 &puzal
1188 1774 1246 1798 Vet.
1269 1773 1348 1798 Gloff.
1411 1773 1510 1798 tamina
1525 1774 1610 1798 secare
1628 1773 1656 1798 in
1677 1773 1802 1804 laminas,
1820 1774 1953 1807 leetosque
1967 1780 1992 1800 et
2008 1775 2163 1808 repositoria
2182 1774 2233 1807 (ex
2245 1773 2290 1799 hoc
2309 1777 2390 1805 nempe

313 1812 388 1839 Modo
409 1819 455 1835 non
468 1809 506 1842 fit
524 1809 706 1841 Gurgustiurn.
1359 1815 1392 1841 45
1410 1816 1464 1833 nere
1472 1806 1535 1841 fimt
1547 1806 1702 1840 gustatoria,
1721 1810 1779 1841 quin
1794 1806 1946 1839 Sulfiantiui
1965 1807 2046 1839 instar
2058 1808 2091 1841 est
2104 1807 2300 1842 Repofitorium
2310 1826 2316 1837 ,
2334 1809 2375 1832 cui
2387 1806 2419 1831 Pr

349 1852 370 1873 G
381 1854 401 1872 V
413 1852 427 1870 R
440 1851 511 1870 GVS
523 1849 543 1868 'r
555 1850 563 1868 1
575 1850 592 1868 V
603 1850 644 1874 M,
664 1844 681 1868 i.
709 1851 735 1867 n.
773 1840 898 1877 [οἰκίδιον]
953 1843 1054 1874 Festus,
1075 1843 1162 1869 Genus
1177 1841 1348 1868 habitationis
1410 1841 1608 1874 mullidarium,
1627 1843 1667 1868 vel
1679 1841 1860 1868 Gustatorium
1879 1842 2004 1877 additur)
2029 1843 2069 1869 his
2090 1843 2184 1870 vestire
2205 1842 2342 1870 Corbilius
2361 1840 2417 1867 Poll

311 1881 457 1912 angustum,
478 1887 489 1903 a
504 1878 667 1911 Gurgulione
688 1877 870 1906 (Curculione)
889 1877 1136 1903 vermeficdiftum.
1187 1877 1291 1902 Seruius
1309 1896 1316 1902 .
1339 1895 1346 1901 .
1410 1877 1530 1902 instituit.
2101 1888 2103 1891 -
2346 1899 2347 1902 ,

312 1912 395 1949 dolet,
423 1914 592 1947 Gurgus'tium
617 1913 665 1938 effe
687 1911 831 1938 Obscuram
851 1916 877 1936 et
889 1911 1014 1936 latentem
1029 1911 1172 1936 tabernam.
1243 1911 1299 1935 Cic.
1318 1910 1347 1934 in
1448 1915 1632 1939 GVSTVM,
1652 1909 1670 1933 i.
1707 1917 1733 1933 n.
1771 1910 1909 1938 Ferculum,
1928 1911 1993 1943 quod
2002 1910 2124 1944 gustatur.
2159 1913 2264 1938 Petron.
2283 1921 2305 1938 c.
2318 1913 2353 1946 76
2381 1911 2410 1938 N

312 1954 398 1980 Pison.
410 1959 432 1984 15
448 1960 468 1975 c.
481 1952 497 1974 6
526 1947 704 1974 Meministine
716 1955 826 1973 coenum
835 1965 841 1976 ,
858 1955 939 1980 quum
952 1945 983 1971 ad
996 1951 1021 1972 te
1035 1945 1126 1980 quinta
1139 1945 1196 1970 fere
1209 1943 1274 1969 hora
1289 1952 1348 1969 cum
1409 1942 1479 1969 mihi
1492 1942 1554 1968 hacc
1568 1941 1669 1982 ia&ura
1681 1941 1749 1975 gusti
1763 1942 1823 1968 fuit.
1857 1942 1925 1968 Add.
1938 1944 2012 1977 Apic.
2027 1955 2054 1978 4,
2068 1953 2089 1977 ς,
2414 1944 2424 1971 ,ζ

313 1990 342 2016 C.
356 1989 446 2015 Pisone
460 1985 599 2015 venissem,
623 1984 711 2009 nescio
732 1991 785 2016 quo
804 1990 817 2007 e
830 1981 965 2015 gurgustio
979 1986 1003 2007 te
1017 1981 1136 2015 prodire:
1171 1979 1295 2005 inuoluto
1309 1987 1348 2004 ca·
1363 1989 1395 2015 50
1449 1983 1522 2005 Gvs
1535 1983 1556 2003 Τ
1568 1985 1588 2003 v
1599 1984 1681 2009 Lvs,
1709 1977 1727 2004 i.
1764 1986 1800 2003 m.
1838 1977 1914 2004 Idem.
1950 1979 2028 2013 Apul.
2049 1981 2112 2007 Met.
2132 1989 2149 2013 9
2177 1982 2232 2008 Oua
2252 1980 2384 2016 gustulum
2402 1989 2418 2008 υ

312 2025 382 2058 pite,
402 2020 542 2048 soleatuzu?
614 2018 685 2044 Idem
698 2017 730 2043 de
746 2018 780 2043 N.
791 2018 823 2042 D.
838 2026 856 2047 1,
871 2025 903 2042 22
915 2025 961 2048 c.9
996 2016 1070 2049 Qud
1082 2023 1169 2042 autem
1183 2021 1254 2044 erat,
1275 2013 1348 2048 quod
1409 2020 1474 2042 cat;
1507 2019 1530 2039 et
1549 2011 1623 2045 ibid„
1636 2021 1652 2038 ι
1681 2022 1707 2047 p.
1728 2021 1769 2044 119
1787 2012 1901 2048 suauium
1919 2014 2026 2050 appellat
2045 2015 2149 2043 dulcem
2167 2025 2286 2044 amarum
2305 2016 2407 2052 gustulu
2434 2027 2448 2047 ⁷)

312 2058 502 2092 concupisceret
516 2056 585 2081 Deus
599 2054 723 2080 nmndum
738 2052 813 2085 signis
827 2058 852 2077 et
866 2051 1011 2077 luminibus
1023 2059 1145 2085 tanquam
1164 2050 1256 2077 aedilis
1271 2058 1348 2075 orna·
1409 2049 1484 2085 Conf.
1503 2048 1572 2084 LipJ.
1595 2049 1641 2074 loc.
1659 2057 1681 2074 c.
1708 2055 1737 2084 p.
1756 2057 1794 2083 93.
2419 2050 2450 2088 »ἢ

313 2096 359 2121 re}
398 2093 429 2124 li,
450 2098 476 2117 vt
497 2092 565 2116 Deus
586 2090 638 2124 ipse
652 2089 745 2114 melius
760 2087 903 2113 habitaret:
937 2095 1010 2112 antea
1023 2087 1146 2113 videlicet
1159 2091 1277 2119 tempore
1291 2084 1349 2110 insi·
2429 2101 2448 2117 Γ

264 2150 267 2154 .
313 2131 371 2157 nito
384 2130 410 2155 in
424 2126 538 2154 tenebris
547 2146 555 2158 ,
573 2131 695 2165 tanquam
707 2125 737 2164 in
749 2122 884 2157 gurgustio
897 2121 1071 2147 habitauerat.
1783 2110 1811 2141 G
1914 2112 1943 2142 V
1963 2139 1970 2143 .
2039 2113 2073 2144 T

351 2171 371 2191 G
381 2170 456 2190 vas
466 2170 484 2187 v
495 2168 506 2186 s
516 2168 536 2187 T
546 2167 635 2187 1013v
646 2167 686 2191 Μ,
705 2168 722 2185 ι.
742 2168 766 2184 n.
788 2158 887 2184 Dimin.
922 2157 1054 2190 [οἱκίσκος]
1091 2154 1288 2189 Apul.Met.1p.
1298 2162 1348 2185 112,
1363 2157 1391 2184 5³·
1447 2161 1558 2182 Gv'rT
1568 2161 1607 2187 A,
1627 2164 1665 2181 ae.
1691 2155 1711 2181 f.
1747 2156 1860 2189 [raythu
1878 2157 1956 2192 ῥανὶς,
1972 2157 2068 2194 denis]
2105 2160 2214 2186 Minima
2222 2165 2286 2195 pars
2299 2168 2388 2196 aquae,
2403 2159 2442 2186 elil
2466 2151 2479 2187 ζ,

314 2208 341 2233 33
377 2200 444 2233 Ergo
467 2196 623 2223 breuitatem
647 2194 802 2228 gurgustioli
823 2193 905 2219 nostri
918 2201 950 2218 ne
963 2193 1066 2226 spernas
1085 2197 1155 2225 peto.
1231 2189 1264 2216 Id
1285 2189 1350 2225 quod
1410 2191 1513 2217 alterius
1530 2194 1645 2231 materiae
1662 2190 1777 2225 liquidae.
1812 2192 1893 2218 Plaut.
1908 2193 1990 2219 Calin.
2005 2203 2030 2224 2,
2043 2203 2064 2225 3,
2077 2202 2109 2226 30
2135 2194 2168 2221 Di
2185 2204 2228 2221 me
2247 2202 2273 2222 et
2289 2201 2314 2222 te
2333 2193 2438 2222 infelici,
2466 2190 2479 2223 ,ll

309 2235 393 2272 paullo
401 2232 455 2269 post
469 2233 551 2258 larem
564 2230 703 2264 paruulum
717 2236 789 2255 vocat
805 2228 887 2254 Idem.
1411 2232 1482 2258 tent,
1502 2226 1520 2251 si
1534 2235 1583 2260 ego
1595 2234 1623 2252 m
1637 2235 1665 2252 os
1679 2234 1764 2251 meum
1776 2226 1833 2252 vini
1848 2233 1947 2260 guttam
1961 2228 2056 2254 indidi.
2110 2230 2176 2255 Plin.
2191 2238 2234 2262 31,
2246 2239 2262 2257 2
2287 2230 2437 2257 Distillante·
2465 2230 2467 2250 ἕ

351 2276 371 2296 G
381 2276 401 2295 V
411 2276 429 2296 R
441 2274 460 2294 G
472 2272 561 2292 VST1
572 2272 589 2291 D
599 2271 618 2291 O
629 2272 648 2290 N
661 2272 735 2295 ivs,
756 2273 785 2296 a,
804 2273 857 2291 um.
900 2261 960 2288 Adi.
1017 2262 1070 2288 Vox
1078 2267 1124 2295 per
1136 2263 1213 2285 iocum
1229 2269 1244 2285 a
1257 2259 1348 2285 Plauto
1411 2270 1518 2297 quoque
1537 2268 1625 2295 guttae
1645 2262 1673 2288 in
1686 2260 1782 2295 lapides
1802 2261 1940 2288 durescunt
1957 2263 1985 2289 in
1999 2263 2079 2290 antris
2095 2265 2224 2296 Coryciis.
2294 2267 2347 2293 cic,
2358 2262 2436 2292 Ture„
2466 2264 2479 2280 η

307 2303 390 2341 fissa,
409 2314 423 2330 a
442 2300 702 2341 Gurgustiis,forma
713 2301 818 2336 gentili,
840 2298 897 2325 Mil.
913 2306 980 2330 1,1,
996 2306 1017 2329 ¹3
1049 2297 1170 2328 Qiemne
1183 2303 1233 2329 ego
1244 2295 1350 2321 seruaui
1413 2306 1442 2327 2,
1466 2305 1496 2329 25
1530 2298 1566 2323 Ex
1589 2306 1643 2332 quo
1664 2297 1778 2331 liquatae
1803 2296 1864 2323 solis
1885 2298 1981 2325 ardore
2003 2299 2127 2324 excidunt
2163 2300 2266 2326 Guttae.
2310 2303 2346 2328 Ex
2358 2303 2439 2327 Poeta.
2477 2311 2479 2326 ε,

316 2341 344 2368 in
358 2340 453 2374 campis
466 2335 682 2372 gurguffidonns.
1362 2331 1397 2355 60
1413 2334 1543 2359 Cruentae
1562 2332 1641 2359 Ouid.
1653 2333 1717 2358 Met.
1731 2339 1770 2364 15,
1784 2336 1840 2366 788.
1875 2333 1928 2359 vid.
1947 2339 1964 2360 c
1975 2341 1993 2359 R
2004 2339 2024 2356 v
2033 2339 2049 2358 Ε
2058 2339 2108 2359 ΝΤ
2117 2340 2136 2358 V
2145 2341 2167 2359 s.
2271 2336 2377 2368 Frigida
2393 2343 2440 2370 per
2478 2339 2479 2342 ’

352 2382 372 2401 G
385 2383 404 2402 V
415 2382 432 2400 R
442 2382 460 2400 R
470 2380 478 2398 1
490 2379 508 2398 O
519 2392 527 2403 ,
545 2375 592 2397 ire.
629 2373 666 2397 De
679 2370 803 2405 Lusciniis
815 2372 916 2394 dicitur.
974 2362 1100 2401 Voxfitssa
1112 2365 1180 2400 apud
1193 2365 1269 2400 Apul.
1279 2366 1349 2391 Flor.
1412 2374 1482 2394 artus
1498 2368 1556 2394 fluit
1576 2368 1646 2394 Idem
1659 2368 1751 2393 Amor.
1771 2377 1792 2399 3,
1813 2375 1852 2400 14,
1871 2373 1908 2399 38.
1978 2368 2093 2394 Grandes
2110 2368 2205 2401 virgil.
2219 2369 2314 2402 Georg.
2333 2377 2362 2400 2,
2379 2377 2438 2402 245.
2466 2387 2467 2397 1

316 2420 339 2442 3,
354 2418 383 2445 17
413 2411 443 2436 Ιιι
457 2407 598 2434 solitudine
613 2407 742 2432 canticum
758 2403 945 2431 adolescentiae
960 2401 1091 2435 gurriunt.
1138 2400 1196 2428 Vid.
1210 2402 1277 2428 Colu.
1289 2401 1350 2428 ibid.
1411 2403 1553 2438 Liquentes
1571 2403 1711 2429 humorum
1730 2403 1831 2428 Lucret.
1847 2411 1878 2435 2,
1895 2411 1954 2429 222.
2034 2402 2133 2429 Lucida
2150 2403 2227 2429 Ouid.
2245 2404 2309 2430 Fast.
2330 2413 2361 2437 4,
2380 2411 2434 2436 522.
2477 2429 2479 2435 ,

309 2453 396 2482 P·19.i'·
446 2443 494 2472 Sed
505 2444 538 2469 al.
555 2441 695 2469 Garriunt:
730 2447 758 2467 vt
773 2439 876 2466 Elmenh.
883 2445 913 2474 p.
925 2444 982 2472 358,
995 2443 1034 2467 ²8·
1066 2468 1071 2473 ⁵
1412 2439 1495 2464 Plaut.
1508 2438 1584 2465 Most.
1597 2447 1621 2469 2,
1636 2446 1660 2469 2,
1674 2445 1714 2472 75.
1785 2438 1946 2472 Sanguineae
1965 2438 2046 2465 Ouid.
2062 2440 2124 2465 Met.
2138 2446 2164 2471 2,
2182 2440 2239 2470 360.
2305 2439 2384 2465 Gutta
2396 2447 2436 2465 ca·
2472 2459 2474 2465 ,

1411 2479 1455 2499 vat
1471 2473 1584 2507 lapidem
1599 2473 1679 2500 Ouid.
1694 2482 1724 2499 ex
1737 2474 1809 2499 Pont.
1823 2484 1849 2506 4,
1865 2482 1902 2499 10.
1970 2474 2099 2500 instillant
2114 2480 2200 2508 guttae
2213 2474 2286 2506 saxa,
2311 2474 2363 2500 vid.
2384 2477 2443 2503 1N-'

684 2503 713 2533 G
809 2501 836 2530 V
933 2499 952 2530 S
1366 2510 1398 2542 65
1412 2515 1424 2534 s
1434 2516 1473 2535 TI
1484 2515 1499 2534 Ι.
1509 2516 1525 2534 L
1535 2516 1563 2535 o.
1634 2510 1741 2535 Manant
1759 2515 1846 2542 guttae
1865 2508 2020 2542 sanguineae
2041 2516 2163 2543 tanquam
2183 2509 2215 2535 de
2235 2508 2342 2535 vulnere
2360 2507 2438 2535 Ouid.

350 2557 423 2579 GVS
434 2556 497 2582 To,
517 2552 569 2576 Ere.
605 2547 745 2582 [γεύομαι]
801 2547 831 2572 In
848 2544 1082 2581 osfiemeresaporis
1100 2542 1245 2579 explorandi
1263 2541 1350 2578 causa,
1412 2545 1476 2571 Met.
1494 2553 1514 2574 2,
1531 2546 1588 2575 360.
1659 2544 1738 2570 Plaut.
1752 2543 1841 2569 Pseud.
1858 2552 1882 2575 1,
1902 2554 1930 2578 4,
1949 2552 1964 2570 2
1986 2545 2060 2577 Qud
2079 2554 2147 2572 nunc
2167 2545 2287 2576 aeturus,
2309 2543 2440 2578 postquam

309 2586 390 2622 simile
403 2587 473 2613 verbo
487 2585 593 2612 Libare.
665 2584 736 2610 Caes.
752 2583 778 2608 B.
794 2582 826 2607 G.
840 2589 860 2613 5,
874 2589 901 2606 12
927 2581 1054 2614 Leporem
1068 2585 1094 2605 et
1107 2579 1230 2613 gallinam
1243 2584 1269 2605 et
1281 2579 1351 2604 anse-
1412 2579 1492 2606 herili
1507 2579 1563 2604 filio
1576 2579 1683 2613 largitus
1698 2579 1775 2605 dietis
1789 2578 1906 2613 dapsilis?
1923 2578 1970 2606 vbi
1984 2581 2042 2606 sunt
2055 2581 2101 2606 ea?
2120 2579 2162 2606 cui
2175 2588 2259 2614 neque
2272 2580 2361 2605 Parata
2372 2581 2443 2613 gutta‘

319 2632 374 2650 rem
395 2622 495 2656 gustare
508 2621 545 2646 fas
558 2628 611 2646 non
625 2624 724 2654 putant.
793 2618 903 2643 Acetum
917 2615 1016 2650 gustare
1047 2615 1166 2641 scribon.
1180 2620 1216 2646 83.
1294 2613 1351 2639 Cic.
1414 2615 1480 2641 certi
1493 2614 1611 2645 conlilii,
1632 2623 1717 2648 neque
1730 2614 1796 2640 adeo
1815 2615 1926 2648 argenti.
2002 2615 2104 2641 Stillant
2122 2616 2181 2641 saxa
2199 2615 2279 2649 guttis
2297 2615 2398 2641 Luci-et.
2415 2615 2441 2651 6,

318 2660 388 2685 Fam.
406 2665 431 2691 7,
447 2658 478 2683 26
512 2656 578 2689 Fugi
592 2655 620 2680 in
633 2653 831 2684 Tusculanum,
851 2660 932 2686 quum
948 2651 1054 2686 quidem
1069 2650 1179 2677 biduum
1197 2651 1232 2676 ita
1248 2649 1352 2675 ieiunus
1413 2658 1471 2683 943.
1543 2649 1658 2675 Stillauit
1675 2650 1703 2675 in
1724 2658 1770 2675 cor
1793 2648 1936 2676 dulcedinis
1956 2656 2027 2684 gutta
2045 2650 2118 2677 Idem
2138 2661 2170 2685 4,
2190 2658 2256 2683 1052.
2332 2649 2448 2677 Mamm

318 2694 419 2719 fuissem
429 2712 437 2723 ,
455 2696 483 2717 vt
497 2699 529 2716 ne
541 2699 635 2724 aquam
650 2688 757 2724 quidem
771 2687 907 2722 gustarem.
979 2687 1051 2712 Idem
1066 2686 1097 2712 de
1108 2687 1142 2712 N.
1156 2687 1187 2712 D.
1202 2694 1224 2716 2,
1240 2687 1283 2710 126
1302 2685 1349 2710 Ca·
1364 2695 1400 2721 70
1415 2684 1511 2719 Virgil.
1527 2685 1623 2719 Georg.
1636 2694 1669 2717 4,
1685 2693 1718 2717 99
1745 2684 1870 2711 Ardentes
1887 2694 1968 2718 auro,
1987 2692 2012 2712 et
2030 2686 2136 2721 paribus
2156 2687 2203 2712 lita
2222 2693 2332 2720 corpora
2352 2693 2384 2719 gu
2407 2683 2422 2691 ⁰
2440 2699 2443 2708 ι
2468 2700 2470 2706 ·

318 2736 375 2762 pras
388 2733 474 2753 autem
489 2726 516 2751 in
531 2726 608 2751 Creta
623 2725 691 2750 feras
704 2732 785 2758 qumn
800 2724 876 2748 essent
889 2721 1007 2748 confixae
1019 2722 1153 2748 venenatis
1167 2721 1275 2754 sagittiS,
1294 2720 1351 2746 her·
1413 2723 1431 2746 i.
1441 2720 1564 2754 similibus
1582 2727 1604 2745 et
1617 2723 1698 2746 aureis
1710 2721 1829 2753 maculis,
1843 2721 1909 2756 quali
1924 2725 2042 2756 guttatim
2054 2721 2149 2757 sparfis
2162 2721 2274 2748 babentes
2291 2727 2394 2756 corpora
2436 2732 2446 2756 χ
2462 2717 2466 2754 j

318 2764 378 2790 bam
393 2769 535 2796 quaerere,
554 2768 619 2794 quae
633 2759 779 2785 diftamnus
793 2763 944 2784 vocaretur:
981 2766 1059 2792 quam
1076 2766 1158 2791 quum
1172 2755 1352 2789 gustauiffent,
1406 2754 1515 2789 stinffl.
1542 2755 1570 2782 de
1577 2756 1672 2791 Apibus
1685 2757 1804 2791 quuitur.
1855 2757 1996 2783 Variantur
2009 2766 2119 2791 corpora
2132 2757 2211 2792 guttis
2224 2756 2348 2782 caeruleis
2362 2756 2398 2787 ΟΙ
2458 2764 2465 2789 ι(

318 2792 420 2832 sagittas
434 2796 553 2823 excidere
567 2795 656 2821 dicunt
679 2803 693 2819 e
711 2802 828 2828 corpore.
920 2792 1016 2819 Fabula
1038 2792 1138 2827 gustare
1162 2792 1233 2825 Virg.
1248 2791 1311 2817 Aen.
1327 2799 1353 2821 1,
1414 2792 1478 2817 Met.
1492 2800 1520 2823 4,
1534 2796 1588 2825 578.
1640 2791 1735 2817 Guttae
1746 2792 1803 2817 sunt
1822 2797 1846 2817 et
1861 2792 1888 2817 in
1900 2791 2029 2819 aedificiis
2041 2794 2215 2824 Ornamenta,
2232 2800 2299 2825 quae
2316 2788 2400 2818 iuxta*
2420 2820 2424 2821 ⁷
2444 2822 2445 2826 Ἰ

319 2842 382 2868 477.
551 2828 571 2866 fl
593 2838 609 2856 2
644 2830 689 2855 Per
702 2830 887 2855 translationem
900 2828 928 2854 de
940 2830 999 2854 aliis
1011 2830 1095 2858 rebus,
1112 2837 1171 2863 quae
1182 2828 1268 2853 leuiter
1285 2825 1353 2852 modo
1414 2825 1504 2852 dinem
1519 2826 1646 2852 Doricum
1658 2826 1705 2852 sub
1719 2826 1869 2861 triglyphiis
1884 2827 1996 2862 pendent
2009 2828 2087 2854 instar
2099 2834 2229 2862 guttarum
2244 2828 2410 2860 Vitruu.4,3.
2438 2832 2445 2843 ι

319 2871 386 2895 uelut
399 2868 573 2902 explorantur,
593 2871 621 2891 vt
635 2866 775 2899 Attingere.
845 2865 899 2891 Cic.
909 2864 935 2890 in
944 2864 1065 2896 Pison.58
1079 2873 1100 2889 c.
1109 2872 1141 2896 ²4
1166 2863 1230 2889 Non
1243 2862 1354 2896 gustarat
1367 2867 1398 2895 75
1451 2867 1471 2887 G
1482 2868 1500 2886 V
1510 2868 1588 2888 TTV
1598 2869 1658 2892 LA,
1683 2870 1719 2887 ae.
1757 2862 1776 2887 f.
1814 2863 1912 2889 Dimin.
1949 2864 2090 2897 [ςαγόνιον]
2132 2863 2213 2888 Plaut.
2228 2862 2301 2896 Epid.
2321 2871 2349 2895 4,
2366 2871 2393 2894 1,

320 2904 394 2931 illam
407 2909 477 2929 tuam
492 2899 696 2934 Philosophiam.
786 2899 891 2925 Gustare
905 2899 1018 2933 aliquam
1035 2904 1133 2933 partem
1149 2897 1265 2932 liquidae
1278 2898 1355 2923 volu·
1415 2896 1523 2923 Guttula
1540 2897 1628 2930 peditis
1642 2897 1734 2923 ardens
1749 2897 1817 2923 mihi
1830 2898 1970 2933 adsperfisti
1980 2918 1988 2930 ,
2009 2901 2028 2925 i.
2043 2901 2192 2932 aliquantum
2204 2907 2240 2923 me
2251 2897 2375 2931 recreasti.
2413 2898 2451 2927 'su

321 2939 397 2974 ptatis
422 2937 492 2964 Idem
501 2936 532 2962 de
546 2936 602 2962 Fin.
616 2944 635 2967 1,
648 2940 685 2967 58.
755 2934 897 2968 Nunquam
912 2935 982 2960 vitae
993 2943 1109 2961 amorem
1118 2933 1229 2968 gustauit
1248 2934 1353 2959 Lucret.
1452 2934 1589 2958 GVTTAI
1599 2938 1619 2957 T
1631 2939 1638 2957 1
1648 2939 1685 2958 M.
1722 2933 1789 2959 Adu.
1825 2933 1909 2967 [κατᾰ
1921 2933 2042 2967 sarisas]
2077 2933 2155 2959 Plaut.
2169 2934 2251 2959 Mei-c.
2265 2942 2285 2965 1,
2299 2942 2324 2965 2,
2337 2941 2371 2966 92
2390 2931 2448 2968 Coiff
2462 2959 2464 2961 ,

322 2983 344 3008 5,
362 2979 414 3004 180·
467 2971 540 3007 Conf.
554 2970 641 2998 Barth.
655 2970 723 2996 Adu.
737 2978 764 2995 10
777 2989 785 3000 ,
806 2977 837 3001 ις.
923 2970 1033 2996 Istorum
1061 2970 1181 2996 omnium
1204 2968 1353 2995 summatim
1416 2967 1507 3001 edepol
1528 2967 1651 2993 miserum
1673 2977 1777 3001 meum,
1796 2969 1866 3003 quod
1885 2969 2005 3003 guttatim
2027 2968 2201 3000 contabescit,
2221 2968 2291 3003 quasi
2309 2969 2336 2994 in
2350 2976 2415 3002 aqua
2429 2962 2463 3003 ’ἢ

321 3011 407 3037 causas
417 3028 423 3039 ‚
441 3013 465 3034 et
481 3015 575 3041 genera
590 3007 642 3040 ipsa
654 3005 756 3040 gustaui
781 3005 835 3030 Cic.
849 3004 880 3030 de
888 3005 958 3030 Orat.
973 3014 997 3037 2,
1013 3013 1061 3038 153.
1130 3005 1201 3031 Idem
1214 3013 1262 3038 pro
1275 3003 1353 3030 Arch.
1415 3008 1443 3030 tu
1457 3002 1584 3028 indideris
1600 3003 1686 3029 salem.
1741 3004 1840 3030 Arnob.
1854 3012 1870 3030 2
1898 3004 1987 3031 Pluuia
2003 3004 2124 3038 guttatim
2142 3004 2250 3030 labitur.
2314 2975 2464 3044 (Ξιιιιὸιίᾒι

323 3053 352 3079 17
373 3043 452 3078 Qiod
465 3043 481 3068 Γι
494 3042 539 3076 ipsi
553 3041 614 3068 hacc
628 3049 712 3075 neque
724 3040 864 3073 attingere,
883 3049 968 3074 neque
976 3042 1048 3066 sensu
1060 3040 1148 3066 nostro
1161 3040 1261 3074 gustare
1275 3040 1354 3074 posse·
1370 3039 1401 3064 80
1414 3038 1528 3065 lacrimis
1543 3037 1621 3063 stillat
1636 3038 1757 3065 Prudent.
1773 3039 1847 3066 Cath.
1861 3048 1883 3072 5,
1902 3047 1943 3067 22.
2017 3042 2020 3043 ’
2423 3049 2433 3070 ,ρ
2444 3052 2456 3065 ιι

323 3090 397 3111 mus,
427 3086 512 3105 tamen
535 3087 564 3104 ea
583 3076 675 3103 mirari
694 3075 862 3104 deberemus,
884 3076 962 3101 etiam
982 3085 1062 3109 quum
1079 3077 1106 3101 in
1124 3075 1182 3102 aliis
1196 3075 1354 3101 videremus.
1452 3079 1607 3104 GVTTO,
1627 3077 1680 3099 are.
1717 3074 1820 3109 [ςοίζω]
1855 3075 1914 3101 Vct.
1929 3069 2008 3100 Glofl'.
2048 3073 2116 3099 Vnde
2416 3070 2444 3136 αἱ

323 3115 360 3142 Id.
375 3117 445 3141 Fam.
460 3123 496 3145 12,
510 3122 535 3144 23
560 3112 668 3139 Nullam
684 3118 782 3144 partem
795 3119 840 3145 per
852 3116 959 3136 aetatem
968 3111 1039 3136 sanae
1054 3118 1079 3136 et
1094 3111 1176 3136 saluae
1184 3110 1354 3145 Reipublicae
1452 3115 1473 3136 G
1483 3116 1502 3135 v
1512 3116 1533 3135 T
1542 3115 1563 3135 'r
1572 3109 1594 3134 Ᾱ
1603 3115 1624 3134 T
1634 3115 1653 3133 v
1663 3115 1675 3133 S
1684 3128 1693 3140 ,
1713 3118 1727 3135 a
1736 3130 1744 3141 ,
1765 3119 1818 3136 um.
1854 3110 1944 3136 Partic.
1980 3108 2151 3143 [ςαγονωτός]
2186 3109 2262 3144 Quod
2272 3110 2349 3136 veluti
2360 3110 2428 3146 gun,
2462 3115 2463 3123 ¹

324 3151 423 3185 gustare
437 3148 553 3183 potuisti.
625 3147 734 3179 Primis,
761 3151 789 3173 vt
809 3145 919 3178 dicitur,
938 3145 1018 3171 labris
1031 3146 1134 3179 gustasse
1148 3147 1354 3180 physiologiam,
1414 3145 1494 3172 babet.
1528 3143 1672 3175 Martial.3,
1686 3149 1712 3173 58
1733 3145 1764 3171 Et
1776 3145 1846 3180 pista
1859 3144 1961 3180 perdiX,
1981 3144 2182 3179 numidicaeque
2195 3151 2316 3180 guttatae.
2362 3141 2446 3182 Colo}

325 3187 351 3213 id
365 3186 400 3212 est
415 3191 520 3211 naturae
534 3183 661 3209 rationem
687 3183 743 3209 Cic.
757 3182 788 3208 de
803 3182 877 3208 ΝΒ.
893 3190 911 3213 ι,
924 3189 956 3207 20
970 3186 1022 3210 c.8.
1093 3180 1165 3206 Idem
1181 3191 1228 3215 pro
1238 3181 1352 3208 M.Cael.
1413 3186 1526 3216 guttatus
1540 3177 1631 3206 Pallad.
1645 3188 1662 3211 4
1685 3185 1703 3205 t.
1716 3188 1748 3211 13.

326 3229 353 3250 28
379 3220 506 3255 Equidem
520 3218 615 3244 multos
626 3225 651 3244 et
664 3218 721 3244 vidi
735 3219 762 3244 in
776 3217 822 3243 hac
836 3217 957 3248 ciuitate,
976 3222 1001 3242 et
1015 3215 1123 3247 audiui,
1146 3226 1199 3242 non
1215 3217 1293 3243 modo
1308 3217 1353 3250 qui
1365 3220 1394 3247 85
1455 3222 1477 3242 G
1488 3222 1507 3241 V
1517 3221 1626 3242 ΤΤΑΝ
1638 3220 1651 3239 S
1662 3234 1670 3245 ,
1689 3216 1764 3241 antis.
1799 3215 1890 3242 Partic.
1915 3214 2063 3249 [ςαλιίζων]
2101 3216 2211 3242 Formam
2219 3217 2355 3250 Partis-:Pii
2366 3214 2443 3248 habet,

327 3256 488 3291 primoribus
502 3253 582 3280 labris
594 3254 728 3288 gustassent
744 3262 822 3287 genus
836 3252 886 3278 hoc
898 3251 985 3282 vitae,
1001 3258 1026 3277 et
1040 3252 1163 3277 extremis
1181 3256 1225 3282 (vt
1240 3252 1354 3282 dicitur)
1416 3251 1484 3287 quast
1498 3261 1512 3277 a
1524 3251 1622 3280 Gutto,
1642 3256 1740 3282 guttas,
1753 3257 1801 3285 pro
1821 3252 1942 3277 Guttatim
1950 3250 2057 3283 stillare.
2099 3251 2164 3277 Plin.
2181 3259 2223 3282 20,
2238 3257 2252 3279 8
2274 3252 2360 3277 Huius
2378 3250 2442 3278 folia

327 3291 416 3326 digitis
430 3290 575 3324 attigissent.
646 3289 724 3315 Plaut.
738 3288 814 3315 Most.
828 3297 857 3320 4,
871 3296 891 3320 1,
906 3296 929 3319 ¹3
956 3288 1042 3313 Herus
1057 3296 1130 3312 meus
1139 3287 1179 3313 hic
1188 3287 1296 3322 quidem
1305 3287 1355 3313 est:
1417 3286 1542 3313 ambustis
1553 3285 1636 3314 Vtilia,
1655 3287 1792 3318 guttantia,
1811 3286 1980 3320 adstringunt.
2015 3286 2063 3314 Sed
2074 3286 2223 3319 Harduinus
2233 3295 2262 3312 ex
2270 3287 2344 3315 MSS.
2357 3286 2399 3314 hic
2412 3283 2445 3313 16·

326 3328 426 3362 gustare
438 3327 494 3353 eius
508 3326 651 3351 sermonem
668 3324 740 3350 volo.
834 3324 900 3350 Hor.
916 3323 998 3349 Serm.
1012 3332 1042 3354 2,
1055 3330 1082 3354 5,
1100 3328 1128 3351 82
1415 3326 1455 3359 git
1469 3321 1632 3348 Gustantium
1646 3329 1675 3346 os
1689 3321 1858 3356 adstringunt.
2381 3342 2387 3345 .
2430 3326 2445 3353 ,ξι
2460 3337 2461 3349 2

481 3361 521 3387 Sic
542 3360 593 3387 tibi
611 3360 736 3393 Penelope
754 3358 825 3392 frugi
844 3358 895 3390 est,
919 3367 986 3392 quae
1006 3358 1022 3383 Γι
1045 3357 1124 3384 semel
1145 3365 1198 3383 vno
1452 3358 1695 3383 GVTTAMEN.
1713 3357 1772 3383 inis.
1807 3366 1832 3382 n.
1869 3356 1972 3382 Cathol.
2428 3350 2443 3376 ³⁴
2460 3358 2461 3388 l

481 3397 520 3422 De
540 3397 598 3422 sene
617 3395 725 3429 gustarit
745 3400 829 3420 tecum
850 3394 943 3427 partita
963 3393 1102 3425 lucellum,
1370 3402 1406 3426 90
1456 3399 1477 3418 G
1488 3397 1566 3418 VTT
1577 3397 1596 3417 Ο
1607 3398 1685 3417 NAR
1697 3399 1704 3417 1
1716 3398 1774 3423 vs,
1793 3399 1823 3423 a,
1845 3400 1898 3418 um.
1933 3391 1992 3418 Adi.
2028 3393 2148 3426 Equorum
2166 3391 2304 3427 epitheton,
2321 3391 2385 3427 quod
2395 3389 2443 3428 prc'
2458 3406 2461 3429 ἲ

482 3433 517 3457 Vt
534 3432 603 3457 canis
624 3440 637 3457 a
659 3431 733 3456 corio
752 3438 806 3455 non
827 3429 1002 3455 deterrebitur
1020 3428 1109 3454 νηέῖο.
1420 3427 1604 3456 Tottonariis,
1621 3430 1663 3462 qui
1676 3433 1765 3461 parum
1781 3426 1872 3458 dtstant
1892 3437 1906 3452 a
1924 3428 2093 3457 cononatus,
2112 3427 2222 3461 Vegetio
2236 3427 2346 3453 Mulom.
2362 3436 2387 3459 1,
2403 3427 2443 3460 56,
2460 3448 2461 3454 ,

332 3465 436 3492 Gustare
447 3466 554 3492 ciuilem
566 3466 714 3500 sanguinem
724 3486 731 3498 ‚
747 3464 789 3491 vel
804 3464 889 3498 potius
903 3464 1041 3490 exsorbere
1072 3465 1127 3490 Cic.
1142 3462 1252 3497 Philipp.
1267 3470 1280 3488 2
1290 3482 1298 3494 ‚
1321 3469 1358 3496 71.
1420 3471 1459 3496 37.
1488 3470 1511 3489 et
1530 3472 1563 3496 4,
1580 3463 1611 3493 6,
1632 3469 1648 3495 7
1672 3460 1835 3493 restituuntur
1848 3472 1863 3487 a
1876 3463 1988 3497 Salmajio
2008 3463 2041 3488 ad
2057 3462 2198 3496 Capitolin.
2213 3463 2324 3489 Maxim.
2338 3471 2350 3495 3
2376 3471 2400 3497 p.
2417 3467 2445 3494 13¹
2459 3458 2461 3475 ³

332 3496 352 3533 fl
375 3507 385 3529 3
421 3501 525 3528 Gustare
543 3502 614 3528 arb-la
631 3499 921 3537 quadamfignificatsone
934 3499 961 3524 ni
974 3499 1096 3531 dicimur,
1128 3508 1172 3533 quo
1190 3506 1247 3524 ante
1264 3507 1360 3523 coenam
1422 3498 1502 3524 Hack.
1557 3498 1616 3524 Sunt
1629 3503 1708 3523 autem
1721 3496 1808 3529 iidem,
1828 3501 1869 3532 qui
1881 3498 2039 3533 Trepidarii
2058 3500 2097 3524 ve!
2109 3497 2294 3531 Tripediarii,
2313 3503 2404 3524 minuto
2420 3494 2443 3523 e't

333 3534 459 3567 vescimur.
529 3537 596 3563 Suet.
610 3538 676 3571 Aug.
690 3546 710 3563 c.
725 3538 759 3570 76
784 3534 942 3561 Vescebatur
957 3540 982 3560 et
993 3540 1052 3560 aute
1066 3543 1184 3565 coenam,
1202 3542 1358 3568 quocunque
1420 3535 1494 3560 celeri
1503 3530 1598 3569 grqffu,
1616 3532 1682 3567 quast
1695 3532 1814 3566 guttatim
1825 3534 1988 3568 procedentes.
2038 3533 2141 3569 Confert
2159 3532 2284 3567 σακκοῖξειν
2301 3540 2325 3559 et
2343 3532 2442 3565 {nocuit-
2454 3544 2457 3548 .

335 3574 450 3601 tempore
465 3575 489 3595 ct
502 3570 560 3596 loco
572 3572 715 3598 stomachus
728 3570 895 3597 desiderabat.
955 3570 1033 3596 Verba
1039 3571 1101 3605 sunt
1113 3569 1221 3604 exipsius
1230 3567 1359 3604 Epistolis:
1372 3573 1403 3599 95
1419 3569 1489 3603 κιξιιν
1509 3570 1667 3598 Graecorum,
1687 3569 1713 3592 in
1732 3568 1818 3602 quihus
1828 3569 1921 3602 fimitis
1939 3568 1971 3602 est
1994 3579 2009 3595 a
2021 3569 2094 3605 sacco
2114 3570 2247 3600 colatorio,
2266 3578 2295 3594 ac
2311 3567 2442 3600 destillante

336 3610 357 3628 N
366 3609 384 3628 ο
394 3610 406 3627 s
428 3610 460 3627 ιΝ
484 3610 498 3629 r
507 3612 518 3630 s
528 3612 539 3630 s
550 3612 565 3630 r:
575 3612 591 3631 D
601 3613 619 3632 o
640 3615 654 3633 P
665 3615 684 3633 A
695 3614 715 3632 N
726 3614 741 3633 r.
751 3613 773 3632 M
797 3612 837 3631 ΕΤ
859 3613 873 3632 P
882 3612 903 3631 A
912 3611 928 3630 1.
937 3611 961 3630 M
971 3612 990 3630 ν
999 3612 1014 3630 L
1023 3612 1044 3631 Λ
1054 3613 1066 3631 s
1084 3611 1103 3630 G
1116 3611 1156 3631 vs
1165 3612 1185 3631 T
1194 3611 1216 3631 A
1225 3612 1245 3631 v
1256 3612 1262 3630 1
1274 3612 1297 3631 M
1306 3612 1325 3630 ν
1336 3610 1359 3631 s.
1420 3605 1476 3630 inde
1490 3604 1600 3633 humore,
1616 3602 1764 3637 metaphora.
1819 3604 1915 3630 Laudat
1928 3604 2034 3638 Gloffizs,
2052 3605 2093 3630 vbi
2105 3603 2275 3629 Gutturnium
2288 3604 2318 3635 qli
2333 3600 2450 3636 ssxstffo'r„

340 3637 398 3665 Viti.
415 3638 513 3671 Salmas.
531 3640 562 3664 ad
575 3641 674 3674 Vopisc.
691 3646 716 3667 in
730 3642 820 3668 Tacit.
835 3650 856 3667 c.
871 3649 903 3667 ιι.
957 3641 1025 3665 Hinc
1038 3647 1133 3671 autem,
1421 3638 1530 3674 προκοπή.
1582 3638 1661 3663 Etiam
1680 3638 1809 3665 Colatorii
1828 3650 1843 3665 a
1861 3640 1976 3666 colandis
1994 3640 2096 3675 liquidis
2112 3636 2176 3664 dieii
2194 3641 2234 3664 illi
2253 3639 2384 3670 videntur,
2402 3638 2442 3673 qdl'

372 3679 391 3698 (5
405 3679 422 3697 v
433 3680 445 3698 s
455 3679 476 3698 Τ
485 3680 505 3697 Λ
518 3679 539 3698 Τ
552 3681 559 3698 ι
570 3681 587 3699 0
597 3694 603 3704 ,
620 3677 687 3702 (mis.
713 3678 730 3702 f.
771 3676 894 3702 Petronio
909 3677 993 3702 Prima
1001 3682 1063 3710 pars
1075 3685 1160 3701 coenae
1172 3675 1281 3705 dicitur,
1300 3683 1359 3710 quae
1420 3675 1543 3701 tardiores
1560 3682 1588 3699 ac
1605 3672 1723 3698 molliores
1743 3674 1836 3706 adhuc,
1853 3683 1876 3701 et
1889 3674 2051 3708 Asturconum
2065 3673 2132 3700 modo
2149 3674 2280 3700 ambulant.
2336 3675 2442 3708 Denique

335 3707 454 3733 nonnullis
470 3705 502 3739 2st
518 3706 614 3739 Gustus.
674 3713 714 3737 Sic
728 3712 839 3737 Martial.
854 3720 885 3744 11,
900 3720 925 3744 53
950 3711 1020 3737 Haec
1035 3710 1093 3736 satis
1109 3711 1136 3736 in
1150 3710 1239 3745 gustu,
1258 3716 1359 3737 caetera
1420 3710 1515 3741 κέλησι,
1531 3717 1578 3744 qua
1589 3708 1676 3733 Graeci
1688 3709 1791 3744 gradum
1803 3710 1995 3746 eripedariorum
2005 3710 2136 3746 appellant,
2149 3717 2233 3735 nomen
2245 3708 2316 3735 habet
2327 3719 2341 3734 a
2353 3708 2441 3741 κάλπη,
2464 3736 2465 3739 Ἴ

336 3744 403 3769 nosse
419 3742 499 3782 cupisz
515 3776 520 3781 .
552 3776 558 3781 ·
571 3743 671 3781 Petron.
692 3755 713 3771 c.
726 3755 757 3771 22
793 3746 847 3771 ΙιιΙΤι
871 3755 934 3779 ergo
948 3745 1141 3775 discubuimus,
1169 3752 1194 3772 et
1215 3746 1359 3780 gustatione
1367 3746 1488 3781 movafi’,
1507 3742 1651 3778 gutturssio·

335 3778 446 3804 mirifica
463 3778 560 3804 initiati
574 3785 637 3802 vmo
651 3780 727 3804 etiam
742 3780 843 3806 falerno
858 3781 1056 3807 inundabamur.
1093 3781 1274 3807 anneb.Adu.
1288 3792 1323 3816 19,
1336 3792 1360 3816 7.
1457 3785 1480 3806 G
1491 3785 1570 3805 VTT
1580 3784 1625 3803 VR
1635 3797 1642 3809 ‚
1671 3778 1733 3804 fisis·
1770 3788 1795 3806 n·
1830 3781 1843 3814 [
1855 3779 1957 3811 λαιαδς,
1976 3779 2084 3815 λάρυγξ,
2107 3778 2221 3812 Φθῖθυνξι
2239 3777 2368 3813 [39579605]
2406 3777 2440 3804 ΕΒ

336 3813 402 3840 Add.
418 3814 519 3839 Petron.
536 3820 598 3844 c.31.
636 3814 682 3851 Pro
691 3816 812 3840 lenticulo
824 3820 959 3850 poniputat
967 3816 1066 3850 Salmas.
1074 3816 1107 3842 ad
1117 3817 1358 3850 Vopisc.Tac.c.11.
1414 3822 1488 3850 porr,
1513 3822 1572 3848 quae
1595 3811 1627 3844 ‘’st
1647 3823 1661 3838 ⁰
1674 3814 1793 3848 saucibus
1812 3815 1846 3840 ad
1863 3819 1888 3841 ite
1910 3819 1987 3846 ulum,
2005 3814 2058 3848 flue
2079 3813 2266 3847 exterior‚fiue
2287 3810 2440 3846 interiorstt·

373 3854 393 3874 G
406 3855 424 3873 v
434 3855 533 3887 STAN
543 3855 554 3873 S
564 3867 570 3877 ,
594 3853 668 3873 antis.
703 3849 794 3875 Partic.
835 3850 1001 3878 (instantibus
1020 3851 1103 3878 adhuc
1121 3852 1197 3879 nobis
1213 3853 1316 3880 petron,
1334 3862 1356 3879 c,
1421 3851 1515 3876 Nomen
1523 3855 1614 3882 putant
1628 3850 1725 3882 quidam
1740 3850 1825 3876 habere·
1838 3860 1866 3876 ex
1881 3826 1958 3877 Gutta
1968 3871 1976 3882 ,
1993 3853 2104 3884 quoniam
2118 3856 2192 3884 potus
2204 3856 2249 3883 per
2263 3856 2349 3884 gutlur
2362 3853 2441 3883 gutta-

336 3892 369 3915 33.
406 3883 523 3909 Gustann
536 3881 604 3908 bafia
615 3883 689 3916 plena
702 3882 761 3909 darc
775 3885 804 3909 C.
819 3885 906 3911 Gallus
921 3895 938 3917 1,
951 3892 990 3919 98.
1420 3887 1465 3910 rim
1479 3884 1578 3909 labitur.
1614 3884 1677 3910 Plin.
1696 3894 1726 3914 11,
1742 3893 1770 3919 37
1794 3886 1891 3912 Guttur
1906 3885 2007 3911 homini
2021 3891 2121 3910 tantum
2138 3890 2163 3909 et
2177 3885 2264 3910 suibus
2284 3881 2440 3910 intumescit:
2476 3891 2477 3894 ¹

371 3923 391 3945 G
403 3925 423 3945 v
434 3925 447 3945 s
456 3925 476 3945 T
486 3925 507 3945 Α
517 3924 539 3944 ‘r
551 3925 571 3944 v
581 3925 594 3944 s
604 3937 614 3950 ,
631 3926 655 3949 a,
677 3926 729 3943 um.
765 3918 829 3944 Plin.
1368 3927 1412 3954 105
1419 3927 1546 3953 aquarum
1565 3927 1630 3953 quae
1643 3926 1766 3954 potantur
1778 3921 1931 3956 plerumque
1946 3921 2023 3947 vitio.
2057 3918 2207 3953 Destrumis
2219 3921 2335 3954 loquitur.
2345 3916 2437 3979 GVirg.

2369 3958 2438 3986 τοι-ς.
