2479 4225
283 204 348 244 '7¹9
667 184 700 224 F
779 183 815 223 O
895 177 926 217 R
1759 169 1792 209 F
1877 168 1913 209 O
2005 170 2036 210 R
2346 174 2418 222 720

284 277 458 307 conseruatio
469 275 571 306 stabilis
582 273 678 302 iudicii
695 273 724 299 in
739 271 772 298 ils
786 268 879 298 rebus,
904 273 971 300 quae
983 261 1174 302 f01U1id0¹0s30
1188 259 1322 300 videnum
1374 260 1423 298 sub
1440 260 1589 288 fornicibus
1608 258 1720 286 habitare
1733 256 1907 294 consueurffint
1926 261 2076 286 meretrices.
2129 260 2188 286 Vct.
2214 259 2292 287 Gloss.
2311 269 2341 286 m>
2354 247 2427 295 rga}

283 315 386 342 Bellum
399 311 666 340 formidolosissimum
697 308 752 334 Cic.
766 306 794 331 in
808 303 891 329 Pison.
905 306 932 334 58
951 310 973 327 e.
987 309 1028 335 24.
1099 299 1208 324 Facinus
1228 295 1321 321 sormi·
1381 297 1481 324 fornix.
1523 295 1580 323 Viti.
1594 293 1656 334 Voff.
1669 296 1728 320 Lex.
1744 295 1849 329 Etymoi.
1918 294 2072 327 Bithynicus
2084 294 2176 322 fornix
2189 293 2272 322 diflus
2283 270 2371 330 Caeliis·
2378 301 2422 332 αρζ

284 350 405 377 dolosum
442 354 466 375 et
489 343 755 376 formidolosissimum
770 338 884 367 bellum,
906 339 1010 363 maxime
1028 333 1169 361 timendum.
1239 331 1322 357 Plaut.
1383 332 1451 359 Suet,
1464 333 1494 359 in
1505 331 1592 358 Εῑυςᾱ,
1606 332 1667 356 vna
1682 339 1703 355 c,
1714 338 1758 362 49-
1826 329 1878 356 Cui
1892 330 1959 364 posse
1973 330 2021 356 soh
2034 330 2214 365 cunc-liparem
2226 330 2298 358 dedit
2317 329 2418 359 Castum

284 384 381 420 Amph.
395 368 421 417 5,,
431 392 451 416 1,
465 386 504 417 65.
575 383 629 408 Cic.
643 387 690 413 pro
704 377 732 402 L.
746 373 839 401 Manil.
851 380 904 400 c.21
931 371 972 399 Ad
984 371 1083 398 bellum
1096 368 1249 398 maximum,
1267 366 1323 392 for·
1381 368 1425 394 vel
1445 368 1529 402 ipsum
1548 366 1658 394 reddere
1672 365 1804 392 fornicem
1818 365 1941 392 Prudent.
1955 365 1984 391 in
1999 366 2089 399 Agone
2101 366 2207 401 Agnetis
2220 365 2326 403 subfin.
2378 367 2418 393 Iu.

283 419 560 454 midolofiffimumque
573 425 620 451 pro
638 410 751 440 Consule
767 408 936 435 mitteretur?
1005 405 1111 432 Herbae
1130 401 1323 442 formidolosae
1350 409 1365 436 5
1383 411 1442 429 ven.
1456 404 1504 430 Sat.
1518 412 1540 436 3,
1556 405 1597 435 ¹56
1620 402 1758 427 Lenonum
1771 401 1847 434 pueri
1859 409 2018 435 quocunque
2031 401 2060 427 in
2074 401 2176 428 fornice
2190 402 2255 429 nati.
2290 400 2418 430 IdemSat.

285 456 358 482 dictu
394 464 449 481 non
461 456 505 481 esu
517 453 596 481 modo
627 449 707 475 Plaut.
724 444 812 471 Pseud.
826 452 855 476 3,
869 450 902 474 2,
921 449 957 476 33.
1033 442 1118 467 Locus
1139 437 1280 465 horrlbills
1298 442 1323 463 et
1387 446 1421 471 11,
1437 446 1486 473 171.
1534 437 1624 464 Olenti
1637 437 1666 463 in
1680 437 1782 463 fornice
1794 435 1902 462 stantem
1916 438 1982 463 Hor.
1996 436 2077 463 Serm.
2092 445 2112 470 1,
2125 445 2147 468 2,
2159 446 2197 469 30.
2334 434 2337 440 '
2394 452 2401 458 .

284 476 475 518 formi’dolosus
487 495 512 516 et
525 484 646 514 consess‘us
659 480 770 508 alicuius
796 479 851 506 Cic.
863 487 911 514 pro
925 478 1030 505 Cluent.
1039 484 1057 511 7
1071 483 1131 514 ας.-
1192 473 1230 499 Id.
1241 473 1321 513 ’Verr.
1421 480 1438 500 F
1447 480 1466 500 o
1475 480 1524 500 RN
1534 472 1547 499 1u
1557 481 1573 500 C
1583 480 1601 499 ο
1617 492 1624 504 ,
1651 476 1703 499 are.
1741 472 1753 505 [
1766 471 1881 507 καμαράω
1893 473 1905 506 ]
1944 473 2059 498 Formi-es
2082 472 2180 508 facere.
2222 472 2289 499 Plin.
2323 480 2345 497 11
2354 491 2362 504 ,
2393 476 2426 502 10*-
2440 495 2442 498 ,

284 535 298 561 ς
322 536 331 553 1
358 528 396 553 Ita
409 526 479 552 enim
491 523 563 550 causa
577 516 760 547 constituitur,
785 514 951 549 prouinciam
967 512 1084 540 Siciliam
1104 515 1204 536 virtute
1224 517 1279 534 eius
1299 513 1324 533 et
1386 508 1499 535 Ruentes
1513 517 1584 536 ceras
1596 507 1711 534 fulciunt
1731 507 1845 542 pilarum
1858 508 2027 542 intergerinis
2041 516 2056 536 a
2069 507 2125 533 solo
2143 507 2302 539 fornicatiss
2312 515 2346 533 ne
2360 505 2421 535 defit

282 547 422 598 v'igflamja
437 557 555 593 singulari
569 552 657 580 dubiis
671 550 903 585 formidolosisque
922 547 1086 583 temporibus
1108 555 1123 573 a
1145 544 1268 584 fugitiuis
1289 548 1325 569 at·
1386 544 1472 570 aditus
1484 543 1516 570 ad
1528 542 1698 571 sai-ciendum.
1754 543 1827 569 Idem
1840 545 1877 574 16,
1889 552 1921 576 4²
1948 542 2062 577 Populus
2076 549 2166 569 contra
2187 543 2276 569 omnia
2292 540 2423 570 inferiora*

284 607 336 634 que
351 606 365 624 a
377 596 439 623 belli
459 590 581 628 periculis
594 593 677 615 tutam
697 587 745 613 effe
764 587 903 613 seruatam.
974 584 1097 617 Tempus
1117 578 1324 608 formidolofiffi-
1343 587 1372 607 10
1386 579 1531 613 pandatur,
1551 580 1636 614 palma
1650 588 1664 605 e
1684 579 1820 605 contrario
1839 578 1996 605 fornicatur.
2012 578 2036 604 b.
2051 588 2071 604 e.
2092 578 2191 614 SurJhm
2207 578 2291 613 versus
2304 581 2428 606 curantur*-

284 642 357 660 mum
383 632 438 658 Cic.
454 626 564 661 Philipp.
578 632 595 660 7
610 633 631 650 c.
650 631 666 649 2
689 629 753 650 extr.
859 618 1106 648 Formidolofissima
1127 616 1218 643 videre
1255 615 1324 641 Suet.
1385 617 1413 641 in
1426 614 1519 641 modum
1528 615 1649 651 fornicis.
1720 613 1851 649 Crypticis
1862 613 1975 640 arcubus
1988 614 2121 640 fornicare
2134 614 2220 640 Sidon.
2237 615 2281 647 Ep.
2298 623 2318 646 1,
2331 620 2353 646 ς.
2420 621 2421 625 ’

286 670 351 703 Aug,
367 675 405 700 91,
426 668 445 695 3‘·
1421 655 1466 676 FO
1477 655 1526 676 RN
1538 649 1550 677 ἴ
1559 657 1645 681 COR,
1667 649 1714 676 ari.
1739 651 1804 685 Dep.
1840 650 1967 681 Scortari,
1980 652 2144 676 meretricari.
2178 651 2236 676 Vct.
2254 650 2296 675 Gl.
2319 647 2438 683 πορνεὺω,ῗ,’

320 711 335 729 F
345 708 365 728 0
376 709 392 727 R
401 707 424 725 M
434 706 443 724 1
452 704 470 724 D
479 702 498 723 0
509 694 552 723 Lf)
562 703 574 722 S
587 700 617 721 Ε·
653 692 720 720 Adu·
756 689 944 726 [20170‘6’0'6'225]
999 690 1055 730 Cic:
1068 696 1117 723 ΡΓΟ
1132 687 1200 713 sexr-
1213 694 1249 719 42
1267 694 1288 712 C·
1297 693 1325 717 19
1385 686 1530 718 Fomicor,
1542 687 1650 712 scortor.
1687 685 1734 712 Sed
1753 686 1798 712 hoc
1809 685 1884 721 ftnfi«
1903 691 2000 711 tantum
2019 684 2097 718 Vulg.
2111 685 2206 720 Interp.
2227 691 2251 710 et
2265 680 2429 718 Eccieffiqsticgss·

286 740 344 768 Eos,
358 735 402 770 qui
420 732 565 768 plurimum
583 729 698 766 possent,
716 728 817 762 opponi
838 725 963 753 omnibus
981 723 1155 752 concionibus
1177 721 1257 754 falso,
1282 720 1325 747 sed
1384 727 1505 753 utuntur,
1524 729 1553 748 υι
1567 720 1685 747 Tertull.
1700 720 1731 747 de
1746 720 1834 747 Pudic.
1848 731 1869 746 c.
1884 729 1925 746 22.
1947 727 1971 746 et
1983 720 2043 746 adu.
2058 720 2147 746 Gnost.
2162 730 2184 748 c.
2201 729 2234 752 13.

284 769 454 800 formidolose
470 773 573 798 tamen,
593 764 713 792 aufiores
726 763 758 789 ad
771 762 917 797 perniciem
929 770 1024 787 meam.
1118 759 1230 794 Compar.
1262 757 1324 783 For·
1343 763 1369 790 15
1389 786 1394 789 ,
1420 763 1437 783 F
1448 762 1468 783 o
1478 764 1527 783 RN
1538 765 1545 783 1
1557 763 1573 783 C
1584 758 1605 782 Ᾱ
1615 763 1636 782 Τ
1646 763 1664 781 v
1675 763 1703 786 s,
1725 765 1756 788 a,
1776 766 1830 782 um.
1859 757 1952 782 Partic.
1988 754 2170 791 [xoeffioefwrdsb]
2207 754 2293 782 Paries
2309 751 2440 782 fornica-'⁴²'

283 804 437 835 midolofius
456 802 565 838 Catonis
578 800 610 834 1st
622 800 688 836 apud
702 798 805 825 Charis.
815 806 831 824 2
844 806 868 832 p.
879 799 934 830 196.
1366 806 1369 807 ν
1385 798 1441 825 tus,
1461 795 1501 818 cui
1521 794 1652 828 opponitur
1669 791 1775 817 Solidus
1790 793 1846 818 Cic.
1861 793 1889 817 in
1903 790 2003 825 Topic.
2023 799 2057 817 22
2077 801 2098 817 c.
2111 800 2138 824 4.
2182 791 2242 817 Liu.
2263 799 2303 823 22,
2317 793 2346 822 36
2360 783 2430 819 extr-A
2443 787 2445 789 ’

318 847 335 867 F
345 846 364 867 ο
378 846 395 866 R
406 845 476 866 Mil)
486 835 635 867 Ansam,
653 844 676 861 e.
713 834 773 860 Adi.
812 833 852 866 [φ
867 831 951 866 curis]
987 830 1067 858 Ouid.
1082 830 1147 856 Met.
1157 838 1182 860 2,
1195 833 1238 861 857
1257 826 1325 854 Nul-
1384 828 1437 854 Via
1450 828 1579 854 fornicata
1594 827 1625 853 ad
1640 836 1770 861 campum.
1825 827 1890 853 Plin.
1904 827 1933 852 de
1944 829 2031 862 apibus
2043 835 2075 859 11,
2090 835 2118 852 10
2152 827 2265 853 Ruentcs
2286 834 2356 852 ceras
2374 820 2439 852 ful-¹.

281 879 321 903 lae
334 876 362 902 in
378 875 466 902 fronte
480 873 584 904 minae,
604 880 651 897 nec
665 868 838 897 formidabile
852 843 950 894 iumen.
1056 867 1140 892 Orcus
1161 864 1198 890 Id.
1212 863 1277 890 ibid.
1287 871 1324 895 14,
1384 863 1456 889 ciunt
1470 863 1584 898 pilarum
1601 863 1769 897 intergerinis
1781 871 1796 888 a
1809 862 1865 889 solo
1884 863 2031 889 fornicaris.
2076 863 2207 888 Ammian.
2222 868 2262 894 2⁶,
2280 870 2316 894 24
2346 858 2430 891 Aedi-j}

282 914 330 939 116.
401 911 509 945 Serpens
534 908 572 935 Id.
586 906 654 933 ibid.
670 914 693 938 2,
708 913 764 939 ¹74·
836 903 933 930 Ridens
948 901 1122 928 formidabile
1156 900 1216 926 Stat.
1231 898 1324 925 Theb.
1383 898 1474 926 ficium
1485 899 1655 926 fornicatum.
1697 898 1764 925 Plin.
1779 906 1816 929 12,
1830 907 1843 931 ς
1870 898 1980 925 Ambitu
1994 898 2136 924 fornicato.
2422 894 2433 917 ’λ

281 954 305 980 8,
319 952 370 980 581.
477 945 589 980 Compar.
626 939 838 969 Formidabilior
850 938 916 974 apud
927 939 1032 964 Petron.
1046 946 1070 972 p.
1085 945 1135 970 ¹¹4·
1269 968 1274 973 ¹
1333 947 1368 966 20
1422 940 1438 960 1-
1452 940 1471 961 0
1481 940 1531 961 RN
1542 941 1605 961 {CA
1615 941 1633 959 R
1644 941 1653 959 1
1663 941 1682 959 v
1695 941 1707 960 g
1718 954 1726 966 ‚
1750 934 1768 960 i,
1797 942 1832 960 m·
1868 936 1971 960 Dicitur
1986 935 2082 969 Opis&
2095 942 2118 959 e!
2132 934 2237 968 proPola
2247 931 2302 966 fine
2313 927 2428 967 &fil-mn}

318 989 335 1008 F
347 987 473 1009 ORMID
483 982 506 1007 ,Αἰ
515 987 538 1006 Μ
548 986 565 1006 Ε
575 986 596 1005 Ν
606 998 615 1010 ,
631 977 692 1004 i'nis.
713 986 740 1003 11.
781 974 944 1010 Apul.Apol.
962 981 1035 1007 p.315
1060 970 1165 998 Elmenh.
1192 968 1325 996 Noenum
1383 972 1426 1005 qui
1438 970 1552 997 tabernas
1566 980 1580 995 a
1593 970 1656 1005 fisco
1677 970 1790 995 conducit
1803 968 1851 1005 Jicb
1863 969 2024 1005 fornicibus,
2045 978 2074 995 vt
2094 970 2130 995 ibi
2149 978 2238 995 merces
2251 969 2314 1004 suas
2326 968 2430 1001 venales..

280 1016 462 1048 occursacula,
480 1015 619 1042 bustorum
631 1011 836 1043 formidamina,
855 1010 1036 1044 sepulcrorum
1047 1006 1270 1044 terriculamenta.
1383 1005 1484 1032 habeat.-
1503 1006 1639 1032 cuiusmod1
1654 1004 1695 1038 effi
1708 1006 1791 1041 Jblcnt
1805 1007 1831 1030 in
1852 1005 1990 1038 porticibus
2007 1006 2069 1041 fori
2086 1006 2225 1036 mmmm„
2238 1004 2267 1030 ,d
2276 1001 2310 1036 est
2321 998 2430 1036 „lacem-‚2

319 1060 335 1081 F
347 1059 366 1080 O
380 1060 399 1079 R
411 1059 435 1078 M
447 1058 482 1078 11)
492 1058 513 1078 Α
524 1056 546 1077 ’.Γ
560 1058 569 1076 1
580 1056 600 1076 Ο
611 1069 618 1081 ,
639 1049 706 1075 onis.
728 1048 746 1074 f.
785 1045 896 1081 [φόέῖος]
947 1044 1070 1077 Αβὲνεαν
1083 1044 1139 1069 Cic.
1154 1042 1182 1068 in
1196 1042 1324 1079 Part1t311
1383 1049 1444 1076 quas
1456 1040 1544 1103 ¹scillas·
1561 1043 1694 1076 appellant.
1732 1039 1855 1067 Scaeuola
1869 1040 1886 1066 l.
1904 1041 1995 1073 Quum
2011 1040 2118 1075 quidam
2135 1038 2258 1076 §.Fiscus
2272 1040 2304 1065 D.
2321 1038 2353 1065 de
2367 1039 2424 1066 vsu-*
2436 1060 2439 1062 .

282 1099 303 1116 c.
319 1098 338 1122 4
368 1090 399 1115 In
412 1081 528 1114 suasione¹
540 1091 642 1116 autem,
666 1090 711 1110 aut
729 1084 815 1117 spem,
840 1088 884 1108 aut
904 1079 1123 1107 formidationem
1143 1076 1322 1104 deliberantis.
1383 1076 1438 1108 ris,
1476 1076 1542 1102 iscus
1562 1077 1591 1102 in
1611 1077 1662 1102 suis
1681 1075 1859 1102 contraciibus
1881 1076 1969 1102 vsuras
1983 1084 2037 1102 non
2060 1075 2118 1108 dat,
2136 1075 2178 1102 sed
2199 1076 2252 1109 ipse
2266 1075 2377 1109 accipit,
2395 1070 2433 1105 vd.

283 1124 364 1151 Hodie
370 1124 431 1160 sere
442 1125 525 1160 legunt
539 1120 811 1148 Reformidationem;
849 1116 927 1143 Gloss.
946 1114 1129 1146 Fomndatio,
1148 1110 1234 1140 δαλιοέ.
1336 1124 1369 1151 25
1384 1112 1477 1151 soleta
1490 1112 1651 1144 fornicariis,
1660 1113 1707 1146 qui
1715 1112 1815 1138 tardius
1829 1112 1966 1145 pecuniam
1982 1111 2108 1138 inferunt.
2147 1112 2187 1138 sic
2202 1111 2322 1137 Budaeus.
2340 1110 2386 1137 Sed
2392 1104 2434 1146 1112(

321 1166 338 1186 Ρ
349 1167 367 1186 o
378 1167 397 1186 R
406 1166 430 1185 M
440 1167 448 1185 1
459 1165 476 1184 D
488 1166 506 1184 v
516 1164 528 1183 s
539 1177 547 1189 ‚
582 1155 635 1183 vid.
654 1165 709 1181 mox
734 1160 750 1180 F
761 1161 779 1180 o
789 1161 807 1179 R
817 1160 841 1178 M
850 1159 869 1178 v
878 1160 901 1179 s.
1383 1147 1532 1173 Foricariis.
1546 1157 1570 1174 υ.
1583 1157 1607 1173 υ.
1785 1146 1806 1183 fl
1827 1156 1842 1174 2
1877 1147 2056 1178 Fornicarius,
2072 1148 2206 1173 scortator.
2226 1146 2340 1172 Saluian.
2356 1140 2431 1180 Guliffi

318 1203 334 1222 F
345 1201 364 1221 o
375 1202 393 1221 R
403 1202 444 1220 Ml
455 1200 475 1220 o
485 1214 492 1226 ,
513 1191 579 1217 anis.
601 1200 636 1217 m.
685 1191 770 1217 Storca
782 1188 874 1224 φόρμος
886 1197 900 1213 α
913 1187 991 1222 φέρω,
1010 1187 1071 1220 quia
1083 1187 1111 1211 in
1125 1193 1150 1210 eo
1162 1180 1324 1218 aliquidfrr-
1383 1183 1435 1209 Dei
1449 1191 1473 1216 p.
1487 1190 1536 1216 279
1557 1183 1624 1216 Qiis
1645 1182 1673 1208 in
1687 1182 1736 1208 illo
1755 1191 1868 1209 numero
1883 1183 1964 1209 castus
1977 1183 2046 1208 suit?
2071 1182 2176 1208 Castum
2195 1182 2271 1208 dico}
2293 1182 2360 1214 Qus
2372 1179 2430 1213 noti,

281 1237 332 1258 eur.
355 1231 403 1262 l.33
428 1228 450 1266 §.
466 1234 491 1258 18
512 1227 538 1254 ff.
553 1227 584 1253 de
598 1226 717 1252 instrum.
734 1225 783 1259 leg.
824 1222 884 1250 Vid.
906 1228 923 1248 P
934 1228 955 1248 H
966 1227 985 1248 O
996 1227 1049 1248 ΚΜ
1060 1228 1069 1246 1
1079 1227 1108 1247 o.
1383 1218 1557 1249 fornicarius,
1570 1227 1624 1245 non
1635 1218 1756 1245 adulter?
1773 1219 1847 1255 Cous.
1861 1218 1938 1253 Vulg.
1952 1220 2049 1252 interp.
2064 1226 2074 1244 1
2089 1218 2168 1244 Tim.
2182 1226 2202 1250 1,
2217 1226 2253 1244 10.
2273 1223 2296 1243 ct
2308 1215 2425 1249 Tei-tull}

317 1270 610 1295 FORMVS‚a,um
643 1268 666 1287 et
690 1265 915 1291 roRM1Dvs,
952 1259 983 1282 it.
1008 1258 1195 1282 FoRst
1218 1251 1323 1279 calidus.
1382 1253 1415 1280 de
1431 1253 1610 1287 Animac.33.
2317 1269 2323 1271 .
2408 1247 2429 1275 ,ξι

280 1301 385 1333 Festus,
405 1301 502 1327 Forma
515 1297 641 1332 fignificat
654 1296 736 1323 modo
748 1295 847 1326 calida,
866 1299 895 1320 vt
906 1301 966 1319 cum
978 1297 1052 1324 exta,
1073 1299 1141 1325 quae
1157 1289 1268 1328 dantur,
1290 1287 1322 1313 de
1340 1301 1372 1325 30
1421 1295 1438 1315 1²·
1450 1295 1471 1316 o
1481 1296 1499 1316 R
1509 1296 1531 1315 N
1543 1295 1635 1316 ICAR
1645 1297 1654 1315 1
1664 1296 1684 1315 Α
1695 1309 1703 1321 ,
1722 1297 1760 1315 ae.
1781 1288 1801 1314 f.
1838 1287 2010 1322 Prostibulum.
2047 1290 2106 1315 Vet.
2123 1288 2203 1314 Gloss.
2224 1286 2303 1321 πόρνη,
2318 1287 2368 1313 οἷσι-δ
2384 1280 2431 1318 ’aad‘

279 1337 366 1362 forma
385 1336 403 1369 (
412 1335 517 1371 tepida)
537 1332 709 1368 appellantur.
765 1332 795 1357 Et
819 1331 886 1356 Cato
909 1329 947 1355 ait
971 1327 1003 1354 de
1016 1326 1132 1362 quodam
1145 1323 1268 1364 aedificio
1282 1331 1323 1349 ae·
1382 1324 1472 1360 μοίρας.
1491 1323 1582 1352 Ifidor.
1598 1334 1635 1351 10.
1661 1325 1718 1352 Vid.
1741 1322 1805 1357 Vqffi
1819 1326 1877 1351 Lex.
1894 1326 1997 1359 Etymol.
2014 1331 2038 1350 ct
2051 1324 2170 1351 Tertull.
2184 1323 2216 1350 de
2229 1322 2342 1350 Pudicit.
2356 1331 2377 1350 c.
2389 1315 2429 1359 κάξ
2454 1327 2459 1339 ;

278 1371 340 1398 state
354 1371 455 1406 frigido
469 1370 556 1396 hieme
569 1367 697 1395 formido.
751 1367 817 1394 Item
828 1365 915 1392 forma
928 1362 1074 1399 appellatur
1085 1361 1143 1397 puls
1156 1359 1276 1386 miliacea
1290 1367 1321 1384 ex
1423 1366 1439 1386 Ρ
1451 1367 1470 1387 ο
1480 1368 1499 1387 R
1509 1368 1530 1386 N
1539 1369 1549 1387 1
1559 1366 1576 1387 C
1588 1368 1607 1387 Α
1618 1368 1638 1387 Τ
1648 1368 1656 1386 1
1667 1367 1686 1387 o
1696 1380 1704 1392 ,
1734 1361 1800 1386 onis.
1838 1359 1858 1386 f.
1895 1360 2023 1395 [πορνεία]
2062 1361 2176 1386 Formicis
2190 1357 2334 1392 struflura.
2370 1356 2429 1392 Sug
2454 1351 2456 1373 ἰ

278 1407 358 1434 melle
376 1407 430 1440 (an
443 1406 501 1433 haec
515 1408 587 1431 etiam
599 1412 614 1430 a
627 1404 707 1430 calore
714 1403 757 1437 ἒ).
811 1400 945 1427 Arnobius
958 1402 1137 1436 antiquarum,
1150 1394 1245 1436 siqui-5
1257 1395 1323 1420 alius
1382 1396 1461 1431 Epist.
1475 1404 1505 1428 95
1526 1396 1641 1422 Societas
1654 1395 1742 1422 nostra
1754 1395 1872 1430 lapidum
1885 1395 2059 1422 fornicationi
2073 1395 2164 1422 similis
2178 1394 2214 1421 cst
2223 1414 2230 1426 ,
2249 1402 2316 1429 quae
2331 1388 2426 1428 casurffl
2454 1406 2456 1408 ·

280 1451 295 1469 2
308 1452 332 1477 p.
349 1450 383 1477 72
395 1441 445 1478 fin.
479 1441 535 1468 Nec
549 1439 644 1467 formis
659 1437 843 1465 erubescerent
856 1435 1032 1463 masculorum
1048 1432 1202 1459 calamistris
1215 1429 1323 1456 Vibrare
1382 1432 1430 1458 nifi
1454 1432 1571 1458 inuicem
1596 1431 1747 1462 obstarent,
1773 1430 1823 1457 hoc
1856 1431 1913 1465 ipso
1934 1431 2083 1457 sustinetur.
2120 1431 2192 1458 Adde
2211 1430 2320 1456 Vitruu.
2342 1432 2373 1463 6,
2388 1425 2424 1463 Q..

278 1479 432 1509 caesariem,
441 1475 482 1511 fic
494 1483 559 1503 σενα*
572 1474 672 1511 quidam
686 1474 761 1500 MSS.
773 1470 855 1505 omiffi)
870 1472 899 1498 in
918 1477 975 1496 ante
989 1469 1095 1496 formis.
1155 1468 1256 1493 Fuerint
1275 1468 1324 1492 ita·
1339 1480 1368 1507 35
1382 1465 1436 1505 ff?
1472 1467 1605 1495 scortatio.
1641 1467 1700 1492 Vet.
1722 1465 1801 1492 Glon'.
1820 1467 1927 1501 πορνεία,
1947 1466 2110 1493 Fornicatio.
2149 1465 2277 1492 'Tc-rtuil.
2297 1464 2330 1492 de
2350 1460 2439 1500 171ιᾷ-

278 1523 321 1549 que
335 1513 418 1540 formi
431 1511 571 1539 calamistri
583 1509 674 1540 calidi,
699 1508 788 1544 quibus
809 1507 919 1543 crispari
931 1505 1015 1541 solem
1032 1507 1123 1531 crines.
1185 1503 1227 1529 Ita
1248 1500 1323 1528 Festo
1383 1504 1428 1530 cit.
1443 1511 1452 1529 1
1467 1509 1531 1528 extr.
1549 1508 1573 1527 ct
1590 1507 1681 1528 contra
1701 1501 1783 1527 Marc.
1797 1509 1819 1533 ς,
1833 1508 1859 1534 7.
2400 1503 2423 1524 „s

279 1550 402 1583 Forcipes
421 1548 559 1578 dicuntur,
583 1545 655 1581 quod
677 1544 718 1571 his
738 1544 841 1575 forma,
868 1542 895 1568 id
914 1541 950 1568 est
969 1540 1054 1567 calida
1077 1538 1225 1574 capiuntur.
1292 1537 1323 1563 El
1420 1543 1702 1567 FORNICATOR,
1722 1536 1787 1562 (iris.
1815 1544 1850 1562 m.
1886 1535 2006 1561 Tertull.
2032 1535 2064 1561 de
2088 1534 2199 1561 Pudicit.
2227 1543 2277 1568 αιμ
2300 1535 2426 1563 Linu'tem

279 1591 296 1610 F
306 1590 324 1610 ο
334 1591 353 1610 R
363 1591 388 1610 M
397 1590 417 1608 v
429 1589 445 1609 c
457 1590 478 1609 Α
487 1590 503 1609 L
512 1589 527 1609 Ε
536 1590 548 1609 S
565 1582 678 1615 forcipes
691 1579 793 1611 dietae,
812 1578 885 1613 quod
899 1577 986 1603 forma
1000 1575 1118 1611 capiant,
1139 1573 1210 1600 idest
1218 1573 1323 1599 feruen—
1382 1572 1501 1601 moechis
1523 1578 1549 1599 et
1571 1570 1779 1598 fornicatoribus
1802 1570 1916 1606 figimus.
1973 1570 2085 1597 Saluian.
2105 1570 2136 1596 de
2155 1570 2225 1597 Gub.
2239 1571 2289 1598 Dei
2302 1579 2321 1606 7
2340 1580 2366 1606 p.
2379 1576 2424 1604 283

279 1619 324 1645 tia.
377 1621 415 1645 De
428 1618 529 1651 forcipe
542 1617 637 1643 similia
649 1616 754 1642 Seruius
767 1614 800 1640 ad
813 1615 876 1640 Aen.
892 1621 929 1644 12,
945 1621 1010 1645 404.
1067 1610 1114 1638 sed
1134 1615 1162 1641 8,
1182 1617 1226 1643 433
1257 1609 1321 1635 For·
1384 1611 1442 1637 Vna
1455 1607 1582 1635 meretrix
1597 1607 1696 1633 multos
1709 1606 1886 1633 fornicatores
1904 1607 1976 1632 facit.
2399 1620 2402 1625 ι

279 1663 342 1680 vum
356 1655 448 1690 legitur
461 1656 487 1678 in
500 1652 606 1677 editione
621 1653 705 1677 Burni.
720 1650 905 1685 obseruaturque
917 1651 990 1674 etiam
1008 1646 1116 1674 forbum
1138 1644 1180 1678 est&
1199 1648 1226 1670 in
1246 1644 1321 1671 MSS.
1331 1658 1368 1683 40
1421 1651 1437 1671 1-
1447 1650 1466 1670 o
1476 1651 1495 1670 R
1505 1651 1526 1670 N
1536 1650 1545 1668 1
1556 1648 1574 1670 e
1585 1650 1636 1669 ΛΤ
1647 1649 1684 1669 Rl
1695 1650 1729 1674 x,
1747 1642 1804 1668 icis.
1824 1643 1844 1669 f.
1881 1641 1973 1668 Ifidor.
1989 1649 2017 1668 10
2038 1641 2205 1668 Fornicatrix
2225 1641 2260 1668 est
2276 1641 2349 1668 cuius
2369 1649 2426 1668 cor-

279 1689 328 1717 sed
341 1689 458 1715 formum
471 1685 568 1719 volui—'sle
583 1686 702 1712 Seruium
712 1705 720 1717 ‚
739 1691 768 1711 υι
785 1684 864 1710 edidit
877 1684 1053 1715 Commelimcs,
1071 1681 1171 1709 uidetur
1183 1680 1239 1706 inde
1248 1677 1321 1714 effici,
1383 1690 1430 1715 pus
1445 1679 1480 1705 est
1496 1678 1642 1713 publicum.
1679 1679 1737 1704 Hae
1756 1677 1802 1704 sub
1820 1678 1933 1705 arcuatis
1948 1677 2194 1712 prosternebantur,
2211 1685 2278 1712 quae
2297 1677 2355 1702 loca
2372 1676 2428 1703 fot·

296 1724 343 1750 uod
354 1727 392 1750 ita
404 1722 530 1750 conneHit
549 1724 682 1748 orationem
705 1721 901 1749 Grammaticus,
924 1719 994 1744 Nam
1013 1717 1064 1753 for
1083 1737 1090 1744 .
1113 1737 1119 1743 .
1139 1726 1178 1742 um
1200 1715 1236 1742 est
1260 1714 1321 1741 cali·
1383 1717 1454 1742 nices
1472 1715 1605 1741 dicuntur.
2200 1740 2204 1741 ⁷

278 1733 356 1785 dum:
392 1758 461 1785 vnde
474 1764 499 1784 et
514 1757 644 1783 formosos
657 1755 785 1786 dicimus,
814 1754 913 1788 quibus
938 1753 1010 1778 calor
1027 1752 1160 1786 sanguinis
1178 1759 1208 1776 ex
1221 1750 1322 1776 rubore
1418 1757 1435 1777 F
1446 1757 1493 1777 oR
1504 1756 1543 1784 0,
1562 1754 1614 1775 are.
1651 1750 1743 1783 [τρέω
1762 1748 1876 1784 reba-w,
1899 1748 2028 1783 τιτροιῐνω]
2074 1747 2176 1779 Fodere,
2191 1750 2324 1778 traiicere,
2335 1751 2366 1771 vt
2375 1744 2429 1780 fiai

278 1794 503 1828 pulchritudinem
518 1798 596 1819 creat.
651 1789 701 1824 Effi’
715 1792 742 1816 in
757 1791 879 1816 elcmmtis
887 1790 979 1823 primis
993 1789 1114 1812 notionem
1133 1787 1239 1820 aliquam
1254 1787 1323 1818 ignis
1375 1786 1504 1820 foramen.
1541 1784 1623 1810 Plaut.
1637 1785 1741 1810 Mostel.
1758 1793 1779 1815 1,
1793 1793 1811 1813 1,
1826 1792 1852 1816 53
1878 1785 1917 1810 Ita
1933 1790 1957 1810 te
1972 1783 2098 1810 forabunt
2114 1783 2287 1817 patibulatum
2301 1789 2348 1816 per
2362 1782 2406 1807 via

278 1829 367 1864 aflatu
379 1828 545 1864 augffcemis,
568 1828 716 1852 Graecorum
730 1825 785 1860 πῦρ,
803 1831 855 1850 tum
869 1824 953 1849 Feuer
966 1823 1160 1852 Germanorum,
1177 1826 1200 1845 et
1217 1819 1320 1848 fornax,
1331 1832 1363 1858 45
1382 1819 1513 1846 Columel.
1529 1826 1552 1850 ς,
1570 1827 1598 1844 10
1612 1818 1721 1852 subfin.
1750 1818 1894 1852 Amygdala
1914 1819 1932 1844 si
1947 1828 2039 1852 parum
2058 1819 2131 1844 ferax
2147 1820 2213 1852 erit,
2232 1818 2317 1844 foram
2330 1816 2396 1843 arbo
2418 1819 2420 1821 ,

277 1870 301 1890 et
314 1863 422 1893 furnus,
442 1869 466 1888 et
478 1862 588 1890 ferueo,
607 1860 725 1885 videntur
732 1859 844 1894 suadere.
898 1857 966 1884 Add.
981 1858 1048 1883 Iocus
1056 1856 1153 1882 Donati
1166 1858 1192 1880 in
1209 1860 1320 1880 FORMA
1383 1855 1497 1889 lapidem
1511 1853 1638 1885 adiicito,
1655 1858 1681 1879 et
1700 1854 1737 1879 ita
1750 1852 1851 1879 librum
1869 1853 1973 1879 arboris
1987 1852 2129 1878 inolescere
2147 1853 2234 1879 finito,
2291 1852 2364 1878 ldem
2379 1857 2400 1883 8,

278 1909 303 1925 τι.
318 1907 330 1925 2
356 1905 420 1924 extr.
476 1898 513 1923 De
536 1896 623 1921 Forno
642 1895 716 1919 Non.
739 1901 777 1923 12,
801 1901 842 1924 52.
900 1892 980 1917 Verba
998 1892 1084 1916 damus
1102 1895 1130 1917 in
1151 1896 1250 1916 FORN
1261 1896 1282 1915 Α
1293 1896 1320 1914 x.
1382 1892 1480 1916 Forare
1494 1897 1594 1915 aurem.
1628 1888 1746 1915 Macrob.
1758 1889 1859 1915 Saturn.
1873 1895 1899 1922 7,
1914 1897 1934 1919 3.
1986 1888 2076 1914 laculo
2096 1888 2148 1914 iam
2162 1889 2267 1915 forante
2281 1896 2360 1915 cruor
2373 1886 2419 1914 exi'

317 1941 359 1960 FO
370 1941 388 1960 R
400 1940 420 1959 N
434 1939 454 1959 Α
467 1939 502 1963 χ,
520 1931 580 1956 acis,
600 1929 620 1955 f.
657 1927 789 1962 [κάμψῃ
805 1925 966 1960 χονευτήριον,
984 1924 1092 1957 χέανος]
1129 1925 1261 1953 caminus,
1280 1932 1322 1947 ⁷10-
1382 1925 1472 1950 Sidon.
1487 1923 1566 1956 Epist.
1587 1931 1612 1954 9,
1628 1931 1661 1954 ¹3·
2420 1940 2422 1945 .
2444 1931 2445 1934 ’

276 1979 330 1996 men
343 1969 414 1995 habet
427 1978 442 1994 a
456 1968 582 1993 Fornuun
595 1964 769 1992 velFornum,
782 1961 847 1997 quod
860 1958 892 1993 gs}
905 1960 1023 1986 calidum.
1094 1958 1194 1996 Plin39,
1208 1961 1233 1987 38
1252 1958 1321 1995 Lon-
1424 1963 1439 1982 F
1452 1964 1470 1983 o
1480 1963 1498 1982 R
1509 1964 1529 1982 Α
1539 1962 1610 1982 Tvs
1620 1976 1628 1987 ‚
1647 1965 1662 1982 a
1671 1975 1680 1987 ‚
1697 1964 1752 1982 um.
1783 1958 1850 1984 Part.
1886 1957 2003 1990 Regulae
2016 1957 2117 1983 foratae
2130 1958 2238 1984 Vitruu.
2254 1967 2290 1988 10,
2303 1967 2336 1990 13,
2373 1958 2427 1984 Μρ..
2438 1965 2439 1970 ,

296 2006 391 2039 inquae
406 2003 522 2030 fornacis
536 1999 668 2027 cuniculo.
740 1997 812 2024 Idem
829 2005 866 2027 11,
883 1998 913 2027 36
944 1996 973 2021 In
988 1993 1070 2028 Cypri
1084 1992 1193 2019 aerariis
1207 1991 1321 2017 fornaci·
1337 2006 1369 2032 50
1384 1992 1454 2027 tuph,
1472 1992 1521 2017 Per
1536 1991 1635 2025 quaffos
1657 1991 1811 2025 foratosque
1827 1991 1936 2017 Animos
1954 1992 2141 2018 transmittitur
2160 1993 2215 2018 Sen.
2236 1992 2268 2019 de
2281 1994 2358 2020 Breu.
2373 1993 2426 2020 vit*

276 2014 342 2072 gns,
363 2046 407 2066 etc.
481 2038 536 2065 Cic.
550 2036 582 2062 de
595 2036 630 2062 N.
645 2035 676 2060 D.
692 2042 719 2066 1,
738 2041 786 2066 104
825 2032 889 2058 Sunt
907 2029 1036 2065 quaedam
1054 2029 1150 2058 etiam,
1175 2035 1242 2062 quae
1262 2027 1322 2061 igne
1385 2037 1405 2054 c.
1421 2037 1457 2053 10.
1494 2027 1603 2053 Foratus
1621 2026 1706 2052 fuerit
1727 2026 1846 2053 Scribon.
1862 2032 1894 2060 84
1913 2027 1941 2053 de
1962 2034 2024 2053 utre.
2063 2027 2136 2063 Conj.
2149 2028 2228 2054 Rnod.
2241 2030 2300 2055 Lex.
2316 2029 2425 2055 Scribon-

276 2077 346 2102 nasci
361 2080 502 2110 putentur,
520 2076 697 2107 apparentque
712 2069 740 2094 in
753 2067 906 2094 ardentibus
921 2064 1072 2091 fornacibus
1086 2065 1158 2098 saepe
1173 2062 1323 2089 volitantes.
1383 2063 1473 2090 Arbor
1486 2062 1596 2089 terebris
1611 2062 1697 2088 forata
1718 2062 1835 2096 Simplic.
1854 2063 1885 2088 R.
1898 2063 1990 2097 Agrar.
2006 2072 2030 2096 p.
2046 2067 2073 2092 88
2088 2063 2157 2098 Gozs.

278 2111 386 2138 Calidae
412 2111 516 2136 Lucret.
530 2111 555 2140 6,
569 2114 630 2142 277.
723 2105 810 2130 cauae
825 2102 909 2142 ⁴Idem
922 2104 948 2133 6,
963 2109 1013 2126 201.
1085 2099 1253 2137 Longinqua,
1268 2097 1322 2123 vid.
1419 2105 1464 2124 Fo
1474 2105 1492 2124 R
1502 2104 1548 2124 ΑΒ
1559 2097 1570 2123 f
1581 2104 1596 2123 L
1609 2104 1618 2123 1
1632 2105 1661 2130 s,
1688 2106 1711 2123 e.
1742 2098 1804 2124 Adi.
1839 2097 1981 2133 [τρηπτὸς]
2018 2098 2105 2125 Ν1111ο
2123 2099 2178 2125 16111
2195 2097 2318 2126 forabilis
2343 2097 2423 2125 Ouid.

277 2147 306 2173 in
324 2153 368 2173 Lo
379 2151 490 2172 NGvs.
595 2140 742 2169 -Profunda
780 2137 861 2165 Ouid.
884 2138 948 2162 Met.
970 2144 999 2165 2,
1017 2143 1077 2167 229.
1148 2132 1322 2167 Vaporiferae
1382 2134 1447 2159 Met.
1464 2142 1499 2164 12,
1513 2140 1568 2167 170.
2456 2123 2457 2131 ¹

276 2183 338 2209 Stat.
353 2182 416 2208 Silu.
429 2189 456 2212 1,
472 2189 499 2211 3,
512 2185 552 2211 45.
646 2175 773 2203 Sulfureis
786 2173 859 2200 ardet
873 2170 1025 2198 fornacibus
1039 2171 1121 2209 {aetna
1159 2167 1240 2194 Ouid.
1255 2168 1320 2206 Met.
1336 2182 1365 2207 55
1417 2174 1433 2193 F
1443 2174 1462 2193 o
1472 2175 1490 2193 R
1500 2175 1520 2193 A
1531 2174 1551 2193 Τ
1561 2174 1621 2199 vs,
1641 2166 1678 2192 us.
1707 2176 1743 2194 111.
1780 2169 1901 2203 [τρῖμοι]
1939 2168 2006 2195 Idem
2017 2168 2078 2205 fere
2098 2169 2162 2205 quod
2178 2170 2308 2200 foramen,
2327 2169 2368 2195 vel
2399 2178 2425 2196 o·
2454 2173 2479 2213 l(

279 2226 320 2250 13,
335 2226 393 2250 340.
465 2215 626 2247 Percoquere
647 2212 753 2238 fornace
774 2208 971 2236 balneariorum
996 2204 1167 2232 Scnbon.60.
1271 2203 1320 2227 Vr1
1381 2205 1433 2228 tius
1463 2202 1517 2236 ipfiz
1544 2201 1697 2236 perforatio.
1736 2203 1853 2229 Laflant.
1872 2204 1903 2229 de
1922 2204 2016 2237 Opific.
2037 2205 2087 2231 Dei
2107 2214 2128 2230 c.
2146 2215 2155 2235 5
2181 2205 2329 2231 Oculorum
2347 2213 2378 2231 or
2395 2213 2420 2232 es
2470 2211 2479 2231 μ

275 2253 383 2279 fornace
398 2259 446 2277 121.
518 2249 635 2275 Fornum
649 2253 674 2273 et
688 2247 830 2275 Fornaccs,
849 2246 932 2279 inquit
946 2241 1053 2268 Nonius
1068 2249 1102 2271 12,
1116 2247 1145 2271 52
1171 2238 1319 2264 dicuntura
1381 2238 1505 2263 concauis
1528 2236 1706 2262 foraminibus
1729 2237 1867 2262 conclusit:
1898 2247 1912 2263 a
1934 2247 1988 2272 quo
2012 2239 2101 2264 foratu
2121 2240 2238 2265 frontem
2261 2240 2420 2267 nominatam·
2462 2242 2479 2262 ’1

277 2289 383 2319 Forno,
402 2283 474 2320 quod
491 2283 527 2310 est
542 2283 641 2308 calido:
677 2281 738 2308 inde
758 2280 899 2313 Forcipes‚
921 2276 993 2312 quod
1013 2275 1124 2302 candens
1146 2278 1250 2300 teneant
1268 2272 1320 2299 fer-
1380 2274 1467 2299 Varro
1476 2271 1647 2298 existimauit.
1683 2274 1782 2297 Aurem
1795 2273 1884 2298 foratu
1896 2272 2060 2298 effeminatus
2073 2273 2192 2299 Tertull.
2205 2274 2237 2299 de
2248 2275 2311 2301 Pall.
2323 2268 2381 2308 e.'4]
2465 2290 2477 2295 -

277 2332 344 2349 rum.
415 2321 493 2346 Varr.
507 2318 539 2344 de
553 2319 616 2344 Vita
636 2317 698 2351 Pop.
712 2317 789 2342 Rom.
809 2324 818 2341 1
851 2314 965 2341 Cocula.
985 2312 1033 2346 qui
1058 2309 1189 2345 coquebat
1211 2317 1319 2344 panem,
1415 2313 1653 2339 FOROAPPIJ,
1674 2314 1697 2332 et
1708 2305 1805 2341 similia
1819 2308 1917 2334 orbium
1936 2315 1960 2334 et
1973 2309 2119 2343 populorum
2138 2311 2237 2335 nomina
2265 2311 2348 2338 damus
2363 2318 2416 2337 uoce

276 2358 392 2393 primum
405 2355 451 2382 sub
466 2354 569 2384 cinere,
590 2352 677 2387 postea
690 2353 718 2378 in
731 2351 825 2378 forno:
861 2349 1001 2381 vtriusque
1022 2346 1181 2373 vocabulum
1201 2353 1216 2371 a
1229 2346 1319 2370 Forno
1337 2349 1372 2374 60
1382 2350 1452 2370 FOR
1462 2349 1483 2367 V
1492 2349 1516 2368 M
1543 2351 1569 2368 n.
1584 2350 1609 2376 7.
2159 2359 2166 2365 .

276 2393 400 2423 ductum,
422 2390 449 2416 id
468 2390 504 2416 est
517 2398 531 2416 a
544 2388 658 2416 caldore.
831 2382 852 2421 ff
874 2393 890 2410 2
926 2385 1047 2415 Fornax,
1067 2383 1121 2408 Dea
1139 2382 1220 2407 etiam
1233 2379 1321 2405 existi·
1416 2384 1580 2409 FORPEX,
1598 2377 1653 2403 i‘ciS.
1674 2376 1695 2402 f.
1731 2375 1931 2410 Ivfirumentum‚
1939 2385 1984 2412 quo
1993 2378 2046 2412 pili
2058 2375 2210 2405 inciduntur.
2247 2379 2336 2406 isidor.
2345 2387 2418 2412 20,13

276 2435 361 2460 mata,
380 2425 508 2462 quoniam
523 2430 581 2450 ante
602 2423 719 2450 triticum
739 2427 764 2448 et
784 2421 839 2447 eius
857 2421 947 2451 vsum,
972 2418 1042 2444 farra
1063 2416 1216 2443 fornacibus
1236 2421 1320 2441 torre-
1381 2420 1404 2440 εἰ
1416 2412 1700 2446 Caffiodor.01·thogr.
1716 2421 1737 2438 c.
1750 2422 1769 2446 4
1788 2411 1920 2446 discrimen
1934 2412 2042 2446 faciunt
2058 2414 2125 2438 inter
2144 2412 2269 2439 Forficem
2284 2421 2308 2440 et
2326 2413 2417 2449 Forpi.

274 2464 386 2494 bantur,
422 2461 491 2487 vnde
505 2460 540 2486 est
558 2459 605 2485 dea
619 2459 722 2484 Fornax
736 2456 891 2488 constituta,
918 2462 947 2481 υι
966 2454 1055 2480 Festus
1074 2460 1096 2479 et
1115 2451 1265 2479 Ladhndus
1280 2459 1320 2476 uo·
1381 2458 1454 2479 cem,
1473 2454 1501 2475 vt
1520 2449 1564 2475 illa
1585 2448 1696 2474 Sartoris
1716 2447 1761 2479 sit,
1782 2447 1844 2473 haec
1858 2447 2001 2474 Tonsoris.
2047 2446 2136 2473 Sidon.
2151 2448 2237 2474 Carm.
2250 2456 2284 2480 15,
2298 2454 2343 2482 184
2365 2449 2416 2476 Ru.

275 2501 338 2526 lunt.
393 2499 470 2524 Plura
485 2499 511 2521 in
523 2495 602 2521 Ouid·
617 2493 682 2519 Fast·
696 2502 724 2524 Ξ,
745 2499 787 2525 325
1382 2485 1422 2519 pit
1442 2484 1579 2511 odoratam
1600 2483 1733 2510 redolenti
1751 2483 1853 2518 forpice
1873 2482 1990 2510 barbam.
2033 2484 2075 2509 Ita
2092 2485 2120 2509 in
2140 2481 2330 2520 castigatrffimis
2346 2484 2419 2511 libri,-

390 2558 393 2559 γ
429 2531 507 2558 Facta
524 2531 579 2556 Dea
599 2529 635 2555 est
654 2529 772 2559 Fornax,
798 2525 861 2552 laeti
880 2526 996 2551 Fornace
1016 2523 1108 2551 coloni
1334 2523 1366 2556 63
1374 2522 1498 2557 seriptum
1510 2518 1558 2553 est,
1592 2518 1640 2545 uod
1650 2518 1725 2550 addo,
1755 2521 1796 2544 uia
1809 2518 1902 2552 Vqffius
1915 2519 2006 2554 amque
2022 2517 2050 2543 de.
2062 2519 2201 2545 Lati-Imm,
2216 2518 2290 2545 huius
2300 2522 2368 2545 vocis
2378 2519 2421 2545 du.

473 2567 572 2598 Orant,
590 2571 619 2590 vt
638 2564 710 2590 vires
730 2567 857 2596 temperet
876 2560 922 2586 illa
942 2561 1006 2586 suas.
1379 2557 1503 2582 bitarunt.
1537 2557 1564 2581 A
1581 2554 1608 2580 de
1623 2554 1717 2580 Caton.
1728 2527 1839 2579 dqeR.R.
1854 2563 1876 2579 c.
1891 2562 1929 2585 10,
1945 2562 1956 2584 3
1978 2553 2021 2579 vbi
2035 2553 2159 2588 Forpices
2172 2553 2205 2586 gli
2221 2563 2237 2580 a
2253 2552 2381 2586 Viflorio,
2397 2555 2421 2581 e}

432 2602 517 2628 Curio
536 2600 663 2636 legitimis
687 2605 743 2625 tum
766 2596 910 2623 fornacalia
928 2595 1017 2621 verbis
1380 2591 1484 2617 videtur
1495 2593 1622 2625 pertinere
1640 2589 1674 2615 ad
1689 2591 1771 2625 ignem
1789 2586 1958 2616 revelandum.
2002 2588 2083 2615 Vetus
2101 2589 2307 2622 Onomasticon,
2320 2586 2423 2625 rapidis,

473 2637 604 2663 Maximus
623 2634 733 2664 indicit;
768 2641 815 2658 nec
834 2632 897 2658 stata
917 2631 986 2657 sacra
1006 2628 1077 2655 facit.
1382 2626 1514 2659 Forpices‚
2375 2632 2381 2642 ἰ

312 2680 411 2701 FORN
422 2674 444 2699 Ᾱ
457 2678 474 2699 c
487 2670 578 2702 GLA,
596 2679 634 2696 ae.
655 2670 674 2695 f.
710 2668 812 2694 Dimin.
849 2667 994 2700 [καμίνιαν]
1031 2665 1126 2697 Magna
1140 2660 1175 2687 est
1183 2658 1320 2686 fornacula
1423 2666 1440 2686 F
1451 2666 1538 2691 oRs,
1556 2668 1572 2685 a
1587 2659 1673 2685 fortis.
1694 2659 1713 2684 f.
1752 2657 1856 2692 [τύχη]
1891 2658 1942 2691 est,
1961 2664 1992 2685 vt
2013 2661 2097 2693 inquit
2118 2658 2225 2686 Nonius
2247 2667 2270 2692 ς,
2290 2667 2315 2693 ¹5
2345 2660 2428 2689 casmv

277 2709 476 2737 quen.Sat.1o‚
492 2712 529 2736 82.
585 2704 659 2740 Conf.
674 2704 780 2730 Vitruu.
797 2710 824 2737 7,
838 2711 866 2728 10
875 2709 919 2736 pr.
1013 2698 1167 2726 Calumniae
1187 2694 1322 2722 fornacula
1334 2707 1370 2734 70
1385 2695 1546 2730 temporalis.
1583 2695 1713 2725 Fortuna,
1727 2694 1780 2728 ipsa
1795 2693 1851 2720 dea.
1897 2694 1989 2720 Accius
2008 2693 2191 2726 Andromeda,
2218 2695 2298 2722 Multi
2318 2695 2393 2730 iniqu
2413 2690 2420 2693 “
2454 2703 2457 2711 ι

275 2748 294 2771 i.
308 2742 414 2774 nuffar,
431 2746 501 2768 cuius
514 2745 540 2767 in
555 2740 626 2767 corde
637 2739 745 2775 conflata
759 2736 808 2770 est,
826 2736 986 2771 Apul-Apol.
1002 2745 1026 2770 p.
1039 2743 1092 2767 321,
1106 2741 1144 2765 32.
1383 2731 1496 2762 mulier,
1509 2730 1599 2757 animo
1614 2729 1663 2755 fibi
1681 2729 1750 2756 mala
1761 2730 1851 2756 aufere
1866 2728 1894 2755 in
1907 2729 1998 2761 malis,
2019 2729 2122 2763 Qubus
2136 2736 2226 2757 natura
2238 2737 2318 2765 praua
2330 2732 2398 2766 mag.
2459 2742 2465 2752 v

312 2786 329 2805 F
339 2785 357 2804 0
367 2786 385 2804 R
395 2785 445 2804 NA
456 2783 472 2803 C
485 2784 500 2803 E
511 2784 530 2802 V
544 2782 556 2802 S
569 2796 577 2808 ,
596 2784 627 2807 a,
646 2784 701 2800 um.
737 2773 796 2799 Adi.
834 2769 1012 2805 [καμινοσδῆς]
1069 2767 1171 2795 Ραᾶιιηι
1184 2768 1211 2791 in
1225 2764 1320 2790 modum
1383 2775 1464 2801 quam
1477 2767 1532 2792 fors
1547 2771 1591 2792 aut
1604 2765 1712 2791 fortuna
1726 2764 1824 2791 obfuit.
1861 2765 1945 2791 Lucil.
1960 2765 2009 2792 Sat.
2025 2774 2046 2797 13
2071 2765 2124 2792 Cui
2139 2765 2248 2800 parilem
2263 2765 2368 2793 fortuna
2383 2767 2392 2794 1
2421 2761 2426 2766 “

272 2814 392 2850 fornacis
401 2823 408 2837 :
445 2814 529 2848 legun!
542 2809 764 2849 quidam-Plin.35,
779 2816 817 2839 14·
870 2806 916 2833 Sed
933 2806 985 2833 vui.
1008 2812 1023 2831 F
1032 2812 1051 2831 Ο
1060 2811 1078 2830 R
1087 2811 1112 2829 M
1121 2809 1142 2829 A
1151 2808 1191 2828 CE
1202 2808 1222 2826 V
1231 2807 1252 2827 S·
1383 2811 1442 2828 cum
1451 2822 1459 2834 ‚
1477 2802 1616 2835 fatumque
1630 2801 1691 2827 tulit
1705 2800 1770 2826 fors.
1808 2801 1874 2826 Haec
1891 2803 1998 2833 Nonius,
2013 2801 2153 2836 quemfalli
2165 2799 2251 2833 neceffi‘
2265 2796 2297 2833 qs?
2306 2822 2313 2833 ‚
2322 2801 2347 2836 st
2360 2803 2421 2841 Fost,

316 2856 330 2876 F
342 2855 360 2875 Ο
372 2855 391 2874 R
400 2855 421 2874 N
430 2855 452 2873 A
461 2854 478 2873 C
487 2855 508 2874 A
517 2854 535 2873 R
544 2853 603 2888 svs
612 2865 622 2887 ,ι
640 2853 658 2872 1.
677 2841 912 2886 η1.[μυλοᾷρός]
948 2842 999 2875 Qu*
1007 2840 1113 2876 fornaci
1122 2834 1219 2872 praeest
1227 2845 1235 2864 ,·
1257 2834 1321 2875 idem
1381 2843 1435 2864 tem
1451 2840 1514 2872 poni
1529 2840 1603 2876 etlam
1618 2843 1667 2871 pro
1680 2837 1795 2862 Fortuna
1809 2837 1854 2862 illa
1869 2836 2039 2876 gubernatrice
2052 2843 2136 2872 neget.-
2155 2836 2219 2871 quod
2233 2839 2341 2872 exempla
2355 2833 2425 2874 satie

272 2885 376 2922 srruus,
396 2886 438 2918 qui
449 2889 472 2908 ee
486 2880 652 2914 Pistrmmus
666 2879 758 2905 dicitur
772 2885 795 2904 et
814 2878 904 2910 P1stor.
959 2876 1018 2910 le.
1038 2876 1069 2901 D.
1083 2873 1115 2900 ad
1130 2874 1178 2906 leg.
1194 2871 1284 2905 Aquil.
1304 2870 1321 2895 1.
1337 2879 1368 2908 75
1382 2872 1515 2906 ostendent.
1552 2872 1627 2905 Virg.
1642 2872 1706 2897 Aen.
1722 2880 1742 2900 1,
1754 2876 1790 2903 381
1822 2871 1902 2898 Forte
1915 2872 1959 2898 sua
1972 2871 2078 2903 Libycis
2092 2871 2225 2904 tempestas
2240 2873 2341 2906 appulit
2357 2873 2420 2900 orit:

280 2921 307 2946 Si
323 2920 412 2946 seruus
425 2919 528 2945 seruum
538 2937 546 2948 ,
576 2917 602 2942 Si
626 2914 789 2942 fornacarius
813 2913 902 2939 seruus
924 2911 1014 2938 coloni
1027 2910 1059 2937 ad
1072 2910 1208 2936 fornacem
1223 2906 1321 2933 obdor-
1383 2910 1462 2936 Forte
1482 2906 1594 2942 quadam
1609 2916 1640 2933 an
1654 2906 1784 2932 diuinitus
1803 2906 1861 2932 Liu.
1875 2916 1894 2939 1,
1909 2918 1935 2941 4.
1990 2906 2037 2932 Vel
2051 2907 2121 2932 forte
2134 2905 2176 2932 vel
2196 2907 2364 2940 prouidentia
2377 2907 2419 2936 vel

279 2956 377 2986 misser,
394 2961 420 2980 et
433 2953 497 2980 villa
509 2953 595 2978 fuisset
611 2950 712 2980 cxusta3
749 2949 876 2975 Neratius
890 2947 996 2979 scribit,
1016 2953 1061 2972 etc.
1121 2944 1194 2980 Cous.
1213 2941 1320 2969 Turneb.
1382 2949 1514 2984 vtcunque
1529 2942 1698 2983 constitutum
1714 2942 1781 2968 Vcll.
1797 2951 1822 2974 2,
1836 2944 1880 2974 66,
1895 2950 1915 2975 ς.
1951 2941 2024 2977 Cous.
2039 2940 2119 2967 Ouid.
2133 2941 2199 2967 Fast.
2214 2945 2239 2974 6,
2255 2950 2311 2978 773,
2366 2944 2420 2971 Do.

278 2990 384 3025 Adufrs-
397 2997 423 3021 δ’,
437 2999 463 3024 9-
499 2995 522 3014 et
535 2989 631 3014 0m⁷21¹⁷10
645 2987 701 3012 1-02‘-
718 2984 805 3021 Pinsc.
1383 2987 1454 3006 mina
1469 2987 1553 3012 campi
1566 2978 1621 3004 fors
1637 2978 1692 3004 Cic.
1706 2978 1735 3004 111
1748 2978 1832 3004 Pison.
1847 2987 1858 3009 3
1873 2987 1895 3003 c.
1908 2986 1932 3003 2.
2004 2977 2068 3003 Fors
2082 2976 2110 3001 in
2123 2976 2256 3011 aliquibus
2269 2979 2351 3005 rebus
2360 2979 2428 3013 plus⁴

316 3032 359 3052 FO
368 3032 386 3051 R
395 3032 416 3049 N
427 3031 445 3050 Α
456 3030 472 3050 C
481 3026 534 3049 ᾸΤ
545 3028 592 3049 0¹³
601 3041 609 3053 ‚
628 3022 691 3048 Oris·
715 3029 751 3046 m·
798 3018 944 3053 Seruus-,qui
957 3020 983 3043 1‘21
997 3017 1079 3044 balneo
1092 3024 1176 3055 merjam
1189 3012 1323 3049 habersuc-
1383 3024 1460 3056 quam
1473 3014 1542 3040 ratio
1555 3014 1637 3047 potest
1657 3014 1712 3040 Cic.
1727 3014 1779 3040 Att.
1797 3022 1834 3048 14,
1847 3021 1883 3039 12.
1954 3012 2018 3038 Fors
2030 3011 2086 3037 fuat
2098 3012 2142 3046 pol
2157 3012 2224 3038 Ter.
2239 3014 2302 3040 Hec.
2316 3022 2343 3047 4,
2359 3025 2376 3046 ς,
2390 3025 2417 3049 4.
2453 3020 2458 3046 ς

279 3060 398 3087 condendi
409 3062 486 3096 ignis.
557 3057 661 3085 Paullus
681 3056 709 3082 in
730 3055 746 3081 l.
766 3054 907 3080 Tabernae
929 3053 960 3079 D.
981 3053 1012 3078 de
1032 3051 1105 3078 fund.
1125 3049 1243 3090 1111111161.
1276 3055 1322 3088 cte.
1344 3058 1376 3084 80
1389 3051 1437 3076 vbi
1451 3050 1580 3075 Donatus:
1599 3050 1663 3074 Fors
1677 3049 1748 3080 fuat,
1764 3050 1878 3075 Fortuna
1897 3047 1999 3079 faueat,
2014 3046 2085 3081 quasi
2106 3048 2141 3079 τῷ
2160 3048 2306 3082 ἐυφηωσμῷ
2327 3049 2426 3080 aflues,
2454 3066 2456 3070 ‚

280 3096 457 3123 Instrumento
471 3094 608 3121 balneario
621 3092 723 3127 legato,
742 3090 821 3117 etiam
836 3088 1013 3115 balneatorem
1028 3088 1174 3117 contineri,
1196 3086 1322 3111 Neratius
1384 3087 1424 3112 sus
1437 3084 1508 3111 triste
1521 3083 1622 3110 difmm
1635 3084 1679 3109 vsa
1692 3083 1739 3110 est:
1758 3093 1818 3110 „am
1832 3084 1911 3115 Fors,
1924 3083 2037 3109 Fortuna
2053 3082 2121 3108 bom
2134 3083 2181 3108 est:
2202 3091 2227 3110 et
2241 3084 2319 3117 pua,
2339 3086 2376 3112 Sit
2388 3085 2419 3112 fi·
2455 3086 2457 3090 ,

281 3131 424 3166 respondit.
460 3129 619 3156 Continetur
631 3134 719 3154 autem
734 3132 759 3153 et
772 3126 932 3151 fornacator.
1384 3120 1497 3156 gnificat.
1519 3119 1620 3159 dixerat
1634 3119 1705 3145 enim
1714 3139 1722 3150 ‚
1744 3119 1823 3153 Quod
1836 3117 1982 3145 faciendum
1996 3117 2025 3143 fit
2038 3117 2151 3146 fortassb.
2187 3119 2218 3145 Et
2232 3120 2339 3153 iterum,
2353 3121 2417 3148 Fors

317 3174 333 3193 1³
345 3174 365 3193 0
379 3173 395 3192 R
411 3172 431 3189 v
442 3172 462 3191 A
473 3170 518 3191 CA
529 3172 543 3190 1,
555 3172 600 3197 18,
621 3173 644 3191 e.
680 3162 739 3188 Adi.
778 3161 908 3187 Fornacem
920 3161 987 3185 inter
1001 3160 1100 3184 numina
1116 3156 1240 3188 habitam,
1258 3155 1322 3181 For·
1384 3158 1441 3184 fuat
1462 3156 1514 3191 pol.
1534 3163 1583 3181 1..e.
1604 3154 1674 3180 Bona
1688 3155 1805 3181 eueniat:
1828 3153 1897 3188 quasi
1916 3154 1950 3185 τῷ
1964 3153 2110 3186 ἔιφημισμῷ
2126 3154 2202 3181 dicat.
2249 3155 2321 3182 Bona
2334 3149 2417 3183 dicito

282 3202 398 3229 ”flcalem
412 3199 487 3228 dessm
500 3206 573 3226 vom?
596 3198 676 3226 Ouid.
691 3197 755 3224 Fast·
769 3198 801 3228 6,
820 3203 875 3228 314-
1372 3193 1481 3227 potius.
1518 3191 1558 3216 An
1570 3190 1640 3216 bona
1654 3189 1761 3216 fortuna
1780 3190 1809 3216 fit
1822 3197 1868 3224 per
1879 3188 2027 3214 Pollucem?
2062 3190 2136 3222 Qiac
2149 3190 2204 3216 fors
2218 3190 2269 3217 fert
2281 3199 2366 3226 aequo
2380 3192 2417 3218 fe-

320 3244 337 3263 F
347 3245 365 3263 0
374 3244 393 3263 R
403 3244 423 3263 N
432 3244 452 3262 A
463 3243 509 3263 CA
518 3242 534 3260 ¹⁴
546 3243 556 3261 ¹
570 3241 589 3261 A
599 3255 607 3267 ν
627 3243 713 3260 ‘’sum-
732 3242 758 3259 ¹¹·
796 3232 835 3258 Pl·
871 3229 1026 3262 [niumm]
1080 3227 1171 3254 Feriae
1185 3227 1243 3253 sunt
1263 3226 1323 3259 (in-
1340 3233 1369 3262 85
1384 3237 1473 3255 remus
1487 3226 1576 3253 animo
1588 3225 1656 3251 Ter.
1666 3225 1771 3252 Phorm.
1785 3234 1804 3256 1,
1818 3233 1838 3258 2,
1853 3228 1894 3258 48.
1962 3224 2025 3250 Fors
2038 3224 2203 3252 incommode
2218 3226 2272 3252 illis
2284 3226 2418 3254 obtulerat
2436 3251 2437 3256 ,

283 3272 453 3313 ‘quit-Pedum
474 3270 607 3310 institutae
620 3269 698 3309 farris
710 3266 831 3308 torrendi
843 3265 942 3300 gratia,
962 3263 1033 3298 quod
1047 3262 1235 3305 aci-fornacem,
1256 3269 1322 3295 quae
1385 3264 1527 3304 aduentum
1540 3270 1627 3301 meum
1642 3260 1714 3286 Idem
1731 3262 1794 3287 Her.
1808 3270 1828 3300 3,
1845 3269 1862 3290 3,
1877 3268 1913 3286 10.
1967 3261 1995 3285 Et
2010 3259 2117 3294 Adelph.
2133 3270 2160 3293 4,
2175 3268 2201 3295 7,
2215 3270 2243 3294 23
2263 3261 2330 3288 Illud
2343 3254 2434 3297 quod}

283 3317 310 3334 111
324 3307 440 3342 pistrinis
451 3313 524 3338 erat,
543 3304 699 3332 sacrificium
713 3306 772 3330 neri
787 3301 896 3328 solebat.
968 3299 1040 3325 Idem
1052 3297 1112 3324 allbl
1133 3318 1139 3324 .
1162 3317 1168 3322 .
1195 3298 1322 3323 Fornaca-
1384 3299 1479 3326 <endu
1493 3298 1576 3328 forte,
1593 3296 1620 3322 1d
1641 3302 1697 3322 arte
1710 3302 1737 3322 vt
1756 3303 1879 3328 effingas,
1921 3294 1968 3320 Vbi
1981 3294 2110 3322 Donatus:
2130 3296 2224 3329 Forte,
2237 3306 2286 3331 pro
2301 3298 2422 3325 portum·
2448 3299 2449 3319 3

285 3344 320 3369 lia
332 3344 400 3370 sacra
415 3348 498 3374 erant,
512 3350 594 3376 quum
608 3340 649 3367 far
664 3340 691 3365 in
704 3337 848 3365 fornaculis
862 3333 1008 3363 torrebant.
1080 3333 1145 3359 Plin.
1160 3337 1193 3362 18,
1208 3341 1219 3358 2
1251 3333 1275 3358 Is
1297 3337 1323 3357 et
1384 3332 1592 3368 intelligendum.
1666 3332 1747 3357 Genii.
1774 3330 1860 3357 Fortis
1878 3330 1961 3356 Varro
1975 3330 2003 3356 L.
2020 3331 2048 3357 L.
2068 3340 2090 3364 ς,
2108 3340 2129 3363 3.
2165 3332 2296 3359 Columel.
2312 3342 2350 3366 10,
2364 3334 2426 3365 316..
2448 3350 2449 3357 .

284 3378 428 3405 fornacalia
442 3378 564 3404 instituit.
600 3375 681 3402 Ouid.
690 3374 754 3401 Fan.
766 3381 789 3406 2,
805 3379 862 3407 527·
899 3370 937 3397 Id·
951 3369 1016 3396 ibid·
1029 3371 1054 3400 6,
1068 3376 1120 3401 314·
1175 3367 1249 3403 Conf-
1263 3368 1322 3393 Lex·
1382 3370 1471 3405 Arcus.
1494 3370 1600 3395 Fortem
1614 3367 1699 3393 Varro
1714 3367 1742 3392 L.
1758 3367 1787 3392 L.
1800 3375 1826 3398 4,
1839 3373 1875 3390 10.
1916 3366 1997 3392 Ouid.
2011 3366 2075 3393 Fast.
2091 3370 2114 3397 6,
2128 3374 2185 3401 773.
2221 3368 2294 3404 Cous.
2309 3369 2416 3405 Berneg-
2436 3361 2438 3365 ⁵

285 3415 371 3449 Pinjc.
423 3413 539 3439 Laclant.
555 3421 574 3444 1,
588 3420 630 3438 20.
1325 3404 1372 3442 '90
1384 3415 1435 3442 ger.
1450 3404 1484 3431 ad
1497 3404 1638 3436 Suet.Aug.
1656 3411 1677 3427 c.
1691 3405 1717 3434 6,
1730 3411 1749 3433 3.
1819 3401 1875 3426 Cic.
1889 3401 1939 3427 Art.
1957 3410 1995 3434 14,
2011 3411 2033 3434 13
2054 3402 2100 3428 Sed
2115 3401 2176 3428 haec
2196 3403 2251 3429 fors
2264 3403 2362 3430 viderit
2374 3412 2414 3437 ea,
2427 3398 2430 3399 ⁷
2448 3416 2449 3420 ¹

320 3455 335 3473 r
347 3455 366 3474 o
376 3456 394 3474 R
404 3456 424 3474 N
434 3456 442 3474 1
453 3455 469 3474 x
479 3468 486 3480 ‚
506 3448 562 3474 ‘si-is,
581 3456 616 3473 m.
652 3443 742 3478 [χαμαί
758 3453 790 3475 α,
809 3442 873 3475 scion]
913 3442 998 3468 Arcus
1009 3443 1035 3466 in
1053 3437 1192 3474 aedificiis,
1211 3443 1235 3464 et
1248 3438 1322 3472 quod·
1370 3440 1372 3444 ’
1385 3450 1452 3475 quae
1466 3438 1561 3466 talibus
1574 3438 1602 3464 in
1617 3436 1695 3463 rebus
1710 3436 1766 3471 plus
1778 3444 1855 3469 quam
1867 3436 1935 3462 ratio
1950 3437 2040 3471 potest.
2091 3437 2173 3464 Eidem
2186 3447 2212 3472 7,
2227 3447 2256 3472 14
2282 3439 2329 3465 Sed
2352 3439 2431 3466 haee*
2447 3455 2449 3461 .

286 3491 375 3517 cunque
390 3491 448 3517 opus
461 3490 662 3510 concameratum.
751 3488 792 3505 en.
806 3477 884 3512 Epist.
899 3485 932 3510 90
965 3475 1132 3502 Democritus
1147 3473 1272 3499 inueniss'e
1284 3473 1323 3500 di·
1384 3483 1413 3502 vt
1425 3476 1480 3502 fors
1492 3473 1590 3500 tulerit.
1627 3472 1685 3498 Liu.
1700 3481 1719 3502 1,
1733 3480 1764 3503 45
1791 3472 1844 3497 Vni
1859 3472 1882 3498 se
1895 3481 1925 3498 ex
1939 3472 2040 3499 Sabinis
2052 3472 2108 3499 fors
2120 3473 2182 3499 dare
2194 3474 2247 3500 visa
2262 3474 2414 3509 estflpriua-
2447 3494 2448 3497 .

286 3517 355 3542 citur
370 3518 514 3549 fornicem,
532 3524 560 3545 vt
573 3516 690 3551 lapidum
711 3519 850 3541 curuatura
870 3512 1006 3547 paullatim
1026 3510 1213 3536 inclinatorum
1233 3509 1323 3535 medio
1383 3517 1411 3537 to
1428 3509 1535 3537 consilio
1549 3508 1655 3542 imperii
1669 3507 1847 3540 recuperandi.
1916 3508 1978 3534 Fors
1997 3515 2022 3534 et
2040 3508 2125 3534 virtus
2139 3508 2280 3536 miscentur
2291 3511 2319 3536 in
2332 3518 2414 3537 vnum

290 3552 350 3577 saxo
363 3552 521 3585 alligaretur.
577 3555 635 3579 Hoc
656 3551 740 3578 dicam
759 3549 854 3576 falsum
875 3548 932 3574 effe.
987 3546 1094 3573 Necesse
1115 3544 1150 3571 est
1168 3545 1238 3571 enim
1263 3551 1322 3571 ante
1384 3547 1459 3581 Virg.
1473 3547 1535 3571 Aen.
1549 3552 1583 3575 12,
1597 3551 1655 3577 714.
1688 3542 1754 3568 Add.
1771 3541 1834 3568 ibid.
1850 3551 1874 3574 2,
1889 3552 1932 3577 94.
1955 3551 1980 3577 7,
2001 3552 2055 3576 354.
2075 3548 2096 3573 8,
2114 3545 2176 3578 476.
2195 3553 2232 3575 10,
2246 3550 2351 3578 458012
2374 3553 2412 3578 41.

289 3586 470 3613 Democritum
484 3593 509 3613 et
522 3595 613 3621 pontes
625 3593 651 3614 et
664 3591 751 3621 portas
771 3584 862 3615 fuisse,
889 3591 999 3616 quarum
1020 3581 1076 3607 fere
1098 3581 1195 3607 stimma
1215 3588 1323 3607 curuan-
1338 3592 1370 3618 95
1386 3583 1450 3608 Fors
1465 3580 1554 3607 omnia
1566 3586 1655 3612 regere
1668 3577 1728 3603 Sall.
1742 3578 1796 3612 Iug.
1810 3586 1845 3610 52,
1860 3587 1877 3604 1.
1949 3579 2013 3605 Fors
2028 3579 2121 3613 praelii
2135 3579 2225 3606 lustin.
2239 3589 2262 3613 ς,
2277 3584 2322 3610 118.
2343 3565 2412 3606 ..κ’ίάά.
2436 3605 2442 3608 ,

289 3627 340 3648 tur.
410 3622 466 3647 Cic.
481 3623 556 3648 Verr.
571 3623 626 3649 A&
638 3632 658 3654 1,
673 3631 699 3655 9.
752 3620 826 3647 Idem
839 3619 868 3645 in
883 3618 982 3653 Topic.
996 3625 1022 3643 21
1056 3617 1119 3643 Non
1132 3615 1238 3642 debebit
1251 3625 1323 3651 prae·
1386 3618 1455 3652 Nep.
1469 3618 1506 3648 16,
1518 3623 1543 3646 2,
1558 3623 1576 3640 1.
1613 3612 1703 3639 Tacit.
1717 3613 1782 3639 Ann.
1796 3622 1835 3647 14>
1849 3622 1869 3646 5.
1883 3622 1905 3646 5·
1975 3615 2046 3640 Caes·
2063 3615 2090 3640 B·
2106 3614 2137 3639 G·
2151 3619 2173 3643 8,
2189 3623 2215 3641 12
2245 3616 2328 3642 Cuius
2345 3610 2423 3642 mala*

290 3657 365 3687 stare,
378 3655 545 3690 quodi’ornix
561 3658 621 3683 vitii
643 3657 744 3683 fecerit.
832 3654 897 3681 Plin.
912 3662 951 3686 33,
968 3663 986 3686 4
1018 3652 1214 3686 Relinquuntur
1232 3652 1323 3686 itaque
1385 3653 1440 3679 fors
1460 3650 1553 3678 incidit
1572 3648 1679 3675 Rhemis
1692 3668 1700 3679 ,
1726 3648 1820 3683 quibus
1841 3650 1887 3676 illa
1905 3648 1960 3676 dies
1978 3648 2105 3684 fungendi
2124 3650 2240 3677 muneris
2260 3650 2412 3678 obuenerat.

290 3692 404 3719 fornices
419 3690 504 3717 crebri
517 3692 650 3717 montibus
664 3690 826 3717 sustinendis.
897 3688 971 3716 Caeli
984 3688 1100 3722 ingentes
1109 3687 1230 3716 fornices,
1245 3688 1323 3714 Po'e'ta
1385 3688 1426 3715 Sic
1441 3688 1498 3713 Liu.
1513 3694 1531 3715 1,
1544 3694 1583 3717 45.
1655 3684 1719 3709 Fors
1745 3684 1866 3716 fortuna,
1886 3691 2002 3719 tanquam
2027 3685 2071 3711 dea
2095 3684 2194 3711 laudari
2222 3686 2321 3712 videtur
2344 3687 2410 3713 Ter.
2451 3703 2452 3706 =

289 3735 330 3763 ap.
344 3727 399 3754 cic.
413 3726 444 3765 de
456 3727 629 3765 Orat.3c.40
651 3727 756 3761 sednon
767 3726 903 3761 probatur.-
940 3723 1012 3759 conf.
1034 3725 1043 3762 ¹.
1049 3721 1097 3755 'off
1114 3720 1175 3754 lrfi.
1188 3724 1234 3749 Or.
1250 3733 1281 3757 4,
1296 3727 1322 3755 6,
1385 3722 1491 3750 Phorm.
1505 3730 1527 3754 ς,
1540 3723 1565 3752 6,
1581 3728 1590 3745 1
1629 3720 1652 3744 O
1668 3719 1786 3750 fortuna,
1805 3719 1821 3746 ὁ
1843 3720 2028 3746 fors-fortuna
2047 3720 2150 3753 quantis
2170 3721 2412 3754 commoditatibus,

291 3774 306 3798 7
321 3769 350 3798 p.
365 3772 397 3797 99
408 3764 450 3797 Jq.
521 3762 594 3795 virg.
616 3762 678 3787 Aen.
698 3763 713 3786 6
727 3781 734 3791 ,
758 3764 801 3792 631
836 3761 943 3787 Moenia
956 3758 1104 3792 conspicio,
1124 3764 1201 3792 atque
1213 3757 1323 3785 aduerso
1331 3773 1377 3792 100
1385 3767 1464 3793 quam
1493 3755 1578 3782 subito
1601 3753 1665 3780 hero
1688 3763 1746 3780 meo
1761 3755 1907 3790 Antiphoni
1928 3764 1978 3789 ope
1997 3754 2080 3781 vestra
2100 3754 2168 3781 hunc
2187 3756 2312 3782 onerastis
2332 3756 2425 3783 diem-¹

290 3798 393 3825 fornice
408 3802 503 3831 portas.
676 3794 696 3832 ff
722 3804 737 3821 2
771 3796 911 3828 Fornices,
942 3795 1073 3830 [mpii-oa]
1104 3799 1176 3819 erant
1192 3795 1276 3819 Arcus
1295 3797 1323 3820 in
1390 3793 1438 3819 Vbi
1451 3793 1579 3818 Donatus:
1606 3789 1736 3822 Fortuna,
1749 3790 1819 3817 dieta
1832 3791 1867 3817 est
1880 3792 1981 3816 Incerta
1994 3793 2059 3816 resi
2075 3790 2154 3815 Fors·
2164 3791 2286 3823 fortuna,
2299 3792 2412 3818 Euentus
2465 3796 2469 3803 ·

290 3836 427 3859 memoriam
440 3840 521 3858 rerum
536 3838 551 3856 a
562 3830 752 3864 triumphalibus
769 3832 835 3855 viris
850 3830 972 3866 gestarum
987 3826 1122 3861 exsiruffi,
1149 3828 1217 3864 quasi
1240 3838 1322 3855 monu-
1385 3828 1508 3855 fortunae
1522 3825 1613 3851 bonus.
1650 3825 1734 3851 Idem:
1753 3826 1833 3852 Aliud
1846 3826 1960 3852 Fortuna
1978 3824 2028 3857 est,
2041 3824 2113 3850 aliud
2127 3826 2335 3853 Fors-fortuna:
2352 3819 2428 3854 nanix

290 3875 371 3896 menta
385 3866 558 3894 pistoriarum.
595 3899 602 3905 .
630 3865 685 3891 Cic.
700 3865 731 3890 de
744 3865 817 3890 Orat.
825 3873 850 3895 2,
863 3868 911 3900 267
938 3867 976 3892 Ita
990 3864 1038 3891 fibi
1050 3864 1133 3899 ipsum
1146 3873 1269 3898 magnum
1282 3864 1322 3890 vi·
1380 3863 1449 3889 Fors
1458 3861 1594 3891 -fortuna,
1614 3860 1649 3886 est
1669 3861 1741 3887 cuius
1760 3861 1830 3887 diem
1849 3861 1943 3887 festum
1956 3860 2059 3891 colunt,
2079 3862 2126 3894 qui
2142 3861 2193 3887 line
2207 3868 2262 3888 arte
2274 3862 2362 3897 aliqua
2373 3860 2412 3887 vi-

291 3904 350 3930 deri
362 3903 536 3935 Memmium,
553 3906 581 3927 vt
594 3908 622 3926 in
638 3900 728 3926 forum
746 3899 898 3925 descendens
914 3907 990 3935 caput
1002 3900 1034 3927 ad
1046 3900 1176 3926 fornicem
1190 3899 1266 3925 Fabii
1279 3899 1321 3925 de·
1377 3901 1461 3923 vunt:
1475 3895 1556 3922 huius
1574 3894 1648 3921 aedes
1666 3902 1736 3923 trans
1751 3896 1880 3923 Tiberim
1897 3896 1941 3922 est.
1976 3896 2061 3921 Varro
2075 3896 2107 3921 de
2122 3896 2150 3922 L.
2166 3897 2195 3922 L.
2211 3906 2234 3929 ς,
2246 3907 2257 3928 3
2278 3906 2302 3931 p.
2319 3905 2356 3932 47
2381 3902 2413 3929 27

289 3939 415 3966 mitteret.
585 3932 606 3972 ff
624 3943 636 3967 3
672 3934 769 3961 Fornix
783 3935 913 3970 aliquando
922 3943 971 3971 pro
987 3937 1114 3972 Lupanari
1121 3939 1236 3970 ponitur,
1255 3932 1444 3973 quod105Dies
1458 3931 1545 3958 Fortis
1558 3931 1687 3959 Fortunae
1703 3932 1846 3967 appellatus
1866 3931 1900 3958 ab
1919 3929 2012 3957 Seruio
2029 3930 2127 3957 Tullio
2148 3940 2224 3968 rege,
2240 3932 2313 3967 quod
2334 3917 2411 3959 is⁷Fa-

2348 3973 2409 3993 num
