2479 4225
77 233 202 271 χ1249,
496 224 511 263 1
592 223 630 264 V
709 224 748 264 D

99 306 204 334 ¹dicium
216 306 323 335 alterius
336 311 484 345 potentiae,
520 315 540 338 ι’,
559 318 621 338 metu
629 314 755 347 potentiae
768 311 837 338 illius
846 309 901 345 fic,
921 318 970 336 non
990 309 1063 336 aliter
1075 310 1138 336 iodi-

104 353 161 370 care
186 343 240 370 Cic.
254 344 325 371 Fam.
339 353 366 378 ς,
379 352 412 377 18.
483 348 607 374 Constare
620 347 749 374 iudicium
777 347 814 373 Id.
831 354 879 381 pro
892 347 966 372 Rosc.
980 346 1066 371 Auser.
1084 354 1135 377 132.

104 377 264 405 Conflietare
278 379 397 414 iudicio,
428 382 482 409 vid.
496 382 630 410 Conuicto
639 383 686 418 fiib
701 389 718 409 c
730 390 749 409 o
761 389 782 408 N
794 388 851 409 FLI
861 386 917 407 Go.
989 380 1044 406 Cic.
1082 401 1089 407 .
1127 401 1134 407 .

105 414 182 441 Nunc
194 421 284 441 mcum
297 415 426 443 iudicium
439 417 524 445 multo
537 419 618 453 magis
633 417 777 450 confirmo,
795 423 840 443 etc.
928 416 1093 443 Constituere
1107 416 1135 442 in

103 449 219 482 aliquem
240 450 332 484 capitis
352 451 497 485 iudicium,
534 454 587 480 vid.
606 460 623 480 C
633 459 652 480 Ο
664 461 684 480 Ν
693 461 706 480 s
715 460 736 480 ‘r
747 460 755 479 1
765 460 786 479 T
795 459 813 478 v
822 458 851 478 0.
951 452 1135 478 Contaminare

64 517 70 520 -
102 483 231 510 iudicium
258 486 313 512 Cic.
328 487 388 514 Diu.
403 489 480 515 Verr.
493 496 536 522 70.
607 489 748 515 Conticere
761 486 889 514 iudicium
909 485 946 512 Id.
961 487 988 512 in
1003 487 1134 513 l'ison.26.

102 519 304 551 Contradictmm
320 522 449 549 iudicium
481 524 585 558 leian.
605 524 634 550 in
652 525 669 550 l.
688 526 778 558 Qium
796 521 827 549 de
847 521 1032 548 consuetudine
1051 523 1081 548 D.
1103 522 1135 548 de

101 553 182 588 legib.
233 556 366 584 Deducere
380 567 435 584 rem
447 559 565 594 aliquam
577 560 605 585 in
619 559 762 590 iudicium,
787 557 841 583 vid.
861 562 929 582 DED
940 564 957 582 v
970 564 987 585 c
998 564 1026 584 o.
1085 558 1135 583 De-

101 589 172 616 ferrc
184 589 313 618 iudicium
325 602 341 620 a
355 593 483 622 subselliis
496 596 525 622 in
538 595 637 622 rostra:
678 597 697 621 i.
718 595 746 620 A
756 592 878 619 iudicibus
891 592 923 617 ail
932 594 1045 627 populum
1077 593 1133 619 Cic.

100 633 151 658 pro
164 625 269 654 Cluent.
281 630 307 654 6.

101 660 216 688 Differre
228 663 338 689 alicuius
350 665 391 691 rei
403 665 531 693 iudicium
558 665 687 700 Qinffll.
702 673 733 697 2,
747 674 770 696 4.

101 698 120 721 i.
139 696 232 722 iudices
257 699 313 724 Cic.
338 700 414 726 Verr.
435 708 470 736 70
494 710 516 728 e.
530 710 572 734 29.
676 701 745 727 Dare
765 698 908 730 iudicium,
934 705 962 726 vt
975 701 1043 725 Dare
1057 698 1135 724 aetio-

102 740 170 757 nem:
206 732 261 759 Cic.
277 735 353 760 Verr.
368 743 399 767 2,
417 745 449 768 30
473 736 592 763 Dubium
606 735 708 763 nemini
720 735 765 767 est,
778 733 842 769 quin
856 741 944 760 omncs
958 735 1079 760 omnium
1092 743 1134 768 pc-

103 766 196 806 cun-iae
208 768 304 802 politae
316 769 365 796 fint
377 771 405 797 in
417 780 511 799 eorum
524 771 658 806 potestate,
672 771 719 807 qui
734 769 833 797 iudicia
845 768 921 801 dant,
940 778 964 795 et
977 770 1133 803 eorum,qui

100 800 226 841 iudicant.
282 805 322 831 Sic
335 805 374 832 ld.
387 805 453 833 ibid.
469 816 487 838 ι,
502 815 543 841 137
557 816 578 833 c.
589 816 627 840 52.

101 836 227 865 libertum
241 839 371 867 iudicium
384 850 414 867 cx
427 842 515 869 edieto
530 843 619 870 Dedit.

100 872 129 898 Si
143 871 195 899 sinc
206 873 295 901 iudice
308 876 339 902 D.
355 877 419 903 Rem
432 882 479 904 rat.
494 877 594 905 haberi.
665 876 807 905 Emendare
815 874 890 901 vrbes
900 876 1005 903 iudiciis
1025 875 1133 909 Qun&

101 915 111 933 ι
121 914 166 942 pr.
221 910 326 937 Emtum
339 911 535 948 stupratumque
548 913 688 946 iudicium,
707 922 752 950 quo
762 911 882 947 absolutus
893 911 993 937 Clodius
1018 912 1074 938 Cic.
1083 911 1135 937 Att.

100 951 121 973 1,
137 948 169 973 ¹8.
241 946 367 973 Exercerc
381 948 510 975 iudicium
525 950 632 976 Praetor
642 949 751 975 dicitur.-
787 946 842 973 Cic.
856 955 903 980 pro
917 946 988 973 Cael.
1003 955 1012 973 ι
1043 947 1136 973 Omni-

99 977 150 1004 bus
162 981 276 1014 negotiis
290 982 453 1015 intermiffis,
476 993 557 1010 vnum
576 984 626 1011 hoc
649 983 780 1011 iudicium
787 982 948 1008 Exercentur.
1104 1017 1108 1021 ⁵

100 1013 179 1040 Arch.
193 1025 215 1041 c.
231 1024 262 1042 ιι.
333 1018 459 1046 Exercere
475 1019 572 1046 iudicia
586 1020 695 1046 alicuius
709 1018 747 1045 rei
786 1017 914 1050 Qiinffll.
934 1020 965 1049 6,
986 1026 1004 1043 ι.
1077 1018 1134 1043 Cic.

99 1057 149 1088 ΡῙῘΟ
169 1050 262 1083 Qint.
276 1060 293 1084 9
324 1054 432 1080 Praetor
449 1055 578 1081 iudicium
596 1056 668 1090 prius
687 1055 718 1081 de
739 1052 839 1088 probro
859 1062 936 1087 quam
956 1054 987 1079 de
1000 1061 1028 1078 re
1041 1053 1134 1078 maluit

100 1084 181 1111 Fieri.
251 1086 290 1112 Id.
304 1088 360 1121 post
374 1089 437 1116 Red.
449 1091 477 1116 in
491 1091 548 1116 Sen.
565 1099 592 1123 19
604 1100 626 1116 c.
639 1095 651 1120 8
674 1089 852 1117 Domesticum
867 1088 980 1119 hostem,
1000 1088 1017 1114 si
1033 1087 1135 1122 legibus

99 1119 140 1146 vti
154 1119 261 1154 liceret,
284 1122 386 1151 iudicio
406 1126 454 1152 effe
471 1126 667 1160 Frangendum5
700 1124 738 1151 fin
755 1124 810 1158 ipsa
824 1123 921 1150 iudicia
938 1124 978 1150 vis
993 1123 1135 1157 impediret

97 1163 128 1181 ac
146 1155 288 1190 Tolleret,
311 1159 447 1187 audaciam
467 1161 580 1193 virtute,
614 1167 660 1187 etc.
724 1183 727 1191 χ
767 1159 866 1187 Habuit
884 1159 985 1185 nullum
1004 1159 1135 1185 iudicium
1153 1177 1168 1195 2

97 1189 200 1230 atticus
230 1193 337 1220 Corncl.
351 1203 395 1228 25,
409 1198 439 1228 6,
452 1205 463 1227 3
487 1205 610 1233 nunquam
628 1195 754 1231 accusatus
772 1193 820 1227 est:
856 1204 910 1221 nam
928 1197 1060 1229 opponitur
1073 1214 1081 1226 ,
1104 1195 1136 1220 ln

96 1231 139 1250 :us
152 1224 184 1251 de
196 1227 240 1254 sua
251 1236 281 1255 re
295 1238 430 1264 nunquam
441 1231 490 1263 iit,
513 1234 532 1258 i.
548 1238 685 1267 praetorem
698 1240 746 1257 non
758 1230 832 1257 adiit.
905 1231 944 1257 Sic
958 1230 1013 1256 Cic.
1026 1231 1101 1256 Verr.
1117 1238 1136 1260 ι,

97 1267 142 1292 139
160 1269 182 1300 ⁰?
196 1268 223 1294 5'3
257 1263 287 1290 Id
304 1265 449 1299 iudicium,
476 1266 547 1300 quod
564 1275 646 1301 prope
665 1266 786 1293 onmium
804 1266 970 1292 fortunarum
986 1266 1090 1292 suarum
1103 1266 1134 1291 C.

94 1295 210 1323 Mustius
222 1298 340 1334 Habuit,
365 1310 407 1328 me
424 1310 478 1328 vno
495 1301 651 1328 defendente
668 1301 743 1328 vicit.
815 1301 859 1328 Ad
875 1308 1002 1336 utrumque
1023 1301 1136 1336 litigato-

1156 467 1168 491 3

838 662 978 690 Dimitterc
994 663 1134 695 iudicium,

721 841 804 868 Edere
816 840 944 866 iudicium
968 841 1062 867 Iulian.
1076 848 1104 865 in
1117 840 1134 865 l.

94 1338 150 1357 rum
163 1334 251 1360 retulit
270 1335 326 1362 Cic.
340 1337 415 1363 Verr.
428 1345 456 1368 2,
475 1344 504 1371 71
522 1345 544 1363 c.
559 1346 591 1370 29
618 1338 688 1364 Nam
708 1336 806 1364 caeteri
821 1345 928 1371 quoque
940 1337 1088 1370 impetrant,
1101 1345 1134 1361 ne
1152 1352 1184 1376 30

95 1366 276 1406 retineantur,
297 1372 382 1405 quise
395 1372 463 1398 velle
483 1372 606 1400 dicebant
620 1373 740 1399 alterutri
752 1381 861 1404 eorum,
883 1373 929 1407 qui
943 1378 998 1398 tum
1014 1371 1081 1397 illud
1095 1372 1135 1397 iu-

95 1400 199 1429 dicium
215 1404 364 1439 Habebam,
388 1407 479 1434 adesse.
541 1409 598 1435 Vni.
616 1408 717 1435 Nad'tus
736 1408 772 1434 est
787 1408 926 1434 iudicium.
997 1406 1044 1434 Sed
1062 1408 1139 1433 aliter

94 1444 146 1470 pro
159 1438 242 1465 Plane.
255 1448 285 1472 93
300 1450 321 1466 c.
330 1449 361 1474 39
369 1448 414 1477 pr.
444 1444 520 1470 Tum
533 1444 629 1470 Hercle
643 1452 686 1470 me
699 1443 840 1475 confitear,
857 1452 909 1469 non
924 1442 1069 1474 iudicium,
1088 1441 1136 1468 ali-

93 1472 167 1505 q¹¹0d
180 1473 305 1514 Habuill'e
317 1476 349 1503 de
362 1478 428 1512 reip.
442 1479 557 1506 vtilitate
581 1480 725 1514 (rationem
741 1478 847 1512 habuiſje
864 1479 973 1514 publicae
991 1478 1137 1511 utilitatis)

94 1507 138 1533 fed
151 1507 305 1538 hominibus
311 1513 426 1540 amicmn
437 1520 482 1541 aut
490 1514 628 1541 inimicum
637 1515 721 1542 fuisse.

92 1541 127 1569 de
140 1544 232 1580 Arusp.
247 1546 322 1580 Resp.
338 1556 357 1574 1.
464 1550 583 1578 Iudicate
595 1551 727 1577 iudicium
739 1550 868 1582 inclytum
886 1550 923 1575 Id.
937 1549 968 1575 dc
982 1549 1046 1575 Diu.
1061 1557 1080 1580 1,
1093 1557 1135 1581 114

94 1586 165 1610 ⁶60·
234 1580 272 1606 Id·
285 1582 368 1610 Ture.
381 1591 404 1616 ς,
418 1586 449 1617 63
479 1586 517 1612 M.
531 1586 686 1621 Aquilium,
706 1591 732 1612 et
746 1586 809 1619 quia
821 1594 881 1612 cum
893 1585 1015 1619 fugitiuis
1028 1584 1136 1610 fortiter

92 1611 194 1640 bellum
208 1616 330 1650 gesserat,
352 1619 456 1646 iudicio
468 1620 659 1653 libcrauerunt.
729 1620 824 1648 Moliri
836 1620 1012 1654 corruptelam
1024 1618 1136 1650 iudicii,

92 1647 148 1688 vid.
170 1655 195 1674 M
207 1656 227 1690 9
237 1657 254 1677 ι,
265 1658 273 1677 1
284 1658 304 1678 o
314 1660 343 1679 R.
431 1656 531 1682 Sallust.
547 1657 603 1691 Ing.
617 1665 664 1690 c.4
689 1656 813 1683 Profecto
826 1655 1013 1683 existimabunt
1026 1664 1069 1681 me
1082 1663 1135 1681 ma-

93 1691 135 1723 gis
144 1691 246 1724 ⁸merito
255 1706 264 1718 ‚
284 1697 362 1723 quam
375 1689 524 1724 ignominia
535 1691 666 1719 iudicium
679 1692 763 1718 animi
780 1692 899 1718 Mutaffe.

91 1719 223 1747 iudicium
237 1731 296 1749 cum
311 1725 435 1752 Considio
447 1727 590 1761 publicano
611 1728 670 1755 Val.
685 1728 756 1754 Max.
767 1735 793 1760 9,
809 1736 832 1758 1,
847 1736 865 1754 1.
901 1730 921 1753 i.
941 1727 970 1753 ab
983 1726 1025 1753 illo
1038 1725 1134 1761 accusa-

91 1761 134 1780 tus
146 1753 189 1794 23st-
204 1791 209 1797 .
235 1758 293 1785 Vici.
308 1759 414 1787 Habere
427 1762 565 1789 iudicium.
672 1763 779 1797 leian.
799 1763 828 1788 in
846 1763 863 1788 1.
877 1771 893 1788 2
912 1760 935 1798 ᾗ.
952 1771 962 1788 ι
981 1763 1012 1787 D.
1031 1762 1057 1787 Si
1075 1761 1135 1795 quis

84 1791 278 1826 cautionibus,
306 1794 332 1821 Si
353 1795 385 1822 ad
403 1797 583 1825 testimonium
600 1798 771 1830 desideratus,
796 1798 828 1824 ad
845 1797 976 1824 iudicium
989 1797 1135 1822 Occurrcre

90 1834 148 1851 non
160 1827 261 1861 potuit:
295 1830 347 1856 erit
360 1832 385 1857 ci
399 1832 616 1860 subueniendum.
678 1835 845 1867 ¹Opprimcre
860 1832 977 1861 iudicio,
1003 1831 1057 1856 vid.
1079 1837 1134 1868 0⁴1³-

84 1866 137 1886 oeR
148 1868 231 1888 ιΜΟ.
303 1866 418 1893 Paisuros
439 1868 465 1894 se
484 1869 533 1894 ess'e
552 1868 697 1899 iudicium,
729 1867 904 1900 Agyrinenses
922 1864 1044 1890 dicebant
1076 1865 1133 1889 Cic.

89 1895 168 1936 vers,-
180 1905 208 1928 31
231 1899 262 1927 68
283 1908 304 1924 Β·
320 1905 360 1929 28-
450 1902 612 1928 Perfundere
631 1902 734 1928 iudicio
766 1901 805 1937 Id.
824 1908 873 1934 pro
892 1899 967 1925 Rosc.
987 1899 1076 1924 Amer.
1093 1903 1133 1928 80.

91 1929 183 1958 Tacit.
199 1932 266 1959 Ann.
281 1941 315 1966 13,
329 1942 361 1968 27
376 1935 459 1963 Cuius
471 1937 535 1963 iussu
551 1938 731 1970 Perpetratum
743 1935 913 1970 ingenuitatis
928 1933 1058 1960 iudicium
1071 1939 1136 1960 erat.

802 1969 842 1996 Id.
857 1971 886 1995 in
898 1969 982 1995 Pison.
998 1976 1034 2002 97
1057 1968 1134 1994 Tum

89 1965 205 1992 Praeeffe
219 1967 321 1994 iudicio
349 1969 405 1995 Cic.
418 1979 468 2004 pro
481 1971 559 1998 Arch.
573 1980 595 1996 c.
606 1980 630 1997 12
642 1978 707 1997 extr.
1057 2002 1126 2029 Au&

91 2005 121 2025 ω
133 2000 188 2034 ipse
202 2001 234 2027 de
247 2006 273 2028 te
283 2003 438 2030 sententiam
451 2006 544 2038 tulisti,
560 2011 617 2032 tum
630 2005 761 2032 iudicium
771 2003 987 2031 Pronuntiauisti.

89 2033 124 2060 ad
137 2036 253 2063 Herenn.
271 2045 299 2070 19
331 2039 411 2072 Qod
430 2049 509 2075 genus
530 2042 568 2067 M.
587 2040 684 2067 Drusus
702 2041 811 2066 Praetor
829 2039 959 2071 vrbanus,
983 2037 1054 2073 quod
1075 2047 1134 2064 cum
1146 2037 1308 2079 50stiffima,
1327 2045 1355 2064 vt
1365 2041 1467 2073 opinor,
1493 2040 1590 2066 Romuli
1607 2040 1673 2076 Iege,
1691 2041 1850 2075 iudicabant,
1869 2047 1977 2078 exceptis
1988 2046 2080 2079 causis,

90 2069 190 2098 herede
202 2072 317 2100 mandati
329 2080 464 2109 ageretur,
481 2076 610 2102 iudicium
617 2075 743 2102 Reddidit
751 2095 759 2108 ,
779 2076 870 2101 Sextus
884 2074 967 2101 Iulius
979 2083 1033 2100 non
1045 2072 1133 2101 reddi-

90 2105 141 2132 dit.
196 2107 263 2134 Add.
277 2117 326 2142 pro
349 2110 464 2144 Quintio
476 2119 508 2146 72
527 2121 548 2138 c.
566 2120 607 2138 22.
701 2111 770 2138 Ter.
784 2110 891 2138 Phorm.
905 2119 934 2142 2,
949 2118 975 2141 2,
989 2117 1020 2144 57
1058 2110 1092 2136 At
1104 2114 1133 2135 ω

44 2165 47 2175 ,
88 2141 139 2175 qui
153 2142 253 2176 sapiens
266 2152 309 2177 es,
331 2146 495 2179 magistratus
514 2147 573 2178 adi,
593 2146 723 2173 iudicium
737 2145 769 2172 de
782 2147 871 2173 eadem
887 2145 960 2171 causa
973 2145 1086 2177 iterum,
1105 2150 1135 2170 vt

90 2176 211 2204 Reddam
224 2178 285 2206 tibi.
366 2181 423 2208 Cic.
460 2202 468 2209 .

91 2212 172 2246 dere,
190 2220 237 2241 etc.
291 2215 364 2251 Conf.
378 2216 417 2243 Id.
432 2227 482 2252 pro
494 2218 578 2245 Plane.
592 2227 631 2249 30.
1044 2248 1049 2253 .
1070 2248 1076 2253 .

90 2256 133 2280 32..
203 2248 298 2277 Sistere
311 2250 427 2284 iudicio,
451 2254 492 2281 vel
508 2253 538 2280 in
551 2253 697 2285 iudicium,
726 2251 781 2278 vid.
802 2259 815 2278 s
825 2259 835 2277 1
844 2258 857 2277 s
869 2257 890 2275 'r
899 2257 928 2275 o.
942 2283 948 2288 .
994 2249 1135 2275 Solicitare

88 2282 220 2310 iudicium
234 2285 346 2313 alicuius
359 2287 436 2314 donis
462 2288 542 2315 Ouid.
557 2288 634 2322 Epist.
647 2290 684 2317 16,
697 2292 738 2316 80.
830 2284 927 2312 Sortiri
939 2283 1069 2309 iudicium
1078 2302 1087 2315 ⁵
1114 2286 1134 2309 ''-

87 2319 183 2346 iudices
210 2321 265 2347 Cic.
279 2323 358 2348 Verr.
371 2331 388 2348 2
406 2332 427 2348 c.
441 2328 475 2353 18.
543 2324 694 2357 Stupratum
707 2320 852 2350 iudicium,
868 2319 922 2346 vid.
935 2317 1005 2344 modo
1019 2318 1133 2345 Emtum.

89 2353 260 2382 subscribere
270 2357 401 2383 iudicium
413 2366 473 2383 cum
485 2357 577 2392 aliquo
585 2377 594 2389 ,
631 2356 685 2381 vid.
702 2362 716 2381 s
727 2362 746 2381 v
756 2359 772 2380 B
783 2362 795 2381 s
804 2361 821 2381 C
829 2361 848 2380 R
857 2362 866 2380 1
875 2361 891 2381 Β
901 2359 932 2380 0.
1017 2353 1133 2380 Tollere

88 2389 189 2415 iudicia
214 2390 272 2416 Cic.
285 2389 318 2416 de
329 2391 451 2418 Prouinc.
464 2394 542 2418 Cons.
556 2393 602 2424 46.

85 2431 132 2456 eo,
144 2432 191 2458 per
202 2433 282 2458 quem
294 2424 396 2451 factum
408 2426 474 2457 crit,
489 2434 544 2460 quo
556 2426 643 2451 minus
657 2434 717 2460 quis
730 2434 760 2452 in
772 2425 875 2452 iudicio
885 2424 971 2452 sistat.
1027 2424 1054 2451 Si
1073 2432 1132 2458 quis

84 2459 208 2485 venienti
219 2459 252 2485 ad
271 2459 401 2486 iudicium
421 2460 524 2495 aliquid
536 2462 754 2495 pronunciauerit
766 2456 856 2493 triste,
882 2466 990 2495 propter
1003 2459 1075 2495 quod
1089 2459 1133 2486 hic

85 2495 185 2520 necesse
200 2494 324 2522 habuerit
337 2495 370 2521 ad
384 2496 515 2523 iudicium
527 2505 582 2523 non
594 2497 703 2522 Venire.
757 2496 842 2523 Paullo
852 2495 924 2531 post:
966 2496 993 2522 Si
1007 2504 1039 2522 ex
1052 2495 1132 2529 stipu-

86 2529 142 2556 latu
155 2530 329 2557 conueniatur
343 2530 375 2556 de
394 2540 493 2566 poena,
517 2531 588 2567 quod
606 2531 638 2558 ad
657 2531 786 2559 iudicium
806 2531 923 2558 Venerit.
994 2530 1089 2556 Iulian.
1102 2530 1132 2555 in

506 2203 513 2209 .
549 2182 662 2209 Simulac
671 2188 728 2209 tute
734 2182 850 2216 coeperis
862 2188 908 2208 tua
920 2179 1021 2208 iudicia
1030 2179 1135 2206 Rescin-

85 2564 106 2593 l.
120 2573 133 2597 3
154 2564 204 2592 eod.
218 2568 261 2592 tit.
291 2565 318 2592 Si
328 2574 343 2592 a
356 2566 505 2596 fideiussore
518 2567 708 2603 quinquaginta
722 2566 856 2601 stipulatus
868 2566 961 2599 suero,
986 2565 1003 2592 si
1019 2565 1047 2592 in
1061 2565 1131 2591 iudi-
1143 2573 1175 2603 65

87 2600 160 2626 cium
172 2609 227 2628 non
240 2602 368 2634 Venerit,
385 2603 514 2638 petiturus
526 2612 542 2631 a
553 2611 601 2630 reo
615 2610 734 2629 centum:
754 2608 780 2629 et
791 2602 855 2628 dolo
867 2601 1017 2636 Sempronii
1030 2599 1130 2626 fafitum

85 2635 186 2668 fuerit,
202 2645 237 2663 ne
249 2637 278 2663 in
291 2637 421 2664 iudicium
434 2647 494 2665 reus
507 2638 610 2666 veniat:
646 2643 752 2664 centum
765 2646 780 2663 a
792 2636 949 2671 Sempronio
969 2637 1132 2670 consequar,

83 2671 155 2698 ⁸tanti
166 2671 238 2699 enim
251 2681 309 2699 mea
321 2673 466 2700 interfuisse
478 2673 600 2700 videtur:
623 2673 687 2707 quia
699 2673 718 2702 fi
730 2672 841 2699 venisset
852 2673 882 2698 in
893 2672 1023 2698 iudicium
1031 2691 1039 2703 ‚
1058 2670 1128 2697 actio

85 2707 157 2733 mihi
169 2713 273 2734 centum
287 2708 409 2735 aduersus
423 2718 484 2735 eum
504 2708 677 2744 competebat.
766 2708 838 2734 Vicit
857 2707 986 2734 iudicium
1004 2706 1130 2737 Mustius,

84 2744 106 2770 i.
126 2742 251 2778 absolmus
267 2742 300 2777 est
325 2744 381 2771 Cic.
396 2745 471 2779 Verr.
486 2753 512 2778 ι,
528 2754 568 2778 139
587 2754 607 2771 c.
623 2752 660 2777 53.

85 2776 126 2804 ld.
138 2787 187 2812 pro
201 2779 282 2806 Corn.
296 2779 368 2806 Balb.
385 2788 405 2806 ι.
579 2778 599 2816 ff
616 2787 632 2806 2
667 2779 715 2806 Sed
725 2780 803 2806 latius
814 2780 888 2806 multo
897 2784 970 2814 patet
983 2777 1127 2811 boemorum,

85 2819 112 2839 et
124 2813 221 2840 eundem
235 2814 295 2850 fere
313 2815 386 2842 habet
400 2818 537 2848 rationem,
564 2824 635 2851 quam
658 2814 686 2841 de
710 2815 818 2841 consilio
838 2815 918 2850 ιΙέιρνα
940 2813 1128 2849 obseruauimus.

88 2849 183 2884 Nempe
196 2859 244 2876 non
251 2850 400 2886 sententiam
413 2850 483 2877 modo
494 2849 626 2887 fignificat
641 2854 783 2886 priuatam,
789 2850 928 2886 publicam,
948 2849 976 2875 de
989 2857 1129 2884 quacunque

85 2893 130 2914 re,
147 2894 203 2917 ore,
217 2885 332 2921 scripto,
349 2885 408 2913 astu
419 2887 486 2922 ipso,
506 2893 530 2913 ετ
543 2896 584 2918 re,
596 2888 738 2921 prolatam.-
765 2886 813 2922 [αἱ
823 2885 1004 2921 etiamfontem
1018 2883 1128 2915 iudicii,

377 629 484 657 Didiare
497 630 628 657 iudicium
646 628 748 656 Paullus
762 629 790 654 in
803 628 820 654 l.
833 626 934 654 actione
946 629 976 654 l).
991 629 1039 655 Pro
1054 628 1134 654 sociO.
1155 650 1183 667 ιο
1197 631 1380 665 grammaticus
1393 632 1543 666 Interponat
1560 632 1600 658 his
1618 634 1749 660 omnibus.

697 808 728 834 Et
741 814 790 841 pro
802 804 884 831 Flacc.
899 810 926 835 88
953 806 984 831 ln
997 804 1133 844 Lurgouili
1155 822 1179 848 [ς

1003 981 1070 1008 Add.
1086 990 1134 1015 pro
1144 997 1178 1016 20
1197 992 1316 1018 prooem.
1330 992 1358 1016 4.

1582 227 1851 270 IVD

2143 250 2234 289 1250

1199 313 1378 354 magnitudine
1391 314 1490 341 direxit
1501 314 1529 341 in
1541 315 1705 356 'exv-turbando
1719 317 1845 345 Antonio.
1913 322 1970 349 Cic,
1984 323 2096 359 Philipp,
2115 329 2142 359 χ,
2156 329 2186 359 36
2201 328 2232 354 Et

1200 349 1289 384 populi
1310 350 1417 383 quidem
1437 351 1549 377 Romam
1567 350 1665 377 iudicia
1683 352 1765 379 multa
1782 354 1860 380 ambo
1874 356 1993 385 Habetis.
2064 362 2160 394 Anton.
2174 363 2232 390 Cic.

1200 386 1252 410 Ait.
1268 393 1300 416 1⁴,
1316 393 1339 416 ¹3
1372 385 1397 410 Si
1411 385 1513 412 bonitas
1527 392 1571 413 tua
1583 386 1745 421 responderit
1759 387 1858 415 iudicio
1870 394 2019 427 meo,quod
2035 395 2133 430 semper
2142 398 2231 424 Habui

1200 419 1232 445 dc
1245 425 1285 451 tc,
1306 419 1434 454 gaudebo.
1504 422 1588 447 Aliter
1596 432 1603 447 .·
1639 423 1693 448 Cic.
1708 430 1756 457 pro
1769 423 1851 450 Plane.
1866 433 1896 457 93
1921 428 1996 454 'I‘um
2010 429 2098 456 hei-cle
2116 441 2158 458 me
2171 442 2231 459 con-

1198 455 1273 481 fitear
1284 463 1338 481 non
1351 455 1478 481 iudicium
1490 456 1596 496 aliquod
1608 457 1729 484 llabuill'e
1741 457 1773 484 dc
1787 459 1862 493 Rcip.
1876 461 1995 491 vtilitate⁴
2031 468 2049 490 i.
2076 467 2232 503 Nihilrespe-

1197 489 1256 522 xisti·
1270 491 1352 526 Remp.
1388 496 1452 525 vtp.
1464 500 1486 516 a.
1501 492 1688 527 obse-recubamus.
1759 495 1844 520 Aliter
1858 495 1913 521 Cic.
1929 497 1997 524 Fam.
2009 502 2034 531 6,
2049 506 2073 530 18
2093 502 2231 537 Qudquid

1195 525 1290 551 iudicii
1306 525 1451 552 Habuerint
1464 525 1494 552 de
1508 526 1636 560 dicendo,
1661 531 1679 554 i.
1697 529 1872 562 intellexerim,
1891 531 1999 558 iudicare
2028 539 2136 562 oturri'm.
2192 538 2230 564 ld.

1198 561 1252 586 Ait.
1267 566 1289 592 8,
1303 569 1314 592 3
1342 561 1486 600 Scriplique
1502 562 1627 589 sedatiore
1637 563 1743 594 animo,
1759 565 1861 591 nullum
1873 574 1962 592 meum
1975 540 2101 596 iudicium
2114 573 2231 607 Interpo-

1198 605 1275 626 nens,
1295 595 1336 622 sed
1350 605 1489 630 exquirens
1503 603 1586 623 tuum.
1676 599 1805 631 Qninc‘tii.
1821 608 1846 631 ι,
1865 609 1882 634 7
1913 602 2043 628 Iudicium
2058 611 2143 633 autem
2156 609 2230 635 linum

1468 667 1471 670 Ι
1839 636 1982 665 Ollcndcre
1998 637 2126 666 iudicium
2157 643 2231 670 Idem

1198 675 1230 699 9,
1244 675 1261 699 4
1274 673 1319 701 pr.
1389 668 1542 693 Pei-minere
1560 669 1650 695 omnia
1669 668 1769 696 iudicio
1786 671 1914 705 alterius,
1944 673 1997 699 vid.
2014 680 2114 700 PERM
2125 683 2132 699 ι
2143 683 2230 705 Two.

1197 701 1360 736 Perpendcre
1374 702 1541 740 acri-iudicio
1554 703 1655 738 aliquid
1687 705 1788 732 Lucret.
1799 714 1823 737 2,
1839 715 1908 741 ¹04¹·
1995 708 2121 737 Praebere
2134 711 2231 740 iudicia

1196 737 1305 763 alicuius
1319 737 1359 764 rei
1388 737 1517 770 Qiinc'til.
1533 747 1556 770 1,
1569 747 1593 764 2.
1664 740 1796 766 l’racditus
1810 741 1911 769 iudicio
1923 742 2008 770 minus
2022 744 2100 772 firmo
2133 746 2189 772 Cic.
2205 748 2231 773 in

1196 774 1270 798 Orat.
1309 792 1315 798 .
1351 791 1358 798 .
1428 772 1466 798 ld.
1480 773 1531 800 Off.
1545 782 1572 805 3,
1588 782 1628 800 ιιο
1662 774 1726 800 Non
1738 775 1809 802 enim
1823 778 1869 803 suo
1883 777 1983 805 iudicio
1994 779 2078 813 stetit,
2096 780 2138 807 sed
2152 782 2232 808 susce-

1197 808 1235 841 pit
1249 808 1363 838 causam,
1381 812 1409 834 vt
1416 808 1478 834 Ess'et
1494 808 1621 834 iudicium
1634 809 1748 836 Senatus.
1836 812 1929 840 Subire
1942 813 2069 841 iudicium
2082 824 2162 850 graue
2193 817 2232 844 Id.

1197 842 1229 868 de
1244 844 1318 869 Orat.
1333 851 1352 874 1,
1366 850 1408 875 125
1423 852 1443 869 c.
1453 851 1494 878 27.
1564 843 1697 871 Subiicere
1712 846 1736 871 sc
1750 845 1859 873 alicuius
1874 847 1974 875 iudicio
2007 850 2073 877 Ter.
2088 851 2192 879 Phorm.
2205 861 2233 886 ς,

1198 883 1226 909 8,
1241 880 1280 911 5⁶·
1351 878 1406 903 Cic.
1420 878 1451 904 de
1465 879 1535 918 Clar.
1550 880 1622 918 Orat.
1638 888 1683 912 190
1716 881 1771 913 Qui
1794 882 1866 917 vulgi
1880 885 2007 918 opinione
2019 884 2174 913 disertiffimi
2190 888 2234 914 ha-

1197 913 1248 939 biti
1261 912 1325 945 lint,
1348 913 1453 940 eosdem
1472 914 1674 948 intelligentium
1697 924 1804 951 quoque
1822 917 1923 946 iudicio
1935 920 2017 945 Fuisse
2036 922 2233 955 probatissimos.

1196 949 1314 975 Emereri
1332 947 1471 975 hominum
1490 949 1632 981 indicium,
1663 953 1681 976 i.
1707 951 1792 978 bonam
1810 951 2019 985 existimationem.
2061 958 2190 990 Quinffll.
2205 959 2234 985 in

1307 1018 1316 1023 Ἰ
1429 985 1483 1011 Cic.
1491 985 1563 1010 Fam.
1576 993 1598 1017 5,
1614 994 1641 1018 ¹9
1663 985 1712 1012 Etsi
1725 995 1785 1013 mco
1798 987 1897 1014 iudicio
1910 989 1977 1016 nihil
1991 989 2022 1016 ad
2036 997 2110 1018 tuum
2123 993 2233 1028 prouin-

1195 1019 1260 1046 cialc
1271 1018 1389 1045 officium
1402 1019 1462 1045 addi
1478 1020 1568 1053 potest.
1639 1020 1678 1046 1d.
1693 1020 1724 1047 de
1738 1022 1808 1049 Clar.
1822 1024 1896 1050 Orat.
1911 1033 1959 1058 205
1989 1026 2111 1062 Intraque
2123 1029 2234 1063 parietes

1195 1054 1261 1081 aluit
1276 1063 1334 1080 eam
1348 1055 1477 1089 gloriam,
1504 1063 1583 1089 quam
1597 1064 1676 1082 nemo
1689 1057 1797 1090 quidem
1809 1066 1870 1084 meo
1883 1059 1984 1086 iudicio
1997 1061 2033 1087 cst
2047 1062 2133 1097 postca
2145 1067 2233 1091 conse-

1197 1096 1278 1115 cutus.
1316 1092 1335 1115 i.
1366 1091 1488 1125 Opinione
1507 1099 1574 1121 mea,
1590 1089 1645 1123 fine
1664 1097 1781 1126 quantum
1800 1093 1911 1121 iudicare
1924 1094 2033 1130 possum,
2059 1104 2082 1123 et
2099 1105 2129 1124 υτ
2141 1100 2232 1134 sentio.

1195 1125 1263 1152 Add.
1276 1124 1405 1155 Ibid.c.8.
1474 1125 1577 1152 Iudicio
1589 1125 1680 1152 nostro
1705 1126 1780 1160 Virg.
1792 1127 1844 1153 Ecl.
1859 1135 1880 1160 5,
1900 1135 1933 1159 18.
1963 1125 1966 1128 ’
2008 1132 2063 1158 Cic.
2077 1133 2159 1161 Tusc.
2174 1143 2199 1167 1,
2221 1144 2232 1162 1

1195 1159 1243 1186 Sed
1255 1169 1342 1186 meum
1357 1162 1456 1194 semper
1476 1160 1604 1187 iudicium
1616 1160 1683 1194 fuit,
1706 1161 1797 1188 omnia
1814 1163 1916 1190 nostros
1934 1170 1980 1191 aut
2000 1166 2123 1195 inuenisse
2141 1179 2188 1204 per
2206 1172 2232 1197 se

1195 1195 1335 1230 sapientius
1347 1205 1426 1230 quam
1440 1196 1568 1228 Graecos,
1593 1201 1638 1222 aut
1655 1203 1757 1231 accepta
1776 1197 1809 1224 ab
1829 1198 1882 1224 illis
1896 1199 1982 1226 fecisse
1995 1202 2123 1235 meliora,
2156 1208 2175 1231 ι’.
2195 1209 2233 1232 ita

1189 1231 1285 1268 semper
1299 1230 1445 1264 existimaui.
1519 1231 1587 1266 Nep.
1601 1239 1647 1264 25,
1666 1240 1694 1258 10
1708 1239 1752 1267 pr.
1780 1233 1815 1259 At
1828 1233 1872 1260 ille
1886 1234 1924 1260 sui
1937 1234 2046 1269 iudicii,
2077 1241 2096 1264 ι’.
2115 1239 2234 1275 suumse-

1196 1275 1270 1302 quens
1276 1266 1373 1303 sensum
1388 1273 1410 1292 et
1422 1266 1556 1299 iudicium,
1579 1277 1627 1293 non
1641 1268 1755 1294 alienum.
1827 1269 1993 1297 Prudentiam
2003 1270 2134 1308 fignificat
2152 1277 2180 1300 in
2192 1276 2234 1302 illo

1195 1303 1264 1336 Nep.
1280 1309 1324 1334 25,
1347 1310 1387 1334 ις,
1407 1310 1418 1333 3
1450 1302 1513 1328 Non
1533 1302 1646 1335 inertia,
1671 1302 1713 1329 sed
1727 1302 1828 1329 iudicio
1847 1304 1918 1339 fugit
1928 1305 1994 1340 reip.
2010 1309 2234 1341 procurationem.

1197 1337 1252 1365 Cic.
1261 1337 1356 1370 Fam.5‚
1366 1345 1394 1369 19
1415 1338 1540 1371 Magnum
1548 1338 1604 1371 cepi
1612 1337 1830 1365 fruciumiudicii
1848 1354 1893 1359 —
1912 1340 1952 1367 tui
1966 1356 2011 1362 —-
2025 1343 2235 1380 quodintclligo‚

1196 1380 1222 1399 te
1254 1387 1300 1392 -—
1324 1372 1391 1398 nihil
1411 1379 1502 1406 putare
1521 1373 1586 1398 vtile
1608 1373 1672 1405 esse,
1705 1373 1753 1399 nifi
1774 1373 1845 1408 quod
1864 1375 1966 1402 redium
1986 1376 2175 1414 honestumque
2193 1381 2232 1407 lit.

1197 1408 1242 1434 Sui
1255 1407 1349 1434 iudicii
1362 1416 1418 1434 rem
1432 1416 1485 1434 uon
1498 1408 1547 1434 else
1578 1408 1650 1434 Caes.
1666 1409 1693 1434 Β.
1708 1409 1738 1435 C.
1753 1417 1773 1441 1,
1789 1417 1827 1441 23.
1881 1411 1954 1446 Conf.
1968 1411 2036 1439 Ibid.
2049 1423 2070 1439 c.
2078 1421 2114 1447 35.
2186 1417 2234 1442 Te-

1188 1442 1314 1477 stamenta
1328 1442 1427 1469 iudicia
1442 1451 1572 1470 vocantur.
1640 1443 1697 1469 Sen.
1709 1444 1741 1470 de
1754 1445 1794 1470 ira
1807 1453 1838 1475 2,
1852 1452 1869 1479 7
1900 1447 1975 1472 Alius
1988 1447 2085 1476 iudicia
2098 1450 2179 1484 patris
2194 1460 2235 1478 ac-

1195 1479 1273 1509 cusat,
1294 1487 1359 1512 quae
1367 1478 1464 1505 mereri
1471 1478 1549 1505 satius
1561 1477 1622 1505 fuit.
1677 1480 1807 1514 chrelam
1813 1478 1941 1515 inofficiosi
1954 1481 2093 1515 testamenti
2105 1487 2233 1522 intelligit.

773 1514 913 1541 Intendere
923 1513 1053 1540 iudicium
1077 1513 1133 1539 Cic.
1152 1525 1180 1551 33
1200 1514 1258 1540 Vid.
1273 1513 1304 1539 de
1319 1514 1408 1540 Benes.
1421 1523 1450 1546 4,
1465 1522 1487 1539 ιι
1511 1514 1654 1548 Nunquam
1669 1514 1821 1548 diligentius
1834 1515 1939 1549 damus,
1959 1527 2092 1553 nunquam
2105 1522 2186 1556 magis
2194 1523 2235 1548 iu.

1194 1549 1264 1576 dicia
1278 1549 1365 1575 nostra
1378 1556 1541 1584 torquemus,
1558 1555 1603 1574 etc-
1641 1549 1669 1575 de
1682 1549 1832 1582 testamentis
1845 1551 1962 1587 loquitur.
2020 1555 2141 1590 Frequens
2153 1557 2236 1585 admo-

1193 1585 1250 1611 dum
1263 1583 1297 1617 ist
1311 1585 1388 1610 ICtis.
1439 1586 1479 1611 Sic
1492 1585 1646 1618 Supremum
1660 1584 1789 1611 iudicium
1804 1593 1877 1613 uocat
1888 1587 1992 1621 leian.
2008 1589 2026 1615 i.
2035 1599 2065 1617 20
2078 1589 2103 1628 ᾗ,
2118 1600 2130 1624 3
2149 1592 2235 1620 Fami.

1196 1620 1246 1646 liae
1258 1620 1347 1646 ercisc.
1377 1621 1527 1646 Extremum
1542 1619 1671 1646 iudicium
1685 1620 1702 1648 l.
1711 1630 1741 1646 20
1753 1622 1783 1647 C.
1796 1621 1854 1647 Th.
1867 1622 1900 1648 de
1912 1623 2052 1659 Episcopis.
2176 1625 2197 1665 ff
2215 1637 2235 1661 4

1195 1653 1310 1688 Historia
1322 1655 1483 1682 indiciorum
1496 1662 1519 1681 et
1532 1654 1650 1681 iudicum
1662 1656 1729 1691 apud
1738 1657 1861 1683 Romanos
1873 1667 1903 1683 cx
1915 1659 2015 1686 Alanut.
2023 1660 2051 1686 de
2064 1661 2147 1697 Legib.
2163 1664 2233 1689 Rom.

980 1690 1081 1717 Nactus
1100 1690 1135 1715 est
1150 1706 1187 1731 40
1194 1700 1215 1717 c.
1224 1701 1249 1725 15
1271 1698 1295 1716 et
1309 1692 1366 1716 Eius
1380 1691 1511 1717 Commcnt.
1525 1690 1558 1715 ad
1572 1688 1647 1726 Epist.
1659 1691 1693 1716 ad
1703 1692 1751 1726 Q.
1765 1692 1902 1718 Ciceronem
1914 1701 2027 1729 excerpta
2041 1697 2098 1722 olim
2111 1703 2135 1723 et
2148 1700 2175 1723 in
2184 1699 2236 1724 Ste-

1188 1727 1270 1762 phani
1282 1726 1420 1761 thesaurum
1438 1727 1532 1757 relata,
1557 1734 1629 1760 quam
1647 1726 1694 1751 huc
1711 1732 1826 1761 reponere
1843 1728 1924 1762 visum
1943 1727 1976 1760 qs?
1993 1732 2162 1765 immutatam,
2188 1733 2235 1767 nist

1193 1761 1258 1797 quod
1270 1762 1352 1787 Birrii
1375 1762 1405 1788 V.
1419 1761 1445 1786 C.
1463 1763 1595 1786 citationes
1607 1760 1747 1786 adiecimus.
1802 1762 1871 1787 Satis
1883 1761 1916 1794 qli
1928 1763 2028 1799 obscura
2048 1772 2071 1791 et
2085 1768 2235 1801 perturbata

1193 1796 1329 1822 iudiciaria
1345 1797 1471 1830 cognitio,
1488 1797 1571 1832 itaque
1578 1792 1695 1827 studiosis
1707 1796 1769 1821 vtile
1777 1795 1898 1830 ficturum
1910 1804 2039 1832 putamus,
2047 1799 2073 1833 st
2084 1810 2143 1836 quae
2154 1805 2234 1838 legen-

1193 1831 1234 1856 dis
1246 1837 1354 1855 veterum
1366 1829 1439 1854 libris
1452 1828 1647 1863 obfiruauimus,
1664 1829 1807 1862 affl·rantur
1814 1850 1823 1863 ,
1839 1831 1879 1864 Jic
1892 1836 1954 1858 enim
1967 1840 2010 1859 aut
2022 1841 2075 1861 tota
2087 1838 2226 1872 respon-bit

1192 1870 1236 1890 aut
1250 1869 1315 1890 certe
1327 1866 1407 1890 minus
1422 1863 1522 1898 objcura
1536 1863 1670 1891 uidebitur.
1725 1866 1764 1891 Ac
1773 1869 1882 1900 primum
1894 1867 2063 1904 illudponam,
2084 1871 2161 1898 decem
2170 1858 2234 1910 lege}

1193 1909 1208 1926 a
1223 1908 1259 1924 me
1278 1897 1320 1932 eff}
1340 1905 1454 1930 notatas,
1479 1908 1539 1932 quae
1553 1898 1655 1932 diuersis
1668 1901 1819 1934 temporibus
1830 1902 1919 1927 Romae
1931 1903 1959 1928 de
1978 1904 2081 1931 iudiciis
2091 1908 2156 1934 latae
2161 1908 2218 1941 stnt

1193 1934 1391 1968 Semproniam,
1415 1933 1567 1964 Seruiliam,
1594 1933 1714 1966 Liuiam,
1736 1934 1863 1968 Plotiam,
1889 1938 2056 1972 Corneliam,
2082 1929 2234 1975 Vatiniam:

1191 1968 1344 2000 Aureliam,
1363 1968 1531 2001 Pompeiam,
1553 1967 1666 2001 Iuliam,
1687 1970 1849 1998 Antoniam:
1882 1974 1970 2009 quibus
1990 1974 2018 2001 de
2028 1976 2140 2012 singulis
2159 1988 2234 2014 agen-

1193 2004 1252 2030 dum
1266 2002 1308 2036 est.
1364 2005 1430 2029 Ante
1442 2004 1468 2029 C.
1488 2003 1624 2038 Sempronii
1644 2005 1752 2032 Gracchi
1768 2007 1922 2035 tribunatum
1934 2010 1986 2045 soli
1996 2011 2140 2045 senatores,
2165 2021 2234 2040 vetu-

1319 2077 1334 2081 ..
1407 2077 1410 2081 .
1452 2077 1454 2080 Ι
1638 2079 1641 2081 ¹
2104 2051 2131 2073 in
2145 2050 2234 2084 quibus

1193 2074 1221 2100 de
1234 2081 1347 2110 pecuniis
1360 2075 1387 2100 ob
1401 2074 1558 2102 iudicandum
1573 2081 1654 2110 captis
1667 2083 1795 2111 ageretur,
1815 2086 1872 2103 nam
1883 2077 1912 2104 dc
1923 2079 2009 2106 his'¹ad
2022 2085 2114 2117 equites
2126 2083 2233 2118 quaestio

1187 2109 1345 2146 pertinebat,
1370 2109 1442 2145 idque
1455 2119 1504 2136 non
1521 2112 1648 2146 antiquum
1653 2109 1746 2145 fuiſje,
1761 2111 1810 2147 fid
1827 2112 1947 2141 tributum
1965 2114 2008 2148 ‘ff'
2026 2116 2130 2151 equestri
2149 2120 2235 2146 ordini

1192 2151 1272 2172 aetate
1294 2146 1338 2172 Ti.
1353 2146 1488 2179 Sempronii·
1501 2145 1609 2171 Gracchi
1627 2146 1739 2178 Tiberii,
1762 2154 1786 2173 et
1797 2148 1823 2173 C.
1853 2151 1932 2181 atris,
1957 2153 2001 2186 qui
2020 2156 2093 2178 etiam
2103 2154 2234 2189 senatum,

1192 2180 1259 2215 quod
1269 2179 1364 2213 idfieri
1372 2178 1456 2214 paffiis
1470 2178 1534 2212 effi‘t,
1553 2180 1745 2216 reprehenderit,
1764 2192 1817 2209 cum
1844 2190 1932 2211 lituras
1944 2194 1973 2212 ex
1986 2195 2011 2212 eo
2018 2187 2132 2221 publicas
2141 2189 2235 2225 dist-or-

723 2217 805 2244 Silere
818 2216 917 2243 iudicia
956 2215 994 2242 ld.
1009 2215 1037 2240 in
1049 2215 1135 2239 Pison.
1153 2224 1182 2250 55
1192 2215 1248 2239 dias
1259 2215 1458 2249 calamitatesque
1465 2215 1621 2250 praediceret
1627 2225 1637 2245 ‚·
1670 2218 1802 2252 Appianas
1815 2219 1933 2250 historiae
1939 2221 2000 2256 suae
2011 2222 2073 2250 libro
2081 2233 2100 2249 ι.
2108 2224 2234 2260 scriptum

1191 2250 1304 2284 reliquit.
1358 2249 1385 2275 C.
1400 2250 1541 2281 Gracchus,
1571 2251 1669 2278 Tiberii
1675 2252 1762 2286 filius,
1790 2254 1895 2280 Tribun.
1911 2256 1974 2290 pleb.
1988 2256 2031 2282 Cn.
2045 2258 2156 2285 Domitio
2166 2261 2233 2287 Abe-

1190 2283 1296 2310 nobarbo
1309 2290 1333 2310 et
1345 2284 1371 2311 C.
1389 2286 1482 2311 Fannio
1499 2287 1593 2321 Nepote
1604 2287 1690 2314 COSS.
1703 2289 1778 2324 legem
1789 2290 1865 2321 tulit,
1889 2299 1961 2325 quam
1973 2295 2063 2326 paucis
2081 2301 2138 2321 ante
2158 2299 2233 2322 annis

1183 2319 1276 2355 frater
1289 2322 1340 2346 eius
1356 2320 1472 2347 Tiberius
1484 2320 1559 2356 ferre
1577 2327 1680 2348 conatus
1701 2330 1770 2355 erat,
1795 2330 1825 2349 vt
1842 2328 1935 2359 equites
1946 2326 2000 2362 soli
2015 2325 2172 2363 iudicarent,
2190 2330 2232 2364 stc

1192 2357 1256 2380 enim
1270 2363 1299 2381 ex
1317 2355 1422 2388 Velleio,
1443 2357 1564 2388 Pediano,
1583 2359 1714 2392 Appiano,
1730 2358 1844 2384 Cicerone
1863 2360 1915 2395 ipso
1929 2363 2091 2398 cogncissitur.
2146 2365 2232 2399 Postea

671 2389 776 2430 lei'an.
792 2390 821 2416 in
840 2389 857 2415 l.
871 2399 878 2415 ι
902 2387 1037 2425 §.Dolum
1056 2390 1088 2415 D.
1101 2389 1132 2428 de
1150 2391 1223 2424 60Q
1237 2390 1358 2417 Seruilius
1371 2392 1458 2426 Caepio
1470 2392 1554 2427 consul
1561 2411 1568 2422 ,
1591 2396 1635 2427 qui
1641 2391 1726 2426 postea
1738 2403 1792 2419 cum
1808 2394 1914 2421 Cimbris
1925 2400 1986 2423 male
1996 2402 2136 2435 pugnauit,
2154 2403 2232 2438 legem

1188 2427 1305 2461 rogauit,
1330 2431 1360 2451 υτ
1378 2435 1432 2451 cum
1451 2427 1590 2460 equitibus,
1616 2429 1659 2461 qui
1677 2434 1749 2453 antea
1762 2430 1813 2464 lege
1826 2430 1853 2456 C.
1868 2431 1975 2458 Gracchi
1979 2434 2031 2468 soli
2043 2435 2215 2463 iudicauerant

1189 2463 1263 2486 etiam
1274 2460 1404 2494 senatores
1420 2459 1575 2486 iudicarent:
1610 2462 1675 2488 hanc
1692 2468 1771 2489 tamen
1783 2467 1873 2499 legem,
1891 2475 1963 2500 quam
1982 2475 2006 2493 et
2019 2469 2169 2501 Cassiodorus
2206 2458 2232 2500 c}

1191 2494 1338 2530 Obsequens,
1356 2495 1477 2521 et'Ciccro
1490 2495 1540 2530 'Pfi'
1552 2498 1628 2522 latam
1633 2496 1790 2532 figmjn‘ant,
1808 2509 1856 2525 non
1870 2502 1944 2528 multo
1951 2501 2009 2537 post
2020 2498 2063 2537 est}
2075 2491 2219 2542 abrogat’am

1189 2539 1218 2556 ex
1230 2539 1254 2556 eo
1267 2530 1397 2566 suspicor,
1422 2530 1487 2566 quod
1499 2533 1589 2566 panacis
1598 2531 1652 2566 pay}
1663 2535 1738 2558 annis
1751 2534 1777 2560 C.
1794 2534 1953 2569 Norbanum,
1977 2542 2022 2573 qui
2034 2541 2160 2575 accusante
2171 2527 2230 2569 Caef

1182 2569 1257 2627 {ione
1269 2566 1399 2591 damnatus
1413 2572 1482 2598 erat,
1492 2575 1552 2604 *non
1574 2567 1604 2592 ab
1623 2568 1745 2602 equitibus
1766 2575 1791 2595 et
1797 2570 1969 2605 finctorihus‚
1984 2574 2033 2609 fid
2044 2585 2059 2601 a
2065 2578 2129 2611 solis
2142 2581 2230 2612 equiti-

1202 2610 1231 2626 us
1244 2599 1287 2634 eſj?
1299 2600 1447 2632 iudicatum,
1466 2602 1522 2627 Cic.
1537 2601 1569 2627 de
1580 2602 1693 2630 Oratore
1706 2612 1737 2636 2,
1751 2612 1796 2636 199
1822 2606 1933 2633 declarat
1945 2608 1986 2635 his
1997 2611 2093 2641 uerbis,
2117 2613 2228 2640 Animos

1189 2636 1310 2670 equitum
1325 2637 1521 2669 Romanorum,
1544 2637 1611 2671 apud
1625 2646 1691 2672 quos
1703 2646 1760 2665 tum
1773 2640 1871 2667 iudices
1886 2644 1959 2670 causa
1974 2645 2115 2679 agebatur,
2140 2648 2172 2675 ad
2191 2651 2228 2684 Q

1188 2672 1330 2706 Caepionis
1343 2672 1452 2704 odium,
1478 2681 1493 2698 a
1514 2681 1567 2706 quo
1589 2679 1662 2699 erant
1681 2674 1726 2708 ipfi
1742 2682 1850 2710 propter
1863 2677 1961 2706 iudicia
1972 2680 2129 2714 abalienati,
2149 2693 2227 2711 reno-

1187 2707 1299 2740 vabam,
1318 2713 1396 2741 atque
1410 2707 1576 2734 reuocabani.
1634 2710 1706 2735 Facit
1717 2714 1791 2736 etiam
1803 2721 1892 2738 mecum
1905 2715 1950 2740 illa
1960 2719 2043 2749 ratio,
2064 2719 2136 2753 quod,
2153 2729 2227 2754 quum

749 2744 851 2771 Vocare
863 2744 891 2770 in
902 2744 943 2770 vel
954 2741 987 2769 ad
998 2741 1129 2768 iudicium
1141 2758 1178 2786 70
1187 2744 1227 2769 M.
1240 2744 1329 2769 Liuius
1341 2743 1439 2778 Drusus
1458 2743 1584 2770 Tribunus
1591 2745 1656 2779 pleb.
1671 2745 1785 2782 Philippo
1799 2754 1822 2773 ct
1833 2748 1932 2784 Caefizrc
1945 2750 1986 2777 CO
1992 2752 2030 2778 (ἐς.
2043 2754 2117 2789 legem
2131 2756 2228 2789 tulerit,

1184 2785 1214 2804 vt
1227 2788 1281 2804 cum
1293 2778 1415 2813 equitibus
1420 2778 1550 2815 senatores
1562 2780 1702 2806 iudicarent
1708 2791 1718 2810 ,·
1751 2782 1907 2818 manifestum
1926 2784 1973 2818 est,
1986 2787 2055 2822 solos
2067 2792 2158 2824 equites
2171 2797 2228 2817 ante

1185 2813 1261 2847 Drufi
1274 2816 1426 2840 tribunatum
1447 2813 1571 2848 iudicasse.
1631 2817 1776 2850 Praeterea,
1795 2820 1919 2854 scriptum
1938 2819 1970 2854 esi
1986 2823 2052 2857 apud
2069 2825 2226 2853 Ciceronem

1186 2849 1214 2875 in
1225 2849 1348 2876 oratione
1362 2858 1410 2884 pro
1425 2850 1454 2875 C.
1468 2850 1611 2882 Cornelio,
1635 2860 1691 2877 non
1708 2859 1767 2879 ante
1784 2853 1869 2888 legem
1888 2856 1998 2883 Plenam
2019 2860 2148 2886 senatores
2165 2871 2225 2889 cum

1187 2885 1323 2919 equitibus
1342 2884 1479 2918 iudicasse,
1503 2892 1546 2918 at,
1572 2886 1657 2920 legem
1670 2887 1781 2914 Plotiam
1795 2890 1935 2924 Pompeio,
1959 2893 2102 2927 Strabone,
2127 2902 2152 2922 et
2165 2897 2226 2924 Por-

85 2922 108 2946 i.
134 2920 285 2955 facultatem
308 2931 324 2948 a
347 2928 439 2948 natura
466 2923 507 2948 vel
531 2921 562 2948 ab
587 2924 777 2953 exercitatione,
805 2921 879 2954 bene,
904 2922 965 2947 male
989 2920 1126 2945 iudicmzdi.
1143 2933 1174 2960 75
1185 2921 1228 2946 cio
1243 2921 1342 2946 Catone
1356 2921 1445 2946 COSS.
1460 2921 1539 2947 latam
1553 2923 1615 2954 else,
1640 2922 1767 2950 Pedianus
1785 2924 1868 2958 docet,
1894 2936 1923 2953 cx
1942 2936 2002 2963 quo,
2027 2930 2090 2966 Iegis
2108 2931 2227 2959 Seruiliae

85 2956 211 2981 Ponamus
223 2956 340 2991 quaedam
348 2964 396 2992 per
412 2958 504 2984 lancem
517 2958 583 2984 velut
590 2956 714 2993 saturam,
733 2957 829 2993 quando
843 2959 925 2983 omnia
935 2961 1049 2982 accurate
1061 2955 1128 2991 dige-

84 2999 141 3017 rere
161 3000 177 3017 a
194 2998 299 3026 tempore
318 2992 407 3027 exclusi
429 3002 478 3019 non
503 2991 638 3029 pofflcmzcs.
731 2994 799 3019 Aere
826 2993 976 3026 tersumque
998 2990 1128 3017 iudicium

88 3025 220 3060 Qinc'til.
234 3035 258 3058 1,
273 3029 304 3058 6,
316 3036 339 3060 3.
406 3029 473 3055 Aere
487 3034 514 3055 et
526 3034 628 3055 certum
657 3027 713 3055 Cic.
727 3028 759 3055 de
773 3029 848 3055 Orat.
861 3036 882 3060 3,
898 3032 944 3057 18¹-
1015 3026 1129 3053 Aurium

88 3061 219 3095 Qiinffil.
235 3070 260 3094 9,
274 3071 305 3095 4,
318 3068 364 3093 118.
434 3063 508 3091 Idem
523 3064 551 3090 in
564 3072 683 3098 prooem.
696 3073 715 3098 4
734 3065 775 3090 Pr.
789 3072 805 3090 2
836 3065 904 3090 Cum
916 3071 982 3089 vero
994 3061 1064 3088 mihi
1078 3063 1131 3088 Do-

1185 2955 1214 2981 de
1227 2955 1435 2982 communicandis
1455 2959 1523 2983 inter
1541 2961 1633 2992 equites
1653 2965 1677 2985 et
1687 2959 1816 2994 finotores
1832 2961 1935 2988 iudiciis
1953 2964 2044 2990 nullam
2062 2965 2170 2993 habitam
2181 2967 2226 3001 effe

1185 2995 1322 3022 rationem,
1342 3001 1370 3018 ac
1382 3000 1411 3017 ne
1424 2992 1510 3017 Liuiae
1522 2992 1635 3028 quidem,
1663 3002 1724 3030 quae
1743 2995 1773 3021 id
1787 2995 1894 3031 finxit,
1912 2997 1996 3033 facile
2019 2998 2053 3032 est
2076 3002 2225 3038 comzoscere.

1187 3025 1244 3059 Post
1258 3027 1398 3063 Caepionem
1411 3027 1449 3053 M.
1469 3028 1558 3054 Liuius
1576 3028 1674 3065 Drufias
1691 3031 1807 3057 tribunus
1820 3033 1884 3068 pleb.
1905 3036 1957 3059 eius
1976 3034 2051 3068 Drufi
2061 3025 2153 3070 filias,
2178 3047 2225 3074 quo

1191 3062 1303 3090 Tribuno
1313 3062 1377 3098 pleb.
1390 3062 1425 3088 ad
1435 3061 1635 3098 labes-astantiam
1650 3066 1676 3091 C.
1691 3066 1798 3092 Gracchi
1805 3071 1943 3101 potentiam
1955 3069 2060 3104 senatus
2078 3071 2137 3107 vsus
2154 3081 2208 3099 erat
2216 3093 2226 3105 ,

87 3097 214 3124 mitianus
231 3098 359 3131 Augustus
380 3099 480 3127 sororis
498 3100 558 3126 suae
577 3104 703 3134 nepotum
721 3099 848 3133 delegarit
868 3107 956 3127 curam
967 3117 975 3129 ‚
1000 3106 1055 3124 non
1070 3097 1129 3124 satis
1143 3105 1175 3132 80
1187 3099 1217 3124 L.
1230 3098 1330 3124 Marcio
1342 3099 1458 3134 Philippo
1474 3101 1572 3126 Sextum
1584 3101 1647 3126 Iulio
1661 3100 1761 3136 Caestzre
1772 3102 1857 3131 COSS.
1870 3105 1930 3129 tulit
1942 3104 1977 3130 ad
1981 3107 2112 3140 populum,
2130 3114 2159 3134 vt
2171 3118 2225 3135 cum

84 3132 220 3160 honorem
232 3133 382 3160 caelestium
396 3135 560 3162 iudiciorum
573 3135 734 3170 intelligam,
752 3134 816 3168 nisi,
833 3142 880 3162 etc.
964 3133 1129 3168 Circumspe-

89 3167 180 3201 ἂιιιη,
209 3169 262 3195 vid.
284 3175 359 3196 CIR
373 3177 389 3197 c
402 3177 424 3196 v
440 3177 466 3198 M
482 3178 496 3197 s
511 3177 526 3197 P
541 3177 551 3196 ι
565 3177 583 3197 c
597 3178 605 3195 1
624 3176 655 3197 o.
757 3171 874 3198 Firmius
911 3168 1042 3204 Qinffil.
1060 3178 1085 3199 1,
1106 3174 1129 3199 ε.

88 3203 179 3231 Firma
195 3203 301 3239 iamque
313 3210 385 3231 extra
399 3206 548 3240 periculum
561 3206 642 3243 polita
672 3206 745 3233 Idem
758 3215 786 3240 2,
805 3213 827 3240 ς.
930 3206 1019 3232 Graue
1038 3204 1127 3231 subire

88 3239 183 3266 Claud.
196 3238 225 3266 in
237 3240 320 3274 praef.
334 3240 366 3267 de
377 3242 406 3267 B.
418 3242 476 3269 Get.
492 3251 527 3269 10.
610 3242 777 3276 Intelligens,
806 3241 860 3268 vid.
880 3247 889 3266 1
901 3247 924 3266 N
937 3247 958 3266 T
968 3248 986 3267 E
996 3247 1012 3265 L
1021 3247 1037 3266 L
1047 3247 1056 3266 1
1067 3246 1087 3267 G
1098 3246 1128 3266 0.

87 3275 271 3308 interruptum
298 3275 358 3302 Liu.
372 3285 400 3309 4,
413 3279 431 3304 6
442 3283 507 3304 extr.
572 3276 695 3305 Liberale
719 3277 848 3311 Qinffii.
860 3278 886 3308 6,
900 3285 921 3308 3.

89 3316 117 3337 et
130 3309 245 3345 politum
277 3311 334 3338 Cic.
348 3312 419 3339 Fam.
436 3323 465 3346 7,
478 3322 518 3347 34.
591 3313 759 3340 Nonnullum
772 3313 804 3340 de
818 3314 863 3340 suo
876 3311 985 3346 ingenio
998 3310 1128 3338 iudicium

89 3346 165 3378 fieri,
199 3346 322 3379 Peracre,
349 3347 403 3374 vid.
417 3348 458 3376 bh.
473 3358 517 3375 υυ.
623 3348 765 3381 διῑὶἑὶιιηι,
784 3350 920 3384 asperum,
949 3347 1030 3373 nimie
1042 3353 1129 3374 ratum

88 3382 147 3409 Sen.
161 3382 221 3407 Exc.
237 3382 366 3409 Controu.
381 3383 398 3410 1.
404 3391 423 3417 Α,
435 3385 518 3418 praef.
586 3384 689 3411 Subtile
715 3386 783 3413 Hor.
795 3383 874 3419 Epist.
886 3391 911 3415 2,
924 3391 944 3416 1,
961 3391 1017 3416 243.
1072 3382 1128 3408 Sin-

89 3426 180 3445 cerum
193 3421 220 3443 et
233 3416 330 3443 subtile
355 3417 412 3445 Cic.
426 3419 497 3446 Fam.
512 3426 551 3452 ις,
564 3421 588 3446 6.
658 3420 739 3447 Varia
749 3421 808 3447 sunt
820 3419 930 3446 iudicia:
963 3424 993 3445 vt
1005 3418 1034 3444 in
1048 3418 1128 3444 Grae-

89 3453 129 3479 cia
152 3452 191 3479 Id.
204 3452 235 3478 in
247 3453 322 3479 Orat.
336 3455 376 3484 36.

87 3494 129 3515 (cs
150 3488 217 3514 Plin.
232 3488 311 3522 Epist.
328 3497 348 3520 1,
360 3497 386 3515 2..
540 3488 561 3528 ff
580 3500 591 3523 3
634 3491 729 3518 Verba:

86 3523 170 3558 genio
186 3523 349 3558 gaudebant,
374 3528 401 3550 et
414 3522 517 3552 iudicio
530 3534 583 3552 non
596 3526 770 3553 Fallebantur.

90 3559 208 3592 dicium,
234 3561 252 3585 i.
278 3559 352 3586 Vobis
364 3558 596 3596 iudicandieopiam
609 3562 675 3588 dedit
702 3562 771 3589 Ter.
786 3562 880 3588 Heaut.
893 3559 959 3594 prol.
975 3568 1011 3587 12.

90 3595 147 3621 Cic.
162 3595 244 3622 Bruto
254 3601 298 3630 pr.
325 3594 354 3620 de
368 3594 513 3634 Hortensio,
538 3596 696 3632 Cooptatum
709 3606 752 3623 me
765 3597 797 3624 ab
811 3607 844 3624 eo
856 3597 883 3623 in
905 3595 1046 3629 collegium
1067 3598 1129 3626 (au-

763 3490 894 3526 Quinctil.
909 3497 934 3520 2,
947 3499 967 3523 4
997 3489 1037 3515 Ita
1048 3494 1074 3515 et
1087 3489 1126 3515 in-

875 3525 948 3551 Fecit
962 3524 1130 3586 vestrumst&

1187 3143 1198 3160 e
1217 3133 1309 3159 uitibus
1319 3133 1450 3169 senatores
1461 3135 1547 3170 causas
1558 3134 1743 3171 cognoscerent,
1762 3140 1833 3164 cuius
1849 3140 1870 3165 Ie
1889 3141 1927 3171 is,
1952 3141 2067 3176 Philippo
2081 3143 2174 3178 confide
2187 3153 2225 3170 re-

1181 3142 1299 3205 ferente,
1321 3170 1346 3197 S.
1361 3170 1387 3196 C.
1395 3169 1520 3205 fiiblatis‚
1536 3174 1564 3197 in
1578 3172 1691 3203 eundem,
1714 3180 1759 3207 quo
1774 3180 1846 3199 antea
1853 3147 1958 3209 =litent,
1974 3174 2070 3208 statum
2081 3187 2108 3205 re
2121 3178 2224 3206 iudicia-

1185 3207 1227 3231 ria
1238 3203 1370 3237 restituta,
1389 3205 1441 3240 Jbli
1453 3209 1545 3241 equites
1557 3207 1648 3242 exlege
1666 3207 1774 3234 Gracchi
1783 3208 1935 3235 iudicarunt.
1990 3213 2062 3238 Anno
2083 3212 2167 3240 deinde
2185 3217 2225 3241 in-

1184 3238 1304 3272 ter-iem,
1332 3241 1370 3266 M.
1389 3242 1505 3267 Plautius
1524 3242 1622 3269 Silanus
1645 3242 1753 3268 Tribun.
1764 3244 1829 3278 pleb.
1851 3245 1895 3271 Cn.
1910 3247 2020 3281 Pompeio
2033 3248 2150 3275 Strabone
2161 3269 2169 3281 ‚
2193 3251 2223 3276 L.

993 3276 1127 3302 Limatum
1143 3282 1172 3311 ες
1187 3277 1275 3302 Porcio
1287 3277 1378 3302 Catone
1391 3276 1477 3304 COSS.
1497 3280 1540 3312 qui
1546 3276 1606 3311 fuit
1617 3286 1698 3304 annus
1708 3277 1764 3304 belli
1778 3280 1864 3306 Italici
1870 3280 2010 3315 secundus,
2036 3284 2095 3309 tulit
2107 3284 2141 3310 ad
2148 3292 2225 3320 popu-

1184 3312 1249 3342 lum,
1273 3318 1303 3338 υτ
1310 3311 1423 3348 fingulae
1442 3312 1524 3338 tribus
1543 3322 1555 3338 e
1567 3312 1613 3347 suo
1627 3322 1724 3339 numero
1754 3317 1824 3340 uinos
1836 3315 1926 3348 denos,
1942 3324 1989 3352 per
2003 3327 2092 3344 annum
2104 3320 2225 3346 iudicatu-

1185 3356 1243 3378 ros,
1257 3346 1387 3382 suffragio
1401 3353 1529 3380 crearent,
1546 3356 1592 3382 quo
1598 3345 1702 3382 saflum
1715 3322 1757 3383 ςβ,
1769 3356 1800 3375 vt
1804 3349 1933 3384 senatores
1946 3361 2035 3388 quoque
2049 3357 2075 3379 ln
2089 3364 2115 3380 eo
2128 3364 2226 3382 numero

1186 3381 1274 3415 efflent,
1290 3390 1313 3408 et
1326 3381 1424 3417 quidam
1436 3385 1510 3408 etiam
1527 3391 1556 3409 ex
1570 3382 1624 3417 ἱρῇ
1632 3383 1711 3418 plebe.
1772 3384 1829 3418 Post
1846 3385 1929 3413 viHor
1946 3388 2025 3422 Sulla,
2051 3388 2161 3416 dictator
2169 3394 2227 3425 pri-

1186 3426 1240 3444 mus
1251 3419 1322 3453 Reip.
1335 3415 1516 3449 corstituendae
1533 3419 1605 3453 causa
1614 3417 1724 3454 fabius,
1750 3421 1864 3456 infensus
1879 3423 2014 3457 equitibus,
2038 3428 2097 3459 quia
2104 3432 2154 3460 pro
2167 3427 2226 3452 Cin-

450 3455 533 3483 Varia
543 3456 600 3481 sunt
613 3454 753 3482 hominum
766 3456 881 3486 iudicia,
902 3452 992 3480 variae
1005 3453 1127 3479 volunta·
1136 3466 1173 3491 90
1187 3455 1262 3479 nanis
1276 3452 1395 3488 partibus
1405 3450 1544 3484 steterant,
1566 3456 1643 3489 legem
1660 3455 1735 3486 tulit,
1763 3462 1792 3481 vt
1805 3465 1887 3488 nemo,
1909 3456 1957 3490 nist
1977 3461 2020 3493 qui
2032 3459 2135 3494 senasor
2154 3460 2227 3494 estet,

1187 3488 1299 3515 iudicare
1304 3486 1398 3523 postet,
1416 3488 1480 3522 quod
1493 3495 1550 3514 ante
1567 3488 1593 3514 C.
1614 3489 1722 3515 Gracchi
1738 3491 1890 3517 tribunatum
1901 3491 1965 3527 fieri
1976 3494 2079 3529 solitum
2100 3494 2142 3529 ςῙΙΞ·
2162 3497 2229 3523 dixi-

1186 3533 1248 3550 mus.
1402 3523 1471 3550 Sutia
1483 3530 1594 3556 mortuo,
1613 3524 1677 3559 quod
1686 3525 1727 3552 ille
1731 3524 1854 3559 fhtzxerat
1860 3546 1869 3559 ,
1892 3534 1939 3562 per
1955 3537 2033 3555 annos
2052 3532 2080 3556 X
2081 3532 2095 3556 1
2099 3525 2229 3567 seruatum

1188 3557 1221 3592 est
1230 3578 1237 3591 ,
1256 3559 1301 3585 hoc
1313 3556 1346 3591 esi
1359 3567 1437 3593 vsque
1450 3558 1484 3584 ad
1500 3559 1544 3585 Cn.
1564 3560 1673 3594 Pompeii
1691 3566 1716 3585 et
1727 3561 1754 3586 C.
1768 3561 1846 3596 CroJfi
1859 3565 1967 3597 primum
1982 3565 2145 3600 confidatum:
2179 3577 2226 3604 quo

1188 3594 1253 3621 ann'o
1264 3595 1293 3620 L.
1310 3594 1429 3620 Aurelius
1447 3594 1519 3620 Cotta
1532 3600 1637 3629 praetor
1649 3597 1766 3630 populum
1785 3600 1902 3633 rogauit,
1919 3601 2073 3661 populat-ique
2091 3602 2171 3636 iuffi't,
2196 3608 2225 3628 vt

86 3633 204 3664 gururn)
227 3629 400 3662 recordabar,
418 3638 448 3655 in
462 3639 517 3665 quo
530 3630 629 3660 iuratus
644 3632 771 3660 iudicium
787 3631 921 3667 dignitatis
934 3640 1008 3657 meae
1015 3632 1131 3657 Fecerat.
1144 3640 1176 3668 95
1186 3635 1240 3656 tres
1252 3629 1367 3658 ordines‚·
1395 3629 1539 3664 senatores,
1559 3632 1665 3664 equites,
1686 3630 1784 3656 tribuni
1794 3635 1889 3659 aerarii
1901 3634 1975 3666 simul
1992 3638 2016 3661 iu
2035 3639 2144 3667 ι’σανεητ,
2163 3643 2225 3662 tam-

89 3665 130 3692 Id.
146 3665 178 3692 de
190 3666 221 3691 L.
239 3666 301 3699 Agr.
320 3674 352 3698 z,
372 3674 382 3691 1
411 3666 501 3698 Qiare
520 3665 612 3701 dignus
629 3670 730 3695 summo
747 3668 835 3696 vestro
854 3668 956 3694 honore
975 3666 1130 3700 iudicioque

89 3701 136 3728 sim
146 3721 153 3733 ,
177 3704 195 3727 i.
214 3701 349 3737 consulatu.
385 3700 453 3727 Add.
466 3710 515 3735 pro
528 3702 557 3728 L.
570 3703 663 3732 Manil.
670 3712 714 3740 pr.
768 3705 841 3730 Caes.
856 3704 883 3730 B.
897 3703 929 3728 G.
943 3711 964 3734 1,
972 3710 1002 3734 41
1026 3702 1130 3728 Gratias

88 3737 144 3772 egit
156 3735 254 3771 Caesari
267 3736 360 3762 decima
374 3737 453 3772 legio,
473 3736 545 3771 quod
559 3736 591 3763 de
604 3739 630 3764 se
639 3742 769 3774 optimum
783 3739 912 3766 iudicium
919 3738 939 3764 F
941 3737 1039 3768 eciiset,
1060 3745 1132 3772 quam

88 3773 251 3807 praetoriam
266 3771 403 3798 cohortem
419 3772 459 3797 ille
471 3771 521 3798 libi
532 3772 650 3800 futuram
661 3776 768 3803 dixerat.
840 3775 895 3801 Cic.
910 3781 958 3807 pro
971 3773 1001 3798 L.
1017 3773 1087 3798 Man.
1098 3780 1129 3804 43

89 3817 111 3834 c.
126 3816 150 3840 ις
181 3808 221 3834 De
235 3816 288 3842 quo
299 3806 409 3833 homine
424 3815 470 3833 vos
503 3822 549 3827 ———
574 3813 644 3834 tanta
657 3815 682 3835 et
692 3819 745 3838 tam
757 3810 887 3846 praeclara
899 3808 998 3836 iudicia
1006 3807 1112 3834 Fecistis
1121 3804 1257 3841 3100feHe
1271 3803 1374 3839 nouisse:

87 3843 117 3869 de
129 3845 242 3879 imperiis
254 3844 366 3877 Pompeio
378 3842 504 3869 mandatis
516 3852 532 3869 a
539 3844 631 3904 gopulo
644 3844 760 3879 quuitur.
827 3845 865 3871 Id.
884 3845 956 3871 Fam.
971 3852 992 3875 13
1001 3862 1008 3874 ,
1029 3851 1060 3875 29
1091 3843 1127 3869 Vt

88 3878 204 3912 primum
217 3887 265 3913 per
276 3883 387 3904 aetatem
402 3877 533 3905 iudicium
561 3887 635 3905 acere
650 3882 780 3914 potueris,
800 3881 891 3917 quanti
903 3879 1014 3914 quisque
1027 3878 1078 3904 tibi
1091 3877 1128 3904 fa.

91 3913 196 3941 ciendus
219 3915 289 3941 esset.
348 3912 475 3941 Addnd.
495 3922 545 3947 pro
564 3914 657 3940 Flacco
671 3922 701 3946 93
721 3924 742 3941 c.
752 3924 790 3951 37.
884 3917 977 3942 Facere
996 3913 1127 3940 iudicium

91 3947 123 3974 de
136 3949 240 3983 publica
251 3949 326 3976 causa
349 3949 404 3975 Cic.
418 3950 471 3975 Att.
483 3956 511 3982 7,
524 3957 560 3981 33.
613 3948 681 3975 Add.
697 3950 768 3977 Fam.
783 3960 814 3983 11,
828 3960 868 3985 29.
941 3950 997 3977 Cic.
1006 3950 1077 3976 Fam.
1091 3952 1128 3979 16,

86 3990 121 4017 119
145 3983 172 4010 Si
179 3984 294 4013 Flexerit
312 3983 435 4012 aduersus
452 3983 520 4011 alios
539 3983 670 4012 iudicium
682 3984 784 4020 suum,-
795 3987 868 4025 quod
878 3992 949 4016 tanta
962 3985 1085 4014 firmitate
1099 3984 1235 4020 ac105cile
1248 3983 1308 4009 licet

245 4027 336 4051 vot..
374 4020 416 4050 11.

1188 3664 1244 3698 etsi,
1270 3672 1294 3691 et
1308 3664 1489 3691 centurionibus
1505 3664 1600 3691 aditum
1616 3664 1651 3691 ad
1666 3675 1706 3692 res
1724 3666 1983 3703 iudicandaspatuiffi’
1994 3671 2041 3697 hac
2054 3671 2106 3706 ipsa
2117 3672 2181 3706 Iege,
2201 3677 2225 3697 ec

1182 3700 1342 3736 sequentibus
1364 3699 1471 3732 duabus,
1492 3700 1520 3726 de
1531 3700 1616 3735 quibus
1634 3700 1755 3733 dicemus,
1779 3703 1907 3738 Pompeia,
1926 3712 1949 3730 et
1963 3707 2043 3737 Iulia,
2060 3705 2130 3739 censu
2144 3712 2224 3731 tamen

1187 3735 1338 3771 praefinito,
1363 3734 1418 3762 Cic.
1434 3735 1503 3761 docet
1514 3735 1542 3761 in
1555 3734 1700 3769 Philippica
1712 3744 1737 3766 1,
1751 3745 1794 3763 20.
1856 3739 1960 3767 Videtur
1972 3748 2048 3766 autem
2062 3740 2226 3773 Paterculus,

1189 3770 1236 3804 nist
1249 3769 1352 3803 mendofi
1363 3770 1423 3797 libri
1432 3771 1508 3806 sunt,
1531 3779 1605 3806 neque
1624 3778 1733 3805 tempus,
1757 3781 1833 3808 neque
1843 3773 1992 3810 fintentiain
2009 3775 2082 3800 huius
2094 3776 2157 3810 legis
2187 3785 2223 3801 tr-

1410 3808 1454 3840 qui
1467 3814 1489 3838 2,
1503 3814 1528 3836 3²
1554 3806 1638 3840 legem
1650 3815 1666 3832 a
1679 3807 1756 3833 Cotta
1769 3807 1847 3834 latam
1861 3818 1907 3843 per
1924 3809 1950 3834 id
1969 3815 2069 3842 tempus
2080 3782 2221 3844 fignifiget,

1189 3849 1243 3876 quo
1255 3841 1385 3868 Gabinius
1403 3840 1544 3867 Tribunus
1565 3840 1632 3875 pleb.
1652 3843 1818 3876 rogationem
1838 3845 1913 3875 tulit,
1934 3849 1960 3868 vt
1980 3844 2117 3877 Pompeius
2130 3853 2222 3871 contra

1187 3877 1285 3911 piratas
1297 3878 1399 3903 summo
1413 3884 1473 3903 cuin
1486 3875 1601 3910 imperio
1612 3876 1777 3910 mitteretur,
1799 3876 1964 3915 quodfalsum
1977 3877 2019 3910 effi
2032 3888 2074 3904 con
2099 3886 2133 3904 ot.
2165 3890 2223 3905 num

1190 3911 1311 3938 Gabinius
1329 3912 1424 3937 biennio
1439 3910 1495 3946 post
1513 3914 1622 3947 Pompeii
1639 3913 1803 3947 consulatum,
1830 3913 1874 3939 hoc
1891 3911 1925 3943 el}
1944 3914 2030 3947 Pisone
2048 3920 2071 3938 rt
2090 3914 2221 3941 Glabrione

1548 3947 1612 3982 quod
1624 3954 1647 3974 et
1660 3948 1776 3974 Velleius
1789 3956 1819 3978 2,
1843 3955 1866 3978 31
1896 3946 2056 4015 zpst’filfirit,
2076 3955 2100 3973 et
2111 3949 2222 3984 indefa-

1978 3985 2039 4009 atim
2057 3983 2083 4009 C.
2097 3985 2222 4011 Manilius

2163 4020 2223 4047 Tri·

1188 3947 1274 3974 COSS.
1289 3957 1340 3973 eam
1351 3950 1371 3972 lc
1390 3956 1425 3972 cm
1438 3948 1511 3973 tulit:

1326 3956 1480 4044 extfiimagig,
1505 3982 1584 4018 quod,
1608 3982 1716 4021 abssaluto
1734 3983 1793 4011 bello
1802 3984 1931 4017 piratico,

1383 4025 1401 4051 7
