2479 4225
258 159 333 201 495
643 138 927 181 EXH

259 234 367 261 exhibet
381 233 425 259 illa
439 233 503 258 suas.
572 230 638 257 Plin.
652 237 686 263 ις,
702 239 725 262 ¹3
745 226 883 256 Peculiaris
901 223 1064 264 impudentia
1083 223 1119 249 est
1133 221 1243 263 nucibus
1256 221 1295 248 in-

261 271 385 299 sitorum,
406 276 470 301 quae
486 265 590 293 Faciem
604 267 732 301 parentis,
750 266 903 294 succumque
922 259 1074 294 adoptionis
1094 258 1236 288 exhibent,
1252 266 1296 318 ad}-

262 302 401 341 pellaTa‘ab
416 308 528 337 vtroque
541 302 693 337 nucipruna.
762 295 891 335 Columel.
907 304 938 326 11,
953 303 963 335 ι
990 295 1046 322 Nec
1061 295 1144 320 solum
1166 302 1197 318 an
1211 301 1257 332 per
1287 308 1297 314 -

264 341 331 367 derit
343 338 506 372 disciplinam
517 338 603 369 ruris,
621 336 662 362 sed
676 345 707 362 an
721 334 798 359 etiam
813 332 923 357 dommo
935 329 1026 356 Fidem
1041 339 1068 356 ac
1082 328 1297 356 beneuolentiam

263 374 399 401 exhibeat:
420 373 472 399 fine
487 372 584 408 quibus
596 371 663 398 nihil
682 368 783 404 prodest
798 367 900 393 summa
917 365 1005 392 villici
1026 366 1141 392 scientia.
1213 364 1298 390 Focos
1321 369 1334 397 ς

263 411 340 436 viuos
358 408 478 435 carbasus
494 408 616 434 exhibuit
636 404 759 432 Claudiae
777 402 894 436 Propert.
908 411 936 435 4,
950 409 972 434 ς,
986 410 1027 435 54.
1072 436 1076 441 ι
1098 399 1231 426 Columel.
1250 407 1271 432 ς,
1286 408 1299 426 2

265 447 335 480 Ager
354 453 542 478 nonnunquam
561 441 675 476 plurium
695 437 855 471 angulorum
873 438 997 464 Formam
1018 436 1133 463 exhibet.
1206 435 1300 461 Hono-

265 489 323 509 rem
339 480 420 506 alicui
440 481 500 513 le.
520 480 548 504 in
565 477 581 502 1.
601 474 668 509 apud
689 473 755 499 Cels.
775 470 935 509 §.aduersus
950 473 981 499 D.
1002 472 1033 499 de
1052 472 1106 498 dol.
1123 470 1184 510 mal,
1198 475 1299 504 except.

266 517 323 543 Cic.
338 515 450 550 Philipp.
466 518 491 546 6,
506 521 522 547 7
550 509 758 537 Succurrendum
781 507 816 534 est
836 509 868 535 D.
888 508 987 540 Bruto,
1007 516 1098 534 onmes
1119 505 1237 540 vndtque
1258 514 1302 531 co-

267 552 324 586 piae
336 550 509 585 colligendae:
529 547 627 572 Horam
640 543 768 570 exhibere
785 543 886 570 nullam
905 544 933 571 in
951 543 999 571 tali
1018 543 1077 569 ciue
1095 541 1234 568 liberando
1248 540 1301 567 fine
1316 549 1345 567 ιο

267 587 361 614 scelere
375 595 427 612 non
440 584 574 618 possumus.
593 581 650 606 Alii
662 580 747 615 ligant
762 579 892 606 Eximere.
955 579 1113 606 Humanitas
1128 582 1201 604 tanto
1214 577 1301 603 maior

268 621 415 649 exhibenda
441 619 504 644 l’lin.
518 614 594 649 Epist.
611 622 631 647 5,
647 623 683 647 19,
696 623 718 646 3.
789 615 871 642 Plaut.
885 614 970 642 Calin.
991 624 1017 645 2,
1035 616 1060 646 6,
1082 621 1112 648 57
1143 611 1300 639 Patiundum

267 658 313 691 est,
327 655 455 691 siquidem
470 659 511 677 me
530 651 595 676 vino
611 659 678 676 vxor
692 651 838 684 Imperium
851 650 968 677 exhibet.
1037 648 1146 677 Iudiciis
1160 648 1301 675 hominum

269 694 294 720 se
314 693 377 719 Pliu.
392 691 418 715 in
431 689 520 720 Paneg.
534 695 554 711 c.
569 687 609 717 63.
677 685 807 712 Iustitiam
826 686 899 713 Idem
911 686 940 712 in
955 687 1046 720 Paneg.
1060 693 1096 717 33,
1127 704 1134 710 .
1175 703 1182 710 .
1254 684 1302 709 La-

269 729 360 756 borem
377 722 509 750 difficilem
530 720 630 747 colonis
650 720 776 747 exhibere
788 721 883 748 dicitur
894 727 980 754 terra,
999 721 1067 755 Qae
1087 718 1222 754 difficulter
1240 719 1303 745 labo·
1319 724 1344 750 ις

267 770 339 790 ratur
343 760 394 794 Jiue
406 759 504 784 colitur·
542 756 672 782 Columel.
687 765 709 788 ς,
723 763 735 788 ς
760 756 880 791 Superest
892 757 996 792 reliqua
1015 756 1061 783 illa
1077 757 1178 782 cultura
1192 754 1304 790 prostra-

268 805 307 824 tae
321 796 427 825 vineae,
440 801 506 828 quae
524 791 572 818 niti
587 791 774 818 violentissimo
788 792 854 818 statu
867 792 934 820 caeli
952 792 1047 827 suscipi
1060 800 1114 818 non
1127 791 1218 817 debet:
1242 799 1303 816 nam

267 838 292 858 et
313 828 445 856 difficilem
467 827 597 854 Laborem
616 827 718 853 colonis
739 826 857 853 exhibet.
926 827 1040 855 Librum
1055 827 1207 862 promissum
1237 826 1305 852 Plin.

268 866 343 900 Epist.
358 873 380 890 2.
436 862 597 890 Medicinam
611 863 670 897 le.
686 863 714 888 in
730 862 746 888 l.
761 872 769 889 1
790 861 813 899 ᾗ.
827 871 836 889 ι
852 863 884 889 D.
900 862 933 889 de
951 862 1034 890 variis
1047 868 1072 889 et
1085 862 1247 889 extraordin.
1262 870 1305 887 co-

266 900 439 935 gnitionibus.
493 898 608 925 Militem
632 898 749 924 Laetant.
769 897 801 923 de
820 899 910 925 Morte
928 899 1055 925 Persecut.
1075 907 1098 925 c.
1112 906 1138 933 7.
1164 901 1182 924 i.
1206 906 1304 923 manum
1317 905 1352 924 20

264 937 395 963 militarem
411 934 536 960 adducere.
607 934 664 960 Cic.
679 935 750 960 Fam.
766 942 800 966 12,
814 942 847 966 29
868 934 937 961 Noli
949 934 1086 968 impudens
1100 934 1162 964 effe,
1175 942 1222 959 nec
1236 932 1306 959 mihi

266 970 414 998 Molestiam
433 969 569 996 exhibere.
605 969 674 996 Add.
695 970 731 996 Id.
752 970 806 995 Att.
826 977 850 1001 2,
871 978 890 996 1.
961 969 1155 996 Naumachiam
1169 969 1237 995 Suet.
1251 968 1305 995 Ne-

266 1015 324 1033 ron.
339 1015 372 1038 ιε,
385 1014 413 1039 4.
485 1005 633 1039 Negotium
645 1005 739 1037 alicui,
753 1004 817 1040 quod
828 1011 852 1030 ct
867 1002 986 1037 Faceffi‘re
998 1009 1121 1040 negotium
1135 1005 1238 1036 dicitur,
1251 1005 1307 1030 vul·

265 1051 312 1079 gur
324 1041 403 1074 dicit,
425 1041 512 1067 Facere
521 1047 623 1075 poenam
638 1040 718 1066 Plaut.
733 1040 835 1066 Mostel.
849 1049 872 1073 3,
887 1049 907 1072 ι,
919 1047 956 1072 38.
992 1040 1048 1067 Cic.
1062 1040 1115 1067 Off.
1130 1050 1150 1073 3,
1166 1049 1203 1066 112
1224 1039 1305 1073 Quod

266 1086 348 1113 quum
362 1076 500 1103 audiuiss'et
512 1076 660 1111 adolescens
672 1075 742 1102 filius
756 1076 902 1111 Negotium
917 1074 1040 1103 exhiberi
1054 1076 1131 1110 patri.
1186 1075 1258 1102 Idem
1273 1075 1306 1101 de
1316 1083 1347 1109 25

266 1113 303 1141 N.
321 1113 353 1139 D.
368 1121 388 1145 1,
402 1120 434 1144 45
458 1111 539 1144 Qiod
558 1110 664 1137 beatum
681 1118 870 1146 aeternumque
884 1111 923 1143 fit,
944 1111 971 1138 id
985 1120 1032 1137 nec
1047 1111 1143 1138 habere
1158 1111 1242 1146 ipsum
1250 1111 1305 1137 Ne-

265 1148 333 1183 gotii
353 1147 513 1182 quidquam,
526 1155 572 1172 nec
592 1145 720 1173 exhibere
738 1147 824 1173 alteri.
896 1147 997 1174 Notaui
1013 1147 1118 1182 linguae
1134 1147 1218 1173 baccis
1235 1147 1306 1173 olea-

265 1184 317 1210 ster
328 1182 423 1210 amaris
436 1182 543 1208 exhibet
562 1181 643 1208 Ouid.
658 1183 722 1208 Met.
739 1191 778 1215 14,
791 1190 846 1216 525¹.
916 1183 1014 1209 Omnia
1033 1183 1135 1218 integra
1160 1183 1215 1209 Cic.
1229 1184 1306 1208 Verr.

266 1226 290 1253 ς,
307 1221 357 1244 162.
427 1217 508 1244 Ouid.
529 1225 559 1243 ex
575 1218 649 1243 Pont.
667 1226 689 1249 3,
704 1226 727 1250 5,
744 1226 778 1244 22
814 1217 894 1252 Q1od
915 1217 983 1253 legi,
1006 1224 1051 1245 tua
1072 1228 1124 1245 vox
1148 1218 1306 1245 exhibuisset

266 1255 348 1288 opus.
418 1253 574 1279 Patientiam
595 1253 715 1280 Tei-tuli.
734 1253 765 1280 de
779 1254 831 1280 Pat.
846 1262 864 1286 1,
878 1261 896 1281 1.
916 1256 934 1280 i.
951 1252 1088 1289 praestare.
1159 1254 1214 1280 Cic.
1226 1253 1306 1280 Acad.
1317 1263 1349 1287 30

268 1298 288 1321 ι,
304 1294 329 1319 18
350 1287 423 1321 Qud
444 1297 486 1314 me
505 1288 614 1322 inquam
634 1294 724 1323 putas,
745 1289 792 1323 qui
812 1289 1008 1324 philosophiam
1030 1289 1082 1316 iam
1103 1290 1228 1324 professus
1249 1289 1305 1321 tim,

265 1323 367 1358 Populo
379 1323 469 1350 nostro
482 1322 683 1351 exhibiturum?
754 1324 889 1351 Profectus
901 1325 1029 1352 exhibere
1043 1325 1163 1351 Scribon.
1173 1325 1217 1360 Ep.
1237 1345 1243 1351 .
1268 1343 1276 1350 .
1298 1343 1306 1350 .

264 1359 397 1393 Pupillum
415 1359 471 1386 Cic.
484 1360 536 1385 Att.
557 1367 579 1393 ς,
599 1364 624 1389 ι8
644 1366 708 1387 extr.
728 1362 747 1386 i.
766 1361 843 1387 tutela
863 1369 899 1387 me
916 1361 1016 1388 abdico:
1036 1360 1108 1387 addit
1126 1363 1205 1393 enim,
1219 1368 1306 1394 neque

265 1394 387 1421 defendo.
458 1395 583 1421 Rationes
615 1395 680 1421 Plin.
701 1395 780 1430 Epist.
794 1404 819 1430 7,
838 1398 863 1422 6.
935 1396 1016 1423 Plaut.
1036 1396 1104 1422 Asin.
1120 1405 1142 1428 2,
1156 1407 1183 1430 4,
1198 1398 1225 1422 61
1265 1396 1304 1422 Da

264 1430 346 1457 niodo
359 1438 420 1456 meo
433 1430 551 1464 periculo
560 1449 568 1462 ,
581 1439 638 1457 rem
656 1431 753 1457 saluam
775 1440 824 1466 ego
838 1430 981 1458 exhibebo.
1053 1431 1240 1458 Reuerentiam
1259 1431 1306 1457 ali·
1321 1440 1349 1465 33

265 1467 308 1492 cui
324 1466 382 1500 VIp.
397 1466 425 1491 in
440 1466 457 1491 l.
471 1465 538 1500 apud
552 1466 617 1492 Cels.
632 1464 792 1503 §.aduersus
806 1467 838 1493 D.
847 1467 879 1492 de
892 1466 944 1495 dol.
958 1466 1019 1493 mal.
1033 1468 1183 1502 exception.
1220 1468 1306 1493 Reum

265 1501 391 1528 exhibere
410 1501 471 1536 quid
480 1500 533 1534 Jit,
553 1508 622 1537 patet
642 1504 669 1527 in
684 1501 700 1527 l.
725 1502 751 1528 Si
766 1502 825 1536 quis
845 1502 876 1529 D.
891 1502 923 1528 de
942 1501 1112 1529 exhibitione
1131 1512 1256 1534 reorum,
1278 1502 1305 1529 Si

265 1537 323 1572 quis
337 1537 421 1563 Reum
436 1537 572 1569 criminis,
586 1537 617 1563 de
631 1546 685 1572 quo
705 1537 855 1569 satisdedit‚
869 1546 923 1563 non
941 1537 1107 1564 exhibuerit:
1132 1547 1216 1573 poena
1230 1546 1307 1572 pecu-

265 1573 352 1598 niaria
366 1571 578 1606 plectitur‚puto
593 1578 697 1605 tamen,
709 1572 726 1599 fi
741 1572 804 1600 dolo
826 1573 897 1599 malo
916 1582 970 1600 non
989 1573 1126 1604 exhibeat,
1138 1574 1218 1600 etiam
1232 1578 1306 1600 extra

266 1607 390 1633 ordinem
415 1608 463 1632 esse
484 1607 669 1633 damnandum.
705 1609 772 1634 Hinc
791 1608 945 1644 intelligitur
962 1610 1027 1644 lepos
1047 1609 1113 1635 Plin.
1134 1610 1178 1643 Ep.
1199 1617 1222 1642 ς,
1236 1615 1349 1642 40,140

267 1642 365 1668 Libera
391 1641 496 1668 tandem
519 1642 796 1674 hendecasyllaborum
819 1653 941 1670 meorum
964 1644 1059 1676 fidem,
1084 1644 1132 1679 qui
1146 1645 1245 1679 Scripta
1263 1651 1308 1671 tua

267 1677 453 1703 commumbus
473 1677 564 1703 amicis
580 1677 783 1711 spoponderunt.
820 1679 991 1713 Appellantur
1009 1679 1132 1714 quotidie
1151 1686 1176 1706 et
1190 1681 1308 1715 flagitan-

268 1718 321 1739 tur.
359 1714 395 1738 Ac
414 1713 466 1738 iam
487 1712 633 1746 periculum
652 1713 703 1746 est,
716 1721 748 1739 ne
766 1720 892 1747 cogantur
910 1714 942 1741 ad
961 1714 1141 1741 exhibendum
1162 1715 1308 1741 formulam

268 1748 394 1781 accipere.
464 1747 546 1774 Ouid.
561 1748 640 1783 Epist.
656 1756 693 1782 17,
709 1751 749 1774 116
776 1749 847 1775 Tres
867 1749 917 1775 tibi
936 1750 961 1776 se
974 1750 1055 1776 nudas
1067 1749 1214 1776 exhibuere
1229 1751 1308 1780 Deae,

267 1786 286 1809 ι’.
308 1783 449 1822 Expofitere.
492 1782 550 1808 Vid.
565 1784 650 1809 Burm.
670 1786 697 1809 in
716 1785 762 1810 loc.
831 1783 897 1810 Plin.
912 1786 1004 1820 Paneg.
1020 1787 1049 1816 63
1062 1792 1127 1811 extr.
1157 1784 1230 1810 Tibi
1251 1789 1348 1815 m0-45

267 1817 370 1843 dci-atio
389 1822 433 1842 tua
453 1816 527 1843 suafit
545 1823 571 1843 et
584 1818 720 1851 sanetum,
740 1824 769 1845 vt
781 1818 826 1845 Te
840 1825 865 1845 et
881 1819 1008 1855 religioni
1023 1820 1132 1845 deorum
1142 1839 1150 1851 ,
1162 1825 1187 1845 et
1201 1818 1308 1845 iudiciis

267 1852 408 1878 hominum
428 1851 583 1883 exhiberes,
605 1856 624 1878 ι’.
644 1856 671 1877 in
695 1861 806 1888 campum
828 1856 952 1881 Alartium
976 1863 1000 1882 ct
1022 1858 1123 1881 comitia
1145 1854 1308 1890 descenderes.

267 1888 403 1913 Senatores
416 1885 447 1911 ad
464 1886 565 1911 serrum
578 1886 647 1912 Suet.
663 1887 764 1913 Neron.
782 1896 818 1918 12,
833 1896 854 1920 ς.
891 1890 973 1916 Sonos
987 1889 1069 1916 Ouid.
1082 1889 1167 1915 Trist.
1182 1898 1204 1920 3,
1218 1898 1250 1918 ιι,
1264 1897 1306 1921 54.

266 1921 446 1956 Spectaculum
461 1921 526 1948 Plin.
540 1921 618 1956 Epist.
633 1929 655 1952 2,
671 1930 690 1946 1.
761 1922 851 1948 Sidera
869 1923 938 1949 clara
957 1933 1009 1950 nox
1031 1923 1155 1949 exhibuit
1177 1924 1248 1956 pulsa
1263 1923 1308 1948 die

266 1957 348 1984 Ouid.
363 1956 441 1991 Epist.
456 1965 493 1989 19,
507 1965 547 1989 34.
619 1957 684 1983 Pliu.
700 1963 773 2017 23‚X
807 1956 899 1991 Spodii
912 1958 1005 1984 Vicem
1024 1957 1133 1983 exhibet
1150 1957 1279 1983 fruticum
1293 1965 1308 1982 a
1319 1961 1352 1987 50

266 1993 355 2020 radice
375 1993 528 2019 exeuntium
547 1991 623 2018 cinis.
693 1991 747 2018 Oui
769 2011 776 2018 .
791 2000 822 2018 ex
837 1992 911 2018 Pont.
925 2001 945 2025 1,
958 2001 981 2025 3,
998 2001 1018 2019 ιι
1051 1992 1107 2019 Nec
1129 1998 1216 2018 tamen
1234 1991 1309 2018 exhi-

266 2028 327 2055 buit
346 2034 427 2054 tantas
443 2026 564 2053 facundia
579 2028 657 2054 Vires
672 2028 717 2059 Vt,
731 2033 775 2053 etc.
846 2028 979 2055 Virtutem
998 2029 1070 2054 suam
1083 2027 1211 2055 exhibere
1225 2026 1308 2054 Scrib.

266 2065 312 2098 Ep.
335 2083 341 2089 .
361 2083 368 2089 .
405 2063 501 2089 Virum
521 2063 629 2089 ciuilem
647 2063 694 2097 qui
715 2071 778 2089 vere
797 2062 920 2090 exhibeat
935 2063 1067 2098 Q1inctil.
1087 2071 1123 2095 η,
1135 2072 1152 2090 2
1172 2062 1253 2096 onusto
1267 2063 1308 2089 Sc.

267 2098 341 2134 Cous.
351 2100 434 2125 Burm.
447 2099 470 2125 h.
484 2100 501 2124 I.
516 2101 575 2124 item
593 2108 622 2124 ue
634 2097 724 2124 lustin.
737 2107 762 2130 9,
775 2107 800 2130 2,
814 2106 839 2132 7.
860 2107 884 2126 et
902 2108 935 2131 ιι,
950 2109 986 2131 ιο,
999 2108 1022 2132 9.
1042 2106 1066 2125 et
1086 2107 1129 2131 22,
1145 2107 1164 2129 1,
1175 2107 1195 2131 3.
1223 2097 1307 2125 Ouid.

268 2134 300 2161 de
313 2136 376 2160 Arte
391 2135 447 2160 Am.
462 2142 485 2164 2,
497 2138 544 2168 348
601 2143 627 2165 ⁴e
646 2134 748 2165 semper
765 2133 871 2167 videat,
890 2134 943 2162 tibi
963 2136 1063 2168 semper
1082 2134 1205 2169 praebeat
1223 2143 1308 2165 aures,
1323 2135 1351 2162 53

268 2169 399 2196 Exhibeat
411 2169 505 2195 Vultus
519 2177 625 2205 noxque
637 2169 746 2203 diesque
761 2175 829 2195 tuos.
1005 2170 1026 2208 q
1047 2179 1063 2197 2
1099 2170 1241 2205 Obseruatt.
1261 2171 1309 2196 Ex-

268 2205 378 2237 hibere,
390 2205 477 2231 minus
495 2205 530 2232 est
547 2214 626 2239 quam
639 2205 802 2236 Restituere,
815 2207 898 2240 inquit
913 2205 1004 2232 Gaius.
1040 2206 1111 2232 Nam
1124 2205 1258 2233 Exhibere
1271 2205 1307 2232 est

267 2241 439 2268 Praesentiam
457 2241 576 2275 corporis
595 2241 735 2275 praebere.-
758 2240 906 2267 Restituere
920 2240 956 2267 est
970 2241 1050 2268 etiam
1064 2242 1228 2268 Poss'efl'orem
1240 2242 1309 2268 face-

266 2285 310 2308 re,
330 2275 485 2310 fructusque
502 2274 611 2303 reddere
626 2276 643 2302 l.
659 2285 685 2302 22
699 2277 730 2302 D.
745 2275 775 2302 de
796 2275 871 2302 verb.
885 2275 972 2310 signif.
998 2277 1066 2304 Add.
1081 2277 1118 2303 ib.
1134 2277 1151 2303 l.
1166 2280 1228 2310 246.
1266 2278 1308 2304 Sic

267 2312 332 2339 Plin.
347 2311 424 2346 Epist.
440 2314 456 2337 6
469 2319 533 2338 extr.
558 2311 660 2338 Vellem
668 2312 807 2338 Africanae
819 2311 850 2338 ad
864 2312 1032 2346 praefinitum
1045 2313 1115 2339 diem
1129 2312 1347 2339 occnr1·iffent.60

268 2346 317 2373 Sed
341 2347 402 2373 licet
421 2345 573 2373 ccll‘aucrint
593 2347 653 2373 illae
675 2347 824 2382 tempestate
839 2347 974 2380 detentae,
987 2354 1015 2374 tu
1030 2354 1118 2375 tamen
1132 2348 1262 2381 meruisti,
1277 2357 1306 2375 re

267 2388 400 2416 acceptum
423 2382 474 2408 tibi
502 2381 592 2413 fieret,
613 2382 684 2417 quod
702 2392 756 2417 quo
777 2383 865 2408 minus
883 2382 1037 2414 exhiberes,
1052 2393 1106 2410 non
1121 2393 1167 2418 per
1187 2390 1213 2410 te
1226 2384 1305 2410 stetit.

267 2417 400 2444 Exhibere
419 2427 524 2453 quoque,
545 2419 669 2444 Alandare
691 2426 714 2444 et
731 2417 813 2445 cedere
832 2417 944 2445 odhones
958 2418 1089 2455 fignificat
1112 2420 1128 2446 l.
1143 2428 1169 2452 33
1188 2418 1210 2456 §.
1226 2420 1243 2446 fi
1263 2428 1306 2446 res

267 2453 373 2480 vendita
387 2453 417 2479 D.
439 2452 470 2479 de
489 2453 606 2480 contrah.
627 2459 688 2480 emt.
758 2453 887 2480 Exhiberi
906 2454 981 2489 culpa
997 2455 1093 2482 dicitur
1109 2463 1156 2490 pro
1171 2453 1308 2488 praestari,

267 2489 296 2515 in
310 2489 326 2514 l.
341 2497 352 2520 3
371 2486 476 2525 §.nunc
496 2489 640 2515 videndum
661 2490 693 2516 D.
709 2489 877 2516 Commodat.
1026 2488 1046 2526 ff
1064 2499 1076 2522 3
1113 2490 1262 2522 Exhibere‚
1275 2489 1308 2523 ‘st
1319 2494 1351 2526 65

267 2527 341 2550 ctiam
360 2526 485 2550 Alimenta
498 2525 658 2560 suppeditare
679 2525 875 2561 lin-isconjialtis.
913 2524 1014 2551 Paullus
1032 2526 1060 2552 in
1082 2526 1098 2552 l.
1114 2527 1261 2553 Nesennius
1276 2527 1308 2552 D.

270 2558 302 2585 de
316 2559 439 2592 Negotiis
452 2560 538 2593 gestis,
558 2561 627 2586 Pone
641 2569 749 2595 peregre
764 2567 863 2595 patrem
877 2560 932 2586 eius
946 2560 1054 2588 obiisse:
1075 2567 1100 2587 et
1113 2561 1307 2594 matrem‚dum

269 2593 299 2619 in
318 2594 428 2626 patriam
448 2601 640 2627 reuerteretur,
666 2602 718 2621 tam
737 2596 839 2629 tilium,
859 2605 939 2630 quam
959 2596 1041 2624 filiam
1069 2597 1126 2624 eius
1153 2597 1307 2623 exhibuisse.

270 2628 395 2654 Scaeuola
416 2628 444 2654 in
458 2628 475 2655 l.
490 2629 589 2662 penult.
602 2637 625 2654 ct
639 2630 686 2656 vlt.
706 2631 737 2656 D.
757 2631 788 2657 de
809 2632 836 2657 in
850 2641 905 2658 rem
920 2633 1012 2665 verso,
1033 2633 1095 2659 Sine
1114 2633 1210 2668 quibus
1222 2639 1267 2659 aut
1283 2633 1308 2658 se

271 2663 341 2690 tueri
356 2670 399 2689 ant
414 2664 500 2689 seruos
515 2669 634 2696 paternos
648 2664 773 2691 exhibere
786 2675 839 2692 non
852 2668 980 2700 potuisset.
998 2672 1016 2694 ι’.
1037 2671 1120 2695 Alere.
1157 2669 1229 2695 Idem
1238 2669 1351 2702 Scae-70

271 2699 333 2725 vola
347 2699 374 2724 in
388 2698 404 2724 l.
426 2698 551 2724 Creditor
563 2696 586 2732 §-
612 2698 639 2724 Si
657 2699 726 2725 inter
744 2701 868 2727 maritum
889 2708 913 2728 et
934 2704 1051 2729 socerum
1067 2705 1099 2730 D.
1115 2704 1244 2731 mandati:
1272 2705 1309 2730 Vt

272 2743 339 2760 onus
356 2733 520 2760 exhibendae
540 2733 630 2759 vxoris
649 2733 680 2759 ad
696 2734 820 2760 maritum
841 2736 949 2763 rediret.
984 2738 1043 2771 le.
1062 2739 1089 2764 in
1105 2739 1121 2764 l.
1147 2740 1172 2765 Si
1191 2740 1267 2774 quis,
1280 2740 1309 2766 in

272 2769 354 2804 princ.
369 2769 401 2795 D.
415 2769 446 2795 de
461 2769 627 2802 agnoscendis
648 2768 690 2795 vel
704 2768 803 2795 alendis
822 2769 929 2802 liberis,
949 2772 974 2796 Si
988 2774 1046 2805 quis
1059 2782 1073 2799 a
1087 2772 1179 2800 liberis
1198 2775 1233 2800 ali
1247 2774 1310 2800 defi-

273 2803 361 2835 deret‚
374 2804 415 2830 vel
433 2804 522 2836 liberi,
543 2810 570 2830 vt
584 2813 598 2830 a
611 2809 716 2838 pai-ente
730 2803 918 2831 exhibeantur:
937 2805 1015 2831 iudex
1031 2806 1063 2832 de
1081 2817 1109 2833 ea
1124 2818 1151 2834 re
1164 2810 1310 2843 cognoscet.

273 2839 323 2866 Sed
341 2846 430 2865 Vtrum
450 2848 493 2865 eos
511 2846 612 2865 tantum
625 2838 726 2868 liberos
740 2839 786 2873 qui
806 2841 863 2866 sunt
881 2841 908 2866 in
922 2841 1060 2875 potestate,
1074 2850 1182 2876 cogatur
1196 2844 1254 2877 quis
1270 2853 1312 2870 cx-
1323 2856 1354 2884 75

275 2874 382 2902 hibere:
399 2883 431 2901 an
444 2883 508 2901 vero
524 2875 603 2901 etiam
616 2875 807 2909 emancipatos,
820 2876 861 2902 vel
877 2884 907 2902 ex
928 2876 980 2902 alia
995 2878 1069 2902 causa
1083 2878 1122 2903 sui
1138 2878 1203 2904 iuris
1218 2879 1312 2904 consti-

274 2916 360 2936 tutos:
379 2910 524 2936 videndum
537 2910 588 2942 est,
606 2916 632 2936 et
644 2910 727 2943 magis
741 2918 818 2944 pum,
836 2913 913 2937 etiam
930 2911 945 2937 fi
961 2921 1012 2937 non
1028 2913 1083 2938 sunt
1104 2912 1182 2938 lilteri
1199 2914 1225 2939 in
1240 2920 1312 2947 pote-

275 2945 356 2977 state,
378 2945 486 2973 alendos
506 2955 520 2972 a
540 2944 704 2980 parentibus:
730 2954 755 2971 er
778 2946 836 2972 vice
862 2954 952 2973 mutua
973 2949 1042 2973 alere
1066 2956 1184 2981 parentas
1207 2949 1311 2975 dclx-rc.

277 2981 343 3008 lhid.
359 2979 380 3017 ᾗ.
395 2980 482 3011 Idem,
503 2981 574 3007 Idem
588 2980 728 3015 rescripsit,
748 2987 775 3007 vt
790 2981 871 3008 tiliam
890 2983 960 3008 snam
980 2989 1052 3017 pater
1065 2983 1203 3012 exhibeat.
1219 2986 1235 3010 ti
1251 2994 1312 3010 con-

276 3016 373 3042 stiterit
393 3016 460 3051 apud
475 3016 605 3048 iudicem,
621 3017 685 3042 iulte
706 3025 762 3042 eam
778 3024 949 3050 procreatam.
985 3019 1032 3044 Sed
1053 3020 1096 3045 etsi
1117 3019 1185 3045 tilius
1200 3020 1272 3054 potiit
1288 3021 1311 3046 se
1324 3031 1355 3056 30

276 3051 417 3078 exhibere:
437 3051 572 3078 aestimare
591 3051 690 3078 iudices
710 3052 822 3083 debent,
839 3062 871 3078 ne
883 3062 936 3079 non
958 3053 1068 3081 debcant
1088 3056 1112 3081 ci
1134 3056 1256 3081 alimenta
1270 3056 1313 3081 de-

275 3096 393 3114 cernere.
434 3087 507 3123 Rurs
522 3085 544 3124 §.
560 3087 705 3119 Alimenta,
728 3087 860 3115 Alimenta
877 3096 963 3115 autem
985 3098 1033 3123 pro
1057 3090 1137 3117 modo
1158 3091 1312 3117 sanitatum

278 3129 354 3150 erunt
368 3122 529 3157 praebenda,
550 3123 686 3157 egentibus
702 3123 799 3149 scilicet
813 3125 937 3158 patronis.
973 3126 1112 3152 Caeterum
1129 3126 1145 3152 si
1159 3126 1187 3152 sit
1206 3127 1274 3153 vnde
1288 3128 1312 3153 se

277 3158 433 3189 exhibeant,
452 3159 581 3185 cessabunt
600 3165 684 3193 partes
697 3158 804 3184 iudices.
840 3159 887 3186 Sed
900 3161 946 3185 alti
961 3163 1048 3193 etiam,
1063 3162 1187 3197 Ji-qusoris
1202 3162 1313 3198 praeser-

276 3197 324 3220 tim
343 3192 459 3227 acui,fic
478 3195 618 3229 loquuntur.
636 3203 660 3220 υ.
674 3203 699 3230 g.
718 3194 822 3220 Terrae
841 3194 1004 3221 sterilitatem
1026 3197 1155 3230 causatus,
1181 3207 1248 3232 quae
1268 3199 1312 3224 vix
1328 3209 1356 3238 ὃς

277 3229 410 3255 alimentis
423 3229 546 3256 exhibeat
559 3229 663 3262 Scythas
675 3229 764 3256 lustin.
780 3239 805 3261 9,
821 3238 845 3262 2,
860 3237 885 3265 7.
923 3230 1010 3256 Vitam
1024 3230 1106 3265 stupri
1127 3233 1254 3265 patientia
1270 3243 1312 3260 ex-

278 3264 365 3290 hibuit
379 3264 451 3291 Idem
464 3273 507 3297 22,
522 3273 540 3296 1,
555 3273 577 3297 3.
612 3265 680 3291 ΑΜ.
696 3265 732 3291 Id.
750 3273 779 3295 11,
795 3274 831 3297 10,
841 3274 866 3298 9.
923 3266 978 3299 Qii
996 3274 1043 3291 nos
1065 3267 1202 3301 suscipiens
1223 3269 1313 3296 triduo

278 3299 391 3334 benigne
408 3301 532 3327 exhibuit
552 3300 658 3334 Vulgat.
674 3300 730 3326 Aet.
747 3308 782 3331 28,
797 3308 821 3335 7.
857 3301 931 3337 Conf.
950 3300 1056 3334 Brtffon.
1077 3302 1105 3328 de
1123 3303 1193 3329 1'crl1.
1207 3305 1276 3340 Sign.
1291 3311 1315 3331 ct

278 3336 408 3361 Lindcnbr.
423 3335 456 3362 ad
474 3336 542 3363 Ter.
556 3335 666 3370 Adelph.
682 3345 702 3368 1,
717 3344 736 3368 1,
753 3345 790 3362 co.

313 3377 330 3396 Ε
343 3377 358 3396 x
369 3377 389 3396 ιι
400 3379 405 3395 1
418 3378 546 3402 1³1Tvs‚
564 3380 594 3403 a,
614 3381 667 3398 um.
687 3371 779 3397 Partic.
816 3371 898 3398 Ouid.
913 3371 990 3406 Epist.
1008 3379 1046 3406 17,
1059 3380 1105 3406 194
1129 3373 1159 3398 In
1172 3382 1225 3399 non
1240 3373 1313 3400 exhi-
1327 3384 1362 3408 90

278 3404 342 3430 bitis
354 3411 463 3440 vtraque
476 3407 529 3433 lusa
543 3408 625 3439 toris,
644 3410 660 3432 i.
682 3416 729 3433 non
742 3405 864 3442 praestito
878 3405 939 3440 iusto
951 3411 1122 3440 matrrmwu'o,
1136 3412 1204 3435 cuius
1217 3408 1264 3444 spe
1271 3409 1315 3444 Jiu‘

279 3443 372 3474 copiam
387 3442 535 3468 amatoribus
548 3442 646 3478 cupidis
658 3441 785 3477 feccrmzt.
857 3442 956 3469 Thetis
968 3442 1086 3469 exhibita
1099 3443 1150 3475 est,
1168 3447 1186 3470 i.
1203 3443 1258 3479 post
1272 3454 1315 3471 ua-

279 3477 333 3500 rias
341 3475 458 3509 for-min,
473 3478 557 3512 quibus
574 3478 665 3513 luserat
677 3487 765 3504 nouum
779 3480 894 3504 maritum
907 3479 993 3511 Pelea,
1012 3478 1108 3505 tandem
1121 3479 1182 3506 bona
1192 3480 1257 3516 fidei
1271 3480 1316 3516 fisi

279 3512 373 3543 copiam
382 3510 457 3544 fecit.
493 3512 573 3539 Ouid.
587 3514 651 3540 Met.
667 3521 700 3545 ιι,
713 3515 771 3546 264.

318 3550 333 3568 1-:
345 3551 361 3569 x
372 3551 435 3571 Hln
447 3553 452 3570 1
463 3553 483 3572 T
496 3554 501 3571 1
512 3554 530 3570 o
541 3567 549 3578 ‚
575 3550 641 3575 otiis.
669 3549 689 3575 f.
725 3547 896 3583 [παραίησις]
933 3548 1000 3575 Gell.
1016 3558 1055 3581 14,
1071 3558 1086 3576 2
1114 3549 1224 3577 Probari
1245 3550 1312 3584 apud
1326 3553 1358 3579 95

281 3586 328 3618 me.
340 3578 436 3617 debere
449 3583 584 3620 pecuniam
603 3584 688 3611 datam
700 3584 829 3610 consuetis
844 3583 929 3610 modis
939 3604 946 3616 ,
965 3585 1067 3619 expenti
1082 3585 1196 3618 latione,
1211 3587 1313 3613 mensae

279 3614 441 3653 rationibus,
461 3614 627 3651 chirographi
646 3618 868 3646 exhibitionibus.
905 3619 963 3654 le.
979 3620 996 3646 l.
1011 3629 1022 3651 3
1042 3618 1065 3657 §.
1082 3629 1089 3646 1
1110 3621 1169 3655 Dig.
1190 3621 1221 3648 de
1235 3621 1313 3648 Libe-

279 3657 316 3690 ris
335 3648 475 3690 exhibend.
512 3652 550 3676 Ad
570 3653 764 3681 exhibitionem
783 3654 939 3682 liberorum.
976 3657 1036 3682 Item
1057 3654 1214 3689 sustentatio.
1255 3657 1312 3683 vid.

278 3683 485 3745 hiicjssrfirogzum
498 3685 601 3722 allegato
613 3688 692 3722 supra
709 3691 768 3716 loco.
804 3689 922 3718 Tertull.
937 3689 970 3717 de
982 3692 1092 3725 Monog.
1107 3701 1128 3718 c.
1142 3697 1155 3722 8
1177 3692 1313 3720 Vie‘tnaria

278 3728 309 3746 ex
322 3728 341 3746 u
363 3726 420 3745 itio.

314 3760 330 3779 1·:
341 3761 388 3797 Χίι
399 3762 406 3781 1
417 3761 480 3782 1³1T
490 3761 508 3781 o
518 3761 535 3781 R
546 3774 553 3786 ,
573 3755 635 3783 aris.
657 3766 692 3783 m.
715 3759 758 3790 Vt,
770 3759 907 3788 Ludorum
921 3761 1061 3789 exhibitor
1074 3761 1174 3788 Arnob.
1188 3769 1205 3797 7
1217 3771 1241 3797 p.
1250 3770 1313 3798 247.

276 3800 386 3825 χορηγος.

312 3831 533 3865 EJ'HIBJTOR
545 3831 553 3850 1
565 3831 621 3855 vs,
637 3833 651 3850 ὃ
662 3845 670 3857 ,
688 3834 740 3852 um.
762 3827 821 3854 Adi.
858 3831 916 3865 le.
938 3832 966 3859 in
985 3832 1002 3859 l.
1021 3831 1115 3859 deinde
1135 3833 1166 3859 1).
1180 3832 1213 3859 de
1227 3833 1307 3861 liber.

274 3859 414 3887 exhibend.
434 3865 497 3886 item
518 3859 628 3885 ducend.
664 3860 806 3894 Superiora
824 3863 963 3894 interdi&a
982 3867 1145 3895 exhibitoria
1160 3869 1225 3896 sunt.
1245 3870 1270 3896 h.
1285 3878 1305 3895 e.

268 3930 386 3957 diximus.

1758 134 1792 174 E
1880 136 1917 176 x
2005 138 2021 178 1
2317 118 2424 190 496,

1392 229 1409 250 Ε
1418 230 1483 251 Χι-ιι
1494 232 1510 251 1.
1521 221 1542 251 Ᾰ
1552 230 1568 250 R
1581 229 1601 250 0
1612 243 1620 256 ‚
1640 227 1692 250 are.
1729 223 1793 256 [ἶλαι
1809 223 1866 256 ύνω,
1881 223 2005 261 φαιδρόω]
2043 225 2126 253 Paullo
2136 227 2196 262 plus
2208 234 2279 262 quom
2291 223 2397 262 fimplex

1360 260 1458 286 Hilaro.
1493 260 1645 286 Exhilarant
1660 259 1728 294 ipsos
1741 268 1789 293 gau
1809 260 1834 286 ia
1847 260 1934 287 nostra
1947 261 2009 288 deos
2024 262 2141 289 Martial.
2154 267 2177 294 8,
2189 270 2228 294 50.
2266 261 2398 289 Columel-

1360 297 1386 327 6,
1401 302 1431 328 24
1450 296 1586 328 Qioniam
1600 295 1735 322 nimietate
1749 296 1827 321 verni
1842 295 1932 330 pabuli
1946 296 2055 332 pecudes
2073 298 2236 324 exhilaratae
2251 296 2399 325 lasciuiunt.

1344 336 1350 342 ·
1360 330 1434 356 Idem
1451 339 1480 361 11,
1495 339 1514 358 1.
1551 331 1614 358 Plin.
1631 339 1672 361 22,
1688 338 1723 363 ες.
1760 329 1944 359 Exhilarantur
1957 332 2064 359 arbores
2079 334 2145 359 flore
2160 332 2232 358 Idem
2247 334 2284 365 16,
2299 339 2335 365 ες.

1398 372 1414 392 E
1426 372 1443 392 x
1455 373 1475 392 Η
1486 373 1519 393 11.
1532 373 1553 394 Α
1562 374 1580 394 R
1590 368 1638 394 AT
1648 373 1667 391 V
1678 373 1690 393 s
1699 386 1707 398 ,
1727 375 1740 392 a
1749 385 1756 398 ‚
1779 375 1832 392 um.
1861 367 1954 394 Partic.
1991 367 2173 403 [Qoe153w3u‘5]
2210 367 2266 394 Cic.
2286 368 2358 394 Fam.
2379 375 2401 402 ι,

1360 402 1395 428 26
1427 401 1535 429 Miraris
1555 408 1609 430 tam
1631 401 1804 429 exhilaratam
1828 402 1876 428 effe
1906 403 2059 431 seruitutem
2083 404 2217 430 nostram?
2263 402 2337 439 Covtf.
2357 403 2401 430 Pe-

1361 441 1432 462 tron.
1446 445 1467 462 c.
1483 445 1518 468 13.

1399 477 1415 497 E
1426 478 1443 497 x
1455 478 1475 498 ιι
1486 480 1495 499 1
1505 479 1521 498 L
1531 479 1578 499 AR
1589 479 1612 500 A
1623 480 1644 500 T
1654 481 1661 499 1
1672 480 1708 506 o,
1727 472 1794 499 onis.
1814 473 1834 499 f.
1871 472 2006 507 Augustin.
2020 473 2050 501 de
2064 473 2157 500 Genesi
2170 473 2202 500 ad
2220 473 2262 501 lit.
2276 478 2299 506 Β,
2314 477 2327 504 8
2348 473 2402 500 Vo-

1361 506 1470 533 luntatis
1487 507 1656 535 exhilaratio.
2410 509 2429 526 ”
2445 516 2448 517 ’

1398 549 1415 569 ιε
1425 549 1442 568 x
1454 548 1474 568 ιι
1486 550 1495 568 ι
1506 550 1521 569 1.
1530 550 1551 570 A
1560 551 1578 570 R
1588 551 1609 569 A
1618 549 1639 568 T
1649 551 1668 571 0
1677 551 1696 570 R
1705 563 1713 576 ‚
1729 543 1793 570 oris.
1812 553 1848 570 in.
1883 544 1960 579 Apud
1975 543 2080 571 Celsum
2094 543 2137 578 effi
2149 543 2253 571 dicitur.
2371 514 2397 573 Χ

1398 584 1415 604 E
1425 584 1441 603 X
1452 585 1472 604 H
1483 586 1492 604 1
1502 585 1522 604 N
1532 585 1558 605 c.
1579 578 1646 604 Adu.
1683 578 1784 605 Exhinc
1799 579 1954 605 Rhaeticum
1975 580 2196 615 Vindelicumque
2211 579 2322 612 bellum,
2341 576 2404 606 inde

1360 612 1557 673 {annonicmm
1570 614 1631 640 inde
1645 614 1831 641 Germanicum
1849 615 1926 650 gessit.
1956 615 2024 641 Suet.
2039 615 2108 642 Tib.
2128 625 2150 643 c.
2165 624 2190 649 9.
2244 615 2292 643 ,sed
2304 615 2361 641 boni
2374 615 2404 641 Ιί-
2429 639 2432 642 Δ

1375 651 1400 675 ri
1423 655 1510 676 ΕκιΝ.

1398 690 1471 711 Exn
1482 691 1535 716 10,
1554 688 1607 711 are.
1642 684 1730 712 Plinio
1747 686 1826 722 vestio
1847 689 1889 712 cui
1907 685 2067 722 adscribitur.
2102 687 2141 713 De
2157 693 2260 713 naturae
2277 683 2404 719 historeo,

1365 725 1389 745 et
1401 723 1478 746 amico
1497 721 1606 747 Traiani
1614 719 1711 755 faljum
1718 728 1791 756 puto.
2425 740 2433 744 .
2446 720 2451 749 ¹.

1399 761 1417 781 Ε
1428 761 1475 783 ΧΗ
1484 762 1503 782 0
1512 763 1532 781 N
1544 762 1563 782 o
1572 762 1591 782 R
1601 764 1620 782 o
1630 775 1636 785 ‚
1657 760 1709 782 are.
1744 757 1822 792 Apud
1834 754 1965 791 Ecclqfiast.
1978 754 2116 788 finctores,
2129 763 2159 783 ω
2172 756 2309 792 Augustin.
2325 756 2356 783 C.
2370 756 2405 783 D.

1365 792 1404 823 16,
1415 799 1439 817 2.
1475 791 1589 817 Saluian.
1604 791 1635 817 de
1649 790 1718 816 Gub.
1730 799 1746 817 2
1759 801 1783 826 p.
1797 800 1837 824 39.
1851 799 1875 819 et
1899 795 1915 818 6
1929 801 1954 827 p.
1968 801 2020 825 134·
2034 799 2085 828 pro
2099 791 2251 820 dedecorare.

1400 827 1769 858 EXHORREo‚ui,ere.
1802 829 1834 854 Et
2430 845 2431 848 ,

1400 868 1418 888 Ε
1428 868 1475 888 ΧΗ
1484 869 1502 889 O
1511 869 1529 889 R
1539 869 1557 888 R
1567 869 1583 889 E
1595 869 1607 889 s
1619 868 1635 887 C
1647 868 1667 888 O
1676 882 1682 892 ‚
1704 862 1732 887 ni
1741 882 1749 893 ‚
1769 865 1822 889 ere.
1858 862 1990 897 [φρίττω]
2028 862 2203 899 ΕκραυιζΙὲενε,
2218 869 2241 890 et
2254 869 2318 898 prae
2335 864 2407 889 timo·
2426 862 2437 868 ’“

1366 906 1393 923 re
1412 896 1512 924 horrere
1531 906 1555 925 ec
1574 904 1764 932 contremunt-c.
1802 898 1859 924 Cic.
1871 899 1943 924 Fam.
1956 907 1993 930 10,
2010 904 2033 928 ιε
2052 899 2100 925 Sed
2113 908 2167 925 non
2183 899 2281 932 possum
2294 907 2349 924 non
2363 905 2407 924 ex·
2420 923 2423 925 ,
2435 900 2451 928 .'

1367 931 1535 967 horrescere,
1555 932 1572 959 si
1588 932 1653 968 quid
1671 933 1739 959 intra
1759 940 1843 959 cutem
1866 933 1950 960 subest
1968 934 2115 972 vulneris..
2130 933 2203 960 Idem
2219 934 2251 960 de
2263 934 2322 960 Fin.
2340 942 2361 966 1,
2374 941 2407 966 43
2435 953 2438 957 ,

1367 968 1442 1000 Q1ae
1458 977 1506 995 nos
1524 968 1708 996 exhorrescere
1728 976 1800 995 metu
1821 977 1876 995 non
1894 968 1967 996 tinat.
2039 971 2070 996 Et
2085 969 2117 996 de
2131 970 2206 996 Orat.
2216 978 2244 1002 3,
2259 977 2290 1001 50
2308 969 2339 995 In
2353 977 2408 1003 quo
2434 967 2451 994 ’ἦ

1367 1002 1450 1037 igitur
1468 1004 1590 1031 homines
1612 1004 1816 1031 exhorrescunt?
1841 1013 1920 1039 quem
1939 1004 2078 1039 stupefa6ii
2097 1005 2226 1032 dicentem
2250 1004 2409 1031 intuentur!
2429 1013 2451 1028 n

1367 1039 1500 1066 Columel.
1514 1050 1552 1073 10,
1567 1049 1611 1073 154
1630 1040 1659 1066 de
1673 1042 1780 1071 Planta,
1800 1040 1843 1066 Ne
1865 1046 1964 1066 mutata
1983 1040 2043 1067 loco
2063 1041 2141 1067 fictos
2160 1040 2301 1067 exhorreat
2316 1039 2409 1066 aestus.

1368 1074 1412 1100 Sil.
1428 1083 1451 1106 3,
1465 1078 1512 1109 146
1532 1077 1575 1103 Ne
1595 1082 1682 1102 tamen
1700 1077 1819 1102 incautos
1840 1075 1948 1102 laudum
1960 1075 2115 1103 exhorresce
2127 1077 2241 1104 furores.
2310 1076 2346 1102 Vt
2359 1076 2411 1102 ser·
2437 1096 2440 1101 .

1366 1116 1470 1144 pentem
1490 1112 1586 1145 patrias
1606 1111 1746 1138 exhorruit
1767 1113 1818 1138 iras
1846 1111 1916 1137 Idem
1938 1119 1965 1143 3,
2004 1131 2010 1137 .
2048 1131 2055 1138 .
2127 1112 2202 1147 Virg.
2225 1112 2289 1138 Aen.
2309 1118 2344 1145 7,
2363 1111 2410 1143 265·
2423 1111 2445 1127 ·'

1367 1145 1515 1179 Adueniat,
1529 1148 1616 1173 vultus
1636 1156 1703 1173 neue
1719 1147 1885 1174 exhorrescat
1903 1146 2011 1173 amicos.
2083 1148 2225 1183 Metaphor.
2250 1146 2331 1173 Ouid.
2344 1146 2410 1172 Met.
2435 1148 2438 1162 ³

1367 1189 1448 1215 4,135
1487 1182 1632 1209 Exhorruit
1649 1184 1772 1218 aequoris
1791 1183 1871 1210 instar
1907 1182 1988 1216 Q10d
2007 1182 2113 1216 fremit,
2127 1184 2224 1218 exigua
2237 1191 2321 1218 quum
2341 1182 2410 1208 sum·
2432 1195 2436 1206 ,-

1366 1226 1440 1243 mum
1452 1217 1589 1252 stringitur
1601 1227 1674 1244 aura.

1403 1260 1420 1279 E
1430 1259 1447 1278 x
1458 1260 1477 1279 ιι
1489 1259 1509 1280 o
1521 1261 1539 1280 R
1548 1260 1569 1279 T
1579 1259 1598 1280 ο
1607 1261 1641 1285 R,
1660 1253 1708 1279 ari.
1745 1253 1890 1288 [προτρέπω]
1934 1252 2090 1280 Vehementer
2104 1253 2210 1280 hortari.
2245 1253 2311 1280 Plin.
2326 1261 2364 1286 12,
2379 1257 2412 1286 14.v
2422 1254 2430 1276 '-

1367 1287 1517 1316 Alexander
1528 1290 1638 1324 Magnus
1652 1288 1749 1316 Arabia
1766 1289 1880 1323 potitus,
1896 1295 1954 1315 ture
1970 1288 2087 1315 onustam
2102 1290 2192 1316 nauim
2207 1289 2275 1315 misit
2285 1287 2411 1321 Leonidi‚

1367 1323 1520 1351 exhortatus
1541 1330 1569 1351 vt
1589 1325 1660 1359 large
1680 1324 1743 1351 deos
1764 1325 1894 1350 adoraret.
1965 1325 2106 1352 Exhortari
2126 1326 2156 1352 ad
2171 1325 2279 1352 virtutis
2294 1324 2411 1351 studium

1369 1360 1424 1387 Cic.
1439 1360 1517 1386 Acad.
1535 1369 1553 1391 1,
1568 1363 1596 1387 16
1608 1370 1630 1386 c.
1646 1370 1673 1394 4.
1746 1360 1824 1387 Ciues
1838 1359 1975 1386 exhortari
1990 1361 2016 1386 in
2030 1359 2129 1387 hostem
2139 1361 2219 1387 Ouid.
2230 1361 2293 1387 Met.
2309 1368 2411 1394 13,234.

1368 1395 1406 1422 Id.
1422 1395 1489 1422 ibid.
1502 1404 1582 1430 5,403
1601 1397 1702 1430 Raptor
1720 1396 1774 1430 agit
1788 1405 1893 1426 currus,
1918 1403 1942 1421 et
1958 1405 2067 1422 nomine
2081 1405 2212 1431 quemque
2227 1395 2348 1422 vocando
2362 1395 2412 1424 Ex-

1369 1430 1491 1458 hortatur
1504 1441 1595 1465 equos.
1632 1432 1742 1458 Tauros
1756 1432 1784 1458 in
1795 1432 1911 1465 aliquem
1924 1432 2059 1458 exhortari
2073 1431 2154 1459 Ouid.
2169 1433 2232 1458 Met.
2248 1440 2275 1466 7,
2286 1438 2321 1464 33.

1404 1473 1421 1493 13
1430 1473 1448 1493 x
1456 1474 1476 1493 H
1485 1474 1503 1493 o
1512 1474 1531 1493 R
1541 1474 1562 1493 'r
1571 1474 1592 1494 A
1602 1474 1621 1492 N
1632 1474 1644 1493 s
1655 1486 1663 1498 ,
1683 1467 1759 1493 antis.
1788 1467 1882 1494 Partic.
1919 1468 1931 1501 [
1946 1469 2078 1502 προτρέπων
2090 1469 2103 1502 ]
2138 1468 2244 1494 Cuneos
2269 1466 2413 1494 exhortans

1367 1503 1429 1529 Stat.
1444 1502 1535 1529 Theb.
1551 1507 1573 1532 8,
1587 1504 1643 1536 673.

1403 1545 1420 1565 E
1430 1545 1447 1563 x
1457 1545 1477 1565 H
1488 1545 1507 1565 ο
1517 1545 1535 1564 R
1545 1545 1566 1564 T
1575 1538 1624 1563 ᾹΤ
1634 1544 1654 1562 ν
1664 1543 1676 1563 S
1686 1556 1694 1568 ,
1718 1544 1746 1567 a,
1771 1545 1824 1562 um.
1859 1536 1940 1563 Aliud
1958 1537 2051 1563 Partic.
2088 1537 2101 1569 [
2114 1536 2274 1572 προτιτμπώς
2285 1537 2298 1575 ]
2334 1536 2411 1571 Virg.

1368 1574 1432 1600 Aen.
1446 1582 1481 1605 12,
1496 1580 1539 1604 139
1574 1573 1614 1599 Sic
1633 1571 1771 1598 exhortata
1790 1570 1900 1606 reliquit
1921 1573 2064 1604 Incertam,
2078 1578 2104 1598 et
2118 1572 2186 1598 tristi
2199 1572 2339 1604 turbatam,
2353 1572 2411 1599 vul-

1367 1616 1431 1635 nere
1444 1609 1547 1634 mentis.
1614 1607 1715 1642 Pqffiue.
1733 1607 1789 1633 Cic.
1803 1607 1834 1634 de
1847 1607 1947 1634 Senect.
1960 1617 1995 1640 42
2009 1616 2029 1633 c.
2045 1615 2072 1633 12
2097 1607 2145 1633 Ille
2165 1607 2235 1633 enim
2255 1607 2413 1645 quumnleffet'

1370 1644 1468 1671 Consul
1483 1644 1511 1670 in
1524 1642 1625 1675 Gallia,
1644 1641 1798 1669 exhortatus
1811 1642 1847 1669 est
1862 1643 1890 1669 in
1904 1643 2032 1669 conuiuio
2046 1651 2060 1668 a
2073 1643 2169 1675 scorto,
2182 1649 2210 1669 vt
2223 1643 2303 1670 securi
2317 1642 2411 1669 feriret

1369 1681 1486 1714 aliquem
1507 1688 1611 1711 eorum,
1623 1685 1669 1705 etc.
1706 1679 1747 1705 Sic
1762 1679 1837 1706 MSS.
1849 1679 1930 1705 multi.
1951 1679 1998 1706 Sed
2015 1679 2102 1705 maluit
2117 1680 2237 1705 Gruterus
2253 1680 2330 1715 legere
2344 1678 2412 1712 Exo-

1369 1721 1450 1742 ratus.
1486 1714 1559 1750 Cous.
1574 1715 1672 1741 Auson.
1687 1713 1807 1741 Perioch.
1821 1714 1896 1740 Iliad.
1914 1720 1948 1743 ιε.

1406 1757 1422 1776 ιε
1435 1757 1452 1775 x
1462 1755 1599 1776 uoR'rA
1609 1756 1630 1776 T
1644 1756 1681 1776 10
1691 1769 1699 1781 ‚
1721 1749 1786 1776 anis.
1813 1750 1832 1776 f.
1868 1749 2021 1784 [προτροπὴ]
2058 1748 2188 1783 Qiinetil.
2211 1757 2230 1781 1,
2245 1757 2258 1782 3
2285 1746 2413 1774 Exhorta-

1371 1784 1410 1809 tio
1429 1783 1592 1809 docentium.
1628 1784 1697 1810 Add.
1712 1783 1750 1809 Id.
1764 1792 1791 1815 9,
1803 1783 1932 1820 zfitbfin.
1969 1787 2000 1811 Et
2013 1785 2144 1811 Columel.
2160 1793 2192 1816 ιι,
2207 1793 2226 1811 1.
2263 1783 2352 1810 Variis
2369 1790 2420 1810 ex·-
2443 1790 2450 1827 1
2478 1796 2479 1800 =

1370 1817 1570 1845 hortationibus
1585 1818 1612 1843 in
1629 1826 1710 1851 opere
1723 1818 1781 1851 ipso
1796 1818 1944 1845 exhilarare
1959 1819 2117 1845 laborantes.

1406 1861 1422 1880 E
1432 1860 1449 1879 x
1460 1861 1478 1880 H
1488 1861 1507 1881 o
1518 1859 1566 1880 R'r
1577 1860 1596 1879 A
1605 1859 1629 1879 M
1640 1860 1656 1879 Ε
1666 1860 1686 1880 Ν
1698 1859 1719 1879 Τ
1728 1860 1748 1878 v
1758 1860 1800 1884 M,
1821 1854 1839 1879 i.
1859 1862 1886 1879 n.
1912 1853 1989 1880 Idem.
2027 1854 2133 1880 Nonius
2147 1852 2289 1879 Marcellus
2307 1853 2335 1879 in
2351 1853 2414 1878 Por-

1368 1888 1484 1918 tisculus,
1504 1888 1663 1914 Portisculus
1677 1888 1712 1914 est
1726 1887 1848 1914 hortator
1862 1889 2002 1922 remigum,
2015 1890 2061 1923 qui
2075 1888 2183 1915 candent
2197 1890 2324 1922 perticam
2339 1890 2415 1922 (per-
2446 1891 2449 1894 “

1370 1923 1458 1956 gulam
1473 1923 1560 1957 Heius:
1575 1923 1608 1948 acl
1619 1923 1665 1948 Sil.
1681 1926 1705 1952 (x,
1721 1925 1790 1954 361.)
1811 1929 1894 1954 tenet,
1909 1932 1976 1957 quae
1995 1924 2153 1958 portisculus
2170 1923 2285 1956 dicitur,
2304 1931 2358 1958 qua
2370 1931 2422 1958 clx—k

1370 1957 1474 1982 cursum
1491 1962 1517 1982 et
1529 1956 1730 1982 exhortamenta
1744 1957 1905 1983 moderatur.

1407 1997 1424 2018 13
1436 1998 1454 2017 x
1466 1997 1486 2017 ιι
1496 1997 1514 2017 o
1523 1997 1542 2017 R
1551 1998 1572 2017 'r
1581 1996 1631 2017 AT
1642 1998 1660 2017 o
1671 1997 1688 2016 R
1698 2011 1706 2022 ,
1725 1991 1790 2018 oris.
1809 2000 1845 2018 m.
1871 1992 1990 2018 Tei-tull.
2005 1992 2037 2019 de
2050 1992 2121 2026 Fuga
2135 1992 2162 2018 in
2175 1992 2272 2019 Persec.
2286 2001 2308 2019 c.
2323 2000 2362 2028 ¹4·

1408 2033 1425 2053 E
1434 2033 1452 2052 x
1460 2033 1481 2052 ιι
1490 2032 1508 2052 o
1518 2033 1537 2052 R
1546 2033 1567 2053 T
1576 2033 1598 2053 A
1607 2033 1629 2053 T
1638 2032 1657 2052 o
1666 2033 1685 2052 R
1694 2034 1703 2052 1
1711 2033 1752 2053 vs
1761 2046 1768 2057 ,
1787 2035 1802 2052 a
1810 2046 1818 2058 ‚
1843 2036 1898 2053 um.
1941 2028 2002 2054 Adi.
2037 2028 2115 2063 Apud
2138 2028 2277 2064 Scriptores
2300 2029 2367 2056 Eccle
2385 2035 2413 2056 a·

1362 2060 1460 2096 sticos,
1482 2068 1510 2087 vt
1523 2062 1635 2088 Hieron.
1648 2062 1693 2096 Ep.
1710 2071 1721 2088 ε
1735 2061 1767 2088 ad
1777 2061 1977 2099 Nepotian.jub
1991 2066 2048 2090 init.
2069 2071 2091 2090 ct
2099 2062 2259 2098 AugustEp.
2275 2071 2325 2097 209
2332 2070 2376 2099 pr.

1406 2105 1422 2125 E
1432 2105 1449 2124 x
1458 2103 1479 2123 ιι
1488 2104 1507 2123 0
1516 2104 1534 2124 R
1544 2104 1566 2124 ‘r
1575 2103 1644 2124 A‘r1
1655 2104 1676 2123 v
1685 2104 1706 2124 v
1715 2105 1744 2130 s,
1764 2106 1794 2129 a,
1814 2107 1868 2125 um.
1886 2098 1948 2125 Adi.
1973 2098 2050 2127 Idem.
2088 2099 2218 2134 Qiinetii.
2231 2108 2254 2132 3,
2268 2102 2341 2133 6,‘46
2360 2099 2410 2126 Ex-

1371 2133 1522 2161 hortatiuus
1537 2132 1615 2159 status
1629 2133 1759 2160 suasoriae
1775 2133 1811 2160 est
1826 2135 1957 2169 proprius.

1408 2168 1640 2201 axuvnissno,
1676 2169 1729 2195 uid.
1766 2176 1956 2197 nxvnsRo.
2460 2196 2464 2203 ,

1407 2211 1424 2230 E
1435 2211 1452 2230 x
1461 2210 1509 2230 ιιν
1520 2211 1544 2230 Μ
1554 2205 1573 2230 ὁ
1583 2211 1600 2230 R
1609 2212 1627 2231 o
1636 2224 1643 2235 ‚
1661 2209 1713 2231 are.
1751 2205 1823 2232 Cael.
1843 2206 1932 2232 Aurei.
1948 2204 2034 2232 Tard.
2055 2214 2083 2239 4,
2103 2214 2124 2238 1,
2142 2213 2170 2232 12
2202 2205 2277 2232 Cutis
2289 2205 2412 2232 vulnera·
2421 2227 2427 2235 ,
2465 2223 2467 2227 ι

1369 2239 1471 2267 tionem
1492 2239 1663 2267 affectandam
1676 2239 1806 2276 probant,
1821 2250 1873 2277 qua
1895 2250 1991 2276 corpus
2012 2241 2217 2272 exhumoretur,
2231 2244 2250 2266 i.
2269 2241 2414 2281 humoribug
2425 2248 2437 2283 '⁴

1367 2279 1450 2302 noxus
1467 2275 1594 2302 liberetur.

1405 2317 1448 2337 1³,x
1459 2316 1480 2336 ιι
1495 2318 1510 2336 ι(
1524 2318 1570 2337 DR
1582 2319 1590 2337 1
1602 2317 1660 2343 An,
1668 2320 1749 2338 arum.
1764 2320 1799 2337 m.
1836 2311 1912 2346 Apul.
1933 2310 1965 2337 de
1983 2310 2085 2338 Mundo
2105 2318 2130 2345 p.
2144 2311 2185 2342 62,
2201 2318 2213 2342 3
2234 2310 2304 2336 Cum
2323 2263 2441 2346 imber-l·
2465 2321 2468 2326 ¹

1370 2346 1465 2374 effusus
1479 2347 1582 2374 conciet
1595 2347 1693 2381 flabra,
1712 2346 1861 2379 Exhydriae
1874 2347 2027 2373 Atticorum
2040 2346 2131 2381 lingua
2147 2346 2308 2372 vocitantur.

1749 2421 1777 2451 E
1873 2419 1902 2452 X
2004 2420 2019 2450 1

1406 2486 1543 2517 Εκιιιῖι
1556 2495 1576 2516 o
1592 2510 1600 2522 ,
1618 2488 1671 2523 flue
1696 2496 1712 2516 ε
1724 2495 1896 2520 Χειιιιιο,
1919 2491 1973 2515 are.
2010 2488 2177 2523 [ἓκσνρίττω]
2213 2484 2352 2525 Populati,
2369 2488 2410 2525 tp·

1371 2524 1565 2560 muhuariaque
1585 2525 1734 2551 libilatione
1752 2525 1869 2558 aliquem
1891 2524 2047 2558 explodere,
2071 2523 2112 2550 vel
2133 2522 2264 2549 deridere.
2310 2521 2366 2547 Cic.
2381 2527 2411 2546 m

1372 2559 1461 2587 Parad.
1477 2560 1526 2596 gf.
1548 2560 1652 2587 Histrio
1667 2560 1683 2586 fi
1698 2560 1813 2594 paullum
1828 2560 1853 2585 se
1866 2560 1952 2585 mouit
1967 2566 2040 2585 extra
2054 2567 2208 2590 numerum,
2229 2562 2275 2584 aut
2292 2556 2309 2583 {i
2324 2555 2415 2583 versus

1371 2597 1555 2630 pronuntiatus
1570 2595 1605 2621 est
1621 2595 1717 2628 syllaba
1735 2604 1784 2622 vna
1804 2595 1915 2621 breuior
1928 2601 1972 2620 aut
1987 2593 2283 2628 longior,exsibilatur‚
2297 2589 2422 2627 explpdiae

1370 2637 1423 2658 tur.
1495 2630 1584 2657 Verba
1598 2631 1711 2665 anguina
1723 2639 1770 2657 ore
1786 2630 1896 2656 subdolo
1909 2630 2048 2656 exsibilarc
2062 2630 2184 2656 Prudent.
2199 2627 2290 2654 Pei-ist.
2304 2636 2326 2660 ς,
2340 2629 2392 2662 17'3.

1406 2673 1422 2693 E
1433 2673 1570 2694 x11311.A
1581 2673 1602 2692 N
1613 2674 1642 2698 s,
1660 2667 1735 2693 antis.
1766 2666 1858 2693 Partic.
1895 2665 1981 2692 Labra
1998 2665 2088 2691 dirum
2106 2663 2232 2700 quiddam
2249 2662 2416 2691 exfibilantia
2433 2686 2443 2695 .

1370 2702 1427 2730 Sen.
1443 2701 1475 2728 de
1493 2702 1534 2728 Ira
1551 2710 1580 2734 3,
1598 2710 1625 2735 4.
2427 2706 2439 2713 ‘⁴

1407 2744 1569 2765 EXIBILA
1581 2743 1667 2770 Τιο,
1687 2736 1754 2764 anis.
1780 2736 1800 2763 f.
1836 2735 1946 2762 Senecae
1965 2733 2008 2768 effi
2027 2735 2132 2762 dicitur.

1410 2779 1426 2799 Ε
1436 2779 1501 2799 xio
1513 2780 1532 2798 N
1544 2779 1581 2799 ns
1593 2779 1610 2800 c
1621 2779 1656 2804 ο,
1675 2774 1727 2799 ὅτε.
1765 2772 1903 2798 censorin.
1918 2772 1950 2799 de
1966 2771 2017 2797 Die
2030 2771 2092 2798 Nat.
2113 2780 2134 2797 c.
2148 2774 2182 2800 ιε.
2343 2775 2359 2780 “

1408 2813 1424 2834 E
1436 2814 1566 2840 xmco,
1586 2809 1624 2833 vel
1645 2813 1756 2833 EXSIC
1768 2813 1785 2833 c
1798 2812 1835 2837 ο,
1855 2811 1908 2833 are.
1943 2806 2090 2841 [ἓξικμῶω]
2132 2805 2208 2832 Valde
2220 2810 2264 2831 aut
2279 2805 2353 2839 plane
2363 2801 2415 2837 fic·-
2432 2805 2433 2809 ¹

1373 2841 1574 2877 carestgnificat.
1609 2843 1664 2868 Cic.
1679 2842 1711 2868 de
1725 2842 1816 2868 Diuin.
1831 2851 1855 2875 2,
1870 2851 1896 2875 33
1910 2851 1931 2868 c.
1947 2851 1976 2875 ¹4
1998 2842 2165 2876 Arboresque
2178 2847 2205 2867 vt
2220 2839 2330 2866 hiemali
2349 2844 2415 2864 tern-
2429 2844 2445 2870 ,¹

1375 2886 1457 2911 pore,
1476 2886 1534 2902 cum
1554 2877 1614 2903 luna
1634 2877 1708 2903 simul
1730 2878 1903 2911 senescentes,
1921 2879 1983 2912 quia
2003 2883 2058 2904 tum
2078 2877 2216 2903 exliccatae
2230 2875 2302 2906 sunt,
2316 2880 2415 2908 tempe·
2436 2873 2441 2897 5

1375 2912 1440 2937 stine
1453 2912 1525 2938 caedi
1542 2918 1673 2946 putentur.
1712 2913 1778 2939 Plin.
1793 2918 1828 2945 18,
1842 2916 1881 2940 26.
1917 2914 1973 2940 Cic.
1992 2913 2063 2939 Fam.
2079 2915 2116 2944 16,
2129 2913 2170 2938 26.

1374 2947 1500 2974 exficcare
1518 2948 1584 2975 Hor.
1597 2947 1647 2974 Od.
1663 2956 1680 2978 1,
1696 2956 1732 2980 31,
1748 2957 1783 2975 10.

1414 2988 1431 3008 ιε
1444 2989 1668 3015 ΧιοοΑΤνς,
1688 2992 1717 3015 a,
1745 2993 1798 3010 um.
1836 2983 1929 3010 Partic.
1966 2981 2177 3017 [ἕξικμασμὲγος]
2214 2980 2275 3007 Stat.
2301 2980 2365 3007 Silu.
2386 2987 2412 3013 ς,
2437 2995 2440 2998 ·

1378 3027 1396 3050 ι,
1409 3024 1446 3050 53.
1481 3018 1536 3044 Cic.
1549 3018 1581 3044 de
1594 3019 1664 3044 Clar.
1681 3020 1755 3046 Orat.
1772 3028 1820 3053 290
1835 3028 1856 3045 c.
1869 3024 1902 3052 84
1938 3018 1983 3044 Sin
2004 3023 2092 3044 autem
2112 3023 2233 3048 acutum,
2254 3016 2366 3051 prudens
2385 3021 2413 3042 et
2433 3034 2435 3038 .

1374 3053 1445 3080 idem
1467 3053 1593 3080 sincerum
1616 3061 1641 3080 et
1661 3054 1795 3087 solidum,
1822 3062 1846 3081 et
1866 3054 2013 3081 exiccatum
2039 3061 2119 3087 genus
2136 3052 2266 3079 orationis
2289 3051 2414 3087 probant,
2456 3061 2457 3066 ¹

1374 3097 1431 3120 nec,
1444 3096 1488 3115 ecc.

1410 3130 1681 3156 EXSICCATIO,
1701 3124 1768 3150 otiis.
1787 3124 1807 3150 f.
1846 3124 1912 3151 Cels.
1950 3144 1957 3150 .
1994 3144 2000 3150 .
2039 3143 2046 3149 .

1413 3166 1430 3187 Β
1439 3167 1455 3186 x
1465 3167 1477 3186 S
1487 3167 1496 3185 1
1505 3167 1522 3186 C
1533 3165 1549 3186 C
1561 3167 1598 3187 Es
1607 3166 1623 3186 C
1634 3165 1653 3185 ο
1664 3180 1671 3191 ,
1690 3162 1743 3186 ὅτε.
1779 3160 1824 3186 Vti
1837 3159 1986 3187 exsiccescat
2000 3158 2121 3185 stillando
2137 3159 2225 3185 succus
2245 3157 2315 3185 Vitr.
2328 3166 2355 3190 2,
2367 3165 2392 3191 9.
2431 3183 2439 3188 ,

1413 3202 1429 3222 E
1441 3202 1457 3221 X
1469 3194 1551 3225 IGO,
1569 3195 1627 3229 figi,
1645 3195 1746 3225 elifium,
1768 3197 1820 3222 ὅτε,
1858 3194 2031 3230 [daupein-rw,
2052 3195 2143 3227 ἐξάγω,
2162 3194 2280 3229 πράττω]
2315 3193 2355 3220 Ab
2374 3193 2412 3220 Ex

1377 3237 1400 3257 ct
1421 3232 1477 3265 Ago
1500 3231 1666 3265 compositum,
1687 3230 1833 3262 Excludere,
1865 3234 1965 3262 eiicere,
1988 3231 2116 3265 expellere,
2142 3229 2209 3265 quast
2234 3236 2306 3255 extra
2331 3237 2412 3264 agere.

1377 3267 1457 3292 Plant.
1474 3267 1560 3293 Aulul.
1576 3275 1597 3298 3,
1614 3274 1632 3295 ι,
1644 3274 1660 3298 9
1681 3267 1774 3300 Exegit
1788 3275 1879 3293 omnes
1891 3266 1971 3292 foras.
2006 3266 2079 3299 Virg.
2095 3266 2158 3291 Aen.
2172 3273 2195 3295 2,
2209 3272 2254 3298 357
2274 3265 2348 3298 Q1os
2362 3263 2412 3290 im·
2427 3280 2436 3302 4.

1376 3301 1458 3335 proba
1472 3302 1573 3328 ventris
1592 3302 1683 3335 Exegit
1702 3311 1791 3328 caecos
1810 3301 1910 3333 rabies,
1927 3301 2004 3327 intell.
2023 3301 2133 3327 latibulis
2146 3307 2168 3327 et
2181 3300 2275 3333 lustris.
2310 3299 2374 3326 Plin.
2389 3307 2413 3332 3,
2439 3311 2443 3318 ¹

1377 3345 1390 3369 ς
1414 3338 1529 3371 Ex.gere
1543 3336 1666 3363 Vmbros.
1737 3337 1793 3364 Cic.
1808 3337 1875 3363 Phili
1896 3346 1918 3371 p.
1936 3346 1956 3367 τ,
1970 3339 2003 3369 69
2037 3337 2148 3363 Mimam
2171 3335 2244 3362 illam
2263 3336 2334 3362 suam
2355 3336 2412 3361 suas
2456 3337 2457 3342 ¹

1377 3381 1417 3397 res
1432 3372 1480 3398 fibi
1495 3373 1591 3400 habere
1604 3372 1686 3404 iussit,
1709 3381 1739 3398 ex
1762 3379 1817 3398 x11
1836 3372 1880 3398 Ta
1903 3372 1927 3398 b.
1943 3373 2042 3398 cansam
2059 3372 2173 3403 addidit,
2189 3371 2283 3405 cxegit.
2356 3370 2412 3396 Ali·
2428 3386 2432 3393 ·

1379 3416 1457 3440 quem
1478 3408 1547 3434 hasta
1568 3409 1674 3442 exigere
1694 3408 1780 3433 Valer.
1801 3408 1900 3441 Argon.
1923 3410 1949 3439 6,
1971 3416 2025 3442 572.
2050 3412 2067 3434 i.
2089 3406 2255 3443 trans-fodere.
2327 3406 2410 3432 Plaut.
2430 3419 2444 3432 .-

1378 3442 1438 3468 Mil.
1453 3452 1478 3475 4,
1493 3446 1517 3473 6,
1532 3446 1564 3470 62
1588 3444 1675 3477 Egone
1690 3443 1761 3469 illam
1775 3442 1865 3469 adeam
1880 3452 1945 3477 quae
1958 3451 2036 3478 nupta
2051 3443 2097 3470 fit?
2118 3443 2208 3470 virum
2221 3441 2277 3468 eius
2291 3447 2428 3468 metuere—

1379 3485 1491 3511 aequnm
1514 3479 1558 3505 est.
1585 3485 1618 3504 Μ.
1642 3479 1708 3512 quin
1725 3484 1768 3504 tua
1787 3479 1860 3504 causa
1880 3479 1965 3513 exegit
1981 3481 2069 3506 virum
2089 3487 2102 3505 a
2121 3478 2155 3504 se.
2226 3477 2376 3503 Exercitum
2394 3485 2409 3503 e
2456 3495 2457 3498 ,

1379 3521 1471 3547 campo
1502 3513 1560 3539 Liu.
1580 3522 1602 3545 3,
1623 3516 1659 3539 6ι.
1731 3515 1838 3539 Ferrum
1858 3522 1872 3540 e
1891 3523 2000 3549 corpore
2020 3521 2096 3541 cantu
2116 3514 2221 3548 exigere
2250 3512 2296 3538 Sil.
2318 3521 2340 3544 ς,
2360 3519 2410 3544 333.

1377 3548 1458 3574 Plaut.
1473 3549 1538 3574 Pers.
1555 3557 1574 3579 1,
1586 3556 1609 3580 3,
1621 3551 1651 3579 63
1671 3548 1777 3583 Exigain
1792 3558 1840 3582 ego
1854 3549 1939 3576 hercle
1953 3558 1976 3576 tc
1991 3560 2022 3577 cx
2037 3550 2084 3577 hac
2098 3549 2212 3575 decuria.
2255 3548 2326 3573 Idem
2336 3548 2411 3581 Capt.
2430 3565 2434 3569 ν

1377 3592 1403 3616 4,
1418 3592 1444 3617 4,
1464 3586 1491 3610 61
1529 3583 1573 3609 Pol
1594 3592 1730 3610 moerores
1751 3584 1819 3610 mihi
1837 3591 2004 3612 antcuortunt
2031 3585 2144 3620 gaudiis.
2163 3590 2191 3609 R.
2212 3583 2268 3608 noli
2291 3582 2410 3609 irascier:

1378 3619 1430 3645 iam
1445 3627 1494 3654 ego
1514 3627 1545 3645 cx
1565 3627 1676 3653 corpore
1698 3621 1801 3654 exigam
1820 3629 1909 3647 omnes
1928 3621 2040 3648 maculas
2055 3627 2205 3647 moerorum
2220 3618 2280 3644 tibi.
2351 3618 2415 3644 cic:

1377 3654 1410 3680 de
1423 3656 1495 3682 Orat.
1512 3664 1534 3686 2,
1548 3662 1593 3686 199
1605 3663 1626 3680 c.
1643 3660 1675 3686 48
1696 3656 1771 3681 Tum
1793 3655 1835 3681 illa
1846 3676 1853 3687 ‚
1873 3666 1938 3690 quae
1957 3657 2037 3683 modo
2057 3656 2156 3683 Crassus
2175 3652 2410 3690 c0n1111e1110rabat,

1376 3690 1434 3724 egi,
1449 3699 1534 3724 neque
1554 3697 1625 3724 reges
1639 3698 1669 3715 ex
1690 3690 1736 3716 hac
1757 3692 1862 3717 ciuitate
1876 3693 1964 3727 exigi,
1978 3701 2073 3726 neque,
2088 3697 2131 3717 erc,
2203 3690 2323 3724 Exigitur
2336 3688 2411 3715 sabu-
2431 3691 2439 3699 ‘

2225 2909 2295 2935 Vina
2309 2909 2444 2949 culum-14·

1321 3726 1419 3757 1001a,
1436 3726 1523 3766 inquit
1539 3725 1669 3757 Donatus,
1684 3727 1773 3759 Qum
1793 3727 1926 3761 displicet,
1939 3728 1973 3754 αι]
1984 3728 2052 3754 Ter.
2066 3727 2094 3752 in
2109 3724 2174 3759 prol.
2191 3725 2253 3751 Hcc.
2269 3733 2298 3757 14
2324 3725 2354 3750 In
2368 3723 2408 3749 his

1377 3769 1440 3795 quas
1455 3770 1569 3795 primuni
1586 3760 1684 3786 Caecili
1699 3761 1780 3788 didici
1793 3771 1888 3796 nouas,
1903 3763 1997 3798 partim
2010 3764 2064 3788 sum
2076 3769 2164 3786 earum
2179 3760 2298 3792 exactus,
2312 3759 2407 3799 partim

1377 3796 1423 3822 vix
1437 3796 1500 3822 steti.
1536 3795 1603 3822 Add.
1624 3796 1662 3822 Id.
1678 3797 1743 3830 prol.
1758 3797 1837 3824 Andr.
1853 3808 1878 3825 v.
1895 3807 1936 3833 27.
2003 3796 2112 3830 Exigere
2132 3801 2211 3829 atque
2233 3795 2348 3821 eximere
2362 3794 2408 3820 ali-

1376 3840 1454 3865 quem
1469 3830 1631 3863 honoribus‚
1648 3842 1666 3857 ι,
1692 3834 1794 3858 Priuarc
1808 3834 1872 3860 Plin.
1886 3833 1963 3868 Epist.
1977 3842 1999 3864 2,
2015 3840 2051 3862 12,
2066 3840 2087 3863 3.
2125 3831 2170 3856 Sci!
2189 3832 2297 3856 meliores
2307 3850 2313 3862 ,
2335 3827 2406 3863 Qlid

546 3897 550 3901 .
572 3898 575 3901 Ι
594 3897 597 3901 ι
1373 3866 1445 3893 enim
1460 3866 1597 3898 miserius,
1617 3876 1694 3901 quam
1715 3869 1845 3895 exst-&um
1860 3875 1886 3896 et
1898 3874 2030 3895 exemtum
2044 3866 2190 3892 honoribus
2205 3866 2349 3893 senatoriis.
2363 3870 2407 3890 etc.

272 3896 427 3922 Pertinentia
443 3895 478 3922 ad
493 3894 665 3922 exhibitionem
683 3896 830 3930 liberorum,
853 3907 1060 3939 caeterorumque,
1079 3903 1107 3929 de
1129 3904 1214 3940 quibus
1225 3904 1307 3941 supra
1317 3902 1437 3943 105Plin.
1450 3903 1480 3929 in
1490 3903 1583 3937 Paneg.
1595 3911 1628 3935 29
1652 3903 1761 3930 Exadius
1781 3904 1862 3932 hostis
1882 3903 1959 3932 mai-i.

2031 3902 2111 3928 Plaut.
2126 3902 2200 3936 Capt.
2215 3910 2237 3934 ς,
2251 3911 2279 3934 4,
2295 3911 2313 3935 4
2347 3899 2416 3961 Ililg}
