2479 4225
292 146 361 190 863
675 136 716 174 H
797 138 835 175 A
919 133 947 171 B
1757 130 1799 168 H
1879 133 1919 170 A
2009 131 2042 172 C
2144 160 2145 163 η
2345 131 2449 184 864-

292 227 421 254 hensionis
435 223 553 258 aliquid,
568 229 612 250 aut
626 230 695 250 certe
709 221 888 249 admirationis
904 219 1024 246 habitura
1039 220 1084 246 est.
1190 218 1261 244 Idem
1269 217 1328 244 Phi·
1389 220 1467 253 spano
1481 219 1597 253 cingitur
1610 218 1719 248 Gladio,
1739 217 1769 244 ad
1784 218 1937 253 propiorem
1952 219 2035 246 habili
2051 229 2172 255 pugnam.
2248 219 2333 246 Locus
2350 213 2429 257 habiss

293 264 355 296 lipp.
370 270 389 291 ς,
404 268 436 294 27
456 261 478 285 Is
499 260 575 291 dixit,
591 261 616 286 se
630 269 712 294 vsque
733 258 765 284 ad
784 255 909 282 Calendas
933 255 1014 281 Maias
1047 255 1078 281 ad
1105 254 1199 281 vrbem
1229 253 1328 280 exerci-
1388 255 1420 281 lis
1433 255 1575 289 pandendis
1588 256 1687 281 retibus
1709 253 1774 279 Plin.
1788 262 1814 286 9,
1830 260 1851 282 8.
1955 255 2102 282 Nemesian.
2115 258 2238 290 cyneget.
2255 258 2299 290 148
2323 271 2367 277 —
2386 262 2440 289 Si„

289 304 345 324 ΜΠ,
360 291 521 322 habiturum.
1389 298 1502 325 gnetquc
1519 290 1633 316 habilem
1654 298 1735 323 vapor
1753 289 1844 323 igneus
1862 289 1971 317 Orbem.
2077 293 2166 319 Terra
2179 293 2274 320 habilis
2287 294 2425 329 frumenti.

328 339 347 358 H
357 338 378 357 A
389 338 404 357 Β
414 338 429 357 E
439 337 486 356 Νι)
498 337 557 363 Vs,
574 339 601 361 a,
622 338 674 355 um.
711 326 800 352 Partic.
836 325 958 358 [ἓκτέων]
993 326 1059 352 Plin.
1076 334 1121 357 10,
1134 332 1165 358 37
1202 325 1268 350 Cum
1284 332 1327 350 co-
1389 326 1556 358 eolumehz,
1570 335 1593 352 2.
1681 325 1745 350 Plin.
1759 333 1799 357 34,
1814 333 1837 357 15
1862 325 1967 351 Rubens
1982 327 2118 361 (ferrum)
2130 339 2183 355 non
2198 330 2233 356 est
2248 330 2336 358 habile
2348 333 2427 362 Tun..

293 366 389 393 lumbis
404 366 521 392 habenda
534 366 569 392 est
583 366 647 394 auis,
661 370 725 396 quae
739 360 905 386 tinnunculus
921 367 1035 387 vocatur.
1126 360 1206 386 Flaut.
1221 360 1326 391 Pecu-5,
1348 367 1363 393 ς
1389 361 1491 394 dendo,
1509 370 1594 396 neque
1606 367 1664 388 ante
1678 369 1756 394 quam
1771 360 1900 392 albescere
1914 362 2032 396 incipiat.
2066 365 2091 390 h.
2105 374 2124 392 e.
2145 365 2188 391 Ad
2199 366 2361 399 tundendum,
2373 368 2424 403 fine?

295 411 327 434 4,
340 410 372 434 43
391 402 417 428 Si
431 402 538 436 quidem
554 399 666 427 amicitia
680 396 713 421 est
728 395 858 427 habenda,
875 405 933 421 cum
949 396 997 422 hoc
1015 395 1162 422 habendum
1175 395 1219 421 est.
1257 396 1326 421 Ter.
1388 403 1417 422 υι
1430 397 1558 424 tundatur.
1665 397 1735 422 Haec
1750 394 1845 422 habilis
1858 396 1987 423 breuitate
2000 400 2044 424 sua
2056 400 2092 426 est
2109 400 2190 428 Ouid.
2204 403 2294 429 Amor.
2309 412 2331 434 2,
2344 412 2378 436 4,
2390 389 2439 439 37⁴⁸.

295 438 388 463 Heaut.
403 446 423 468 2,
438 446 460 469 3,
473 442 506 470 84
526 438 577 462 Aut
601 434 661 459 haec
679 439 736 456 cum
758 430 811 456 illis
831 431 889 458 sunt
911 432 1044 463 habenda,
1060 438 1103 457 aut
1131 431 1177 456 illa
1201 439 1260 456 curn
1287 429 1328 455 his
1390 432 1474 466 Vigor
1488 432 1584 458 habilis
1599 432 1723 458 membris
1743 431 1817 465 Virg.
1833 433 1928 466 Georg.
1941 439 2032 466 4‚418.
2147 437 2258 473 Compar,
2296 439 2429 472 Qiinffllg.

294 473 436 499 amittenda
449 473 514 498 sunt.
535 486 539 491 ,
620 467 686 492 Ter.
701 465 806 492 Phorm.
821 475 838 497 1,
852 475 877 498 2,
893 469 909 492 6
949 468 1101 493 Praesertim
1124 473 1151 492 vt
1179 475 1246 491 nunc
1271 466 1328 491 sunt
1390 469 1417 499 6,
1430 477 1440 498 3
1459 468 1542 494 Porro
1556 475 1649 494 natura
1661 477 1714 493 non
1727 473 1827 493 tantum
1839 468 1867 493 in
1882 467 1931 494 hoc
1944 470 2027 500 valet,
2050 475 2079 496 vt
2091 472 2192 499 acutior
2204 474 2263 507 quis
2297 480 2374 509 atque
2383 469 2431 504 lia-J·

294 517 397 540 mores,
417 507 481 534 adeo
494 514 532 532 res
546 502 639 532 rediit,
657 501 674 526 fi
689 501 748 534 quis
763 501 828 535 quid
842 502 944 535 reddit,
954 512 1044 537 magna
1058 502 1174 528 habenda
1187 501 1222 527 est
1235 501 1327 534 gratia.
1390 502 1475 528 bilior
1487 503 1516 529 sit
1529 503 1561 529 ad
1576 502 1773 529 inueniendum.
1865 504 1953 530 Valer.
1968 506 2038 531 Max.
2054 513 2075 537 5,
2089 513 2115 540 7,
2128 515 2137 532 1
2161 493 2335 536 Leciuli'otio
2348 506 2431 545 quau&z

295 545 385 570 Gratia
398 541 511 568 habenda
525 538 560 563 est
573 537 623 562 tibi
649 537 730 562 Ouid.
746 537 830 563 Trist.
847 546 869 571 5,
883 547 909 571 9,
924 547 957 565 12.
1066 538 1143 563 Ratio
1164 536 1281 563 habenda
1293 535 1329 562 est
1347 547 1376 565 10
1392 537 1479 564 labori
1491 539 1653 572 praeliorum
1671 538 1795 565 habilior.
1903 541 1996 574 Superi.
2033 541 2098 567 Cels.
2113 538 2139 575 i,
2154 551 2164 569 1
2190 545 2292 578 Corpus
2306 540 2442 574 habiliffiss.

295 579 347 606 tibi
360 586 416 605 tuae
429 576 510 602 laudis
534 573 606 598 Idem
620 571 684 597 ibid.
701 581 719 603 1,
735 581 754 604 1,
769 581 807 605 32-
1392 582 1465 599 mum
1480 574 1633 608 quadratum
1648 574 1684 599 est
1698 583 1783 608 neque
1798 573 1894 607 gracile
1908 583 1992 609 neque
2005 575 2124 603 obesum.
2204 597 2207 602 .
2231 579 2291 608 Liu.
2304 589 2322 616 7
2340 591 2368 608 10
2381 576 2453 612 Ani?-

332 622 351 640 H
362 621 381 640 A
392 620 423 639 Βι
437 619 456 636 Τ
466 616 522 640 vs,
542 606 580 633 fis.
605 616 641 633 in.
677 607 756 640 [55⁵³
777 609 862 645 ιχέσις,
880 608 965 642 σκευὴ,
985 607 1131 642 κατοιςολή]
1168 608 1285 642 Qalitas
1306 612 1330 632 et
1390 617 1433 635 ma
1448 608 1545 635 habilia
1558 610 1639 643 magis
1652 618 1729 643 quam
1745 610 1845 635 decora.
2142 626 2151 629 —
2323 602 2332 614 ⁹
2447 607 2454 630 '-

287 649 376 686 forma
398 647 506 679 corporis
526 650 549 668 et
570 645 731 678 cuiuscunque
748 646 793 669 rei.
829 646 910 679 Aeque
921 644 1035 679 haesere
1043 651 1130 678 patet,
1149 652 1220 678 quam
1233 643 1331 668 verbum
1426 651 1447 670 H
1457 651 1502 671 ΑΒ
1512 643 1526 670 i‘
1535 651 1550 670 L
1560 643 1572 671 1u
1580 652 1625 672 ΤΕ
1635 651 1662 671 R.
1685 644 1754 671 Adu.
1790 645 1869 671 Pauli.
1890 645 1918 670 in
1937 644 1954 671 l.
1974 645 1991 671 si
2010 652 2039 673 vt
2053 648 2083 673 D.
2098 648 2130 675 de
2143 658 2209 676 auro
2223 655 2248 677 et
2260 659 2314 686 arg.
2327 651 2378 687 leg.
2402 638 2448 684 §1⁴
2454 672 2455 677 .

294 684 386 711 habere.
421 681 478 705 Liu.
495 687 518 709 2,
532 686 559 710 23
580 678 669 704 Oblita
682 684 736 704 erat
748 679 868 712 squalore
882 679 974 705 vestis:
997 679 1105 706 foedior
1119 678 1239 712 corporis
1257 677 1331 703 habi·
1392 685 1422 707 vt
1433 679 1558 707 habiliter
1571 688 1689 715 gemmae
1708 681 1766 714 geri
1787 680 1894 714 possint,
1914 681 2026 707 inclusae
2046 691 2110 709 auro
2131 685 2240 712 fuerint.
2341 690 2390 715 .Ρο
2420 683 2450 717 “³11

294 725 349 749 tus,
370 715 467 749 pallore
490 721 515 740 et
540 715 623 740 macie
647 715 766 747 peremti.
884 715 1015 740 Columel.
1037 723 1063 749 7,
1078 724 1114 746 η,
1131 723 1152 740 ιι
1180 713 1329 739 Tiruncula
1347 727 1372 753 ¹5
1391 724 1452 749 pon.
1467 715 1529 742 Mel.
1542 724 1563 748 3,
1577 724 1594 750 7
1614 715 1763 749 Elephantis
1780 716 1857 742 facile
1873 723 1952 751 atque
1972 716 2096 745 habiliter
2115 720 2163 747 vti.
2265 715 2454 760 Habiiiffimqu

291 754 382 787 (canis
397 750 561 784 primipara)
582 758 635 775 non
647 749 717 774 reete
731 749 832 781 nutrit,
848 754 873 775 et
884 750 1004 776 educatio
1022 751 1104 776 totius
1122 749 1224 775 habitus
1244 749 1330 774 aufert
1389 751 1502 779 Hieron,
2370 752 2372 754 ’
2424 730 2455 780 w}

292 790 492 814 incrementum.
595 784 726 811 Columel.
743 793 762 815 1,
777 792 803 816 9,
819 793 837 817 4
868 786 967 811 Vineae
982 785 1046 812 latos
1060 793 1085 812 et
1102 785 1242 812 lacertosos
1256 784 1329 810 viros
1426 784 1598 813 HABfoT
1608 793 1631 812 A
1643 792 1655 812 S
1667 806 1676 818 ‚
1693 786 1751 812 atis.
1771 787 1792 813 f.
1812 784 1951 821 [δεξιότης]
1988 788 2045 815 Cic.
2058 789 2089 815 de
2103 789 2194 824 Legib.
2207 800 2227 824 1,
2235 799 2267 827 27
2280 802 2327 826 c,9
2344 785 2453 824 omini

292 823 398 855 exigunt
412 830 417 844 ε
454 830 514 846 nam
530 820 551 845 is
565 820 669 846 habitus
682 819 786 845 fossiiris
820 834 866 839 ——
900 821 981 854 magis
996 828 1079 855 aptus.
1164 820 1223 846 Liu.
1240 829 1277 850 ιο,
1291 828 1329 852 44
1392 827 1420 848 to
1433 823 1656 856 opportunitates,
1675 821 1894 857 habilitatemque
1905 823 2003 858 reliqui
2015 826 2146 861 corporis,
2163 827 2373 858 moderationem
2385 820 2454 860 voss‘.¹

290 859 316 883 Si
330 856 552 890 quemadmodum
564 856 626 881 Oris
643 856 748 881 habitus
762 855 879 881 cernitur
891 856 976 882 oculis
991 864 1036 883 etc.
1106 857 1180 890 Virg.
1196 856 1293 889 Georg.
1309 863 1329 886 1,
1389 857 1426 884 cis
1438 858 1566 884 orationis
1579 858 1650 890 vim,
1668 864 1713 884 etc.
2435 856 2445 889 f

290 901 320 925 52
341 892 485 925 cultusque
499 891 656 925 habitusque
671 891 801 916 locorum.
895 892 951 918 Cic.
969 893 1043 918 Verr.
1057 901 1083 923 4,
1096 900 1109 923 5
1140 893 1226 918 Inerat
1241 891 1269 917 in
1284 890 1331 916 illa
1344 904 1379 922 20
1427 899 1448 919 H
1458 900 1478 919 Α
1488 900 1503 920 Β
1513 901 1522 919 1
1532 900 1546 919 L
1558 900 1625 920 lTV
1635 900 1696 924 DO,
1714 892 1775 918 inis.
1801 892 1821 918 f,
1858 893 1918 927 θὶς,
2091 907 2097 914 x
2428 903 2445 928 ik

290 927 472 960 magnitudine
494 933 560 952 aetas
583 933 661 961 atque
685 926 790 953 habitus
812 926 961 960 virginalis.
1066 928 1141 961 Virg,
1163 928 1227 953 Aen.
1249 935 1274 958 1,
1289 934 1333 958 319
1430 926 1528 955 HABf
1541 935 1562 955 T
1575 936 1611 961 Ο,
1636 933 1688 955 are.
1725 929 1824 962 [σι’κέω,
1839 930 1971 964 κατοικέω]
2007 931 2166 958 Domicilium
2183 933 2284 968 babere,
2302 936 2354 963 vid.
2373 928 2453 968 HAAEV

290 963 408 996 Virginis
421 972 450 988 os
464 962 634 997 habitumque
648 970 748 996 gerens.
820 963 933 988 Habitus
946 961 1019 989 foedi
1033 963 1132 990 mulier
1149 962 1278 989 Columel.
1296 970 1333 993 12,
1396 969 1455 989 BEO
1470 973 1496 990 n.
1510 972 1530 996 3.
1601 964 1657 991 Cic.
1671 964 1702 989 de
1716 963 1814 990 Sene&
1828 969 1861 997 84
1873 973 1893 990 c.
1909 965 1954 991 vlt.
1972 966 2165 994 Comuiorandi
2178 970 2247 995 enim
2260 976 2379 999 naturam
2393 968 2439 1002 di...¹

292 1007 312 1030 1,
327 1007 346 1024 1.
367 1002 385 1024 ι’.
398 998 509 1033 formae.
616 998 672 1024 Cic.
686 998 718 1024 de
730 997 788 1024 Fin.
806 1006 828 1029 3,
841 1000 872 1030 56
884 1008 904 1024 c.
920 1006 957 1033 17.
1042 998 1100 1024 Liu.
1114 1007 1137 1029 2,
1152 1003 1180 1025 61
1201 997 1273 1024 Idem
1288 996 1333 1023 ha·
1395 999 1542 1025 versorium
1555 1000 1650 1032 nobis,
1666 1008 1721 1026 non
1736 999 1871 1025 habitandi
1885 999 1965 1026 dedit.
2072 1004 2155 1037 Argos
2168 1003 2316 1034 habitatum
2330 1002 2441 1037 conces-S*

290 1034 362 1061 bitus
374 1034 445 1064 oris,
463 1033 552 1059 eadem
568 1035 732 1060 contumacia
748 1034 774 1059 in
789 1033 873 1059 vultu.
977 1032 1049 1059 Idem
1058 1033 1089 1059 de
1096 1035 1197 1060 inuent.
1212 1036 1268 1065 1,36
1281 1034 1334 1059 Ha·
1395 1034 1425 1060 sit
1447 1034 1514 1069 Nep.
1530 1044 1552 1067 2,
1568 1041 1589 1066 8,
1605 1044 1623 1063 ι.
1675 1045 1680 1049 *
1694 1035 1787 1061 Matris
1801 1034 1979 1062 habitauimuu
1991 1036 2053 1063 aluo
2071 1039 2152 1065 Ouid.
2164 1041 2229 1068 Met.
2243 1049 2267 1074 15
2287 1051 2334 1076 εις.
2382 1042 2445 1072 Sil-⁶¹>-

291 1069 362 1095 bitus
379 1069 413 1094 est
427 1069 508 1094 animi
523 1074 567 1094 aut
580 1069 699 1103 corporis
713 1068 831 1095 constans
846 1075 871 1095 et
883 1068 1002 1095 absoluta
1014 1068 1103 1104 aliqua
1114 1070 1143 1095 in
1157 1078 1185 1096 re
1194 1069 1333 1103 perfectio.
1352 1080 1382 1106 25
1396 1070 1438 1095 vis
1452 1069 1569 1097 habitare
1588 1072 1659 1098 Idem
1674 1071 1740 1097 ibid.
1756 1077 1791 1100 12,
1799 1073 1861 1103 406.
1946 1075 1949 1078 “
1968 1072 2018 1097 Pan
2032 1076 2162 1101 montanis
2178 1062 2298 1104 habitaiis
2308 1079 2338 1105 in
2351 1070 2451 1108 antri&

290 1105 364 1131 Idem
378 1104 455 1130 Acad.
472 1113 491 1136 1,
505 1112 538 1138 27
557 1105 670 1130 Habitus
683 1105 789 1130 virtutis
807 1111 832 1130 et
853 1105 912 1130 vsus
934 1105 1051 1130 virtutis.
1166 1105 1256 1131 Labeo
1269 1104 1335 1138 apud
1397 1105 1478 1131 Ouid.
1491 1107 1554 1132 Met.
1569 1115 1602 1139 11,
1618 1115 1673 1141 147.
1740 1107 1840 1133 Terras
1853 1105 1971 1134 habitare
1989 1108 2062 1134 Idem
2073 1109 2158 1137 Trist.
2173 1120 2196 1143 5,
2211 1121 2236 1145 2,
2251 1122 2285 1146 51.
2356 1116 2410 1142 Cas
2434 1129 2443 1142 =„=

292 1141 359 1166 Geli.
375 1149 400 1173 4,
417 1149 427 1165 2
460 1139 569 1165 Morbus
591 1140 626 1165 est
653 1139 758 1166 habitus
790 1140 909 1173 corporis
936 1141 1064 1174 cuiusque
1094 1146 1184 1166 contra
1205 1146 1334 1166 naturam.
1397 1141 1508 1167 humiles
1521 1141 1638 1169 habitare
1658 1142 1733 1176 Virg.
1749 1141 1799 1168 Ecl.
1811 1151 1833 1174 2,
1848 1151 1889 1174 29.
1912 1143 1955 1168 vbi
1967 1143 2121 1171 onmem..
2171 1148 2300 1175 Habitare
2311 1149 2343 1176 ad
2355 1138 2452 1180 Ocea&¹

292 1176 359 1202 Cels.
367 1184 391 1206 z,
406 1183 422 1209 7
443 1176 528 1200 Metus
542 1175 588 1207 est,
600 1184 633 1201 ne
648 1175 675 1200 in
691 1176 788 1201 malum
804 1175 924 1201 habitum
938 1184 1031 1209 corpus
1044 1175 1100 1202 eius
1115 1176 1221 1202 recidat.
1260 1174 1333 1201 Idem
1397 1178 1452 1202 sum
1471 1177 1535 1202 Plin.
1551 1186 1574 1210 2,
1590 1186 1633 1212 70.
1704 1178 1760 1204 Cic.
1774 1177 1851 1204 Acad.
1866 1187 1893 1210 4,
1908 1186 1944 1210 115
1966 1179 2021 1212 Qui
2034 1189 2137 1208 mecum
2150 1183 2219 1209 viuit
2233 1190 2272 1210 tot
2284 1193 2364 1218 annos
2389 1178 2438 1222 qu}

293 1219 318 1243 2,
333 1220 344 1236 2
378 1210 516 1236 Subsistere
536 1210 564 1236 in
582 1211 676 1237 eodem
698 1210 798 1236 habitu.
891 1210 957 1237 Plin.
973 1211 1048 1245 Epist.
1065 1219 1111 1244 3‚5
1142 1212 1218 1237 Visus
1234 1210 1268 1237 est
1285 1209 1335 1236 fibi
1397 1211 1577 1247 habitatapud
1590 1222 1640 1239 me.
1711 1213 1782 1239 Idem
1798 1213 1829 1239 de
1843 1214 1912 1240 Clar.
1926 1215 2000 1240 Orat.
2013 1223 2071 1248 309.
2106 1223 2129 1243 et
2141 1227 2189 1251 pro
2203 1219 2275 1246 Cael.
2289 1229 2323 1250 51.
2365 1206 2411 1250 ’Ci
2429 1224 2436 1237 ¹

290 1255 337 1280 per
350 1246 506 1272 nocturnam
522 1246 638 1280 quietem
652 1245 736 1273 iacere
751 1248 778 1272 in
792 1245 891 1272 lectulo
907 1247 953 1272 suo
967 1247 1124 1281 compositus
1137 1248 1165 1273 in
1181 1247 1272 1272 habitu
1286 1245 1335 1271 slu-
1352 1260 1384 1284 30
1399 1249 1476 1274 Verr.
1490 1257 1515 1280 2,
1531 1253 1557 1280 83
1592 1250 1682 1282 Quum
1700 1249 1770 1283 apud
1783 1257 1844 1275 eum
1857 1258 1910 1275 non
1924 1250 2004 1276 modo
2017 1251 2147 1279 Thermis
2161 1254 2234 1289 saepe
2248 1247 2360 1283 numero
2372 1232 2455 1286 fuiz‘

292 1281 385 1308 dentis.
457 1282 516 1307 Liu.
529 1289 567 1315 37,
581 1289 597 1314 9
623 1282 690 1308 Cum
712 1282 832 1308 sollemni
855 1281 948 1308 habitu
970 1289 1029 1308 ante
1059 1288 1160 1316 portam
1184 1287 1334 1308 occurrunt.
1398 1285 1452 1315 set,
1471 1284 1512 1309 sed
1528 1284 1606 1310 etiam
1621 1284 1764 1310 habitasset.
1864 1285 1938 1311 Idem
1955 1286 2021 1312 ibid.
2036 1296 2055 1319 1,
2063 1291 2099 1321 64
2119 1289 2180 1315 Eius
2195 1291 2244 1316 esse
2258 1291 2342 1319 filiam
2367 1282 2435 1329 quai}I

291 1318 358 1344 Plin.
396 1335 402 1342 .
439 1335 446 1342 .
483 1339 488 1343 .
526 1317 582 1350 Qii
599 1317 631 1343 ad
652 1326 699 1343 nos
721 1317 829 1352 lugubri
843 1317 937 1343 habitu
950 1324 1074 1350 venerat,
1094 1325 1119 1343 et
1132 1318 1281 1351 capillatior
1296 1317 1335 1343 so·
1398 1328 1459 1345 cum
1474 1325 1545 1353 patre
1560 1319 1707 1352 habitaret,
1728 1326 1866 1354 propterea
1880 1321 1950 1355 quod
1963 1322 2052 1348 virum
2064 1332 2118 1349 non
2131 1319 2246 1354 haberet.
2337 1312 2404 1356 Viue
2448 1330 2452 1337 ¹

292 1353 341 1379 lito
356 1353 364 1378 3
438 1353 557 1378 Neutrms
572 1353 651 1378 Plinii
665 1353 761 1379 Indices
774 1353 917 1389 agnoscunt.
989 1355 1068 1380 Solen-e
1079 1354 1228 1389 frequenter
1252 1360 1274 1379 c!
1297 1352 1336 1378 di·
1397 1361 1423 1381 et
1436 1354 1555 1381 habitare
1567 1365 1626 1381 cum
1640 1356 1732 1389 aliquo
1764 1356 1818 1383 Cic.
1831 1357 1882 1382 Att.
1897 1365 1937 1390 14,
1951 1365 1994 1383 20.
2100 1360 2228 1388 Habitare
2240 1367 2265 1388 et
2279 1372 2361 1397 perno
2433 1361 2441 1375 ”

290 1388 378 1423 versa,
397 1395 467 1422 quam
481 1390 543 1413 alios
557 1388 626 1414 modo
649 1388 754 1414 habitus
776 1388 937 1424 appellatione
957 1392 998 1415 vti
1019 1389 1155 1415 Valerium
1177 1389 1336 1420 Maximum,
1397 1400 1456 1416 cum
1471 1390 1562 1425 aliquo
1585 1391 1658 1417 Idem
1674 1391 1757 1417 Tusc.
1774 1399 1795 1424 5,
1809 1393 1851 1423 69.
1923 1392 2032 1419 Habitat
2044 1393 2133 1422 Mileti
2151 1396 2219 1423 Ter.
2234 1398 2307 1425 Adel.
2321 1409 2350 1434 4,
2364 1409 2408 1434 ᾖα
2436 1422 2439 1425 .

288 1427 338 1450 iam
358 1424 493 1463 obstruam}
508 1423 594 1463 Barth.
615 1424 648 1449 ad
660 1424 720 1450 Stat.
736 1433 755 1455 1,
769 1432 788 1456 1,
802 1426 837 1457 46
859 1425 892 1450 At
905 1424 1006 1458 sonipes
1025 1425 1132 1460 (acticus
1145 1425 1241 1460 equus)
1261 1423 1336 1450 habi·
1353 1435 1380 1461 35
1398 1426 1454 1452 Cic.
1470 1427 1541 1452 Fam.
1551 1434 1608 1457 t3‚2
1628 1427 1658 1452 C.
1673 1426 1777 1452 Amiano
1792 1427 1913 1452 Euandro
1927 1429 1973 1461 qui
1987 1428 2086 1456 habitat
2101 1431 2129 1456 in
2143 1438 2188 1458 tuo
2201 1433 2323 1462 sacrario.
2368 1437 2436 1464 Ter.

291 1465 331 1486 tus
351 1467 507 1493 animosque
527 1465 644 1485 mutatus
662 1459 807 1494 equestres,
832 1462 850 1485 i.
863 1459 976 1495 formam
990 1467 1013 1486 e!
1026 1460 1125 1495 gestum.
1204 1459 1335 1486 Videamus
1398 1461 1480 1487 Andr.
1493 1473 1519 1494 4,
1534 1470 1546 1493 5
1562 1465 1614 1492 (6)
1626 1469 1668 1496 pr.
1689 1462 1719 1486 In
1734 1460 1780 1486 hac
1796 1461 1919 1487 habitasse
1933 1463 2016 1496 platea
2029 1464 2128 1491 dietum
2142 1467 2177 1493 est
2192 1467 2353 1500 Chrysidem.
2402 1473 2435 1500 In'

290 1494 408 1530 quaedam
421 1504 428 1518 t
465 1504 489 1520 υ.
506 1504 529 1530 g.
553 1504 576 1525 2,
591 1497 615 1525 6,
631 1503 655 1520 12
693 1495 829 1521 Thraciae
849 1496 923 1521 natio
959 1511 1004 1515 —
1041 1495 1092 1521 sine
1109 1495 1171 1522 vllis
1192 1495 1335 1521 doctorum
1397 1506 1500 1523 earcere
1520 1497 1576 1523 Cic.
1591 1500 1653 1531 Agr.
1667 1505 1678 1522 2
1692 1505 1712 1521 c.
1728 1503 1767 1530 37.
1849 1497 1956 1523 Duabus
1969 1498 2080 1526 vrbibus
2092 1500 2226 1529 habitabat
2240 1505 2434 1539 Populusidem

292 1530 433 1564 praeceptis
448 1538 538 1556 verum
551 1530 712 1556 conditionis
725 1530 827 1557 nostrae
840 1530 959 1556 habitum
973 1531 1098 1565 peruidit.
1172 1532 1201 1557 Et
1216 1541 1244 1564 4,
1260 1542 1292 1564 4,
1307 1539 1336 1556 10
1397 1533 1458 1559 Liu.
1474 1538 1497 1564 8,
1512 1540 1543 1558 22
1552 1539 1594 1566 pr.
1688 1533 1775 1557 Varro
1789 1531 1820 1557 de
1834 1532 1864 1558 R.
1879 1532 1910 1559 R.
1923 1541 1946 1565 3,
1962 1541 1990 1567 17
2016 1535 2120 1562 Etenim
2137 1536 2184 1563 hae
2202 1538 2303 1568 incuria
2313 1542 2432 1570 laborm-e

293 1566 370 1591 Dotis
384 1565 477 1590 modus
493 1566 537 1591 XL
551 1565 636 1591 millia
648 1566 714 1592 aeris
728 1566 787 1592 fuit.
858 1567 888 1592 In
902 1576 957 1601 quo
993 1581 1038 1586 ·—
1074 1566 1155 1593 etiam
1173 1566 1278 1593 habitus
1292 1575 1336 1592 ve-
1397 1568 1484 1594 aiebat
1498 1568 1536 1593 M.
1550 1567 1708 1599 Lucullum,
1724 1573 1749 1593 et
1763 1567 1873 1601 piscinas
1885 1568 1941 1594 eius
1955 1568 2113 1604 despiciebat
2146 1574 2217 1607 quod
2229 1575 2362 1604 aestiuaria
2375 1578 2432 1605 ido-

292 1607 378 1626 terum
408 1600 630 1633 patrimoniorum
661 1602 783 1635 cognosci
814 1602 913 1636 potest,
942 1605 960 1629 i.
982 1609 1074 1637 qchnta
1093 1601 1136 1635 este
1156 1603 1334 1638 corisaeuermt.
1348 1613 1385 1638 40
1398 1612 1446 1629 nea
1459 1611 1513 1628 non
1527 1602 1650 1634 haberet,
1670 1603 1739 1628 acin
1750 1602 1867 1637 residem,
1879 1612 1989 1638 aquam,
2010 1611 2036 1632 et
2054 1593 2315 1642 locis⁹pestilentibus
2332 1612 2435 1640 habita.

293 1637 324 1662 ΕΙ
344 1643 370 1667 9,
385 1643 397 1660 2
408 1642 449 1669 pr.
470 1634 641 1661 Crudelitatis
655 1636 778 1662 horridus
798 1637 902 1663 habitus
913 1658 920 1669 ,
940 1637 1086 1664 truculenta
1106 1639 1211 1672 species.
1305 1638 1336 1663 Et
1398 1643 1456 1665 rent
1469 1639 1548 1673 pisces
1562 1639 1626 1664 eius.
1732 1638 1789 1664 Cic.
1803 1638 1834 1664 de
1848 1638 1883 1665 N.
1898 1640 1930 1666 D.
1943 1648 1969 1672 2,
1981 1648 2013 1673 95
2049 1642 2075 1669 Si
2094 1644 2189 1676 ess'ent,
2208 1645 2294 1681 inquit
2327 1649 2375 1682 'qui
2387 1648 2435 1675 sub

294 1679 320 1702 9,
336 1679 347 1702 3
363 1676 413 1696 ext.
428 1678 440 1701 3
458 1670 539 1709 Tunc
554 1671 622 1697 inter
635 1680 676 1696 eas
690 1672 749 1698 fore
763 1672 841 1697 finem
856 1672 937 1704 belli,
956 1682 1014 1698 cum
1029 1674 1154 1699 alterutra
1167 1674 1228 1700 vrbs
1249 1674 1277 1699 in
1293 1672 1336 1698 ha·
1399 1680 1470 1701 terra
1483 1675 1583 1708 semper
1599 1673 1754 1700 habitassent
1776 1674 1854 1700 bonis
1878 1681 1904 1701 et
1926 1675 2075 1704 illustribus
2097 1678 2248 1707 domiciliis.
2301 1667 2310 1697 ’ν
2353 1683 2436 1710 Plaut.

292 1706 378 1732 bitum
393 1705 508 1739 pulueris
521 1706 580 1731 esset
594 1706 705 1732 redaCta.
815 1708 845 1732 Et
859 1716 886 1739 9,
900 1717 912 1740 ς
927 1714 978 1733 ext.
988 1717 996 1733 1
1015 1709 1107 1742 Spreto
1121 1709 1228 1734 mortali
1242 1708 1335 1734 habitu
1399 1709 1491 1736 Bacch.
1508 1719 1532 1739 2,
1545 1713 1614 1744 2,'27
1636 1710 1775 1736 Proximae
1789 1710 1902 1736 viciniae
1921 1710 2032 1737 habitat.
2146 1710 2274 1742 Habitare
2293 1717 2359 1743 tanti
2388 1711 2453 1753 pm<

290 1741 413 1766 diuinum
429 1740 571 1766 aemulatus
584 1740 620 1767 est
633 1741 661 1767 de
673 1741 824 1768 Alexandro.
934 1742 995 1767 Vm'e
1010 1746 1081 1767 etiam
1092 1745 1169 1777 plura
1181 1744 1209 1768 de
1222 1744 1268 1769 hac
1281 1752 1338 1768 voce
1399 1747 1431 1771 In
1452 1745 1550 1770 aedibus
1571 1749 1674 1770 maximi
1689 1746 1787 1779 januas
1802 1756 1809 1770 .·
1844 1752 1868 1771 et
1889 1746 2017 1774 Habitare
2030 1748 2140 1782 triginta
2154 1751 2271 1778 millibus
2306 1750 2339 1784 qs!
2353 1737 2446 1781 liliata?

290 1776 364 1809 apud.
381 1777 497 1801 Bcrnart.
511 1775 545 1800 ad
558 1776 629 1801 emus.
684 1777 744 1803 Stat.
757 1776 847 1803 Theb.
862 1784 887 1811 7,
902 1784 951 1803 222
978 1777 1028 1802 His
1042 1777 1087 1803 ille
1101 1777 1197 1803 auditis
1211 1784 1336 1802 mentem·
1350 1786 1383 1811 45
1396 1782 1507 1813 triginta
1516 1786 1564 1812 pro
1579 1779 1730 1805 habitatione
1742 1779 1808 1805 clare.
1844 1780 1910 1812 Plin.
1927 1789 1965 1812 1¹7,
1980 1790 1998 1807 ι.
2043 1784 2100 1809 Vici.
2115 1785 2169 1811 Cic.
2183 1795 2231 1819 pro
2244 1771 2314 1813 Ca'ei.
2329 1796 2353 1819 17
2438 1780 2442 1783 ²

291 1819 343 1843 que
358 1809 530 1843 habitumque
543 1811 650 1843 recepit.
721 1814 759 1837 De
772 1812 919 1844 differentia
931 1815 996 1838 inter
1010 1812 1139 1839 Habitum
1151 1821 1174 1838 cs
1194 1811 1336 1838 Habitudi-
1397 1814 1425 1840 in
1439 1813 1539 1839 Sallust.
1554 1822 1593 1846 14.
1709 1814 1805 1847 Neque
1818 1820 1906 1840 tamen
1917 1807 1971 1841 non
1985 1817 2013 1841 in
2027 1818 2120 1850 primis
2135 1819 2199 1845 bene
2213 1821 2343 1850 habitauit
2358 1808 2412 1850 'Ne

290 1853 350 1870 nem
368 1846 420 1879 egit
440 1845 556 1869 Pricaeus
575 1845 609 1868 aa!
625 1845 701 1877 Apul.
717 1846 780 1871 Met.
795 1855 804 1871 1
819 1856 843 1879 p.
857 1855 891 1878 ις,
906 1855 929 1872 12
948 1847 996 1872 Tu
1010 1854 1096 1873 autem
1110 1849 1170 1879 vir,
1188 1853 1216 1873 vt
1231 1847 1336 1873 habitus
1397 1849 1425 1875 in
1438 1849 1517 1874 Attic.
1532 1857 1552 1874 c.
1570 1856 1602 1880 13.
1708 1848 1779 1875 Laxe
1793 1855 1817 1875 et
1830 1849 1967 1883 magnifice
1988 1851 2044 1877 Cic.
2058 1862 2105 1886 pro
2118 1854 2205 1882 Domo
2220 1865 2266 1883 11·.
2358 1859 2418 1886 Hab

289 1886 315 1906 et
330 1879 457 1905 habitudo
471 1878 665 1910 demonstrant,
684 1886 801 1905 ornatus.
876 1882 967 1914 Nempe
988 1881 1094 1907 habitus
1114 1885 1140 1907 in
1160 1883 1252 1907 talibus
1264 1889 1336 1907 extra
1396 1890 1452 1910 tare
1465 1886 1538 1909 etiam
1552 1884 1645 1908 dicitur
1659 1882 1687 1908 de
1701 1885 1743 1915 Eo,
1756 1888 1799 1918 qui
1810 1886 1900 1910 multus
1913 1889 1939 1910 in
1954 1888 2038 1920 aliqua
2051 1897 2077 1913 re
2091 1888 2134 1920 est,
2144 1890 2172 1915 de
2184 1900 2231 1925 qua
2245 1874 2271 1917 ie
2278 1893 2324 1918 vid
2339 1894 2409 1930 Casa(

289 1923 379 1950 corpus
399 1912 447 1947 est,
465 1916 546 1939 cultm
564 1918 675 1948 corporis
688 1924 698 1943 ,¹
736 1913 866 1940 habitudo
879 1914 965 1950 figura
979 1916 1023 1941 illa
1034 1915 1110 1950 ipsiur
1123 1919 1248 1949 corporis,
1267 1925 1336 1949 quem
1398 1918 1432 1943 ad
1450 1917 1561 1950 Thophr.
1575 1916 1692 1942 Charafl.
1701 1925 1730 1951 p.
1744 1925 1797 1951 ¹87·
1885 1920 1973 1945 Video
1987 1921 2055 1952 iam,
2080 1931 2134 1954 quo
2153 1925 2256 1953 inuidia
2268 1913 2381 1955 tran-seat

292 1950 411 1977 habitum
426 1952 577 1984 antiquiores
593 1950 686 1975 dixere.
728 1951 786 1975 lad.
807 1955 989 1975 HABITVDO.
1071 1951 1144 1975 7Ι.,ἰιι.
1160 1955 1244 1984 1‚8pr.
1261 1951 1336 1982 Qlae
1353 1956 1383 1981 30
1399 1951 1445 1978 vbi
1460 1951 1489 1976 sit
1502 1951 1651 1976 habitatura
1669 1951 1724 1977 Cic.
1739 1953 1791 1977 Ait.
1806 1960 1832 1983 2,
1848 1960 1875 1983 9.
1980 1955 2052 1983 Idem
2066 1955 2178 1993 Phjljpp·
2196 1968 2220 1986 12
2239 1970 2276 1988 112
2295 1949 2347 1990 {fic
2359 1950 2411 1993 eda

290 1987 327 2012 ita
349 1986 434 2012 saneta
453 1985 543 2019 generi
564 1984 704 2010 hominum
726 1984 818 2018 agresti
838 1984 898 2010 fore
910 1991 997 2017 ratus,
1016 1984 1033 2010 fi
1050 1986 1141 2019 seipse
1157 1984 1336 2011 venerabilem
1398 1987 1516 2012 fautores
1531 1986 1657 2018 Antonii,
1678 1995 1792 2020 quorum
1806 1987 1834 2012 in
1850 1987 1925 2013 vultu
1938 1987 2056 2016 habitant
2074 1993 2146 2019 oculi
2165 1981 2230 2022 mei³
2254 1998 2370 2026 tristiore

290 2021 435 2055 insignibus
461 2020 569 2054 imperii
589 2020 702 2051 fecisset,
722 2029 782 2045 cum
802 2028 905 2046 caetero
927 2020 1020 2047 habitu
1042 2021 1066 2046 se
1087 2021 1265 2055 augustiorem
1279 2026 1336 2046 tum
1400 2022 1503 2048 debam.
1540 2022 1565 2048 h.
1580 2031 1598 2047 e.
1623 2022 1689 2056 Qaeos
1697 2022 1793 2056 stmper
1806 2026 1913 2049 intueor.
1985 2025 2040 2051 Cic.
2054 2025 2086 2052 de
2097 2028 2167 2056 Clar.
2184 2017 2250 2058 0th
2272 2042 2317 2065 305
2340 2010 2452 2068 Dissexffl‘l

292 2059 408 2083 maxime
422 2056 561 2082 lictoribus
575 2055 716 2081 duodecim
734 2055 824 2080 sumtis
839 2055 911 2080 fecit.
982 2056 1140 2082 Animorum
1159 2056 1265 2082 habitus
1280 2064 1338 2090 per·
1400 2057 1507 2092 quidem
1520 2057 1549 2083 C.
1565 2057 1659 2083 Varius
1690 2058 1718 2084 C.
1734 2057 1838 2090 Carbo,
1859 2059 1906 2084 Cn.
1921 2059 2075 2094 Pompeius,
2094 2069 2119 2090 et
2131 2065 2153 2091 ii
2166 2053 2273 2100 quidex-1¹1
2286 2055 2438 2100 habitabat-ff

292 2093 401 2127 spiritur
415 2100 445 2117 ex
462 2091 572 2125 ingressu
584 2091 712 2124 vultuque
737 2089 868 2123 Qiine'fil.
885 2098 917 2121 11,
930 2098 951 2121 3,
965 2092 1007 2116 66.
1089 2091 1218 2124 Corporis
1233 2091 1338 2128 habitus
1400 2094 1429 2119 in
1442 2093 1542 2118 rostris.
1620 2092 1653 2118 Ci
1671 2111 1677 2118 .
1693 2102 1742 2127 pro
1750 2094 1866 2119 Min-aen,
1876 2102 1900 2120 21
1917 2095 1983 2121 cum
1996 2097 2039 2129 ijs,
2053 2098 2098 2132 qui
2113 2099 2140 2125 jn
2155 2096 2216 2128 sepo
2230 2103 2345 2132 habitan
2355 2113 2383 2134 nt
2405 2106 2438 2135 d.

292 2127 425 2161 Qiinffll.
440 2137 467 2160 4,
481 2136 503 2158 2,
518 2135 529 2159 5
544 2134 607 2163 εισ.7
662 2127 839 2152 Fortunarum
866 2126 933 2151 Hor.
949 2124 980 2150 de
996 2126 1059 2150 Arte
1077 2126 1147 2151 Po‘e't.
1165 2133 1219 2157 109.
1292 2126 1337 2150 Li·
1354 2132 1382 2157 55
1400 2127 1527 2160 dignitate
1540 2128 1687 2153 contendas.
1723 2132 1741 2153 i.
1762 2130 1813 2164 Qui
1832 2133 1859 2155 in
1874 2130 1972 2164 sanast
1995 2139 2194 2163 commentatione
2213 2139 2303 2174 aſj'idui
2346 2117 2352 2133 Ι
2384 2116 2440 2170 ἠις

292 2171 408 2189 terarum
422 2170 447 2188 et
463 2163 566 2188 habitus
580 2169 605 2188 et
617 2162 723 2188 nomina
737 2161 834 2196 pariter
846 2159 1026 2187 edocebuntur
1045 2160 1122 2194 pueri
1153 2159 1262 2193 Qun&
1278 2168 1303 2191 1,
1317 2168 1338 2191 1,
1399 2163 1430 2188 In
1443 2162 1528 2187 oculis
1547 2162 1603 2187 Cic.
1618 2162 1670 2187 Att.
1682 2171 1710 2194 4,
1725 2168 1750 2192 18
1763 2171 1829 2190 extr.
1841 2165 1890 2199 sed
1902 2166 1932 2191 ab
1944 2168 2002 2192 aliis
2015 2178 2062 2194 non
2075 2171 2174 2206 legitur.
2246 2153 2437 2208 Moenigegubi

293 2207 332 2230 25.
403 2198 478 2231 Virg.
504 2198 567 2224 Aen.
593 2202 616 2228 8,
638 2205 683 2231 723
718 2212 764 2216 —
798 2196 925 2222 Incedunt
939 2195 1027 2222 vidiae
1038 2195 1119 2230 longo
1132 2196 1226 2222 ordine
1238 2200 1338 2228 gentes,
1398 2202 1487 2222 tantur
1499 2197 1587 2221 Graiis
1606 2197 1680 2230 Virg.
1694 2199 1758 2223 Aen.
1771 2207 1795 2230 3,
1807 2204 1862 2230 398-
1968 2201 2057 2229 Nobis
2071 2204 2235 2236 habitabitur
2247 2219 2264 2237 ο
2281 2211 2306 2238 b'
2352 2214 2358 2240 l
2372 2188 2399 2240 ia
2424 2211 2432 2221 ³

293 2235 381 2267 Qzam
395 2234 483 2259 variae
496 2232 608 2264 lineuis,
628 2231 720 2258 habitu
733 2239 786 2258 tam
802 2232 902 2263 Vestis,
923 2238 947 2257 et
966 2231 1055 2257 armis.
1162 2229 1293 2264 Qrinc‘til.
1308 2230 1337 2255 in
1398 2231 1480 2258 Ouid.
1493 2230 1579 2257 Trist.
1593 2239 1613 2262 1,
1628 2240 1647 2262 1,
1664 2239 1717 2265 ¹27·
1825 2233 1932 2266 Ageflus
1945 2234 2077 2264 habimus
2091 2242 2210 2276 quinque
2225 2221 2350 2276 foclisli-lv
2362 2220 2371 2240 t
2384 2208 2449 2287 Ἐξ

294 2278 412 2303 prooem.
428 2273 440 2297 8
459 2268 507 2293 Res
520 2267 569 2293 illo
582 2267 731 2293 Verborum
746 2267 838 2293 habitu
852 2267 1009 2293 vestiuntur.
1081 2265 1194 2300 Opimus
1208 2265 1337 2300 corporis,
1400 2276 1419 2300 1,
1435 2275 1474 2300 14,
1489 2275 1513 2292 2.
1585 2266 1699 2300 Mapalia
1712 2266 1827 2294 habitata
1841 2269 1906 2294 raris
1919 2270 1994 2296 tediis
2014 2272 2086 2305 Virg.
2101 2275 2188 2310 Georg
2211 2288 2224 2311 3
2338 2259 2387 2311 ori,
2401 2269 2440 2312 ff*

292 2304 345 2331 vid.
365 2310 493 2330 OPIMVS.
580 2302 730 2335 Pastoralis,
750 2302 802 2328 vid.
817 2302 969 2333 Pastoralis,
986 2305 1013 2327 in
1029 2308 1138 2328 PASCO.
1221 2302 1335 2327 Trium·
1349 2304 1384 2328 60
1397 2312 1424 2336 4,
1441 2311 1467 2335 52
1486 2302 1593 2327 Tecum
1608 2301 1697 2327 habita
1713 2313 1719 2327 :
1755 2304 1844 2336 noris,
1861 2312 1939 2338 quam
1952 2305 1983 2330 sit
1994 2305 2044 2330 tibi
2059 2314 2131 2335 curta
2144 2289 2313 2346 fimbeffisso'.
2333 2293 2402 2345 dfe
2426 2304 2434 2312 '

292 2339 377 2374 phalis
398 2337 528 2372 Quinctii,
543 2345 655 2372 10,1pr.
771 2337 844 2363 Idem
860 2346 892 2369 11,
906 2347 926 2369 3,
939 2340 972 2363 62
997 2338 1054 2363 Vox
1076 2346 1155 2371 quem
1179 2336 1299 2364 habitum
1320 2345 1336 2362 a
1397 2345 1434 2364 ter
1458 2344 1496 2367 te,
1514 2344 1616 2372 tuasque
1639 2341 1707 2363 vires
1729 2338 1822 2373 ⁶⁰²¹fi‘le
1835 2349 1843 2363 .·
1878 2346 1907 2364 vt
1927 2341 1992 2365 alias
2012 2344 2141 2377 queritur,
2171 2348 2202 2373 In
2224 2351 2251 2375 se
2279 2328 2378 2380 agree-'n'
2397 2329 2436 2353 m-

292 2375 387 2400 nostris
401 2374 536 2407 (animis)
553 2373 696 2407 acceperit,
717 2372 784 2398 hunc
806 2373 922 2398 iudicum
944 2372 1039 2398 animis
1060 2372 1141 2398 dabit.
1245 2372 1338 2399 Tacit.
1396 2373 1539 2400 neminem.
2388 2363 2434 2382 “e
2458 2367 2460 2399 l

291 2410 358 2436 Hist.
375 2418 392 2438 ι,
408 2414 438 2439 28
458 2408 534 2442 rsque
549 2407 654 2434 habitus
667 2409 828 2435 animorum.
900 2409 1046 2442 Concipere
1059 2414 1147 2434 mente
1160 2407 1280 2434 habitum
1296 2408 1339 2434 de·
1435 2415 1456 2434 H
1466 2415 1488 2434 A
1498 2413 1590 2434 ΒιΤΑ
1600 2413 1621 2432 N
1631 2414 1661 2439 s,
1680 2407 1756 2433 antis.
1790 2408 1881 2435 Partic.
1918 2409 2063 2438 Pithecusas
2083 2411 2256 2444 habitantium
2274 2421 2381 2450 nomine
2393 2423 2421 2452 di
2458 2407 2460 2439 l
2472 2426 2473 2431 ¹

293 2445 429 2472 clamantis
453 2443 583 2476 Qunc‘iil.
602 2452 622 2475 1,
639 2452 659 2469 :¹-
766 2444 930 2470 Constitutus
942 2444 1025 2469 animi
1045 2443 1150 2470 habitus
1175 2444 1247 2470 Idem
1259 2452 1292 2476 4,
1313 2452 1336 2470 2.
1398 2443 1451 2470 &as
1469 2442 1550 2470 Ouid.
1566 2443 1630 2468 Met.
1644 2451 1684 2475 14,
1695 2451 1738 2474 90.
1773 2443 1846 2479 Conf.
1868 2444 1943 2478 Virg.
1958 2446 2055 2481 Georg.
2070 2456 2093 2480 3,
2106 2458 2165 2482 430.
2198 2459 2221 2478 et
2235 2454 2290 2482 Aen
2306 2465 2328 2483 ιι
2345 2461 2375 2485 26
2391 2463 2394 2469 ¹
2421 2441 2433 2447 ⁵
2458 2463 2472 2480 ¹

291 2481 401 2514 Fingere
414 2480 438 2506 se
453 2480 480 2504 in
495 2479 615 2504 habitum
629 2478 804 2511 adulationis,
824 2479 1022 2511 admirationis,
1042 2485 1125 2505 metus
1144 2479 1252 2513 Quin&
1269 2487 1301 2510 ιι,
1315 2487 1337 2510 3,
1351 2480 1382 2513 65
1434 2487 1454 2506 H
1464 2485 1510 2505 AB
1524 2485 1529 2503 Ι
1542 2484 1592 2504 TA
1603 2484 1623 2503 Τ
1637 2484 1645 2502 1
1658 2484 1694 2509 Ο,
1714 2478 1783 2504 onis.
1804 2479 1823 2504 f.
1858 2479 1998 2514 [οι’κισμο’ς,
2020 2485 2195 2521 miramo-stads]
2230 2475 2312 2516 Actu-›-
2323 2467 2434 2520 gabrian-

293 2523 330 2548 83.
425 2514 508 2541 Ouid,
524 2514 610 2540 Trist.
627 2523 645 2545 1,
660 2522 677 2543 1,
691 2522 709 2546 4
728 2514 762 2539 ad
772 2515 954 2550 librumJimm,
974 2514 1061 2546 Vade,
1080 2514 1123 2540 sed
1136 2515 1259 2545 incultu&
1274 2522 1336 2547 qua-
1398 2514 1434 2541 di.
1472 2514 1545 2540 Caes.
1559 2513 1587 2538 B.
1603 2513 1632 2538 C.
1646 2520 1668 2544 3,
1681 2521 1708 2538 21
1725 2513 1905 2540 Habitationis
1919 2523 2026 2543 merces.
2062 2521 2123 2546 Item
2131 2524 2263 2556 proDomo
2274 2533 2297 2551 et
2307 2527 2357 2554 Ioco
2384 2532 2436 2556 uem·

293 2552 344 2578 lem
358 2550 431 2577 decet
446 2550 531 2576 exulis
545 2550 609 2582 esse,
643 2549 739 2576 infelix
754 2549 874 2575 habitum
889 2549 1016 2583 temporis
1032 2549 1109 2576 huius
1123 2550 1198 2576 habe.
1245 2549 1337 2575 Tacit.
1396 2550 1544 2578 habitamus.
1578 2548 1709 2574 Columel.
1724 2557 1743 2580 ι,
1759 2550 1775 2573 6
1791 2548 1890 2575 Villico
1901 2550 1974 2577 iuna
1988 2552 2094 2580 ianuam
2110 2555 2154 2582 fiat
2169 2555 2308 2588 habitatio.
2368 2538 2437 2592 qpffl

295 2588 360 2613 Ann.
375 2597 398 2618 4,
414 2595 441 2612 12
465 2586 612 2616 Habitum,
629 2593 658 2611 ac
680 2593 758 2611 voces
778 2584 925 2611 dolentium
949 2584 1116 2612 flmnlatione
1139 2584 1238 2618 magis,
1257 2592 1336 2618 quam
1400 2585 1572 2611 Habitationis
1585 2583 1700 2609 mercede.
1733 2583 1802 2609 Suet.
1821 2584 1847 2609 in
1862 2585 1934 2612 Caes.
1942 2592 1998 2618 0-38
2014 2589 2134 2617 Annuam
2153 2592 2231 2619 etiam
2245 2594 2437 2628 habitationem

294 2623 378 2648 libens
393 2621 529 2647 induebat.
600 2621 749 2647 Mutauerat
762 2620 882 2646 habitum
896 2620 950 2646 oris
972 2621 1068 2646 Lucan.
1076 2629 1179 2652 9,1034.
1250 2619 1337 2652 Qiin-
1397 2621 1497 2648 Romae
1523 2626 1604 2652 vsque
1621 2618 1652 2644 ad
1671 2619 1733 2644 bina
1752 2619 1838 2645 millia
1855 2620 1982 2655 numfim,
2003 2624 2031 2650 in
2044 2625 2120 2652 Italia
2132 2636 2185 2653 non
2199 2629 2266 2656 vltra
2298 2633 2343 2659 uin
2362 2630 2437 2664 ento&

294 2658 350 2684 eiii.
366 2667 393 2689 4,
408 2665 422 2682 2
442 2655 555 2682 Ditlicile
570 2656 605 2682 est
618 2655 695 2681 nobis
710 2662 812 2681 mutare
826 2655 947 2682 habitum
963 2656 1046 2682 animi
1061 2655 1138 2681 semel
1159 2654 1382 2690 constinnum.70
1397 2654 1527 2680 sestertios
1540 2652 1639 2679 remisit
1653 2663 1659 2679 :
1692 2663 1740 2680 non
1753 2653 1782 2680 de
1791 2655 1837 2690 Jiw
1850 2658 1958 2692 largitus
1965 2665 2044 2693 puto,
2056 2661 2106 2695 fid
2117 2662 2146 2688 de
2157 2673 2216 2690 arca
2228 2641 2381 2696 domqmmgm
2407 2666 2436 2699 υὶ

292 2694 397 2719 Mutare
410 2693 434 2717 se
450 2691 543 2717 babitu
558 2697 582 2717 et
598 2691 673 2722 loco,
693 2690 746 2716 uid.
760 2697 868 2717 MVTO.
941 2691 1071 2724 QuineTil,
1086 2699 1109 2723 3,
1122 2699 1138 2725 7
1164 2692 1197 2716 Vt
1210 2689 1228 2716 si
1242 2691 1269 2715 in
1284 2690 1337 2715 lau-
1394 2693 1423 2717 in
1433 2693 1504 2716 nouis
1524 2689 1622 2715 tabulis.
2286 2714 2288 2717 ,
2381 2690 2390 2703 ’
2414 2715 2418 2721 ,

296 2728 327 2754 de
342 2727 464 2753 Herculis
477 2732 652 2760 permutatum
667 2735 726 2752 cum
739 2727 831 2760 regina
843 2726 941 2757 Lydiae
953 2726 1073 2752 habitum
1082 2745 1090 2758 ,
1108 2732 1134 2752 et
1149 2726 1275 2760 imperata
1292 2730 1338 2756 (vt
1433 2732 1453 2751 H
1462 2732 1482 2752 A
1493 2732 1508 2751 Β
1518 2732 1527 2750 1
1539 2730 1561 2750 Τ
1573 2731 1594 2751 Α
1603 2730 1625 2750 Τ
1638 2732 1647 2751 ι
1660 2730 1680 2749 v
1689 2731 1712 2750 N
1722 2730 1739 2750 C
1754 2730 1772 2750 v
1783 2732 1799 2751 L
1808 2732 1846 2758 A,
1864 2735 1902 2754 ae.
1916 2728 1936 2755 f.
1957 2729 2058 2757 Dimin.
2077 2731 2188 2760 Hieron.
2201 2734 2230 2762 in
2241 2735 2318 2765 Obad
2334 2740 2401 2768 Com

294 2762 426 2793 traditur)
442 2763 518 2796 pensa
533 2762 631 2787 Orator
643 2762 755 2787 excuset.
826 2761 995 2787 Praetendere
1010 2761 1130 2788 habitum
1144 2769 1160 2787 a
1172 2762 1280 2787 caeteris
1289 2761 1339 2787 dis·
1396 2768 1418 2794 5.
1455 2768 1478 2787 et
1491 2760 1604 2786 Saluian.
1620 2759 1689 2786 Gub.
1703 2769 1716 2793 ς
1729 2769 1752 2794 p.
1768 2767 1822 2795 179.
2320 2758 2326 2765 ⁸

293 2799 446 2825 sentientem
467 2796 597 2830 Quinctil.
610 2797 637 2822 in
649 2805 768 2830 prooem.
783 2805 802 2822 1.
905 2797 1005 2823 Probus
1020 2797 1127 2827 habitu,
1142 2796 1249 2832 Aspen?
1257 2795 1340 2823 sexter—
1434 2803 1453 2822 H
1463 2803 1484 2822 A
1494 2803 1509 2823 B
1520 2804 1528 2822 1
1539 2803 1559 2822 'r
1569 2803 1590 2822 A
1602 2801 1619 2822 C
1630 2794 1651 2821 &7
1662 2803 1678 2822 L
1688 2802 1708 2821 V
1718 2803 1757 2826 Μ,
1777 2797 1794 2823 i.
1814 2806 1839 2823 n.
1879 2797 1945 2824 Idem
1956 2806 1984 2825 at
2001 2810 2029 2826 ue
2043 2802 2182 2831 Habitatio.
2219 2806 2275 2833 Gell
2304 2816 2315 2824 ³
2337 2819 2347 2837 1
2385 2811 2412 2838 H

292 2843 325 2860 na
347 2833 426 2859 Plaut.
441 2833 520 2858 Stich.
537 2841 557 2864 1,
572 2841 594 2863 2,
610 2840 634 2857 2.
1354 2839 1385 2867 75
1397 2831 1544 2858 bitaculum
1576 2831 1669 2858 leonis.
1749 2832 1906 2860 Habitacula
1931 2809 2040 2869 priisina
2070 2839 2151 2872 gestet
2186 2826 2324 2870 Priadent„
2339 2819 2367 2872 lii
2385 2857 2409 2874 m
2426 2841 2428 2843 ’

331 2875 351 2894 H
364 2875 385 2896 A
396 2875 460 2895 ΒΙΤ
471 2870 563 2900 V'Do,
589 2867 648 2893 inis.
681 2867 701 2892 f.
736 2867 826 2902 [ιχέσις
841 2866 922 2893 Glofs.
937 2867 982 2894 Gr.
998 2868 1054 2893 Lat.
1075 2867 1134 2902 ἵξις,
1147 2868 1246 2903 χῆμαι]
1283 2867 1338 2903 Ipse
1377 2867 1380 2870 ⁴
1396 2867 1507 2901 Exsequ.
2301 2863 2308 2871 ⁸
2367 2857 2383 2879 y
2401 2890 2403 2892 .
2422 2879 2424 2882 r
2443 2869 2450 2887 ⁴.

295 2907 406 2939 corporis
419 2904 516 2930 habitus
524 2906 661 2938 proprius,
678 2912 693 2928 a
705 2906 770 2927 cultu
784 2906 903 2928 exteriore
915 2903 1000 2929 habitu
1014 2903 1134 2938 diuersas.
1188 2903 1254 2929 Ter.
1271 2903 1336 2929 Eun.
1433 2910 1453 2929 H
1463 2910 1484 2929 A
1494 2909 1527 2929 B=1
1537 2909 1558 2929 Τ
1568 2904 1588 2928 ,R
1597 2909 1618 2929 T
1630 2908 1650 2928 0
1661 2909 1679 2928 R
1688 2922 1697 2934 ,
1725 2904 1788 2929 bris.
1825 2913 1861 2930 m.
1897 2904 2023 2939 [οἰκητῆς,
2049 2907 2164 2941 afnima]
2199 2913 2293 2941 Incola.
2331 2917 2380 2944 Cic
2404 2901 2449 2946 dg]

296 2948 318 2970 2,
332 2949 353 2969 ε,
368 2948 388 2965 ιι
428 2939 484 2971 Qii
515 2939 606 2970 color,
625 2938 713 2969 nitor,
732 2937 854 2967 vestitus,
878 2947 944 2972 quae
975 2938 1106 2965 habitudo
1133 2938 1168 2964 est
1199 2939 1336 2972 corporis?
1398 2938 1434 2965 N.
1447 2939 1478 2964 D.
1495 2947 1519 2969 2,
1534 2946 1580 2969 140
1593 2948 1614 2964 c.
1629 2940 1659 2970 56
1677 2937 1741 2964 Non
1758 2945 1786 2965 vt
1799 2939 1899 2966 incolae
1912 2947 1990 2975 atque
2005 2937 2164 2969 habitatores
2179 2956 2185 2971 :
2204 2948 2246 2973 sed
2283 2957 2320 2977 etc
2381 2937 2412 2981 ’C
2442 2956 2446 2963 ¹

295 2974 587 3006 A11&.adHeren..i,16
606 2973 733 3007 Corporis
748 2972 817 2998 bona
830 2972 968 3000 habitudo.
1012 2974 1187 3000 Continuatio
1200 2974 1337 3001 literarum
1397 2974 1453 3000 riae
1483 2973 1552 2999 Mela
1568 2982 1586 3005 1,
1602 2975 1629 2999 16
1638 2979 1681 3008 pr.
1760 2975 1879 3008 Qtantus
1894 2976 1954 3002 illos
1967 2977 2081 3003 caelestis
2094 2979 2201 3013 spiritus
2215 2963 2450 3017 int’rarit'habitff

295 3010 479 3036 habitudinem
493 3015 583 3035 tenuat
603 3009 679 3043 Apul.
694 3008 770 3042 Apol.
785 3017 807 3042 p.
823 3010 876 3039 276,
889 3017 926 3035 10.
998 3010 1095 3035 Auson.
1110 3010 1182 3035 Grat.
1196 3009 1254 3036 Act.
1267 3018 1306 3042 27,
1321 3018 1336 3036 2
1351 3013 1382 3039 80
1397 3014 1441 3036 tor
1461 3008 1568 3034 Eumen.
1582 3009 1673 3042 Paneg.
1688 3017 1708 3034 c.
1721 3017 1754 3039 ιτ.
1983 3020 1987 3030 x
2431 3016 2449 3046 ’,ζ

295 3046 377 3072 Cuius
392 3054 509 3080 vnquam
543 3060 589 3066 -—
624 3051 668 3071 aut
682 3043 811 3071 habitudo
828 3044 989 3074 cohibitior,
1011 3051 1056 3071 aut
1074 3045 1212 3071 familiaris
1232 3044 1338 3072 habitus
1434 3050 1453 3070 H
1464 3050 1705 3073 ABI'rA'rR1x,
1727 3045 1782 3071 fcis.
1821 3045 1841 3071 f.
1877 3046 2090 3074 AusoncMosell.
2106 3054 2136 3079 82
2159 3052 2206 3079 Tu
2220 3055 2289 3082 mihi
2303 3043 2448 3088 fluminei?

294 3081 492 3107 condecentior.
599 3080 676 3114 Apul.
690 3081 754 3106 Met.
768 3088 784 3112 9
799 3089 823 3113 p.
839 3087 890 3111 233,
905 3088 930 3111 35
974 3080 1089 3112 Qiidam
1108 3090 1231 3115 procerus
1241 3101 1249 3113 ,
1268 3086 1294 3107 et
1308 3086 1336 3107 vt
1398 3079 1539 3106 habitatrix
1557 3079 1623 3105 Nais
1630 3079 1667 3118 „i”
1683 3080 1746 3104 oris.
2367 3104 2369 3106 ,
2432 3108 2443 3120 Γ

294 3117 426 3143 indicabat
440 3116 545 3142 habitus
561 3121 586 3141 et
601 3115 745 3147 habitudo,
765 3115 841 3141 miles
854 3124 867 3140 e
880 3115 994 3148 legione.
1101 3118 1186 3143 Alium
1200 3118 1276 3143 lactem
1288 3120 1338 3142 iam
1434 3123 1453 3142 H
1465 3122 1485 3142 A
1495 3121 1559 3141 B1T
1569 3121 1590 3140 A
1601 3120 1633 3139 131
1652 3121 1658 3138 1
1678 3122 1707 3139 IS
1717 3134 1724 3145 ,
1745 3123 1767 3140 e.
1799 3115 1858 3143 Adi.
1894 3114 2049 3150 [οἶκῆσιμος]
2086 3120 2140 3147 Cic·
2160 3123 2262 3152 Tuscu1
2286 3135 2296 3154 Ι
2342 3136 2352 3143 ¹
2366 3138 2380 3157 c
2401 3126 2445 3158 βά.

293 3152 404 3178 dedimus
415 3161 472 3178 voce
492 3157 632 3177 HABITVS
642 3171 650 3183 ‚
665 3154 708 3187 qui
725 3149 758 3183 est
778 3150 895 3177 Elmenh.
909 3159 932 3184 p.
946 3159 989 3181 111,
1004 3158 1042 3176 20.
1149 3152 1188 3177 Id.
1202 3152 1230 3178 de
1244 3152 1336 3178 habitu
1398 3151 1474 3177 Tum
1488 3156 1513 3176 et
1527 3149 1684 3176 habitabiles
1696 3150 1818 3184 regiones
1829 3156 1855 3177 et
1866 3152 1969 3178 rursum
1981 3153 2055 3179 omni
2070 3156 2158 3191 cultu,
2177 3166 2223 3187 etc.
2246 3173 2249 3177 ·
2265 3146 2272 3153 ⁸
2293 3137 2351 3191 sliri
2381 3150 2388 3157 .
2406 3171 2438 3193 id

293 3188 425 3219 (Elmrnh.
440 3187 471 3213 de
485 3186 656 3218 habitudine)
672 3186 792 3213 Doehin.
807 3187 905 3212 Platon.
913 3193 957 3220 pr.
980 3185 1080 3211 Platoni
1101 3186 1229 3214 habitudo
1242 3197 1334 3222 corpo·
1351 3189 1379 3219 85
1395 3186 1532 3213 Habitales
1548 3185 1627 3212 casae.
2354 3174 2399 3199 '9’
2423 3208 2432 3216 ,,
2456 3191 2457 3195 ’

295 3223 331 3248 ris
351 3224 369 3256 (
371 3222 477 3248 latitudo
494 3222 674 3282 ffapularum)
693 3228 899 3256 cognomentum
924 3220 1005 3249 dedit.
1076 3222 1135 3247 Vet.
1152 3223 1230 3249 Glossz
1252 3224 1336 3249 Habi—
1777 3224 1810 3255 H
1911 3224 1939 3255 A
2039 3227 2066 3258 C

295 3258 360 3284 tudo
373 3259 434 3290 ἵξις,
453 3258 493 3283 Ha
516 3257 566 3282 itus
580 3258 667 3292 χῆμαι,
2432 3283 2436 3296 λ

332 3301 380 3319 ΗΛ
393 3300 426 3320 81
437 3298 524 3322 T10,
544 3293 610 3318 onis.
630 3292 649 3318 f.
688 3292 756 3318 Gcll.
771 3300 789 3322 1,
804 3301 822 3325 4
841 3291 953 3318 Debitio
965 3290 1079 3326 gratiae,
1097 3300 1149 3317 non
1164 3292 1276 3321 habitio.
1433 3300 1455 3320 H
1467 3299 1489 3320 A
1501 3298 1536 3326 C,
1557 3291 1609 3318 vid.
1627 3298 1647 3318 H
1658 3299 1666 3318 1
1677 3296 1706 3318 c.
2428 3297 2429 3302 ¹

333 3336 353 3354 Η
364 3336 384 3354 A
394 3336 408 3355 B
419 3336 427 3353 1
438 3335 487 3354 rrv
497 3334 515 3353 o
527 3347 533 3357 ‚
553 3332 606 3353 are.
644 3328 761 3353 Habitum
774 3328 870 3362 inferre
882 3335 905 3353 et
918 3328 1039 3353 inducere.
1077 3328 1337 3355 Cael.Aurel.Tard.
1436 3336 1456 3354 H
1468 3336 1489 3355 A
1498 3335 1514 3356 c
1523 3335 1543 3354 T
1553 3326 1570 3354 ιέ
1582 3334 1603 3353 Ν
1616 3334 1634 3352 v
1647 3334 1672 3353 s.
1708 3326 1775 3354 Adu.
1810 3327 1904 3361 [μέχρι
1916 3326 1993 3364 vids]
2028 3331 2186 3367 compositum
2196 3346 2225 3363 ex
2238 3338 2294 3366 Hac
2311 3341 2382 3369 Adue
2396 3343 2436 3371 b'o
2452 3356 2455 3363 ·

297 3372 325 3395 4,
340 3369 353 3393 8
375 3363 576 3397 Aegrotantium
590 3363 659 3389 vires
672 3363 831 3389 fortitudine
845 3363 1022 3389 habituantur.
1056 3363 1125 3389 Adtl.
1139 3363 1211 3389 Idem
1225 3373 1242 3393 1,
1255 3373 1282 3396 4.
1350 3371 1386 3395 90
1400 3371 1422 3390 ct
1436 3365 1548 3396 Tenus,
1563 3362 1626 3398 quod
1639 3362 1716 3389 finem
1732 3363 1874 3397 significare
1886 3364 2050 3401 docemus-fil.
2085 3369 2140 3396 Cic.
2154 3371 2186 3397 de
2193 3374 2292 3401 Amicit
2382 3353 2397 3370 r
2411 3353 2420 3370 1
2432 3384 2436 3388 “

333 3406 352 3424 Η
364 3406 383 3425 Λ
395 3406 409 3425 Β
420 3407 426 3425 1
437 3405 457 3424 T
466 3406 486 3425 V
496 3405 514 3424 R
524 3404 559 3424 10
568 3418 576 3430 ,
596 3398 692 3425 Habere
703 3398 818 3432 defidero.
860 3398 941 3425 Plaut.
954 3399 1040 3425 Truc.
1066 3406 1091 3431 1,
1105 3407 1137 3431 2,
1151 3407 1187 3432 47
1204 3399 1230 3425 Si
1243 3400 1339 3426 aratio·
1400 3400 1533 3426 Haeienus
1547 3397 1613 3425 mihi
1627 3399 1721 3426 videor
1734 3398 1765 3424 de
1778 3398 1894 3424 amicitia
1907 3401 1976 3433 quod
1991 3403 2112 3430 sentirem
2126 3408 2237 3439 potuisse
2250 3395 2344 3438 dic'ere‘
2382 3398 2388 3405 ⁸
2403 3392 2434 3441 ΕΞ
2453 3404 2456 3434 l

297 3441 340 3458 nes
355 3433 492 3460 habituris.
1402 3443 1428 3467 55
1443 3445 1464 3461 c.
1479 3444 1504 3468 ις
1517 3441 1578 3461 extr.
1595 3436 1632 3459 ita
1646 3434 1739 3459 claudit
1752 3441 1933 3468 argumentum,
1952 3436 2000 3463 Sed
2014 3437 2076 3465 haec
2091 3439 2223 3470 hactenus.
2327 3432 2433 3476 s'ueton.
2454 3435 2456 3473 l

335 3474 354 3493 H
366 3476 384 3493 Λ
396 3476 410 3495 Β
420 3469 430 3495 ἴ
440 3477 494 3495 LIS
504 3489 511 3501 ‚
528 3477 551 3495 e.
578 3468 640 3495 Adi.
676 3468 836 3503 [adeat-0505,
852 3466 943 3502 δεξιὸς]
980 3469 1122 3496 Commodus
1146 3469 1181 3495 ad
1196 3469 1340 3502 habendum,
1401 3471 1500 3497 Domit.
1508 3480 1527 3497 c.
1536 3471 1564 3496 16
1585 3469 1621 3494 Ac
1629 3469 1691 3494 dum
1703 3468 1874 3508 erulceratam
1889 3471 1915 3496 in
1928 3471 2016 3499 fronte
2030 3483 2166 3509 verrucam
2181 3478 2360 3509 vehementius
2373 3484 2433 3512 scala

299 3501 454 3539 trab‘lamlnm
468 3511 512 3530 etc.
550 3505 646 3538 Aptum
660 3506 840 3544 interpretatur
855 3505 985 3530 Donatus:
1021 3504 1093 3544 quod
1107 3505 1207 3538 optime
1220 3505 1340 3539 quadrat.
1400 3506 1453 3540 pit,
1472 3505 1623 3542 profluente⁵
1639 3505 1777 3545 sanguine,
1796 3506 1908 3536 vtinam,
1930 3507 2032 3545 inquit,
2053 3509 2186 3539 hactenus.
2215 3518 2233 3541 ι’.
2253 3519 2350 3544 vtinam
2363 3523 2435 3547 intra

304 3536 376 3569 Virg.
392 3538 455 3563 Aen.
467 3547 487 3569 1,
501 3547 541 3569 322
578 3540 700 3574 Namque
719 3539 836 3565 humeris
857 3539 888 3565 de
902 3549 978 3566 more
993 3539 1107 3566 habilem
1123 3541 1288 3574 suspenderat
1300 3550 1340 3567 ar·
1353 3547 1385 3572 95
1400 3542 1463 3567 hunc
1474 3541 1546 3577 finem
1560 3537 1672 3572 conjfiat
1679 3543 1811 3574 Jangmms
1825 3550 1868 3566 ηιει
1881 3541 1980 3575 ςθῖψο,
1999 3553 2047 3570 non
2056 3548 2233 3582 progrediatur
2247 3553 2324 3579 vltra.
2365 3553 2434 3582 Geli.⁸

301 3579 370 3610 cum.
476 3574 589 3602 Martial.
610 3585 642 3608 13,
655 3584 696 3615 22·
707 3575 880 3615 Non-habilis
895 3575 992 3615 cyathis
999 3595 1011 3615 ,ι
1028 3581 1053 3602 et
1067 3575 1169 3616 inutilis
1183 3586 1232 3602 vua
1243 3577 1338 3608 Lyaeo.
1403 3585 1435 3609 13,
1444 3586 1476 3609 29
1491 3579 1574 3614 lemma
1583 3574 1666 3614 posim
1673 3593 1685 3615 ⁵.
1701 3573 1763 3600 Non
1778 3574 1901 3602 haCtenus
1914 3578 1962 3603 effe
1975 3578 2079 3611 faciem,
2091 3591 2141 3616 qua
2154 3584 2234 3618 vulgo
2249 3586 2354 3615 dicitur.
2372 3593 2390 3616 i.
2397 3593 2432 3617 Ια-
2454 3589 2456 3615 l

301 3606 358 3632 Cic·
372 3604 403 3631 de
415 3606 488 3631 Orat.
504 3616 522 3636 1,
536 3617 571 3639 231
585 3619 605 3636 c.
621 3619 652 3642 54
673 3611 698 3636 St
712 3611 780 3637 mihi
795 3611 893 3637 calceos
908 3611 1045 3642 Sicyonios
1057 3611 1195 3644 attulisses‚
1215 3621 1270 3638 non
1284 3619 1340 3639 vte·
1397 3615 1449 3638 tius
1457 3612 1750 3647 paterejrgmjzcanonem
1763 3610 1833 3636 hiatus
1842 3614 1969 3645 Nominis,
1986 3621 2010 3640 et
2020 3619 2095 3650 plura
2107 3621 2313 3654 comprehendere,
2354 3646 2356 3648 ,
2383 3626 2398 3652 S

300 3650 360 3680 rer,
377 3642 496 3680 quamuis
510 3643 584 3668 essent
598 3644 696 3671 habiles
709 3653 733 3672 et
752 3647 806 3681 apti
820 3645 852 3672 ad
866 3646 976 3680 pedem,
997 3647 1059 3680 quia
1072 3655 1125 3672 non
1140 3648 1218 3673 essent
1237 3648 1338 3675 viriles.
1400 3647 1462 3674 haec
1477 3647 1509 3673 ha
1538 3654 1600 3672 enus
1616 3655 1622 3670 z
1657 3653 1689 3670 nc
1703 3645 1808 3678 videar,
1826 3654 1871 3673 etc.
1892 3648 1947 3674 Cic.
1964 3650 2017 3676 Att.
2033 3659 2065 3683 13.
2078 3660 2115 3678 21.
2187 3657 2247 3682 Asia
2262 3658 2333 3685 Idem
2341 3659 2431 3688 Dium!

300 3677 357 3702 CN·
372 3676 403 3702 de
418 3676 466 3702 F¹¹¹
488 3679 550 3707 4,ςό
571 3679 599 3704 Et
616 3681 730 3712 primum
745 3682 823 3707 rebus
837 3681 886 3712 his,
896 3690 958 3717 quas
971 3689 1024 3707 non
1039 3682 1118 3707 bonas
1133 3682 1258 3713 dicimus,
1276 3693 1339 3710 con-
1400 3691 1415 3709 2
1432 3692 1453 3709 c.
1468 3692 1512 3715 24.
1579 3680 1625 3706 Sed
1641 3679 1762 3707 haftcnus
1778 3682 1832 3708 Cic.
1847 3685 1898 3710 Att.
1914 3692 1936 3715 5,
1949 3692 1981 3716 13.
2053 3687 2215 3716 Patremfam.
2230 3677 2354 3720 hactenus
2422 3678 2432 3707 ⁷.

299 3711 381 3751 ceint,
400 3716 428 3737 vt
449 3710 606 3738 haberentur
631 3722 718 3748 aptae,
738 3716 854 3749 habiles,
875 3723 901 3744 et
929 3717 962 3744 ad
993 3723 1112 3743 naturam
1142 3718 1470 3752 accommodae.1ooquod
1484 3717 1517 3743 ali
1537 3724 1595 3741 uam
1610 3722 1707 3748 partem
1722 3717 1888 3750 praediOrum
1904 3727 2028 3752 percurro
2042 3721 2106 3748 Plin-
2121 3724 2198 3758 Epist.
2219 3735 2251 3759 9,
2272 3736 2306 3760 ις.
2374 3703 2432 3758 a&

298 3748 372 3781 Vffg-
384 3748 448 3773 Affl-
460 3754 487 3779 9>
500 3749 548 3777 30⁶
1399 3754 1431 3780 de
1445 3753 1572 3787 Diuinq,
1585 3758 1607 3782 ¹3
1643 3752 1696 3785 Qu
1715 3751 1838 3779 haelenus
1855 3753 1958 3788 aliquid
1971 3756 2040 3788 egit,
2058 3763 2087 3782 vt
2100 3766 2189 3786 earum
2201 3762 2330 3789 rationem
2344 3749 2432 3793 reruni
2454 3764 2456 3766 ’

563 3796 606 3801 —
642 3783 761 3824 Humcro
775 3786 848 3812 simul
865 3789 937 3814 exuit
950 3788 1035 3814 ensem
1399 3788 1553 3822 explicaret,
1574 3792 1618 3812 “C-
1690 3788 1760 3814 Idem
1781 3798 1829 3822 P1‘0
1846 3789 1927 3815 Flacc-
1944 3792 1974 3821 3⁶
1987 3800 2007 3816 s·
2019 3798 2045 3822 ¹5
2059 3800 2123 3820 extr,
2160 3803 2183 3820 et
2197 3797 2228 3821 de
2242 3798 2313 3824 Orat.
2327 3808 2342 3826 2
2355 3810 2368 3826 c
2391 3800 2432 3833 27⁴
2453 3801 2454 3818 ³

494 3817 620 3842 Auratum
639 3828 644 3842 :
679 3828 745 3846 mira
758 3829 836 3854 quem
851 3823 945 3849 fecerat
957 3830 1012 3849 arte
1031 3824 1134 3855 Lycaon
1399 3824 1469 3849 Suet.
1484 3822 1548 3848 Ner.
1564 3829 1585 3846 c.
1599 3829 1630 3852 31.
1702 3823 1861 3849 Disiunftum
1876 3835 1883 3848 :
1919 3825 1998 3859 Virg-
2007 3827 2071 3853 Aen.
2087 3837 2109 3860 5,
2123 3832 2171 3861 603
2190 3832 2244 3857 Hac
2256 3821 2383 3862 celebrata
2395 3819 2432 3862 tes

322 3886 328 3891 ι
493 3851 618 3892 Gnosius,
634 3859 711 3892 atque
726 3854 839 3881 habilem
856 3860 945 3891 vagina
959 3866 1057 3892 aptarat
1073 3859 1179 3885 eburna.
1399 3867 1457 3884 nus.
1526 3855 1594 3882 Add.
1616 3856 1682 3885 ibid.
1697 3862 1722 3890 6,
1736 3862 1778 3885 62-
1849 3859 1938 3885 Celsus
1954 3861 1985 3886 de
2000 3862 2143 3890 Vffifruflu
2160 3866 2175 3891 Ι·
2203 3867 2332 3895 Hactenus
2344 3877 2430 3897 tamen

297 3886 357 3913 Liu.
370 3895 394 3921 7,
409 3895 437 3913 10
455 3887 566 3914 Armant
579 3887 640 3914 inde
651 3897 777 3916 iuuenem
788 3893 923 3925 aequales,
940 3894 1056 3928 pedestre
1070 3895 1169 3921 scutum
1182 3895 1266 3930 capit,
1284 3895 1334 3922 Hi·
1345 3898 1423 3930 105vt
1442 3893 1508 3919 sarta
1527 3891 1594 3918 ῐθόἲᾶ
1611 3891 1720 3925 habeat,
1739 3894 1757 3920 fi
1776 3902 1829 3929 qua
1847 3902 1934 3922 tamen
1954 3896 2079 3925 vetustate
2095 3902 2263 3935 corruifl'ent,
2276 3906 2428 3940 neutiquam

2367 3949 2428 3976 cogi
