2479 4225
0 1607 4 1629 i

0 377 2 388 l
44 356 102 390 men
113 361 139 388 in
171 362 192 388 is
207 361 257 391 est,
278 367 303 388 et
318 361 492 388 attributione
505 362 574 388 mihi
592 363 700 389 nomina
715 362 820 396 ignota,
833 357 987 385 conturbor.

8 1730 9 1734 ,
35 1703 106 1731 haud
130 1706 284 1741 explicabili
308 1707 438 1734 mensura.

43 252 109 295 529
421 234 695 278 EXP

43 334 115 355 rum:
165 334 214 352 uae
227 334 376 360 quanquam
395 325 522 360 explicata
540 327 615 359 sunt,
632 332 719 354 tamen
733 325 804 360 quod
823 329 848 350 et
860 321 1013 349 Dolabellae
1026 329 1074 382 po-

1044 366 1074 382 7-

43 397 112 424 detur
124 397 169 437 leg.
178 395 318 429 attributa,
331 397 395 432 quod
406 398 441 423 ali
460 401 498 423 uis
513 398 611 432 accepit
622 405 668 433 pro
681 395 863 435 attributione.
898 393 966 420 Ibid.
982 401 1010 418 10
1030 393 1074 432 Me

44 441 83 461 res
95 431 233 458 familiaris
249 438 352 458 mouet:
373 441 429 458 rem
442 407 519 460 dico?
541 433 624 460 immo
638 442 703 459 vero
717 430 887 461 existimatio,
906 437 987 463 quum
1002 436 1074 453 emm

44 473 113 496 tanta
129 467 232 502 reliqua
251 467 314 500 sint,
335 476 367 493 ne
380 468 526 495 Terentiae
545 468 652 504 quidem
670 467 754 494 adhuc
773 465 845 500 quod
865 465 950 490 solum
970 462 1075 497 expcdi-
1099 472 1113 497 ς

44 509 99 530 tum
112 502 155 530 est.
190 503 247 535 Sic,
266 503 395 537 Impedita
415 505 524 531 nomina
542 505 672 533 dicuntur,
689 503 757 536 Qeae
785 510 832 526 non
859 500 923 536 fimf
952 498 1074 538 expedita.

43 537 171 573 Explicata
183 543 208 564 et
221 539 355 572 explorata
367 540 437 566 ratio
454 540 542 566 salutis
556 541 614 565 suae
632 538 686 565 Cic.
701 539 772 563 Fam.
786 539 812 568 6,
827 545 844 562 1.
916 536 1020 560 Veteris
1033 544 1075 560 cu-

8 574 9 578 ’
42 572 142 601 iusdam
160 575 304 601 memoriae
322 583 376 601 non
394 575 453 602 satis
474 575 599 610 explicata
617 572 766 599 recordatio
792 571 865 597 Idem
880 570 912 596 dc
926 571 999 596 Orat.
1013 578 1034 602 3,
1047 578 1074 602 4.

42 609 74 636 Et
90 607 141 635 Off.
157 617 177 641 1,
189 614 216 641 83
250 610 341 645 quue
354 611 451 645 magis,
470 610 487 637 si
500 611 555 645 plus
569 608 710 643 adipiscare
723 616 752 634 re
766 608 893 641 explicata
907 605 981 637 boni,
996 615 1074 640 quam

42 643 193 671 addubitata
205 645 277 671 mali.

43 680 79 707 Ex
91 678 168 714 longa
180 686 206 706 et
219 681 294 714 graui
308 682 460 708 valetudine
472 679 594 715 explicati
606 678 777 706 motiunculis
796 677 953 710 lenibusque
966 677 1074 702 interim

42 713 143 741 offensis
161 715 371 750 perstringuntur
388 718 446 744 Sen.
465 715 498 742 de
509 716 631 749 Tranqu.
646 715 696 740 An.
716 723 737 741 c.
758 722 780 740 2.
850 712 996 739 Planillimo
1015 711 1074 738 loco

42 750 168 786 explicata
180 751 242 777 vrbs
257 753 311 780 Cic.
327 762 376 787 pro
391 753 420 779 L.
436 753 497 785 Agr.
512 759 534 782 2,
548 758 588 783 95.
945 782 950 787 .

79 792 168 813 ExPL
179 794 187 813 1
199 793 215 813 C
228 787 342 820 fx'rvs,
363 787 400 814 sis.
424 796 460 813 m.
495 785 686 820 [οἶνοέπτυγμοι]
721 784 787 812 Ρ1111.
800 789 822 815 8,
836 791 872 816 42
897 781 1002 816 Qubus
1021 791 1074 809 non

42 820 156 862 vulgaris
173 822 201 849 in
219 823 295 850 cursu
315 823 424 858 gradus,
450 820 493 847 sed
512 820 600 847 mollis
620 820 723 847 alterno
744 828 851 846 crurum
871 820 1001 853 explicatu
1021 819 1074 852 glo.
1093 824 1117 850 15

0 867 2 884 ;
40 862 162 883 meratio.

0 885 7 919 ⁸.
39 892 145 927 geretis,
158 902 238 927 quam
250 895 310 920 esset
322 893 447 924 obscura,
468 898 494 919 et
507 901 586 927 quam
598 890 719 918 difficiles
733 891 874 925 explicatus
888 889 1004 916 haberet.

233 860 282 885 Pro
298 859 485 887 Declaratione,
516 856 573 883 Cic.
586 856 617 882 de
633 856 669 882 N.
685 856 718 882 D.
731 865 753 888 3,
766 864 803 888 94
816 864 838 881 c.
852 863 883 887 39
923 855 957 880 Vt
980 854 1075 880 intelli-

76 934 93 953 E
103 935 120 954 x
131 935 145 954 r
155 935 170 955 L
180 935 334 960 1cA‘r1o‚
356 927 420 953 anis.
444 927 464 953 f.
501 927 669 962 [οἷνοίπτυξις]
706 929 808 962 Proprie
829 926 885 952 Cic.
899 925 931 951 de
945 925 1037 951 Diuin.
1057 934 1075 956 1,

0 970 5 980 ·
40 969 86 997 127
97 971 119 989 c.
135 966 166 996 56
201 964 264 996 Non
279 964 349 990 enim
369 971 435 997 quae
454 963 545 990 futura
563 964 620 989 sunt
641 962 730 989 subito
749 960 876 991 existunt,
896 960 939 986 sed
953 961 988 986 est
1004 961 1072 995 quasi

6 1011 8 1016 ν
39 997 158 1025 rudentis
177 999 332 1034 explicatio,
358 998 391 1024 sic
417 998 550 1024 tradutfftio
573 998 700 1033 temporis
720 997 788 1024 nihil
808 996 875 1023 noui
894 995 1030 1023 efficientis
1049 1003 1074 1023 et
1084 1004 1120 1023 20

38 1033 156 1068 primum
168 1034 286 1069 quidque
297 1033 456 1068 replicantis.
494 1035 560 1060 Hm'c
572 1033 699 1069 respondet
711 1033 754 1059 illa
767 1035 794 1058 in
807 1032 965 1058 Leibnitiana
978 1033 1007 1058 ab
1023 1034 1074 1058 Ior-

36 1067 101 1094 dano
114 1071 197 1104 Bruno
209 1069 366 1105 philosophia
379 1069 502 1105 frequent
514 1069 646 1096 euolutio.
671 1068 824 1103 Καταίςρωσις
847 1069 999 1094 Declaratio.
1020 1068 1074 1094 Cic.

0 1107 2 1115 ¹
38 1102 71 1129 de
83 1104 141 1130 Fin.
154 1113 177 1136 3,
191 1113 221 1138 14
243 1105 412 1139 Manumque
432 1104 464 1131 ad
483 1114 523 1138 ea,
536 1113 602 1139 quae
621 1104 788 1140 quaerimus,
808 1103 949 1138 explicatio
967 1110 1010 1130 tua
1028 1104 1074 1129 ista

55 1139 190 1166 refecerit.
261 1140 354 1166 Facilis
375 1140 525 1174 aliquarum
543 1149 633 1167 rerum
658 1140 731 1166 Idem
744 1139 856 1173 Philipp.
1014 1140 1074 1165 Illu-

61 1173 96 1201 ris
113 1181 139 1201 et
155 1175 285 1210 perpolita
309 1176 348 1202 Id.
368 1174 401 1202 de
421 1176 496 1202 Orat.
516 1184 547 1208 2,
568 1184 622 1202 120.

39 1208 167 1237 Enodatio
179 1211 319 1237 nominum
339 1211 395 1237 Cic.
411 1211 443 1237 de
456 1211 492 1238 N.
508 1211 539 1237 D.
554 1219 575 1243 3,
589 1213 625 1237 62.
638 1220 660 1237 c.
675 1218 716 1245 24.

38 1253 71 1272 ne
87 1245 187 1281 aliquid
206 1247 373 1281 interpretari
386 1246 459 1273 Idem
472 1246 504 1273 de
518 1247 610 1273 Diuin.
631 1255 651 1278 1,
667 1254 721 1278 129.

878 1147 904 1173 7,
926 1147 945 1165 1.

788 1210 906 1237 Naturae
924 1211 1073 1244 explicatio-

792 1245 944 1272 Verborum
963 1247 1075 1280 explica-

0 1307 1 1313 ,
40 1280 81 1308 tio
93 1281 266 1316 probabatur,
288 1285 307 1308 i.
327 1283 383 1318 Qua
397 1282 425 1308 de
436 1282 510 1318 causa
528 1291 633 1318 quaeque
653 1280 727 1315 cffi‘nt
740 1284 882 1313 nominata,
896 1291 966 1317 quam
981 1284 1077 1316 Erymo-

39 1316 128 1352 logiam
139 1317 292 1353 appellabant
304 1318 361 1344 Cic.
375 1317 453 1344 Acad.
468 1326 488 1350 1,
502 1326 541 1350 32.

75 1354 342 1385 E'XPLICATOR,
364 1353 429 1379 oris.
458 1362 494 1379 m.

42 1387 115 1414 Orat.
127 1396 150 1420 31
164 1397 186 1415 c.
198 1396 216 1422 9
251 1388 285 1415 At
303 1387 422 1416 laudatus
441 1388 477 1415 est
497 1387 530 1415 ab
552 1388 693 1420 omnibus,
707 1388 808 1414 fateor:
826 1388 868 1414 sed
883 1388 930 1420 ita,
944 1393 971 1414 vt
986 1396 1075 1414 rerum

40 1423 182 1457 explicator
193 1424 318 1458 prudens,
336 1425 456 1457 seuerus,
477 1424 565 1459 granis
572 1443 587 1456 ,⁷
601 1433 655 1451 non
675 1429 703 1450 vt
723 1423 751 1449 in
769 1423 876 1450 iudiciis
891 1424 1005 1449 versaret
1020 1432 1076 1449 cau-

37 1458 76 1483 sas
84 1477 93 1491 ,
111 1458 153 1485 sed
165 1464 192 1486 vt
204 1459 231 1486 in
244 1459 363 1486 historiis
377 1460 446 1487 bella
459 1465 587 1487 narraret.
641 1459 730 1486 Multo
748 1459 917 1486 commodior
930 1459 1077 1494 explicator

35 1491 109 1520 Idem
124 1493 156 1520 de
168 1495 226 1522 Inu.
240 1503 262 1527 2,
274 1498 291 1522 6
313 1504 335 1522 c.
347 1504 372 1522 2.

71 1532 362 1563 EXPLICAITRIX,
380 1530 439 1557 icis.
464 1530 484 1557 f.
520 1528 706 1564 [ἐναπτυκτὶς]

0 1564 3 1570 '
34 1563 188 1597 explicatrix
208 1566 337 1593 orationis
357 1572 498 1600 perpetuae
517 1565 549 1592 ad
567 1563 777 1599 persuadendum
797 1565 1026 1596 accommodatae,
1051 1574 1076 1591 eo

26 1598 153 1635 senj'ufflt
165 1608 222 1628 ante
229 1602 364 1636 Explicare
377 1602 526 1628 orationem
540 1600 591 1626 dici
600 1603 735 1626 monuimus
748 1600 804 1626 Cic.
817 1600 895 1626 Acad.
910 1609 928 1629 1,
941 1609 968 1632 32
982 1610 1003 1626 c.
1018 1605 1040 1630 8.

70 1641 88 1661 Ε
97 1643 116 1662 x
124 1642 140 1661 Ρ
148 1643 165 1662 L
174 1644 183 1663 1
192 1643 209 1664 c
217 1644 239 1664 A
247 1643 264 1664 Β
274 1636 287 1664 1’
297 1644 313 1663 1.
325 1645 335 1663 1
343 1644 355 1663 s
363 1656 372 1668 ‚
393 1645 416 1663 e.
437 1637 498 1663 Adi.
520 1634 709 1669 [οἷναπτυκτδς]
729 1635 796 1662 Ρ1111,
810 1645 838 1669 4,
854 1644 877 1667 13
899 1636 977 1662 Toto
989 1642 1077 1662 autem

34 1668 86 1695 hoc
111 1672 180 1698 mari
208 1671 240 1698 ad
264 1671 367 1699 Scaldin
390 1672 472 1707 Vsque
493 1672 606 1698 fluuium
617 1691 625 1703 ‚
645 1671 820 1698 Germanicae
837 1671 959 1697 accolunt
979 1678 1077 1705 gentes,

8 1739 10 1767 1
35 1740 104 1767 med.
120 1750 129 1767 1
149 1751 174 1776 p.
191 1751 251 1775 401.

8 1773 10 1791 l

69 1782 87 1801 Ε
95 1783 113 1802 x
125 1783 139 1802 Ρ
151 1783 166 1802 L
181 1784 190 1802 1
201 1783 218 1803 C
226 1779 250 1804 Ᾰ
258 1783 313 1804 ΤΕ.
350 1777 417 1804 Adu.
453 1777 466 1810 [
478 1776 695 1808 οἶνοιπεπτυγμὲνως
707 1776 721 1808 J
758 1776 829 1801 Clare
847 1781 871 1800 et
890 1781 982 1809 aperte.
1020 1776 1076 1801 Cic.

0 1835 3 1838 ,
34 1808 67 1835 de
78 1811 151 1840 Orat.
170 1820 193 1843 3,
209 1820 241 1844 50
260 1821 281 1838 e.
297 1822 326 1844 14
366 1812 423 1844 Qii
444 1811 580 1841 distinete,
600 1810 648 1843 qui
668 1809 811 1842 explicate,
829 1809 877 1842 qui
900 1808 1075 1839 abundanter,

33 1845 81 1879 qui
95 1845 244 1871 illuminate
256 1851 282 1871 et
292 1846 370 1872 rebus
384 1853 410 1871 et
423 1845 512 1871 verbis
527 1844 626 1869 dicunt.

65 1886 131 1906 EXP
141 1881 257 1910 L6D0‚
276 1880 310 1910 si,
329 1880 402 1911 sum,-
416 1881 470 1905 ἐκ.
505 1878 567 1911 [Eme
583 1879 655 1910 οτέω,
673 1876 827 1911 imago-tim]
863 1876 985 1903 Manibus
1003 1885 1072 1903 com·
1087 1881 1121 1907 45
1139 1880 1175 1910 16,
1189 1882 1229 1906 80.

30 1914 109 1950 plosis
128 1914 251 1947 irridere,
278 1921 301 1940 et
323 1913 468 1940 eiiciendum
483 1913 509 1947 fi
528 1889 637 1949 nisti-are.
686 1912 743 1938 Cic.
763 1911 795 1938 de
808 1914 881 1938 Orat.
903 1921 923 1944 1,
942 1921 989 1945 259
1006 1922 1028 1939 c.
1044 1915 1074 1940 61.

30 1951 121 1985 Itaque
134 1959 182 1976 nos
196 1958 288 1976 raucos
302 1950 376 1984 saepe
395 1949 487 1976 attenti
508 1957 558 1974 une
572 1947 660 1974 audiri
673 1947 769 1974 video:
790 1953 862 1974 tenet
877 1949 949 1974 enim
965 1957 1006 1974 res
1020 1948 1074 1982 ipsa

0 1993 3 2023 Ι
31 1991 109 2021 atque
127 1986 213 2012 causa:
238 1991 264 2012 at
277 1986 423 2019 Aesopum,
436 1984 454 2010 si
469 1983 587 2019 paullum
605 1984 763 2010 irraucuerit
773 2002 782 2015 ,
796 1986 807 2015 (
815 1983 954 2009 irrauserit
966 1985 1017 2015 al.)
1032 1992 1075 2009 cx-

0 2706 1 2715 *
30 2699 91 2720 ante
104 2693 258 2719 coniectura
270 2693 359 2728 aliqua
371 2693 446 2719 duc'ii
457 2694 535 2718 efl'ent
549 2692 616 2718 Cels.
632 2701 641 2718 1
653 2693 736 2725 praef.

0 2032 3 2041 v
32 2020 114 2057 plodi.
148 2021 220 2047 Idem
235 2020 267 2047 de
282 2021 375 2047 Diuin.
389 2029 416 2052 2,
430 2022 461 2050 86
486 2019 536 2046 Sed
548 2019 598 2046 hoc
611 2018 720 2053 quidem
734 2027 815 2053 genus
829 2018 1004 2045 diuinationis
1019 2019 1075 2045 vita

36 2058 43 2063 ⁵
446 2055 549 2082 Histrio
570 2054 722 2081 exsibilatur
740 2059 766 2080 et
787 2053 940 2088 exploditur
959 2054 1016 2080 Cic.
1031 2055 1072 2080 Pa·
1088 2059 1119 2085 ςο
1136 2057 1255 2080 nuntiant
1269 2053 1391 2086 hosimus,
1405 2054 1422 2079 1.
1436 2056 1452 2079 6
1465 2052 1488 2090 §.
1502 2053 1684 2088 exploratores
1701 2054 1734 2080 D.
1748 2053 1780 2080 de
1794 2062 1823 2080 re
1842 2054 1921 2081 milit.

32 2065 86 2084 lam
103 2057 249 2083 communis
272 2056 390 2091 explosit.

33 2092 86 2120 rad.
99 2100 112 2125 3
130 2101 150 2119 c.
164 2101 186 2119 2.
256 2092 330 2118 Idem
348 2100 397 2127 pro
413 2091 517 2119 Cluent.
530 2093 563 2120 86
590 2091 645 2116 *Te
664 2098 730 2116 vero
749 2089 816 2116 illud
834 2089 906 2116 idem
926 2089 998 2125 quod
1018 2096 1074 2116 tum

36 2127 166 2163 explosum
179 2132 205 2154 et
218 2127 334 2154 eiectum
348 2128 399 2160 est,
412 2136 482 2153 nunc
499 2126 614 2153 retulisse
624 2124 752 2152 demiror.

72 2165 280 2196 ExeLdsvs,
305 2172 336 2196 a,
356 2173 410 2190 urn.
443 2163 536 2189 Partic.
576 2161 812 2196 [ἕκκεκροτημίνος]
856 2160 912 2187 Cic.
932 2162 984 2194 Ql.
1004 2160 1075 2187 Frat.

41 2206 100 2231 2.,11
125 2198 206 2226 Multa
228 2198 286 2225 dixi
310 2200 339 2225 in
360 2197 508 2234 ignobilem
529 2205 640 2232 regem,
666 2195 764 2232 quibus
789 2202 859 2222 totus
882 2196 919 2222 est
943 2196 1074 2229 explosus.

38 2233 164 2261 Sententia
181 2234 253 2261 Idem
272 2234 324 2261 off.
347 2244 367 2268 1,
387 2236 414 2261 6.

6 2308 7 2312 Ἰ
38 2269 95 2296 Fin.
109 2276 123 2302 5
141 2279 161 2296 c.
174 2274 196 2300 8.

68 2311 157 2332 13er
168 2311 188 2332 o
199 2311 212 2331 s
222 2312 233 2332 1
242 2311 278 2337 ο,
298 2305 367 2332 onis.
387 2305 407 2332 f.
443 2305 501 2331 Cic.
514 2304 586 2331 Fam.
602 2308 625 2336 8,
642 2311 666 2335 13
687 2301 824 2329 Ludorum
838 2302 1010 2337 explofiones.

68 2346 85 2367 E
92 2347 111 2367 Χ
118 2347 133 2367 P
142 2347 158 2366 L
166 2341 186 2367 θ’
194 2347 213 2367 R
222 2347 241 2367 Ο
248 2360 256 2372 ,
281 2344 334 2368 ᾗτε.
371 2341 544 2378 [κατασκοπέω
552 2359 561 2372 ,
587 2338 712 2365 nia-auxeio
720 2356 728 2369 ‚
759 2338 906 2373 ἓπισκοπέω]
949 2339 1076 2364 Exclama-

31 2383 74 2408 re,
92 2381 117 2401 et
135 2377 214 2403 veluti
230 2377 299 2404 Ftem
317 2377 420 2413 quodam
439 2376 588 2412 vociferari.
624 2374 768 2407 laudatur,
782 2374 861 2410 nefiio
880 2375 960 2406 vnde,
980 2375 1075 2406 Varro,

31 2411 134 2442 Gemit,
149 2412 285 2446 explorat,
297 2412 406 2439 turbam
425 2420 534 2437 omnem
552 2410 674 2436 concitat.
710 2410 799 2436 Festus
813 2409 967 2444 Pompeius,
981 2409 1075 2443 Explo-
1083 2414 1118 2439 60
1136 2410 1269 2437 Ammiau.
1283 2412 1324 2439 26.
1339 2416 1364 2435 0.

29 2455 91 2474 rare.
99 2447 203 2482 antiqui
223 2456 271 2482 pro
284 2448 430 2473 exclamare
445 2445 482 2472 vsi
497 2447 568 2472 sunt:
596 2444 640 2471 sed
654 2444 759 2478 postea,
774 2445 922 2479 prospicere
935 2450 960 2471 et
973 2451 1075 2471 certum

29 2483 201 2516 cognoscere,
213 2482 300 2515 coepit
313 2481 466 2515 significare.
503 2482 596 2515 Itaque
617 2480 762 2514 speculator
780 2480 813 2507 ab
832 2481 1000 2515 exploratore
1020 2480 1072 2507 hoc

30 2517 124 2549 distat,
140 2516 213 2551 quod
233 2517 378 2551 speculator
397 2515 504 2543 hostilia
527 2516 631 2542 silentio
650 2515 789 2550 perspicit,
810 2516 968 2551 Explorator
984 2522 1073 2550 pacata

30 2552 145 2612 clamor}
164 2552 306 2586 cognoscit.
359 2553 427 2578 Haec
444 2552 477 2577 ad
496 2555 616 2588 originem
635 2549 701 2578 reste
718 2550 788 2578 dicia
800 2551 925 2587 foricfie,
946 2553 1004 2587 usus
1024 2562 1072 2578 non

30 2596 82 2614 com
102 2597 128 2612 ro
145 2594 181 2613 at.

32 2595 145 2657 runfque
163 2630 226 2649 nutu
246 2622 398 2657 significant.
435 2623 483 2651 Sed
501 2623 623 2658 quidquid
641 2623 715 2650 huius
731 2622 769 2656 fit
935 2622 955 2657 q
974 2633 988 2650 2
1025 2624 1073 2648 Ex-

30 2658 137 2693 plorare
155 2656 189 2690 est
207 2661 348 2693 inquirere,
362 2664 480 2690 tentare,
500 2659 633 2693 obseruare.
669 2657 699 2684 Id
716 2658 764 2684 vsu
783 2658 939 2691 explorasse,
952 2658 985 2683 ad
999 2657 1071 2690 quod

792 2693 832 2717 An
852 2692 933 2717 initio
947 2692 1073 2725 pleraque

30 2729 166 2763 explorata
178 2728 226 2755 sint
239 2728 308 2755 lbid.
380 2729 436 2755 Cic.
453 2728 483 2754 ad
498 2729 571 2754 Brut.
587 2730 615 2753 16
649 2728 748 2753 Futura
767 2735 890 2760 quoque,
907 2726 955 2752 nisi
968 2734 1026 2752 ante
1042 2726 1073 2753 sit

29 2765 182 2794 occursum,
196 2765 331 2798 explores,
344 2773 378 2790 ne
390 2765 416 2790 se
429 2763 568 2790 insinuent.

0 2811 1 2815 ¹
31 2800 87 2827 &tus
102 2805 128 2825 et
142 2799 245 2826 mollis:
270 2808 350 2834 quem
369 2808 419 2834 ego
439 2799 547 2825 interim
567 2798 705 2833 explorare
723 2797 829 2824 modico
850 2797 986 2831 impendio
1005 2797 1072 2830 iussi,

2 3818 5 3856 i
40 3824 62 3856 ‘J
91 3826 144 3852 ''nd‘'
164 3825 207 3859 ‘ff‘
223 3827 343 3853 defluam·
382 3828 423 3853 lta
437 3826 578 3860 Explorant
586 3829 666 3862 pullos
674 3832 733 3866 suos
745 3834 850 3868 aquilae,
864 3842 917 3858 cum
929 3842 968 3858 eos
980 3838 1124 3868 cogunt100
1132 3831 1228 3858 Catuli.
1244 3840 1263 3863 1,
1278 3840 1301 3859 2.

29 2844 63 2863 an
80 2835 199 2869 recipere
217 2841 243 2861 et
255 2835 380 2861 sustinere
394 2844 459 2869 opus
474 2834 556 2869 poffit.
627 2834 739 2860 Amenta
754 2833 781 2859 in
797 2832 888 2867 digitis
900 2833 962 2859 Stat.
977 2833 1070 2859 Theb.

31 2880 63 2904 11,
77 2880 131 2904 440
150 2870 215 2906 quod
228 2870 402 2906 faciunt,qui
416 2871 552 2907 sepugnae
562 2876 667 2905 parant.
738 2868 848 2894 Animos
862 2868 974 2895 alicuius
990 2869 1072 2896 Ouid.

31 2907 64 2934 de
78 2908 139 2933 Arte
153 2907 212 2932 Am.
227 2915 248 2938 1,
261 2908 321 2939 456.
392 2906 482 2934 Tacit.
496 2905 564 2932 Hist.
580 2913 600 2937 1,
617 2912 641 2937 15
665 2903 797 2931 Secundae
811 2912 852 2930 res
867 2903 1014 2930 acrioribus
1028 2905 1071 2930 sti-

33 2942 112 2968 mulis
137 2942 264 2968 Animum
293 2941 438 2976 explorant.

33 2977 178 3004 Consilium
196 2978 267 3004 Hirt.
281 2977 308 3003 Β.
322 2977 354 3003 G.
369 2982 393 3010 8,
408 2982 442 3007 18.
509 2978 617 3004 Cornua
635 2975 753 3010 explorat
768 2977 797 3002 in
814 2975 914 3002 truncis
935 2976 1031 3002 Lucan.
1046 2985 1071 3008 2,

36 3014 93 3044 603.
163 3013 304 3040 Dexteram
323 3012 368 3039 Sil.
389 3022 421 3045 11,
459 3032 465 3038 .
504 3032 511 3039 .
583 3012 661 3039 Fines
682 3019 707 3038 et
727 3011 808 3037 litora
832 3011 916 3046 gentis
933 3012 1072 3046 explorant

36 3048 111 3081 Virg.
124 3048 186 3074 Aen.
198 3055 223 3084 7,
236 3056 286 3082 150.
357 3048 414 3075 Cic.
425 3049 502 3075 Verr.
519 3055 542 3081 5,
555 3056 587 3081 43
608 3048 684 3081 Quae
697 3047 804 3082 quidem
818 3047 953 3080 omnibus,
968 3049 1014 3081 qui
1029 3048 1072 3074 ad-

37 3082 184 3143 ἧῖἓκὶηηῃ
202 3083 364 3118 ριόΓρεὲὶει-ετ
384 3085 438 3111 iam
458 3084 587 3115 exilium,
607 3090 687 3117 atque
706 3083 841 3118 explorare
854 3084 952 3117 Fugam
968 3083 1073 3110 domini

36 3125 66 3144 vt
86 3126 100 3143 e
120 3123 186 3144 atur.

38 3160 94 3187 537.
124 3186 130 3193 .
163 3152 222 3180 Liu.
235 3160 283 3187 3,8
319 3156 357 3182 Eo
375 3156 505 3182 solutiore
524 3165 600 3187 cura,
618 3155 647 3181 in
659 3155 814 3181 Lucretium
835 3155 957 3181 incidunt
971 3156 1072 3182 Consu-

37 3188 106 3220 lem,
121 3195 175 3214 lam
191 3194 248 3215 ante
265 3191 405 3224 exploratis
418 3190 563 3218 Itineribus
583 3190 635 3217 suls
654 3190 828 3223 instrudlum,
845 3196 871 3217 et
889 3189 921 3217 ad
939 3196 1073 3218 certamen

37 3223 179 3251 intentum.
248 3225 328 3252 Ouid.
340 3227 404 3254 Met.
424 3235 461 3259 10,
476 3229 528 3261 456

139 3259 163 3285 It
175 3262 275 3300 tamen,
292 3267 317 3288 et
328 3263 450 3289 tenebrae
469 3263 610 3295 minuunt,
626 3270 734 3297 noxque
748 3267 803 3288 atra
817 3261 962 3297 pudorem:

141 3293 312 3330 Nutricisque
323 3305 428 3325 manum
448 3298 523 3325 laeua
536 3303 623 3331 tenet,
640 3297 723 3324 altera
741 3304 817 3325 motu

142 3329 255 3356 Caecum
268 3332 321 3370 Iter
336 3334 463 3368 explorat.

36 3365 122 3392 Locos
141 3372 227 3391 1101108
242 3365 315 3399 Virg.
326 3368 389 3395 Aen.
404 3378 422 3401 1,
436 3379 483 3402 311.
557 3369 690 3396 Maleficia
706 3369 841 3396 atrociora
860 3378 915 3396 non
932 3368 1011 3394 aliter
1028 3376 1073 3394 ex-

37 3400 138 3441 plorari
158 3406 183 3426 et
196 3400 352 3440 *inuestigari
370 3405 486 3438 potsunt,
505 3413 586 3440 quam
600 3414 646 3440 per
660 3406 799 3432 seruorum
819 3405 984 3440 quaestio-nes
998 3404 1073 3430 Paul-

35 3436 76 3463 lus
89 3445 117 3462 111
130 3435 146 3462 1-
160 3434 276 3461 θᾶ16111111
291 3437 323 3462 D·
336 3437 367 3464 de
380 3441 522 3474 quaestion.
575 3442 678 3468 Mentes
697 3441 743 3468 Sil.
764 3449 785 3474 5,
800 3443 842 3468 60.
915 3441 989 3474 Virg.
1006 3441 1072 3466 Aen.

36 3480 64 3506 9,
78 3480 124 3506 170
148 3471 261 3511 Necnon
276 3477 301 3497 et
313 3474 407 3512 trepidi
418 3476 506 3503 Troes
519 3477 666 3503 formidine
680 3477 770 3504 Portas
805 3477 958 3511 Explorant.

37 3516 86 3548 11ζο
98 3508 128 3533 L·
141 3506 234 3533 Maml·
248 3515 280 3539 34
307 3507 362 3547 Qu
375 3509 487 3538 Siciliam
499 3511 583 3543 adiit,
595 3513 713 3539 Africam
731 3512 896 3547 explorauit,
911 3511 972 3538 inde
986 3511 1071 3538 Sardi-

37 3551 110 3569 mam
121 3551 181 3569 cum
194 3541 266 3568 classe
278 3547 372 3583 vemt-¹
412 3545 607 3582 SicExplorare
625 3548 764 3574 consilium
779 3547 894 3574 hostium
908 3548 981 3574 Caes.
996 3548 1024 3573 B.
1039 3548 1071 3574 G.

38 3583 61 3608 8,
73 3580 98 3604 6·
130 3607 134 3617 ‹
169 3578 234 3604 Rem
247 3583 329 3604 totam
342 3578 396 3604 Cic.
410 3581 461 3607 Att.
477 3584 501 3614 6,
514 3588 537 3613 8.
608 3584 682 3618 Virg.
697 3584 794 3618 Georg.
810 3593 828 3614 1,
843 3592 886 3618 175
910 3584 940 3610 Et
954 3583 1071 3616 suspensa

39 3613 108 3640 f'OCiS
125 3613 364 3648 CXP10r21R0b01‘2
383 3613 479 3642 fumus.
514 3620 579 3645 Nam
599 3622 677 3646 rimas
693 3626 787 3656 agunt,
798 3619 824 3653 Ji
839 3629 887 3646 non
910 3618 966 3653 stnt
981 3618 1070 3652 firma.

334 646 466 680 Explicata
479 652 533 673 tota
547 644 687 671 Carneadis
701 643 827 669 sententia
841 642 896 668 Cic.
907 641 983 667 Acad.
998 650 1024 674 4,
1041 650 1074 672 19.
1091 652 1119 671 10

692 1174 839 1210 Explicatio
863 1174 1029 1206 fabularum,
1049 1181 1074 1201 et
1086 1176 1118 1202 25

530 1351 719 1386 [οἷνοιπτυκτὴς]
757 1353 809 1387 Qi
827 1354 935 1387 exponit.
972 1352 1028 1378 Cic.
1047 1352 1074 1377 in
1089 1356 1123 1380 30

743 1530 870 1556 Oratoria
893 1529 935 1556 vis
961 1528 1076 1560 dicendi,
1093 1537 1121 1563 35
1138 1529 1284 1563 ploratiora
1298 1528 1461 1554 videbuntur
1477 1527 1545 1553 ibid.
1562 1528 1606 1562 Ep.
1624 1536 1642 1560 4
1656 1535 1719 1553 extr.

483 2232 610 2268 Explosae
629 2232 782 2267 eiectaeque
801 2232 945 2259 sententiae
969 2232 1026 2258 Cic.
1040 2232 1120 2277 84⁵⁵

235 2587 341 2614 Seruius
356 2587 390 2614 ad
401 2588 466 2614 Aen.
479 2596 505 2620 9,
520 2596 565 2620 319
603 2587 789 2621 Exploratores
811 2596 878 2622 quae
904 2587 1000 2615 volunt
1019 2588 1073 2622 ple¹>
1087 2587 1118 2618 65

610 2762 675 2788 Plin.
689 2762 767 2796 Epist.
782 2771 818 2793 10,
835 2770 862 2801 91
890 2762 975 2787 Locus
988 2762 1116 2796 suspe-70

509 2940 659 2968 Bonitatem
680 2940 754 2974 panis
778 2939 852 2974 gustu
881 2940 985 2966 Colum.
1007 2949 1026 2972 1,
1048 2945 1069 2970 8.
1084 2947 1115 2975 75

253 3118 360 3146 Insidias
379 3119 500 3154 explorat
518 3119 593 3154 lupus
614 3119 714 3145 circum
736 3118 820 3145 ouilia
847 3120 922 3153 Virg.
938 3120 1035 3154 Georg.
1052 3128 1072 3151 3,
1085 3125 1117 3151 80

1015 3476 1115 3510 Cic.9o
1134 3475 1235 3502 Antoni
1255 3475 1402 3510 expoliuit‚
1418 3473 1609 3510 hominemque
1630 3474 1756 3502 reddidit.

1554 233 1588 273 E
1638 233 1715 272 -x
1800 235 1828 274 p
2104 251 2171 289 530

1136 326 1232 348 rarent.
1406 317 1427 357 q
1448 329 1460 353 3
1498 322 1624 350 Formulae
1645 322 1724 349 aliae:
1760 321 1817 348 Cic.
1831 322 1863 348 de
1876 323 1975 351 Seneet.
1989 328 2024 353 66
2049 324 2116 360 Qiis
2134 325 2170 352 est

1136 363 1188 383 tam
1204 357 1310 391 stultus,
1330 356 1450 390 quamuis
1470 356 1499 383 sit
1518 358 1680 389 adolescens,
1700 358 1743 384 cui
1759 358 1788 384 lit
1809 358 1973 391 exploratum
1993 363 2018 388 se
2036 362 2067 388 ad
2084 363 2172 396 vespe-

1137 401 1195 418 rum
1210 393 1257 418 esl'c
1273 391 1422 419 victurum
1459 393 1525 419 Add.
1546 393 1584 420 Id.
1606 395 1677 420 Fam.
1698 403 1719 426 2,
1740 396 1775 420 16.
1811 394 1832 419 A
1853 402 1906 428 quo
1921 395 1987 421 mihi
2006 397 2171 431 exploratum

1137 427 1189 460 est,
1207 428 1276 454 nihil
1301 436 1361 453 cum
1385 426 1470 453 fecisse
1497 429 1552 456 Cic.
1566 430 1636 456 Fam.
1651 437 1674 462 5,
1687 438 1726 455 20.
1787 428 1856 456 Ter.
1869 428 1976 456 Phorm.
1990 441 2017 464 4,
2031 440 2042 463 3
2077 435 2131 459 Iam
2145 433 2172 459 id

1137 463 1301 497 exploratum
1316 462 1359 488 est.
1417 463 1501 488 Lucil.
1518 472 1546 496 :9
1581 465 1690 492 Certum
1714 465 1768 491 scio
1791 465 1841 491 esse
1864 470 1892 491 vt
1912 464 1991 491 dicis:
2022 476 2080 493 nam
2105 468 2171 495 mihi

1137 505 1210 525 erant
1225 499 1255 525 de
1271 499 1319 525 illo
1334 497 1468 531 explorata
1482 499 1580 525 omnia.
1651 500 1731 527 Ouid.
1746 501 1810 526 Met.
1825 507 1846 534 5,
1858 502 1902 532 362
1933 500 2069 535 Postquam
2085 504 2172 537 explo-

1138 542 1223 561 ratum
1243 535 1301 560 satis
1319 534 1353 560 est
1368 534 1424 559 loca
1439 533 1509 559 nulla
1526 533 1621 567 labare,
1634 543 1679 561 etc.
1750 535 1920 570 Exploratum
1939 537 1974 562 est
1995 536 2063 562 mihi
2083 539 2113 564 de
2127 539 2172 564 hac

1138 579 1166 596 re
1182 570 1236 596 cic.
1252 579 1298 604 pro
1310 569 1381 596 Cael.
1394 570 1431 594 16.
1501 570 1670 603 Exploratum
1685 570 1857 606 habe0‚idem
1864 570 2004 607 fignificat,
2030 573 2076 598 uod
2088 575 2172 608 Explo-

1138 613 1220 632 ratum
1234 605 1265 637 cst
1280 605 1348 631 mihi.
1386 604 1441 630 Cic.
1457 604 1488 630 de
1502 605 1594 631 Diuin.
1609 614 1633 637 2,
1648 609 1682 632 60
1721 606 1790 633 Illud
1803 606 1969 641 exploratum
1986 607 2017 634 ha
2038 616 2085 639 eo,
2106 609 2173 634 nihil

1139 640 1197 667 fieri
1212 640 1279 674 posse
1294 640 1346 666 sine
1360 640 1441 665 causa.
1497 640 1568 666 Idem
1583 641 1633 667 Off.
1646 650 1669 673 3,
1682 650 1713 676 75
1745 643 1800 668 Hac
1814 643 1841 669 vi
1861 651 1913 669 non
1928 648 2031 678 vtatur‚
2048 652 2081 669 ne
2100 644 2117 669 si
2132 652 2174 670 ex-

1139 677 1272 711 ploratum
1287 674 1394 709 quidem
1408 674 1517 708 habeat,
1538 676 1565 702 id
1578 678 1689 702 omnino
1703 678 1832 704 neminem
1848 687 1962 713 vnquam
1978 679 2176 713 suspicaturum.

1138 711 1206 739 Add.
1220 711 1257 737 Id.
1273 711 1303 737 dc
1321 711 1355 737 N.
1370 711 1401 736 D.
1417 719 1425 736 1
1445 720 1465 736 c.
1482 720 1508 743 19
1538 712 1624 738 Habet
1638 712 1803 746 exploratum
1816 716 1882 740 Deus
1895 714 1954 740 fore
1967 714 1992 740 se
2005 715 2105 750 semper
2118 724 2178 742 cum

1141 748 1169 774 in
1181 747 1303 773 maximis
1317 753 1372 772 tum
1387 747 1414 772 in
1427 747 1538 773 aeternis
1557 748 1747 782 voluptatibus
1818 749 1873 775 Cic.
1888 750 1958 775 Fam.
1971 758 1997 782 9,
2012 759 2039 776 10
2077 750 2107 777 Id
2127 751 2177 777 erit

1141 782 1209 809 mihi
1228 791 1277 817 pro
1289 781 1436 816 explorato.
1507 783 1588 810 Plaut.
1600 784 1673 818 Capt.
1688 792 1710 816 3,
1722 793 1750 816 4,
1766 792 1802 810 111
1833 785 1907 817 Qun
1924 786 2089 820 exploratum
2106 786 2177 820 dico,

1138 825 1164 845 et
1179 819 1315 853 prouisum
1331 817 1380 842 hoc
1400 816 1461 843 tibi.

1174 861 1191 880 E
1200 861 1217 880 x
1228 861 1241 880 Ρ
1251 860 1266 879 1.
1275 860 1294 879 o
1303 860 1321 879 R
1333 859 1351 878 A
1362 860 1382 878 N
1392 860 1404 879 s
1415 873 1422 884 ,
1442 852 1517 879 antis.
1540 853 1632 880 Partic.
1669 854 1705 880 Ex
1720 854 1872 889 propinquo
1887 855 2034 890 explorans,
2053 857 2116 892 quid
2130 857 2177 884 ho-

1138 889 1185 915 stes
1199 896 1304 923 agerent
1319 888 1378 914 Liu.
1393 895 1433 922 37,
1448 894 1484 918 28.
1519 889 1563 915 Me
1576 890 1729 924 explorante
1750 890 1844 916 Pallad.
1857 891 1906 917 Iul.
1919 900 1942 924 3,
1957 900 1965 918 1
1981 893 2114 927 formula,
2130 903 2178 929 qua

1136 924 1171 951 ad
1187 928 1350 959 experimenta
1363 923 1411 958 Jiia
1426 931 1554 958 prouocat.

1175 966 1191 985 Ε
1200 969 1217 986 x
1227 967 1241 986 Ρ
1250 967 1266 986 1.
1277 960 1296 986 ὀ
1308 965 1326 985 R
1337 959 1359 984 Ᾱ
1369 965 1389 985 Τ
1401 965 1415 982 ν
1431 967 1442 985 s
1453 979 1459 989 ,
1481 968 1509 992 a,
1533 968 1587 985 um.
1628 959 1720 986 Partic.
1756 959 2002 995 [κατισκοπημένος]
2037 961 2177 996 Explorata

1138 995 1204 1021 salus
1215 1015 1221 1026 ,
1240 1002 1323 1026 certa,
1337 997 1403 1020 cuius
1424 998 1576 1021 contrarium
1594 993 1642 1027 est,
1660 994 1732 1021 Salus
1746 995 1881 1028 deplorata
1895 997 1949 1022 Cic.
1959 997 2030 1022 Fam.
2044 1000 2070 1029 6,
2087 1007 2113 1024 12
2123 997 2179 1033 post

1137 1031 1198 1057 med.
1270 1030 1425 1057 Consulatus
1438 1031 1589 1064 exploratus
1601 1036 1626 1055 et
1640 1029 1714 1056 domi
1727 1030 1847 1056 conditus
1866 1030 1921 1056 Cic.
1939 1041 1986 1065 pro
2001 1033 2119 1059 Muracn.
2134 1043 2178 1067 49.

1137 1066 1214 1093 Fides
1227 1066 1288 1092 Stat.
1301 1065 1365 1091 Silu.
1381 1074 1402 1097 3,
1418 1074 1440 1098 ς,
1454 1077 1500 1100 44.
1572 1065 1628 1091 Cic.
1644 1066 1698 1092 Att.
1713 1074 1733 1097 3,
1749 1073 1773 1096 17
1799 1065 1847 1091 Sed
1861 1065 1988 1099 postridie
2002 1069 2084 1094 Sextii
2104 1070 2179 1103 pueri

1136 1108 1282 1133 venerunt,
1302 1102 1349 1135 qui
1369 1110 1383 1126 a
1401 1108 1426 1126 te
1447 1102 1534 1128 literas
1551 1100 1712 1133 attulerunt,
1737 1109 1792 1126 non
1810 1106 1863 1126 tam
1884 1101 2030 1135 exploratas
2049 1112 2063 1129 a
2082 1104 2179 1131 timore

1137 1146 1216 1172 quam
1236 1138 1321 1163 sermo
1341 1136 1433 1163 Liuini
1452 1138 1555 1167 fuerat,
1573 1136 1598 1163 h.
1611 1145 1629 1162 e.
1657 1138 1725 1172 Qae
1743 1145 1778 1161 me
1797 1146 1845 1162 non
1865 1143 1916 1162 tam
1930 1141 2017 1163 timore
2036 1138 2179 1170 liberarent,

1137 1182 1207 1209 quam
1228 1174 1315 1198 Liuini
1327 1176 1417 1207 Jermo.
1487 1173 1578 1199 Pacem
1598 1172 1762 1206 exploratam
1782 1170 1879 1197 habere
1898 1172 1955 1198 Cic.
1970 1172 2083 1208 Philipp.
2102 1182 2129 1208 7,
2144 1177 2181 1200 16.

1143 1208 1201 1235 Vid.
1224 1214 1364 1234 EXPLORO
1385 1216 1411 1233 n.
1426 1216 1447 1239 3.
1518 1208 1650 1241 Principia
1668 1207 1742 1233 Idem
1762 1206 1794 1233 de
1815 1207 1907 1241 Legib.
1927 1216 1947 1240 1,
1961 1213 1998 1240 38.
2051 1211 2083 1236 Et
2102 1211 2178 1236 Verr.

1138 1253 1158 1276 1,
1197 1263 1203 1270 .
1240 1263 1246 1269 .
1283 1244 1343 1270 Mea
1368 1242 1475 1277 quidem
1489 1243 1578 1275 Ratio,
1594 1252 1675 1277 quum
1693 1243 1721 1269 in
1742 1244 1890 1276 praeteritis
1910 1243 1946 1269 est
1966 1243 2044 1270 rebus
2064 1246 2181 1279 cognita,

1138 1286 1194 1306 tum
1211 1279 1238 1305 in
1258 1279 1369 1313 reliquis
1385 1279 1520 1312 explorata
1538 1286 1616 1313 atque
1629 1279 1734 1313 prouisa
1747 1278 1790 1304 est.
1862 1279 1941 1305 Ratio
1960 1280 1991 1305 ad
2005 1280 2107 1315 aliquid
2121 1290 2181 1307 con-

1139 1315 1297 1341 firmandum
1318 1314 1452 1349 explorata
1484 1314 1539 1340 Cic.
1557 1315 1588 1340 de
1604 1315 1639 1341 N.
1656 1315 1687 1340 D.
1709 1322 1730 1346 1,
1750 1322 1790 1347 43.
1862 1314 1921 1349 Spes
1940 1315 2076 1349 explorata
2107 1316 2180 1344 Idem

1138 1350 1191 1377 Off.
1206 1360 1228 1383 3,
1245 1359 1295 1385 117.
1368 1350 1416 1384 Spe
1429 1358 1523 1384 magna
1535 1357 1561 1376 et
1580 1358 1661 1384 prope
1681 1349 1830 1384 explorata,
1847 1350 1977 1377 libertatis
1990 1353 2090 1377 causam
2106 1352 2181 1379 susci-

1139 1395 1200 1421 pere
1226 1386 1263 1412 Id.
1279 1385 1391 1420 Philipp.
1409 1394 1446 1417 10,
1462 1394 1497 1417 19.
1569 1385 1693 1412 ν1ἐ101-1ᾱ
1722 1386 1777 1412 Cic.
1791 1386 1862 1411 Fam.
1882 1388 1908 1418 6,
1931 1394 1949 1412 1.
2021 1387 2080 1413 Liu.
2101 1397 2140 1420 39,
2156 1397 2181 1414 12

1139 1422 1204 1448 Satis
1218 1422 1249 1447 de
1259 1422 1374 1447 Aebutio
1389 1422 1554 1455 exploratum
1569 1428 1649 1447 ratuS.
1720 1420 1853 1454 perspecta
1875 1429 1900 1447 et
1920 1422 2054 1456 explorata
2074 1424 2178 1457 perscri-

1139 1457 1203 1484 bere
1217 1458 1271 1483 Cic.
1288 1458 1341 1483 Att.
1357 1465 1378 1488 3,
1396 1465 1428 1488 15.
1500 1457 1612 1491 Compar.
1631 1455 1705 1482 Idem
1722 1457 1775 1482 Att.
1790 1459 1828 1489 16,
1843 1465 1859 1483 2
1882 1458 1998 1484 Facilior
2013 1458 2084 1484 enim
2099 1465 2124 1485 et
2138 1467 2181 1485 ex-

1140 1493 1271 1527 ploratior
1285 1493 1415 1518 dcuitatio
1436 1492 1572 1526 legionum
1587 1492 1647 1518 fore
1665 1492 1789 1524 videtur,
1810 1501 1888 1526 quam
1908 1494 2060 1527 piratarum.
2134 1495 2181 1521 Ex>

1762 1527 1889 1555 Securitas
1902 1529 2066 1563 exploratior
2077 1530 2146 1556 Gell.
2163 1539 2183 1563 1,

1140 1573 1162 1590 11
1177 1572 1240 1591 extr.
1334 1565 1426 1598 Superl.
1452 1564 1508 1589 Cic.
1524 1563 1579 1597 post
1592 1565 1647 1589 red.
1661 1563 1692 1589 ad
1706 1563 1784 1596 Qtir.
1801 1572 1822 1589 c.
1838 1566 1854 1589 6
1880 1565 1919 1589 An
1942 1573 1991 1597 ego
2011 1574 2092 1599 quum
2112 1566 2183 1592 mihi

1140 1601 1199 1626 eslct
1212 1599 1443 1634 exploratiliimum
1453 1619 1460 1630 ,
1479 1599 1503 1624 P.
1519 1598 1660 1624 Lentulum
1676 1598 1801 1632 proximo
1812 1608 1882 1625 anno
1895 1600 2038 1626 Consulem
2051 1601 2183 1634 sumtum,

1139 1643 1184 1661 etc.
1258 1635 1381 1661 Vic‘toria
1395 1633 1598 1668 exploranffima
1618 1633 1685 1660 Vell.
1701 1641 1723 1665 2,
1736 1639 1778 1665 84,
1793 1641 1812 1659 1.

1177 1677 1219 1697 Ex
1229 1678 1261 1697 1²1
1279 1671 1297 1697 0
1307 1677 1325 1696 R
1335 1671 1357 1696 A
1368 1677 1404 1696 Ti
1417 1678 1435 1695 o
1446 1689 1453 1701 ,
1473 1669 1541 1695 onis.
1561 1669 1581 1695 f.
1617 1668 1737 1695 Macrob.
1753 1669 1854 1694 Saturn.
1870 1675 1893 1699 2,
1908 1676 1921 1694 2
1944 1668 2080 1695 Adulterii
2093 1670 2184 1704 explo-

485 1706 527 1733 Ab
554 1705 706 1741 explicabili
733 1705 766 1740 esi
787 1706 988 1742 Explicabiliter
1012 1708 1122 1740 Dio-40
1140 1706 1219 1732 ratio.
1255 1705 1360 1731 Surculi
1378 1704 1546 1742 Coluniel..3,
1565 1711 1590 1735 9.

1176 1747 1192 1766 Ε
1202 1748 1218 1765 x
1228 1747 1266 1765 PL
1276 1747 1295 1765 ο
1305 1747 1323 1765 R
1334 1747 1356 1765 A
1366 1745 1386 1764 T
1395 1746 1414 1764 o
1424 1745 1460 1770 R,
1481 1742 1544 1764 Oris.
1567 1747 1602 1763 111.
1640 1735 1757 1769 [σκοπᾶς,
1777 1734 1943 1770 κατάσκοπος,
1963 1738 2101 1772 ἒπῖσκοπας,
2122 1739 2183 1766 uiru-

1266 1775 1317 1807 Qai
1336 1774 1448 1807 explorat
1463 1779 1486 1798 ct
1498 1772 1617 1806 obferunt.
1655 1772 1729 1797 Caes.
1743 1771 1772 1796 B.
1786 1771 1817 1796 G.
1834 1779 1852 1802 1,
1865 1780 1906 1798 22.
1929 1780 1956 1807 7,
1978 1782 2005 1805 35
2018 1782 2064 1801 erc.
2100 1775 2184 1803 Plaut.

1137 1808 1227 1834 Pseud.
1239 1816 1265 1839 4,
1279 1815 1305 1840 7,
1319 1814 1348 1840 71
1377 1807 1577 1840 Exploratorem
1592 1806 1660 1832 hunc
1674 1806 1739 1832 ludo
1754 1806 1882 1833 faciamus
1897 1808 2100 1842 suppositicium.
2138 1812 2184 1838 Pe-

1138 1842 1190 1875 lagi
1204 1842 1386 1875 exploratores
1400 1842 1492 1868 Claud.
1506 1841 1538 1867 de
1554 1842 1637 1875 Nupt.
1651 1842 1723 1869 Hon.
1739 1843 1789 1874 136.
1859 1843 1945 1876 Eques
1964 1845 2116 1878 explorator
2137 1847 2183 1874 Sil.

1300 1877 1348 1903 Per
1367 1877 1548 1912 exploratores
1562 1877 1662 1904 certior
1674 1878 1759 1904 faelus
1777 1876 1814 1903 est
1831 1877 1901 1903 Caes.
1917 1878 1945 1904 B.
1960 1880 1992 1906 G.
2007 1888 2028 1912 1,
2043 1889 2076 1906 12.
2112 1882 2184 1909 Add.

1136 1913 1175 1939 Id.
1191 1921 1213 1944 2,
1231 1920 1268 1946 17.
1305 1913 1380 1939 Curt.
1399 1921 1421 1944 3,
1444 1921 1478 1944 13,
1500 1922 1521 1938 2.
1561 1913 1681 1945 Frustra,
1694 1918 1810 1948 quantum
1829 1912 1923 1947 quidem
1943 1914 1978 1940 ad
1994 1916 2063 1950 usiam
2083 1921 2185 1951 optimo—

1136 1957 1190 1974 rum
1203 1949 1373 1983 J'criptorum,
1402 1949 1586 1981 Exploratores
1603 1956 1617 1973 a
1635 1946 1848 1981 Speculatoribus
1865 1946 2003 1985 dfiingui,
2024 1952 2184 1987 obseruatum,

1136 1982 1188 2009 vid.
1208 1989 1352 2009 EeroRo
1368 1992 1406 2016 pr.
1427 1991 1448 2008 et
1457 1982 1580 2017 funditus
1594 1983 1662 2008 illam
1674 1982 1738 2015 Festi
1751 1983 1939 2018 obseruationem
1952 1990 2042 2012 euertit
2050 1989 2140 2021 ,spania
2156 1989 2184 2015 de

1143 2019 1192 2054 VJis
1214 2025 1236 2045 et
1252 2017 1345 2053 praest.
1364 2027 1430 2044 num.
1446 2016 1510 2050 Dff
1531 2027 1556 2044 10
1573 2025 1599 2053 p.
1618 2027 1659 2051 23)-
1674 2018 1717 2054 sq.
1790 2018 1992 2053 Exploratores,
2020 2023 2072 2057 Qei
2086 2023 2185 2058 secreta

1964 2056 2023 2083 Vid.
2037 2059 2136 2085 stadam
2155 2063 2183 2086 in

1138 1773 1209 1801 κεςῆς
1217 1775 1229 1807 ]

1135 2089 1208 2116 verbo
1235 2089 1398 2122 ἔξπλοροέτωρ.

1172 2131 1188 2151 Ε
1200 2131 1218 2150 x
1228 2132 1243 2151 12
1253 2132 1268 2150 1.
1278 2131 1325 2151 OR
1336 2131 1355 2150 Α
1366 2131 1387 2150 Τ
1398 2130 1416 2150 0
1427 2130 1442 2150 R
1456 2130 1496 2150 ιν
1506 2131 1537 2156 s,
1555 2132 1588 2156 a,
1607 2132 1662 2150 um.
1682 2123 1743 2150 Adi.
1780 2124 1849 2151 Suet.
1865 2125 1949 2160 Calig.
1970 2136 1992 2153 c.
2006 2135 2039 2162 45
2064 2129 2185 2157 Coronas

1137 2160 1273 2187 distincias
1288 2160 1348 2185 solis
1362 2169 1389 2185 ac
1407 2160 1496 2185 Lunae
1510 2159 1678 2193 siderumque
1696 2160 1780 2194 specie
1794 2161 1986 2195 exploratorias
2004 2164 2155 2198 appellauit.

1175 2202 1357 2222 EXPLORA
1370 2201 1391 2220 T
1404 2202 1485 2227 xlx,
1506 2195 1562 2221 icis.
1582 2195 1603 2222 f.
1639 2195 1776 2228 Augustin.
1814 2216 1820 2222 .
1860 2216 1867 2222 .
1905 2217 1912 2223 .

1174 2238 1262 2258 Exri
1279 2232 1421 2257 (ῖκᾸτε.
1443 2230 1510 2256 Adu.
1536 2231 1560 2256 h.
1576 2240 1595 2257 e.
1616 2231 1696 2257 Certo.
1733 2231 1791 2257 Cic.
1808 2233 1846 2266 Q
1864 2233 1933 2259 Frat.
1959 2242 1984 2265 2,
2008 2243 2038 2267 14
2063 2236 2135 2262 Haec
2147 2236 2184 2264 ita

1138 2268 1223 2294 sentio
1233 2286 1239 2297 ‚
1253 2266 1358 2298 iudico,
1373 2273 1398 2292 et
1413 2265 1445 2292 ad
1465 2273 1490 2292 te
1508 2267 1643 2301 explorate
1655 2265 1753 2292 scribo.
1805 2268 1877 2294 Idcm
1892 2269 1964 2295 Fam.
1979 2278 2015 2301 10,
2029 2275 2042 2300 8
2067 2271 2131 2297 Non
2145 2273 2186 2298 so-

1137 2304 1195 2331 luni
1209 2302 1274 2328 bene
1294 2303 1395 2336 sperare
1415 2302 1447 2328 de
1465 2301 1543 2328 nobis
1559 2301 1695 2334 homines,
1715 2301 1756 2328 sed
1772 2303 1908 2337 explorate
1921 2304 2040 2332 iudicare
2052 2307 2183 2335 volumus.

1137 2339 1278 2373 Explorate
1295 2339 1429 2372 percipere
1443 2345 1468 2364 et
1482 2338 1640 2371 cognoscere
1661 2337 1699 2364 Id.
1715 2336 1746 2363 de
1761 2338 1795 2364 N.
1809 2339 1841 2366 D.
1857 2347 1877 2371 1,
1892 2348 1910 2365 1.
1993 2342 2104 2377 Compar.
2125 2344 2182 2370 Cic.

1138 2375 1210 2401 Fam.
1225 2376 1252 2406 6,
1268 2383 1277 2399 1
1316 2374 1483 2407 Exploratius
1510 2374 1609 2407 possum
1636 2373 1801 2407 promittere.
1873 2375 2039 2409 Exploratius
2058 2378 2183 2413 indagare

1436 2409 1602 2443 Exploratius
1615 2408 1740 2435 noscendi
1752 2410 1835 2444 gratia
1848 2409 1921 2436 Idem
1939 2416 1975 2443 18,
1991 2420 2025 2445 15.

1171 2453 1214 2473 rx
1225 2452 1239 2471 r
1249 2453 1264 2471 1,
1276 2452 1294 2471 o
1307 2451 1385 2471 RAN
1395 2451 1416 2471 'r
1427 2451 1479 2471 ER.
1502 2444 1570 2471 Adu.
1592 2444 1666 2471 Idem.
1688 2445 1819 2472 Ammian.
1835 2448 1873 2477 16,
1887 2453 1908 2478 ς.

1171 2487 1187 2507 Ε
1198 2487 1382 2507 XPLORAT
1393 2485 1424 2506 Ο.
1442 2480 1578 2507 Ablatiuus
1594 2480 1702 2515 abJolute
1717 2479 1820 2515 politus.
1855 2481 1944 2506 Tacit.
1962 2481 2029 2507 Hist.
2050 2491 2071 2512 2,
2089 2491 2126 2516 49
2149 2484 2181 2511 Et

1135 2516 1271 2551 explorato
1294 2517 1347 2542 iam
1367 2515 1502 2550 profe&os
1524 2516 1638 2547 amicos,
1658 2515 1763 2541 noelem
1778 2515 1911 2549 quietam,
1931 2522 2012 2549 vtque
2026 2515 2181 2552 affirmatur,

1134 2562 1188 2579 non
1202 2553 1350 2578 insomnem
1364 2552 1426 2585 egit.
1447 2554 1466 2577 i.
1485 2549 1614 2586 Postquam
1628 2552 1779 2584 exploratum
1793 2549 1826 2583 ‘st
1839 2551 1879 2576 illi
1889 2557 1913 2576 et
1926 2554 2060 2587 cognitum.

1172 2594 1258 2614 exet
1276 2594 1387 2618 osvs,
1416 2585 1469 2612 vid.
1501 2590 1693 2611 EeroDo.

1171 2629 1188 2647 E
1199 2630 1217 2648 x
1226 2629 1241 2647 Ρ
1250 2628 1269 2647 Ο
1279 2628 1296 2646 L
1307 2630 1316 2646 1
1326 2628 1345 2647 o
1355 2641 1364 2652 ,
1383 2622 1423 2646 vel
1444 2627 1460 2646 E
1469 2627 1532 2646 XSP
1542 2626 1560 2645 O
1571 2627 1586 2646 L
1597 2626 1633 2645 10
1642 2636 1650 2649 ‚
1671 2623 1724 2646 Ere·
1761 2618 1940 2655 [annosus-sm]
1977 2623 2053 2649 Plane
2071 2630 2095 2650 et
2113 2626 2181 2652 velut

1132 2657 1166 2682 ad
1176 2656 1254 2691 finem
1276 2656 1348 2691 vfilue
1361 2655 1480 2690 spoliare.
1517 2655 1574 2681 Cic.
1590 2663 1639 2689 pro
1648 2655 1736 2681 Deiot.
1753 2662 1783 2687 25
1811 2656 1873 2688 Qio
1882 2662 1939 2682 tum
1953 2665 2013 2691 erga
2028 2664 2053 2684 te
2065 2669 2111 2686 rex
2125 2661 2181 2687 ani-

1134 2700 1179 2717 mo
1195 2691 1261 2721 fuit,
1283 2690 1330 2725 qui
1349 2690 1515 2716 auctionatus
1535 2690 1581 2722 fit,
1602 2691 1707 2725 seseque
1727 2696 1753 2716 et
1774 2690 1861 2717 filium
1872 2691 1946 2718 suum
1967 2695 2111 2727 exspoliare
2126 2705 2180 2722 ma-

1133 2726 1230 2758 luerit,
1245 2735 1324 2760 quam
1337 2725 1388 2752 tibi
1402 2726 1540 2760 pecuniam
1553 2735 1607 2752 non
1621 2725 1837 2752 subministrare?
1899 2727 1999 2761 Agrum
2015 2730 2180 2765 Campanum

1132 2762 1348 2796 exspoliabantur
1370 2760 1530 2794 Qiadrigar.
1550 2768 1589 2796 ap.
1612 2761 1684 2789 Non.
1707 2768 1734 2796 7,
1757 2770 1812 2788 100.
1885 2762 1955 2789 Fana
1978 2772 2057 2799 atque
2085 2767 2180 2794 domos

1133 2797 1192 2824 Sall.
1208 2798 1263 2824 Cat.
1280 2806 1301 2823 c.
1317 2806 1351 2829 51.
1422 2797 1476 2823 Cic.
1490 2795 1522 2822 de
1535 2797 1593 2822 Fin.
1608 2805 1631 2828 2,
1646 2805 1677 2830 43
1693 2806 1714 2822 c.
1730 2805 1752 2829 13
1784 2797 1854 2823 Dum
1873 2799 1944 2825 enim
1959 2799 1986 2825 in
2007 2810 2058 2827 vna
2078 2803 2179 2829 virtute

1133 2833 1166 2860 sic
1179 2833 1270 2858 onmia
1289 2833 1338 2859 esse
1351 2831 1508 2863 voluerunt,
1527 2837 1555 2858 vt
1575 2841 1633 2858 eam
1654 2841 1744 2858 rerum
1759 2833 1902 2860 seleftione
1923 2836 2114 2870 exspoliarent,
2135 2847 2180 2865 etc.

1133 2870 1219 2895 Genas
1233 2868 1319 2895 oculis
1333 2867 1414 2894 Ouid.
1431 2867 1494 2894 Meti
1511 2876 1543 2900 13,
1559 2870 1614 2901 562.
1688 2868 1840 2903 Exspoliare
1858 2870 1974 2905 aliquem
1994 2873 2132 2906 prouincia
2154 2880 2180 2901 et

1132 2904 1251 2930 exercitu
1284 2904 1340 2930 Cic.
1361 2904 1413 2930 Att.
1433 2912 1471 2935 10,
1486 2912 1505 2929 1.
1576 2904 1730 2938 Exspoliare
1756 2903 1860 2932 honore
1893 2912 1919 2932 et
1948 2906 2076 2941 dignitate
2108 2910 2180 2936 Caes.

1132 2941 1159 2967 B.
1174 2940 1205 2966 G.
1220 2945 1249 2972 8,
1261 2948 1301 2972 50.

1169 2980 1456 3006 ExsvorrATvs,
1475 2982 1505 3007 a,
1525 2982 1580 3001 um.
1617 2974 1675 3001 ICti
1691 2975 1721 3001 in
1738 2974 1805 3002 Cod.

1169 3018 1212 3038 Ex
1224 3018 1236 3036 r
1247 3017 1266 3038 o
1276 3018 1292 3037 1.
1302 3018 1310 3037 1
1321 3017 1372 3036 AT
1383 3017 1392 3036 1
1403 3016 1438 3041 o,
1457 3010 1523 3035 onis.
1543 3009 1564 3036 f.
1600 3011 1679 3046 Apud
1691 3011 1828 3045 Augustin.
1843 3010 1875 3037 de
1889 3012 1949 3039 Ciu.
1965 3013 2014 3039 Dei
2032 3022 2072 3047 20,
2086 3019 2100 3045 8
2113 3022 2178 3042 extr.

1170 3054 1187 3073 E
1197 3055 1215 3073 x
1226 3054 1240 3073 Ρ
1249 3053 1268 3072 Ο
1277 3053 1293 3072 L
1304 3046 1369 3073 ΙᾹΤ
1378 3051 1397 3071 0
1406 3052 1441 3078 R,
1462 3045 1525 3072 oriS.
1541 3055 1576 3072 m.
1612 3046 1690 3082 Apud
1701 3046 1814 3073 Saluian.
1830 3045 1861 3072 de
1870 3047 1986 3074 Gubern.
1998 3049 2047 3075 Dei
2061 3059 2073 3081 7
2086 3059 2111 3084 p.
2123 3056 2178 3081 288·

1169 3080 1352 3114 ExP6L10,
1380 3081 1436 3114 iui,
1455 3083 1538 3113 itum,
1564 3083 1612 3108 ire.
1649 3083 1728 3117 [ξέω,
1746 3082 1853 3114 οἶποξέω,
1879 3082 2016 3118 ἔκλειοιίνω]
2060 3085 2136 3111 Valde
2155 3092 2178 3112 et

1133 3125 1210 3144 totum
1225 3119 1306 3144 Polire
1320 3124 1343 3143 et
1357 3125 1454 3143 ornare.
1490 3117 1572 3143 Plaut.
1586 3117 1646 3144 Mil.
1660 3127 1688 3152 4,
1701 3127 1729 3151 4,
1742 3122 1770 3150 38
1795 3119 1885 3144 Meum
1907 3126 1972 3152 opus
1994 3119 2030 3145 ita
2047 3119 2115 3146 dabo
2135 3129 2178 3147 ex-

1134 3154 1264 3188 politum,
1281 3159 1310 3179 vt
1325 3151 1478 3187 improbare
1498 3161 1553 3179 non
1573 3161 1660 3187 queas.
1697 3154 1753 3180 Cic.
1767 3152 1799 3179 de
1812 3153 1905 3180 Diuin.
1924 3162 1950 3186 2,
1968 3159 2000 3187 48
2018 3164 2039 3181 c.
2054 3164 2078 3182 21
2108 3157 2177 3183 Cum

1135 3189 1219 3216 multa
1237 3189 1295 3215 sunt
1315 3187 1347 3214 de
1369 3197 1502 3214 marmore
1521 3188 1651 3222 detracta,
1672 3195 1697 3215 et
1719 3188 1751 3215 ad
1769 3188 1927 3216 lineamenta
1946 3191 2001 3216 oris
2022 3196 2177 3224 peruentum

1134 3225 1186 3257 est,
1206 3231 1264 3251 tum
1287 3224 1436 3258 intelligas,
1461 3223 1547 3257 illud,
1573 3224 1647 3259 quod
1670 3225 1723 3251 iam
1749 3224 1897 3259 expolitum
1923 3224 1973 3256 sit,
2001 3225 2070 3252 intus
2091 3227 2176 3254 fuisse.

1135 3260 1269 3294 Quinctil.
1287 3269 1312 3292 2,
1327 3269 1363 3292 19,
1376 3268 1388 3292 3
1409 3259 1470 3286 Etsi
1486 3260 1627 3287 Praxiteles
1642 3259 1741 3295 signum
1753 3260 1862 3295 aliquod
1878 3269 1910 3287 ex
1926 3260 2020 3287 molari
2037 3262 2123 3295 lapide
2136 3272 2178 3289 co—

1089 3305 1118 3334 35
1135 3303 1209 3322 natus
1222 3296 1282 3322 esset
1295 3296 1454 3330 exsculpere,
1474 3296 1580 3322 Parium
1596 3305 1713 3322 marmor
1727 3296 1831 3322 mallem
1844 3296 1924 3322 rude:
1939 3302 1974 3328 at,
1988 3296 2004 3322 si
2021 3296 2088 3323 illud
2104 3298 2176 3325 idem

1135 3333 1233 3358 artifex
1245 3332 1398 3366 expoliss‘et‚
1418 3332 1475 3366 plus
1487 3331 1514 3357 in
1526 3331 1646 3358 manibus
1661 3332 1764 3362 suisset,
1785 3341 1864 3366 quam
1883 3332 1911 3357 in
1925 3340 2065 3358 marmore.
2120 3334 2177 3361 Sca-

1133 3368 1227 3395 britias
1246 3367 1312 3394 Plin.
1327 3377 1369 3401 24,
1384 3377 1411 3400 4.
1468 3367 1632 3400 Consilium,
1642 3374 1690 3403 per
1708 3369 1905 3394 translationem.
1933 3366 2012 3392 Plaut.
2027 3368 2105 3396 Poen.
2121 3377 2141 3402 1,
2156 3378 2176 3402 1,

1134 3406 1169 3430 60
1189 3405 1275 3430 Immo
1284 3404 1365 3430 etiam
1378 3412 1461 3438 quum
1475 3403 1633 3436 expoliuero
1647 3404 1730 3438 magis
1745 3402 1804 3433 hoc,
1819 3408 1874 3429 tum
1890 3402 1995 3428 demum
2009 3402 2095 3437 dices,
2107 3414 2176 3432 nune

1133 3440 1215 3467 etiam
1232 3439 1298 3466 rude
1313 3439 1357 3465 est.
1428 3439 1485 3465 Cic.
1502 3438 1534 3465 de
1547 3440 1622 3466 Orat.
1642 3448 1664 3472 2,
1677 3449 1713 3472 40
1732 3448 1753 3465 c.
1774 3447 1802 3464 10
1842 3437 1905 3464 Nox
1926 3443 1967 3469 te,
1981 3439 2084 3473 inquit,
2097 3440 2176 3468 nobis

1828 3472 1965 3499 Doctrinis
1985 3475 2109 3502 omnibus
2129 3476 2177 3503 ali-

1133 3521 1213 3546 quem
1237 3511 1310 3538 Idem
1328 3510 1360 3537 de
1374 3512 1448 3537 Orat.
1463 3519 1485 3542 3,
1501 3519 1544 3546 137
1557 3521 1579 3538 c.
1592 3520 1633 3545 34.
1704 3511 1843 3536 Inuentum
1862 3508 1997 3542 expolire,
2010 3516 2036 3536 et
2053 3511 2176 3545 expedite

1133 3547 1305 3581 pronuntiare
1324 3545 1511 3572 difficillimum
1531 3547 1567 3573 est
1586 3546 1662 3573 Auci.
1676 3544 1708 3571 ad
1721 3546 1818 3570 Heren.
1833 3552 1859 3575 2,
1874 3551 1912 3578 27,
1968 3546 2099 3579 Qiinc'lil.
2115 3552 2138 3580 8,
2151 3556 2176 3580 3,

1132 3591 1165 3615 42
1190 3583 1255 3609 Non
1268 3583 1331 3617 quia
1343 3582 1414 3608 comi
1433 3582 1603 3618 expolirique
1619 3590 1672 3607 non
1686 3580 1779 3606 debeat
1792 3583 1890 3619 oratim
1908 3587 1968 3606 nani
1982 3587 2008 3607 et
2022 3581 2085 3609 haec
2100 3592 2176 3610 orna-

1132 3623 1173 3643 tus
1185 3627 1243 3652 pars
1256 3618 1301 3644 est.
1374 3617 1452 3644 Nihil
1467 3618 1579 3653 simplici
1595 3618 1622 3644 in
1638 3624 1732 3650 genere
1745 3623 1820 3641 omni
1834 3623 1865 3641 ex
1877 3622 1950 3649 parte
1968 3618 2118 3650 perfeetum
2131 3627 2176 3646 na-

38 3648 110 3676 Non.
124 3659 152 3683 4,
166 3657 208 3682 159
232 3649 374 3683 Explorare
394 3652 421 3675 in
438 3650 462 3676 h.
476 3652 493 3678 1.
511 3656 549 3679 ait
568 3653 611 3687 effe
628 3655 730 3682 ficcare.
765 3655 838 3690 Quod
850 3654 876 3688 Ji
889 3653 1031 3687 verumstt‚
1046 3659 1069 3678 et
1085 3662 1117 3688 95
1133 3659 1191 3679 tura
1210 3654 1342 3687 expoliuit
1357 3653 1413 3679 Cic.
1428 3653 1458 3680 de
1472 3654 1574 3680 Inuent.
1589 3661 1614 3684 2,
1631 3660 1652 3684 3.

35 3684 132 3710 aliunde
142 3685 247 3720 probari
265 3691 351 3720 queat:
372 3684 461 3720 respici
474 3685 576 3714 dicemus
588 3689 621 3715 ad
638 3691 704 3716 illam
717 3693 768 3717 vim
781 3691 850 3717 verbi
861 3689 1001 3724 simplicis,
1022 3698 1071 3724 qua

32 3718 119 3755 fletum
138 3720 246 3751 uberem,
266 3727 289 3746 ²⁷!
308 3721 361 3746 112ss
363 3723 426 3746 imas
439 3719 582 3756 ,Fgmficat‚
600 3732 630 3752 vt
643 3726 764 3760 exploret
782 3725 881 3753 robora
895 3725 998 3755 fumus,
1016 3733 1070 3750 cum

39 3753 173 3788 humorem,
186 3762 304 3791 tanquam
317 3757 433 3782 lacrimas
447 3756 575 3791 quasdam,
587 3761 668 3794 elicit,
681 3771 753 3798 eaque
771 3762 825 3797 ipsa
838 3763 935 3788 ratione
949 3770 976 3786 ea
983 3759 1070 3794 ficcet.

41 3789 105 3849 Qin
117 3791 169 3826 1*th
181 3794 247 3817 ratio
254 3791 395 3826 sollemnior
409 3791 494 3823 verbi,
515 3801 562 3826 qua
574 3802 670 3821 examen
682 3804 704 3822 et
724 3797 904 3833 inquzfitionem
917 3803 1004 3828 notat,
1015 3802 1071 3831 pot-

41 3861 118 3885 oculor
134 3865 161 3887 in
172 3862 248 3897 solem
260 3862 382 3898 dirigere,
395 3870 418 3889 et
435 3865 590 3888 conniuentes
606 3862 834 3902 humectantesque
854 3869 922 3903 (quo
935 3867 1008 3893 verbo
1021 3870 1071 3893 vti-

40 3900 81 3920 ταν
95 3895 155 3923 Ρ1111.
168 3906 205 3930 10,
219 3906 231 3929 3
249 3901 276 3923 in
289 3898 334 3924 bac
350 3899 398 3932 re)
410 3897 469 3923 nido
489 3900 599 3923 eiiciunt.
635 3899 692 3930 Sed,
705 3909 733 3927 vt
754 3903 808 3929 dixi
816 3924 823 3936 ‚
837 3906 911 3929 aliam
925 3912 1016 3938 quoque
1029 3912 1071 3928 au-

39 3927 174 3958 &oritatem
188 3932 311 3968 exspefio,
330 3943 382 3959 cum
389 3934 469 3970 soleat
481 3940 567 3959 temere
573 3931 768 3994 fiffiflg'lffl‘imm
782 3940 946 3974 multiplicare
962 3940 1070 3964 Nonius.

38 3964 133 3993 Ventos
157 3969 232 4002 Virg.
253 3969 318 3994 Aen.
335 3977 358 4001 3,
377 3978 431 4003 514.
503 3969 564 3994 Vias
591 3968 631 3995 Ti
654 3969 699 3995 ull.
718 3978 742 4001 2,
762 3980 781 4003 1,
792 3979 832 4006 73.
903 3974 980 4000 Vires
1007 3974 1069 4000 Stat.

36 3998 126 4029 Theb.
140 4007 164 4035 8,
174 4012 218 4037 42.

187 4044 273 4071 von
308 4040 348 4067 u.

1170 3695 1186 3715 Ε
1196 3695 1237 3715 xe
1246 3687 1266 3714 ὀ
1276 3689 1311 3715 Li
1322 3695 1344 3715 'r
1354 3696 1374 3713 v
1384 3696 1396 3716 s
1407 3709 1416 3722 ‚
1435 3698 1465 3721 a,
1485 3698 1540 3715 um.
1568 3687 1660 3714 Partic.
1697 3685 1819 3712 Excultus
1831 3690 1911 3720 atque
1924 3687 2059 3721 expolitus
2072 3689 2126 3715 vita
2139 3695 2175 3716 at-

1133 3733 1185 3759 que
1197 3724 1267 3750 cultu
1281 3725 1338 3751 Cic.
1352 3723 1384 3750 de
1397 3724 1468 3751 Clar.
1484 3725 1557 3750 Orat.
1571 3731 1611 3755 95.
1679 3722 1770 3748 Meum
1790 3731 1855 3756 opus
1874 3722 1910 3748 ita
1931 3722 2000 3749 dabo
2018 3725 2175 3758 expolitum,

1133 3766 1161 3786 vt
1174 3759 1328 3794 improbare
1341 3769 1396 3786 non
1411 3769 1490 3795 queas
1506 3760 1584 3785 Plaut.
1600 3757 1659 3784 Mil.
1672 3766 1701 3790 4,
1713 3766 1742 3791 4,
1756 3762 1793 3790 38.
1864 3757 1965 3784 Ρίἑὶιιηι
1981 3766 2060 3794 atque
2073 3759 2173 3792 expoli-

1132 3801 1189 3821 tum
1209 3796 1339 3822 orationis
1357 3805 1437 3830 genus
1464 3794 1517 3821 Cic.
1540 3794 1567 3820 in
1580 3793 1655 3820 Orat.
1670 3801 1709 3826 95.
1781 3792 1900 3820 Libellus
1920 3795 2024 3828 pumice
2042 3795 2174 3828 expolitus

1373 3829 1565 3865 Expoliendum
1588 3828 1788 3864 limandumque
1801 3830 1826 3855 se
1842 3828 1922 3855 alicui
1942 3830 2003 3855 viro
2017 3830 2096 3855 docto
2117 3839 2173 3863 per-

1566 3865 1679 3900 Compar.
1697 3865 1784 3891 Catul.
1803 3874 1849 3898 40,
1867 3873 1903 3899 24
1932 3865 2000 3891 Dens
2019 3864 2172 3897 expolitior.

1131 3869 1238 3894 mittere
1253 3866 1318 3893 Plin.
1331 3867 1408 3900 Epist.
1426 3874 1446 3897 1,
1459 3873 1495 3891 10.

1790 3901 1884 3936 superi.
1906 3900 1972 3926 Geli.
1985 3908 2010 3931 2,
2024 3908 2057 3925 20
2085 3900 2172 3926 Villae

1131 3903 1272 3929 Frumenta
1287 3902 1445 3936 expolitiora
1460 3900 1590 3927 Columel.
1605 3910 1628 3934 2,
1641 3909 1681 3935 21,
1695 3903 1720 3927 6.

1130 3936 1336 3972 expolitiffimae.

1165 3980 1181 4000 E
1190 3981 1208 4000 x
1218 3980 1233 3999 Ρ
1242 3979 1261 3999 o
1271 3979 1286 3999 L
1297 3980 1306 3998 1
1315 3979 1336 3999 T
1345 3980 1354 3998 1
1365 3978 1385 3997 0
1395 3991 1404 4003 ,
1424 3970 1490 3998 bnis..
1517 3971 1536 3998 f.
1570 3971 1615 3998 Ad
1634 3970 1801 4006 aeth-'fictorum
1814 3973 1994 3997 exornationem
2007 3968 2080 4003 saepe
2092 3968 2171 4003 refer-

290 4004 358 4037 Nep.
371 4006 457 4032 Haun.
470 4012 487 4032 2
516 4004 624 4040 Legati,
638 4005 686 4039 qui
699 4004 731 4032 de
751 4006 808 4033 eius
819 4009 964 4036 Voluntate
978 4009 1121 4047 exple-105
1129 4016 1180 4037 tur.
1198 4019 1224 4036 v.
1237 4018 1264 4045 g.
1284 4008 1340 4035 Cic.
1354 4008 1392 4041 Q
1403 4007 1472 4034 Frat.
1485 4015 1507 4040 3,
1522 4015 1532 4034 1
1557 4007 1691 4035 Vrbanam
1706 4006 1899 4042 expolitionem
1912 4009 1987 4037 vrget
2002 4003 2048 4030 ille
2062 4004 2171 4038 quidem

1322 4042 1346 4070 X
1364 4051 1382 4068 x
1402 4050 1421 4069 x
2079 4039 2169 4067 etPhi-
