2479 4225
18 157 122 246 {48⁵
445 175 480 215 E
567 176 603 217 X
683 175 716 215 E
1531 172 1564 213 Ε
1651 175 1688 215 x
1774 177 1809 217 E
2117 187 2196 235 435

18 262 19 291 j
52 268 122 298 nibal
151 263 269 300 castellum
295 263 329 291 fic
357 262 523 297 aedifica-at,
545 270 574 291 vt
600 264 629 291 in
660 264 785 292 omnibus
817 263 935 299 partibus
966 261 1083 288 aedificii
1190 266 1207 287 Ε
1220 267 1239 289 x
1251 268 1384 301 1‘1'15131
1394 269 1484 290 Lt'rf.
1494 270 1522 291 R.
1564 262 1637 303 Adu..
1666 264 1775 294 August,
1789 265 1867 293 Conf.
1881 270 1905 299 6,
1919 276 1943 302 7,

17 317 18 320 ¹
36 304 137 333 ”exitus
148 301 264 329 haberet.
283 302 301 325 i.
313 304 412 326 ianuas.
483 299 531 327 Sed
543 302 575 326 al.
590 301 691 327 exitum
703 300 752 326 fibi
767 299 883 326 haberet.
953 299 990 324 De
1004 297 1085 323 cadem
1192 303 1208 336 ξ
1221 305 1238 323 x
1251 303 1288 323 l‘r
1301 304 1341 324 1⁷0
1350 305 1362 323 S
1372 304 1390 323 V
1401 304 1413 323 S
1422 318 1428 328 ‚
1447 308 1459 324 a
1469 319 1478 332 ,
1497 308 1551 326 um.
1588 299 1647 326 Adi.
1687 298 1783 333 [ἕλος]
1818 300 1893 326 Idem.
1930 304 1985 331 Cic.
1999 306 2109 339 Catil.4.
2123 309 2140 333 6
2148 315 2168 333 c.
2177 315 2191 339 ς

17 337 19 355 ε
52 350 79 370 η
91 333 148 366 Liu.
157 344 229 370 3951
248 336 349 370 Septem
361 335 447 362 exitus
459 345 473 361 e
485 335 566 362 domo
579 336 718 368 fecerat‚et
730 344 760 362 ex
774 335 805 361 iis
819 333 946 368 quosdam
958 333 1085 364 occultos,
1154 330 1271 371 Exitiosa
1283 333 1440 359 coniux-atie.
1511 336 1542 361 Et
1554 335 1609 361 Att.
1623 343 1647 367 9,
1659 339 1674 364 8
1692 335 1838 361 Exitiofi1m
1851 335 1958 364 bellum.
2035 342 2190 376 prodigium

16 367 18 390 Ᾰ
53 384 86 404 „e
107 371 220 399 custodia
239 370 395 405 sepirentur.
430 386 476 391 —-
512 371 628 403 Postico,
645 371 719 407 quod
742 370 849 396 deuium
872 368 987 395 maxime
1006 374 1084 402 atque
1151 368 1206 392 cic.
1222 368 1253 394 <le
1267 369 1358 403 Arusp.
1373 369 1447 403 Resp.
1460 378 1487 401 4.
1594 370 1667 396 Idem
1681 371 1752 397 Fam.
1765 372 1792 402 6,
1805 378 1816 396 1
1855 370 1902 396 Sed
1916 375 1985 406 quod
2000 381 2026 401 et
2038 377 2096 404 fieri
2110 379 2190 412 poll'e,

52 407 210 439 uccultiffimi
220 406 307 432 exitus
321 412 390 437 erat,
411 406 502 440 fugere
515 413 631 434 conatus.
701 405 821 433 Scribon.
843 413 889 437 192
913 405 1041 431 Ventrem
1054 409 1085 437 *et
1110 408 1124 435 ς
1153 409 1182 441 ct·
1198 404 1337 430 exitiosum
1359 405 1443 436 Fore,
1462 404 1479 430 ss
1493 405 1630 437 euenisset,
1647 405 1785 437 videbam,
1805 405 1832 432 id
1846 414 1879 432 ne
1892 409 2034 441 accideret,
2052 412 2188 439 timebam.

50 453 139 474 omne,
151 441 280 469 nanu-„125
293 442 378 468 exitus
391 443 529 476 supprimit
542 444 597 469 1533
611 441 701 469 herba,
1151 438 1288 466 Discordia
1301 439 1438 466 exitiosior
1467 440 1534 466 Tac.
1549 442 1616 467 Anu.
1631 450 1699 475 3,12‚
1708 450 1726 468 1..
1780 441 1882 469 Helena
1894 442 2070 472 exitiosiffima
2084 449 2189 475 Priamo
2205 460 2211 464 “

88 487 105 506 E
115 485 133 505 x
144 486 153 505 1
164 484 185 504 T
196 484 247 508 10,
267 478 336 503 onis.
365 477 386 504 f.
423 478 504 504 Plaut.
518 478 604 506 Truc.
617 487 638 509 2,
651 479 676 509 6,
689 485 729 508 30.
766 474 949 509 Stratophanes
969 473 1086 510 indigna·
1150 473 1268 500 Tertull.
1282 474 1313 501 de
1326 475 1375 501 An.
1390 483 1411 500 c.
1426 483 1466 506 34.

50 520 175 554 turpucro
188 522 271 539 recen:
281 520 355 545 nato,
375 513 449 546 Qud
463 513 504 540 illi
516 522 546 540 ex
561 519 636 540 vtcro
650 511 734 537 exitio
747 511 797 542 est,
817 511 969 546 priusquam
983 515 1085 544 poterat
1185 515 1202 535 Ε
1214 517 1349 551 xrsr1os
1359 517 1384 536 Ε.
1420 509 1487 536 Adu.
1524 511 1659 545 Augustin.
1674 513 1720 547 Ep.
1736 517 1759 544 8,
1776 520 1797 545 3.

50 551 90 578 ire
104 557 132 577 m
145 547 294 583 prqelium3
329 551 348 574 ι’,
372 548 433 584 quid
445 558 475 575 αα
489 559 517 575 m-
529 548 562 582 est
575 550 659 574 exire?
1187 550 1204 570 E
1218 552 1235 571 x
1249 552 1264 571 Ε
1274 553 1321 582 Qv
1333 551 1353 571 ο
1366 552 1383 571 R
1393 565 1402 577 ‚
1421 551 1444 571 ct
1463 552 1478 570 L*
1488 553 1506 571 x
1519 551 1531 572 s
1542 552 1557 571 r:
1567 554 1614 583 Qv
1624 555 1643 573 o
1652 555 1670 573 R
1680 568 1688 579 ‚
1707 551 1765 573 utus
1778 549 1850 580 sum,
1871 547 1943 582 equi.
1977 548 2120 584 sinistimu,
2130 553 2186 578 ἄγω.

84 589 276 613 ΕΧΙΤΙνΜ,
302 583 321 609 i.
354 593 380 610 n.
416 584 549 617 [ἕξωλαα,
568 581 686 617 ὄλεθρος]
723 580 825 612 Festus,
845 581 958 607 exitium
980 579 1086 614 antiqui
1104 592 1133 611 10
1148 580 1258 615 πληρᾰω,
1279 579 1450 616 διεξέρχομαι]
1485 581 1618 616 perficere,
1639 583 1768 617 absblucre.
1806 583 1887 609 Plaut.
1900 584 1984 610 Truc.
1998 593 2025 617 2,
2039 593 2061 617 5,
2074 595 2102 611 10
2121 588 2188 614 Nul.

1 633 6 641 ν
33 606 179 655 ¹ponebant
198 628 246 653 pro
265 619 365 646 Exitu:
401 629 470 646 nunc
491 619 622 649 Exitium,
652 617 796 644 Peffinmum
825 617 928 643 exitum
965 616 1085 644 dicimus,
1148 615 1200 641 lam
1220 625 1276 641 rem
1293 621 1398 650 oportet
1417 614 1526 650 aggredi
1547 616 1653 649 dolose,
1672 618 1720 643 nili
1739 618 1822 644 astute
1845 625 2015 655 accurateque
2037 623 2186 656 exse-quare⁴

46 656 136 683 Varro
151 654 182 681 de
195 655 226 681 L.
239 655 269 681 L.
282 663 310 688 4,
325 663 354 681 10
367 664 391 689 p.
406 663 442 690 17,
456 662 487 687 32
507 654 618 681 Animae
629 659 655 678 et
667 652 787 686 corporis
801 652 933 692 discess'qs,
954 651 1026 686 quod
1041 660 1084 677 na-
1148 651 1216 677 Ter.
1231 651 1312 677 Andr.
1330 660 1349 683 1,
1363 658 1385 683 5,
1400 659 1435 683 24
1456 650 1504 676 Sed
1521 660 1589 677 nunc
1603 652 1667 686 quid
1680 653 1797 687 primum
1809 655 1951 688 exsequar?
2020 656 2189 684 Plaut.Most.

8 715 9 719 ,
48 691 97 718 teis
109 689 268 726 (hominihus
282 692 373 725 natis)
394 690 424 717 fit
436 691 535 717 exitus.
556 688 617 715 inde
630 688 763 719 Exitium,
784 694 812 714 vt
826 697 885 714 cum
898 696 927 713 ιη
945 696 1026 714 vnum
1048 688 1086 712 in-
1147 695 1169 718 3,
1179 695 1203 718 2,
1213 692 1237 715 18
1257 686 1356 712 Odiosa
1369 686 1430 712 haec
1444 687 1539 720 exequi
1553 694 1654 714 certum
1668 688 1713 720 est,
1726 695 1753 715 vt
1767 690 1857 715 abeam
1871 691 1958 724 potius
1969 690 2030 717 hinc
2042 692 2074 718 ad
2087 693 2188 726 sorum,

49 732 126 759 eunt,
139 725 226 752 Initia.
298 726 413 752 Exitium
424 734 453 752 ae
465 725 530 752 telos
543 724 602 750 viae
614 724 705 750 tribuit
718 724 805 750 Varro
817 733 831 749 a
850 723 883 749 ud
903 723 1027 749 Priscian.
1042 722 1057 748 l.
1073 731 1084 754 3
1148 730 1226 756 quam
1241 730 1309 747 nunc
1321 722 1395 748 domi
1408 721 1511 748 cubem.
1601 724 1731 757 Qinffll.
1748 733 1766 756 1,
1780 727 1796 750 6
1821 726 1895 758 Qiae
1909 726 2019 753 Tullius
2034 728 2060 753 in
2074 728 2189 755 Oratore

41 761 69 796 fi
108 762 148 787 des
171 762 276 788 Gran-nr
297 762 390 797 Suspic.
412 765 436 791 6,
455 767 479 790 8.
514 759 561 787 Sed
580 759 641 786 Ald.
666 758 740 792 Bafil.
759 730 860 786 Putsch.
873 768 897 794 p.
911 761 963 792 607
976 758 1086 784 exitum.
1105 773 1130 798 ις
1149 756 1261 788 Diuine,
1280 763 1308 783 vt
1319 758 1410 783 omnia
1422 757 1581 793 exsequitur.
1677 760 1817 786 Verbolius
1832 761 1938 796 exsequi
1971 763 2099 795 Qsinffil.
2114 771 2136 797 5,
2152 772 2190 791 12..

49 798 64 824 S
91 796 147 823 lust.
156 796 232 823 Catil.
241 803 268 829 55
288 797 326 823 Ita
339 797 386 823 ille
397 795 521 830 patricius
557 809 602 815 —
637 794 746 829 dignum
759 794 879 820 moribus
894 793 1023 828 factisque
1035 793 1085 819 suis
1150 794 1208 819 Hoc
1220 798 1306 818 tamen
1320 801 1401 819 vnum
1418 801 1548 828 exequere
1567 794 1635 820 mihi
1668 796 1742 830 Virg.
1759 797 1824 822 Aen.
1838 805 1866 829 4,
1879 805 1937 829 421.
2108 830 2111 831 .
2134 797 2154 838 ff
2175 808 2189 826 2

7 854 9 856 .
48 832 160 859 exitium
172 833 242 858 vitae
255 832 366 859 inuenit.
400 832 441 858 sic
458 833 546 865 optimi
564 833 651 866 quique
671 830 745 857 MSS.
761 829 828 864 apud
846 831 918 856 Grut.
932 835 956 855 et
967 830 1085 860 Cor-tium,
1150 830 1258 854 Nomina
1271 827 1428 860 Substantiua
1441 839 1448 853 .·
1485 829 1542 863 le.
1564 830 1591 854 iu
1606 830 1622 855 l.
1637 829 1710 856 finali
1732 831 1763 856 D.
1778 831 1810 857 de
1823 833 1933 865 priuatis
1947 831 2067 866 deficiis,
2087 833 2113 862 Si
2129 835 2190 870 qui·

46 870 90 903 qui
102 867 212 903 obstruat
224 870 297 894 etiam
308 866 374 903 aqud
389 867 444 892 Val·
457 866 674 901 Maximumffiepe
693 866 806 892 exitium
826 863 869 898 effi’
890 867 918 890 in
942 865 1018 893 MSS.
1043 865 1086 890 ubi
1148 863 1305 895 Ac'iionem,
1322 872 1390 898 quae
1413 872 1445 889 ex
1461 864 1596 891 maleficiis
1624 865 1728 899 oritur,
1749 866 1814 892 velit
1828 869 1934 902 exequi.
2027 871 2190 897 Acrumnam

38 902 127 932 ,editur
140 902 244 929 exitus:
279 900 470 939 quemadmodum
490 908 578 928 contra
596 911 624 928 ea
643 901 744 928 exitum
763 900 926 936 reponendum
947 900 1040 937 censuit
1056 910 1085 926 cx
1147 899 1258 939 exequi,
1279 899 1437 925 Aerumnam
1453 901 1504 934 pati
1520 900 1560 926 vel
1576 900 1694 935 defungi.
1731 901 1812 927 Plaut.
1826 903 1900 937 Capt.
1915 912 1936 935 5,
1951 911 2012 936 4‚12
2030 904 2063 930 Di
2080 907 2190 933 immor.

45 938 105 965 iisd.
147 937 260 972 vorstius
272 945 295 964 et
311 938 431 964 Torenius
443 937 540 973 censent
553 947 574 969 1,
588 940 612 968 6,
625 947 660 964 zo.
697 944 721 963 et
731 947 756 971 5,
770 946 791 968 1,
802 946 818 970 5
832 936 956 962 exitium.
1027 937 1083 961 Per·
1098 949 1132 968 20
1149 935 1212 961 tales
1226 934 1252 960 id
1266 934 1421 974 voluerunt,
1439 944 1486 961 vos
1499 936 1564 962 hanc
1578 937 1737 962 Aerumnam
1749 938 1845 971 exequi
1860 949 1865 964 z
1901 939 1975 964 decet
1988 939 2015 965 id
2029 941 2083 974 pati
2097 942 2189 968 animo

44 980 174 1000 mutantur
186 977 269 1010 itaque
273 972 355 1009 facile
367 971 710 1013 cognataefigmjficationis,
723 979 747 998 et
761 971 866 998 eiusdem
880 973 989 1008 originis
1008 974 1084 997 nomi-
1147 979 1242 1004 aequo.
1350 970 1405 996 Cic.
1420 969 1451 996 de
1467 972 1588 998 Vniuers.
1604 980 1616 1004 ς
1640 972 1704 998 Nou
1717 971 1800 1005 igitur
1812 972 1847 998 est
1862 973 1982 1005 dubium,
1990 977 2055 1009 quin
2069 977 2190 1004 Aeterni-

7 1015 9 1021 ¹
44 1016 86 1036 na.
124 1011 262 1044 Plerumque
273 1015 351 1034 tamen
364 1007 427 1033 illud
436 1008 594 1044 obseruatur,
613 1015 642 1035 vt
655 1008 742 1034 exitus
753 1009 888 1043 generatim
901 1013 1017 1038 mortem,
1031 1007 1085 1033 exi·
1146 1013 1225 1032 tatem
1239 1004 1361 1032 maluerit
1373 1007 1467 1040 exequi
1484 1017 1489 1032 z
1525 1006 1741 1041 quandoquidem
1763 1015 1849 1041 neque
1862 1009 1962 1035 mundo
1976 1011 2121 1045 quidquam
2133 1013 2190 1047 pul-

44 1044 112 1072 tium
126 1051 205 1071 autem
214 1043 326 1079 miserum
338 1048 361 1068 et
374 1040 511 1076 detestabile
524 1047 613 1070 mortis
624 1053 700 1079 genus
705 1041 841 1079 significet.
877 1042 948 1069 Hinc
964 1049 993 1068 vt
1013 1043 1083 1069 Perii
1145 1041 1249 1073 chrius,
1265 1049 1351 1075 neque
1370 1042 1426 1067 eius
1446 1041 1615 1068 aedificatore
1630 1041 1810 1076 praestantius.
1916 1043 1997 1070 Plaut.
2011 1046 2028 1070 E
2031 1046 2083 1079 pid.
2095 1057 2121 1080 4,
2135 1057 2161 1080 2,
2175 1057 2188 1081 3

43 1086 69 1106 et
86 1079 181 1107 Interii
197 1078 282 1105 dicunt
299 1078 391 1104 Comici
408 1078 443 1104 ad
459 1079 641 1113 exprimendam
654 1080 778 1105 leuitatem
791 1087 887 1110 eorum,
907 1081 952 1113 qui
964 1080 991 1103 in
1002 1085 1081 1113 paruo
1145 1078 1234 1110 Qam
1249 1081 1359 1102 matrem
1374 1085 1458 1103 meam
1472 1079 1481 1103 ζ
1504 1085 1528 1103 P.
1543 1086 1610 1112 quae
1623 1078 1769 1103 exanimata
1779 1077 1922 1111 exequitur
1930 1079 2087 1112 Adspeetum
2103 1090 2189 1110 tuum.

38 1115 234 1150 'etiampericulo
246 1113 286 1139 vel
295 1112 458 1140 admiratione
470 1114 528 1141 adeo
535 1114 592 1150 fhIa
606 1113 688 1140 verbis
700 1116 738 1140 ita
749 1113 868 1149 grauibus
880 1120 984 1139 utuntur
991 1123 1001 1142 ;
1023 1123 1082 1149 quae
1099 1125 1130 1152 25
1144 1115 1163 1138 i.
1183 1110 1309 1138 Conieffos
1323 1115 1350 1137 in
1365 1120 1388 1137 te
1400 1112 1470 1138 habet
1481 1113 1577 1144 oculos,
1597 1112 1664 1148 quast
1676 1112 1759 1143 dicat,
1781 1113 1817 1139 Te
1831 1114 1908 1139 oculis
1914 1114 2037 1149 fi’quitur.
2108 1119 2191 1144 Bene-

42 1152 116 1176 etiam
127 1149 197 1176 hodie
202 1147 350 1184 plebeiorum
356 1149 505 1185 praesertim
519 1157 542 1176 et
555 1153 740 1176 teme-rariorum
751 1150 873 1176 hominum
887 1152 953 1175 ratio
965 1147 998 1182 cst
1012 1159 1019 1173 :
1045 1152 1083 1175 ita
1145 1147 1235 1173 ficium
1255 1147 1311 1173 Sen.
1327 1146 1359 1172 de
1371 1148 1459 1174 Benef.
1476 1156 1499 1178 2,
1514 1154 1548 1180 25.
1637 1148 1706 1174 Ter.
1721 1147 1826 1174 Phorm.
1837 1157 1858 1180 2,
1868 1156 1890 1180 3,
1904 1157 1931 1175 21
1949 1151 2040 1176 Frater
2053 1151 2089 1177 est
2102 1154 2190 1187 exspe-

0 1188 8 1192 ’“
42 1185 221 1212 Terentianus
235 1183 354 1218 Antipho
365 1184 471 1212 aduentu
480 1188 565 1221 patris
572 1184 735 1220 perturbatus
747 1182 903 1217 etstuleitiae
911 1185 971 1219 Jitac
978 1191 1081 1219 paenam
1145 1182 1252 1209 &andus
1266 1182 1348 1209 mihi:
1372 1183 1393 1209 is
1409 1183 1479 1217 quod
1495 1183 1562 1210 mihi
1576 1182 1680 1210 dederit
1693 1183 1725 1209 de
1738 1182 1785 1223 hac
1798 1192 1825 1223 re
1838 1184 1999 1217 Consilium,
2023 1186 2050 1214 id
2065 1196 2189 1222 exequar„

0 1222 2 1227 '
21 1240 24 1241 ν
41 1220 73 1248 ab
91 1228 114 1247 eo
133 1226 239 1246 metuens
258 1222 296 1246 ait
314 1219 420 1247 Phorm.
441 1229 460 1252 1,
480 1229 507 1254 4,
526 1229 556 1253 23
581 1220 661 1254 Qiod
674 1229 723 1255 ego
738 1228 807 1246 nunc
817 1219 906 1246 subito
919 1220 981 1246 huic
996 1220 1080 1246 exitio
1146 1218 1287 1245 Callistrat.
1314 1219 1341 1244 in
1355 1218 1374 1245 l.
1391 1218 1448 1245 diui
1463 1219 1556 1245 fratres
1571 1220 1602 1245 D.
1619 1217 1650 1244 de
1663 1219 1889 1251 accusatiombus,
1910 1220 1975 1246 Diui
1989 1222 2083 1249 fratres
2098 1225 2191 1251 rescri-

0 1281 2 1283 ,
42 1254 190 1284 remedium
231 1255 366 1281 inueniam
399 1256 497 1282 miser?
586 1256 667 1282 Plaut.
697 1255 790 1283 Bacch.
814 1264 848 1288 4,
881 1263 897 1288 9
906 1274 913 1287 ,
941 1264 974 1287 29
1027 1256 1079 1282 Ilio
1145 1255 1266 1288 pserunt,
1287 1263 1342 1280 non
1373 1254 1469 1280 debere
1494 1255 1553 1288 cogi
1579 1254 1688 1281 heredes
1717 1255 1895 1281 accusatorum
1924 1257 2030 1291 exsequi
2057 1259 2189 1287 Crimina.

0 1305 3 1323 J
44 1291 96 1319 tria
107 1290 196 1319 audiui
209 1290 283 1316 fuisse
297 1291 366 1323 fata,
384 1300 451 1325 quae
467 1291 508 1318 illi
523 1291 613 1318 forent
627 1292 727 1318 exitio.
819 1291 893 1317 Idem
908 1291 981 1326 Capt.
998 1299 1021 1323 3,
1029 1300 1050 1323 3,
1063 1299 1082 1325 4
1098 1306 1131 1330 30
1146 1291 1204 1316 Liu.
1217 1297 1256 1322 33,
1293 1309 1300 1315 .
1337 1309 1343 1315 .
1364 1290 1512 1316 Praetorem
1526 1291 1635 1316 Decreta
1648 1299 1741 1316 eorum
1755 1299 1812 1316 cum
1828 1290 1879 1316 fide
1893 1298 1918 1317 et
1931 1301 1993 1319 cura
2005 1301 2189 1322 executurum.

45 1327 140 1362 Neque
151 1325 260 1353 exilium
273 1326 358 1352 exitio
371 1327 415 1353 est.
436 1330 454 1354 i.
462 1329 528 1354 ratio
541 1326 611 1353 illius
624 1327 734 1359 vitandi,
748 1324 893 1362 ffegt'endi.
972 1327 1028 1353 Cic.
1044 1328 1082 1361 Q
1145 1326 1214 1351 Suet.
1229 1326 1256 1351 in
1268 1325 1319 1351 Iul.
1332 1334 1353 1351 c.
1367 1327 1402 1360 67
1421 1325 1525 1352 Delicta
1538 1333 1623 1360 neque
1636 1325 1793 1352 obseruabat
1814 1326 1919 1359 omnia,
1933 1336 2019 1362 neque
2038 1338 2087 1363 pro
2108 1332 2191 1358 modo

29 1371 34 1374 “
46 1363 128 1392 Fratr.
139 1371 157 1394 1,
168 1370 187 1395 4
206 1362 259 1396 Ego
273 1361 397 1388 omnibus
409 1364 475 1389 meis
489 1362 573 1389 exitio
587 1363 674 1389 fuero.
752 1361 809 1388 Cic.
822 1362 851 1388 in
865 1362 944 1389 Catil.
959 1371 979 1394 1,
991 1371 1008 1395 9
1027 1371 1048 1388 c.
1062 1372 1081 1396 4
1144 1360 1340 1395 exequebatur,
1359 1364 1377 1387 i.
1394 1361 1521 1396 puniebat.
1626 1361 1674 1388 Sed
1694 1362 1797 1387 Delicta
1814 1363 1911 1396 exequi
1922 1383 1931 1395 ,
1960 1364 2058 1390 Crimen
2073 1367 2191 1402 pet-stim·

48 1399 103 1432 Qi
115 1397 147 1424 de
158 1397 245 1425 nostro
258 1397 378 1424 omnium
391 1398 521 1430 Interitu,
548 1398 596 1433 qui
610 1398 642 1424 de
656 1396 734 1424 huius
749 1397 824 1424 vrbis
835 1403 914 1432 atque
927 1397 994 1424 adeo
1007 1397 1081 1424 orbis
1145 1403 1168 1422 et
1180 1396 1294 1432 deferre,
1314 1396 1332 1422 l.
1347 1405 1357 1422 1
1371 1403 1394 1422 ct
1407 1405 1423 1423 2
1437 1406 1490 1422 cum
1501 1396 1615 1432 pluribus
1625 1398 1684 1423 aliis
1697 1396 1728 1422 D.
1744 1397 1775 1422 de
1789 1398 1896 1424 accusat.
2002 1400 2078 1426 Dicta
2092 1402 2191 1436 exequi
2211 1401 2213 1403 ’

41 1438 174 1464 ,terrarum
187 1433 268 1459 exitio
282 1434 406 1468 cogitent.
478 1433 533 1460 Cic.
547 1443 596 1468 pro
608 1433 668 1460 Mil.
682 1442 703 1459 c.
719 1441 735 1459 2
759 1433 833 1466 Qlos
847 1434 873 1460 P.
893 1433 985 1460 Clodii
1006 1433 1084 1460 furor
1145 1432 1204 1458 Liu.
1219 1440 1247 1464 4,
1260 1437 1301 1462 28.
1319 1430 1448 1467 estsacere
1461 1442 1520 1468 quac
1533 1432 1642 1458 dixeras.
1714 1432 1794 1458 Plaut.
1809 1433 1891 1459 Trin.
1904 1442 1925 1465 3,
1940 1442 1962 1466 2,
1973 1436 2009 1460 60
2028 1436 2122 1462 Tanto
2136 1447 2190 1464 mc-

0 1472 9 1476 ”
43 1469 140 1503 rapinis
153 1474 178 1495 et
190 1468 318 1495 incendiis
331 1475 356 1495 ct
371 1468 496 1496 omnibus
509 1469 601 1496 exitiis
611 1468 724 1504 publicis
736 1470 818 1505 pauit.
891 1468 947 1495 Cic.
961 1469 990 1496 in
1003 1468 1081 1495 Catil.
1100 1481 1127 1506 35
1143 1468 1195 1494 lius
1222 1467 1258 1493 est
1285 1472 1310 1493 te
1343 1468 1441 1494 sororis
1463 1469 1536 1494 causa
1555 1467 1698 1501 Egestatem
1719 1469 1830 1507 exequi,
1850 1470 1937 1503 Atque
1954 1478 2014 1496 eum
2033 1480 2126 1506 agrum
2145 1482 2189 1500 me

41 1511 71 1536 4,
84 1512 112 1530 10
134 1504 226 1531 Caesar
239 1504 380 1531 Lentulum
394 1505 547 1539 largitorem
567 1511 593 1531 et
607 1502 763 1539 prodigum,
779 1512 834 1530 11011
847 1509 934 1538 putat,
954 1513 1035 1539 quum
1050 1504 1082 1530 de
1145 1502 1259 1535 habere,
1280 1512 1359 1537 quam
1373 1508 1398 1529 tc
1411 1509 1455 1529 tua
1469 1504 1515 1537 qui
1530 1503 1625 1529 toleres
1639 1511 1746 1529 moema
1763 1505 1770 1529 ἓ
1808 1507 1826 1529 ι’.
1849 1514 1949 1541 egenum
1958 1512 2075 1541 perpetuo
2095 1517 2190 1542 viuere,

39 1539 155 1574 pernicie
168 1539 291 1574 Reipubl.
307 1546 334 1566 et
348 1540 432 1566 exitio
445 1540 524 1567 huius
539 1539 613 1566 vrbis
627 1546 680 1566 tam
691 1539 800 1570 acerbe,
820 1545 928 1574 tamque
941 1540 1084 1566 crudeliter
1143 1537 1178 1571 fic
1191 1539 1298 1568 Fatum,
1318 1539 1415 1573 Fugam
1425 1558 1433 1570 ,
1455 1539 1579 1564 Mortem.
1601 1573 1606 1578 ι
1671 1539 1727 1564 Cic.
1741 1541 1794 1565 Att.
1811 1548 1836 1571 9,
1851 1550 1869 1572 4
1887 1540 1998 1567 Miseros
2013 1551 2060 1568 nos
2074 1552 2121 1569 cur
2133 1553 2190 1571 non

39 1574 178 1609 cogitarit,
189 1575 322 1610 appellari
334 1576 402 1610 poffe
414 1575 578 1610 popularem.
684 1574 761 1608 Apul.
776 1575 840 1600 Met.
855 1582 871 1608 7
886 1584 910 1608 p.
925 1583 976 1607 195,
989 1583 1002 1607 5
1021 1575 1082 1609 Spes
1146 1582 1236 1599 omnes
1251 1575 1343 1600 Fatum
1358 1574 1429 1600 ill1us
1442 1582 1493 1599 vna
1506 1580 1608 1599 ext-cun
1626 1574 1715 1599 sumus
1731 1575 1739 1599 3
1774 1577 1793 1601 i.
1816 1577 1874 1600 Non
1885 1576 1974 1610 sismus-
1995 1586 2043 1602 una
2063 1580 2089 1603 in
2109 1580 2192 1605 eodem.-

0 1641 6 1647 ,.
37 1608 151 1638 hilarior
163 1610 193 1637 in
205 1610 322 1645 Capitale
335 1610 453 1645 proceffit
481 1611 602 1637 exitium.
698 1608 814 1636 Crudele
838 1609 927 1636 Valer.
945 1610 1044 1644 Argon.
1059 1619 1082 1643 3,
1139 1610 1266 1644 periculo,
1291 1617 1313 1635 et
1322 1612 1423 1644 sequuti
1429 1613 1515 1644 Jumus
1528 1618 1580 1635 eum
1594 1612 1619 1635 in
1631 1611 1760 1644 periculis.
1837 1610 1892 1636 Cic.
1909 1611 2020 1645 fhilipp.
2036 1621 2061 1643 2,
2076 1622 2108 1645 54
2122 1623 2143 1639 c.
2157 1623 2190 1640 22

38 1653 95 1677 302.
165 1645 325 1672 Detestabile
343 1645 411 1671 Gell.
426 1654 448 1678 3,
461 1654 487 1679 9.
553 1646 650 1672 Dirum
669 1643 713 1671 Sil.
726 1644 784 1670 Ital.
799 1653 822 1676 2,
859 1664 866 1671 .
903 1664 911 1672 .
966 1645 1081 1672 Facilius
1094 1657 1131 1682 40
1145 1645 1243 1670 Omnes
1257 1644 1424 1676 Consulares,
1444 1645 1490 1679 qui
1505 1653 1551 1679 per
1565 1644 1743 1671 valetudinem
1756 1645 1863 1678 exsequi
1877 1645 1974 1678 Fugam
1989 1646 2061 1671 illam
2077 1648 2191 1675 cladem-

38 1680 76 1707 est
89 1689 245 1708 araneorum
258 1681 369 1707 exitium
389 1681 455 1707 Plin.
469 1689 505 1713 21,
521 1689 558 1714 ¹4·
580 1684 598 1707 i.
612 1683 752 1715 pernicies,
770 1688 841 1715 quam
861 1682 949 1707 armzei
965 1681 1083 1717 inferunt
1144 1688 1195 1713 que
1210 1680 1358 1713 potuiss'ent.
1381 1683 1400 1705 i.
1414 1682 1529 1706 comitari
1543 1680 1679 1713 Pompeium
1688 1679 1839 1714 fugientem.
1911 1680 1998 1705 Funus
2018 1682 2087 1707 Gell.
2104 1691 2144 1716 10,
2158 1691 2192 1716 ις.

11 1725 13 1750 Ι
39 1716 193 1748 aluearibus,
206 1716 316 1752 facilius
330 1719 437 1743 vitatur.
515 1716 622 1743 Furiale
642 1715 728 1742 Valet.
743 1716 842 1749 Argon.
857 1723 880 1747 2,
892 1724 947 1747 292.
1024 1717 1081 1742 Ma·
1143 1715 1258 1748 Imperia
1272 1715 1324 1740 fine
1336 1723 1411 1740 mora
1424 1721 1616 1748 exequerentur
1634 1713 1694 1739 Liu.
1712 1718 1783 1752 ¹³.²8·
1886 1714 2033 1748 Imperium
2047 1718 2118 1744 celer
2131 1727 2192 1745 exe-

11 1760 13 1767 ¹
40 1758 121 1785 gnum
140 1751 215 1785 Virg.
227 1752 292 1778 Aen.
308 1760 334 1784 2,
348 1760 393 1784 ¹3¹·
588 1749 609 1788 ff
627 1758 644 1776 2
668 1751 769 1778 Verba:
789 1751 871 1776 Plaut.
887 1751 960 1784 Capt.
970 1759 998 1782 4,
1010 1759 1035 1781 2,
1044 1757 1079 1783 72
1144 1750 1237 1787 quitur
1256 1749 1302 1775 Sil.
1317 1758 1355 1781 10,
1392 1768 1398 1774 .
1437 1769 1443 1774 .
1516 1748 1661 1781 Imperium
1685 1747 1761 1779 hert,
1783 1748 1872 1774 Facere
1894 1749 1961 1783 quod
1981 1751 2054 1778 herus
2072 1756 2191 1788 imperat,

38 1787 148 1820 Aperite
164 1786 238 1812 hasce
257 1787 345 1814 ambas
362 1786 445 1817 foris,
469 1786 558 1820 prius,
579 1793 658 1820 quam
678 1785 806 1810 assulatim
830 1784 955 1817 pultando
974 1784 1079 1821 foribus
1142 1783 1202 1821 Liu.
1218 1790 1256 1814 25,
1292 1802 1299 1808 .
1337 1802 1343 1808 .
1385 1792 1388 1793 ⁷
1416 1783 1498 1808 Plaut.
1515 1783 1584 1822 Men.
1601 1791 1625 1814 2,
1640 1791 1660 1814 1,
1673 1790 1715 1808 20.
1744 1817 1750 1822 ·
1787 1780 1856 1810 Ter.
1870 1785 1967 1811 Heaut.
1979 1796 2007 1819 4,
2024 1796 2043 1820 1,
2055 1796 2088 1815 22
2117 1790 2189 1817 Nam

38 1821 150 1846 exitium
164 1821 262 1848 Affero.
332 1822 390 1847 Cic.
403 1829 454 1854 pro
474 1820 543 1845 Sulla
558 1827 586 1850 33
615 1819 706 1850 Qmm
718 1818 848 1843 exercitus
862 1817 1029 1850 perditorum
1041 1825 1078 1842 c1-
1092 1828 1126 1853 45
1140 1824 1193 1841 iam
1208 1817 1326 1849 primum
1339 1816 1358 1842 fi
1376 1825 1464 1843 mcum
1479 1820 1624 1850 Imperium
1644 1818 1751 1853 exsequi
1770 1817 1906 1851 voluisses,
1926 1821 2091 1850 interemtam
2110 1834 2189 1858 opor.

37 1855 114 1881 vium
132 1855 290 1880 clandestino
311 1855 407 1880 scelere
425 1854 566 1883 conflatus,
596 1850 801 1878 crudeliffimum
819 1857 846 1877 et
864 1850 1080 1878 tuc‘hiofiffi111um
1141 1850 1201 1876 tuit.
1280 1852 1385 1885 [ncepta
1405 1852 1464 1878 Liu.
1479 1860 1518 1884 3ο,
1531 1861 1558 1885 4.
1640 1853 1706 1880 Plin.
1720 1854 1798 1887 Epist.
1814 1863 1835 1886 3,
1851 1863 1868 1887 4
1889 1857 2018 1883 Veniebat
2031 1855 2059 1884 in
2071 1868 2189 1888 mentem

37 1890 136 1925 patriae
148 1889 259 1916 exitium
275 1888 460 1922 comparasset.
530 1887 635 1913 Lucret.
650 1894 677 1918 5,
691 1887 727 1918 96
1141 1885 1245 1920 priores
1259 1886 1361 1913 nostros
1374 1888 1422 1913 effe
1436 1887 1598 1922 lirqgulorum
1612 1888 1756 1923 hospitium
1771 1890 1884 1916 [niurias
1892 1892 2098 1920 accusationibus
2107 1897 2190 1923 variis

189 1924 260 1951 Tres
274 1923 370 1957 species
382 1928 436 1949 tam
445 1921 594 1953 diffimiles,
609 1921 672 1956 quia
687 1920 748 1948 talia
760 1926 847 1955 texta,
1141 1927 1274 1948 executos.
1381 1922 1464 1949 Plaut.
1479 1924 1560 1950 Merc.
1574 1931 1595 1956 5,
1603 1932 1628 1955 2,
1636 1931 1670 1957 72
1690 1924 1763 1957 Qiin
1777 1930 1805 1950 tu
1818 1933 1881 1959 ergo
1895 1927 1978 1953 Itincr
1991 1937 2077 1955 meum
2092 1932 2188 1966 exequi

188 1960 246 1986 Vna
258 1958 313 1985 dies
326 1957 407 1985 Dabit
419 1957 504 1985 exitio
513 1978 521 1990 ,
541 1957 694 1991 multosque
708 1965 755 1992 per
765 1966 847 1984 annos
1141 1965 1184 1983 me
1196 1956 1275 1983 sinis?
1383 1958 1454 1983 Caes.
1469 1958 1496 1984 B.
1510 1959 1542 1984 G.
1559 1967 1579 1990 1,
1593 1967 1607 1992 7
1625 1960 1715 1992 Quum
1729 1959 1822 1985 ciuitas
1834 1961 1870 1986 ob
1884 1970 1940 1988 eam
1954 1972 2010 1989 rem
2024 1966 2132 1992 incitata
2147 1976 2190 1993 ar·

188 1994 332 2021 Sustentata
344 1999 403 2020 ruet
415 1993 500 2020 moles
513 2001 542 2020 ac
552 1992 672 2020 machina
685 1991 787 2019 mundi.
1080 2011 1085 2018 .
1110 2010 1127 2029 0
1143 1992 1209 2024 mis,
1230 1993 1273 2018 Ius
1285 1992 1359 2018 suum
1374 1992 1469 2026 exequi
1480 1999 1629 2019 conaretur.
1700 1994 1805 2021 Violata
1819 1997 1879 2023 Iura
1900 1997 1959 2023 Liu.
1972 2007 1994 2030 3,
2009 2007 2044 2032 ες.
2062 2004 2081 2027 ι’.
2092 2003 2188 2037 ulcisci,

0 2033 6 2048 ἶ
40 2031 120 2060 Ouid.
133 2031 196 2058 Met.
215 2039 241 2063 1,
257 2032 304 2064 146
340 2029 466 2056 Imminet
478 2028 562 2055 exitio
576 2028 619 2056 uir
632 2028 768 2064 coniugis,
788 2027 834 2055 illa
848 2027 948 2055 mariti.
1023 2027 1080 2055 Ma·
1141 2028 1206 2055 Iussa
1218 2025 1313 2056 diuum
1333 2028 1408 2064 Virg.
1422 2029 1487 2055 Aen.
1499 2037 1526 2061 4,
1541 2031 1598 2061 395.
1696 2029 1798 2056 Laudes
1813 2031 1932 2058 brafficae
1947 2034 2054 2068 longum
2069 2037 2105 2063 est
2118 2039 2188 2064 exse.

0 2087 1 2090 η
41 2068 155 2096 chinatus
169 2066 274 2093 insolita
287 2065 368 2092 exitia
386 2065 444 2092 Sen.
457 2064 567 2100 Hippoi.
581 2065 599 2091 s.
618 2073 652 2091 12.
743 2064 844 2092 Meteri
855 2064 968 2091 exitium
994 2063 1079 2090 Ouid.
1161 2065 1205 2097 ui,
1235 2067 1253 2092 i.
1274 2063 1388 2101 Persequi
1400 2072 1424 2091 et
1439 2074 1577 2091 enumerare
1613 2064 1736 2104 Plin.·2:>‚
1750 2075 1775 2098 9.
1882 2069 1964 2096 Piaut.
1976 2071 2065 2098 Bacch.
2080 2082 2101 2105 3,
2116 2082 2138 2105 3,
2155 2081 2189 2108 75

40 2104 102 2131 Met.
115 2111 141 2136 2,
153 2110 212 2136 290.
280 2101 357 2136 Apul.
370 2101 451 2128 Met.1
464 2110 489 2135 p.
499 2108 589 2134 103,41
610 2099 804 2127 Circulatorem
818 2100 905 2135 aspexi
940 2113 986 2120 —
1021 2099 1078 2125 lan·
1140 2101 1152 2126 1
1165 2100 1188 2127 le
1201 2101 1289 2127 amico
1309 2107 1334 2126 et
1348 2101 1519 2127 beneuolenti
1538 2101 1584 2128 suo
1604 2100 1687 2127 sodali
1700 2101 1791 2128 sedulo
1806 2111 1862 2129 rem
1874 2104 2024 2132 Mandatam
2039 2110 2188 2144 (requitur,

44 2147 125 2170 ceam,
143 2147 193 2173 qua
204 2144 277 2173 parte
290 2137 410 2164 Minatur
421 2137 550 2170 exitium,
571 2137 599 2162 in
612 2136 666 2163 ima
679 2136 778 2162 viscera
793 2135 944 2162 condidiss'e.
1016 2135 1078 2161 Mit-
1141 2135 1264 2163 Mandata
1309 2137 1364 2163 Cic.
1378 2136 1492 2171 Philipp.
1507 2145 1534 2169 9,
1548 2145 1564 2169 9
1579 2145 1600 2162 c.
1615 2145 1642 2170 4.
1748 2139 1899 2166 Ministeria
1930 2141 1990 2168 Liu.
2011 2151 2059 2174 29,
2098 2164 2104 2170 .
2143 2165 2149 2171 .

10 2181 12 2191 >
45 2179 100 2201 tere
115 2174 223 2201 exitium
234 2173 316 2200 alicui
332 2173 407 2208 Virg.
421 2173 517 2208 Georg.
530 2181 557 2206 4,
571 2179 626 2205 534.
734 2172 789 2198 Cic.
826 2193 833 2200 .
871 2191 878 2198 .
916 2191 922 2197 .
959 2169 1078 2196 Exitium
1095 2182 1124 2209 55
1142 2170 1255 2198 Modum
1269 2171 1377 2197 sationis
1391 2172 1462 2198 nulla
1475 2181 1506 2198 ex
1523 2178 1595 2206 parte
1608 2172 1717 2207 exsequi
1732 2174 1800 2207 posse
1816 2174 1872 2201 Cic.
1887 2176 1964 2203 Verr.
1978 2186 2000 2209 3,
2013 2181 2058 2210 46.
2103 2180 2187 2207 Plane,

10 2215 11 2239 γ
43 2209 161 2244 Reipubl.
172 2210 240 2236 intra
257 2209 363 2235 moenia
370 2208 491 2235 Molitur.
580 2207 682 2234 Totius
694 2206 769 2234 orbis
784 2206 869 2234 exitio
882 2207 969 2233 Natus
997 2206 1076 2241 Apul.
1141 2206 1231 2233 Pseud.
1246 2217 1275 2241 4,
1290 2215 1312 2239 2,
1326 2212 1353 2239 38
1374 2207 1522 2242 Negotium
1537 2208 1573 2234 est
1587 2218 1592 2234 :
1629 2217 1687 2234 nam
1700 2210 1798 2235 necare
1812 2210 1846 2236 est
1862 2210 1941 2238 hodie
1954 2213 2061 2245 Sicyoni
2073 2224 2115 2241 me
2129 2217 2187 2247 ess'e,

10 2248 11 2276 l
44 2246 108 2273 Met.
120 2253 147 2278 4.
222 2246 316 2272 Parare
328 2245 454 2275 exitium,
471 2243 523 2270 vid.
538 2249 634 2270 PARO.
670 2243 729 2269 Cic.
742 2243 825 2270 Tusc.
839 2252 855 2269 2
871 2252 892 2269 c.
905 2250 942 2278 17.
1031 2242 1079 2268 Po·
1143 2248 1188 2270 aut
1212 2251 1267 2269 cras
1288 2243 1405 2269 Mortem
1434 2244 1529 2278 exequi
1544 2254 1549 2270 :
1585 2244 1621 2270 ita
1639 2243 1716 2270 herus
1730 2254 1803 2271 meus
1816 2245 1853 2271 cst
1866 2247 2032 2282 imperiosus.
2141 2251 2189 2278 Sed

10 2306 11 2315 ¹
40 2289 103 2307 nere
113 2280 219 2307 modum
233 2280 323 2307 exitiis
341 2280 416 2316 Virg.
432 2281 496 2306 Aen.
511 2287 538 2314 7,
552 2287 606 2312 129.
689 2279 793 2305 Lucret.
808 2288 828 2311 1,
844 2284 891 2312 850
930 2279 1079 2313 Aequequo
1140 2278 1257 2306 Mortem
1270 2278 1379 2305 alterius
1392 2280 1517 2314 exsequi,
1533 2287 1582 2314 pro
1601 2280 1710 2313 VlcaJci,
1732 2282 1771 2306 vel
1788 2281 1885 2308 iudicio
1895 2283 2017 2319 persequi.
2059 2286 2189 2321 Pompon.

10 2323 11 2343 1
39 2315 173 2348 laborant,
208 2317 239 2343 Et
252 2321 361 2352 pereunt
376 2327 381 2342 :
416 2324 502 2350 neque
519 2314 552 2341 ab
566 2314 652 2341 exitio
665 2323 706 2341 res
725 2314 778 2341 vlla
791 2315 928 2342 Refrenat.
1008 2315 1077 2341 Hor.
1141 2314 1169 2340 in
1183 2314 1201 2341 l.
1218 2323 1227 2341 1
1244 2315 1275 2341 D.
1289 2314 1321 2340 de
1334 2316 1442 2342 accusat.
1477 2322 1501 2341 et
1516 2314 1603 2348 Papin.
1618 2315 1646 2340 in
1659 2315 1676 2341 l.
1694 2326 1704 2341 ς
1718 2316 1769 2342 eod.
1781 2320 1824 2343 tit.
1882 2319 1939 2352 le.
1962 2319 1988 2344 in
2007 2319 2025 2345 Ι.
2041 2330 2059 2354 4
2079 2324 2130 2348 cou'.
2145 2326 2190 2349 tit.

10 2359 11 2362 ¹
40 2351 125 2378 Carm.
138 2361 158 2384 1,
173 2354 211 2385 16,
227 2359 255 2387 17
273 2353 329 2379 Irae
340 2351 478 2384 Thyesten
490 2351 574 2377 exitio
588 2350 663 2385 graui
698 2349 829 2377 Sti-aucte.
938 2350 1003 2376 Mox
1020 2355 1077 2376 erat
1090 2357 1125 2382 60
1140 2350 1237 2376 Munus
1250 2351 1339 2382 suum,
1358 2354 1375 2377 i.
1391 2349 1505 2385 Officium
1526 2351 1582 2376 Cic.
1596 2350 1679 2376 Tusc.
1696 2359 1718 2382 3,
1734 2360 1768 2383 ις.
1839 2353 1896 2379 Cic.
1911 2355 1942 2379 de
1958 2355 2057 2382 Sene&
2073 2364 2101 2383 ’,Λ-
2119 2367 2140 2384 c.
2155 2367 2187 2384 20

37 2386 87 2414 hoc
101 2380 185 2422 ipsum
197 2387 297 2420 exitio,
316 2391 334 2414 i.
349 2387 426 2424 Causa
436 2390 525 2414 mortis
545 2387 620 2421 Virg.
636 2386 733 2421 Georg.
746 2395 769 2418 3,
782 2394 830 2419 511.
902 2385 976 2412 Idem
992 2385 1084 2417 Ecl.3,'
1139 2386 1285 2412 senectutis
1298 2392 1384 2412 autem
1399 2386 1487 2412 nullus
1502 2392 1588 2412 certus
1601 2386 1635 2412 esi
1652 2387 1780 2413 terminus
1795 2398 1800 2413 :
1837 2389 1963 2424 recteque
1982 2391 2010 2416 in
2028 2401 2056 2417 ea
2075 2382 2188 2425 inuitur,

37 2431 80 2450 101
99 2423 173 2450 Idem
185 2432 260 2450 amor
272 2423 385 2449 exitium
396 2422 433 2449 est
447 2421 537 2456 pecori
549 2422 705 2456 pecorisque
718 2422 852 2456 magistro.
920 2420 1001 2447 Ouid.
1011 2422 1076 2447 Met.
1138 2421 1227 2456 quoad
1241 2423 1339 2448 Munus
1351 2420 1434 2448 officii
1448 2422 1545 2456 exequi
1559 2431 1584 2448 ct
1600 2422 1668 2448 tueri
1683 2422 1764 2456 poffis.
1874 2424 2020 2459 Negotium
2039 2428 2094 2453 Cic.
2104 2428 2154 2454 off.
2166 2437 2186 2460 1,

34 2464 63 2493 7,
75 2460 120 2491 526
137 2459 283 2493 Pugnatum
294 2458 331 2484 est
344 2463 400 2484 arte
413 2456 536 2483 medendi
549 2467 556 2483 ι
590 2456 709 2483 Exitium
721 2457 864 2492 Superabat
877 2464 939 2491 opes
948 2476 956 2488 ‚
976 2456 1075 2483 vietae-
1139 2464 1183 2491 79.
1278 2458 1338 2483 Liu.
1353 2466 1375 2490 3,
1414 2478 1420 2485 .
1460 2478 1467 2484 .
1503 2457 1645 2484 Interfec‘ia
1661 2458 1721 2484 inde
1737 2464 1851 2493 quatuor
1864 2461 1959 2492 millia,
1981 2468 2005 2486 et
2017 2463 2186 2496 exsequendo

35 2503 86 2528 que
99 2494 227 2519 iacebant.
262 2494 300 2519 De
310 2491 374 2527 peste
385 2493 408 2518 lo
427 2495 505 2518 uitur.
699 2489 720 2529 ff
742 2501 755 2525 3
792 2492 909 2529 Consueta
922 2493 1076 2527 Metonymia
1136 2492 1270 2519 subtiliter
1278 2493 1445 2528 Numerum,
1466 2493 1509 2520 CC
1522 2493 1560 2520 ait
1574 2500 1598 2519 et
1610 2493 1689 2519 XXX.
1784 2493 1876 2520 Officia
1891 2502 1916 2521 et
1929 2496 2011 2522 studia
2024 2506 2081 2523 mea
2094 2498 2127 2524 sic
2142 2507 2187 2524 cx-

0 2535 10 2555 '.
36 2528 153 2556 Exitium
167 2533 271 2554 vocatur
283 2530 357 2553 etiam
368 2501 472 2560 angor,
491 2526 578 2563 causa,
597 2526 703 2561 occafiO,
719 2531 800 2556 exitii.
857 2528 939 2554 Plaut.
953 2527 1076 2554 Bacchid.
1089 2533 1122 2566 ⁶3
1138 2529 1248 2563 sequar,
1265 2536 1293 2554 vt
1306 2538 1349 2554 me
1384 2544 1430 2549 —
1466 2528 1517 2555 tibi
1531 2529 1680 2554 restitutum
1694 2534 1767 2562 putes
1788 2530 1844 2554 (Ac.
1859 2531 1911 2555 Att.
1926 2536 2000 2562 3,'15.
2109 2534 2186 2560 idem

36 2570 104 2597 4;9‚
116 2571 143 2594 23
161 2561 335 2589 Mnesilochus
348 2562 383 2589 cst
402 2562 549 2589 Alexander
568 2562 688 2598 (Paris)
706 2564 754 2598 qui
772 2564 823 2591 erit
842 2564 955 2590 exitium
973 2564 1013 2590 rei
1033 2572 1076 2598 pa·
1138 2563 1171 2590 de
1186 2563 1286 2590 Senec't.
1299 2573 1331 2597 34
1351 2565 1444 2598 Itaque
1469 2564 1566 2598 exequi
1590 2564 1680 2589 omnia
1702 2564 1770 2596 regis
1789 2562 1883 2590 Officia
1902 2572 1928 2591 et
1942 2575 2050 2593 munera
2064 2575 2109 2595 etc.
2148 2574 2185 2596 De

35 2598 103 2626 triae
110 2598 179 2624 suae.
214 2597 289 2625 Sicde
296 2596 418 2632 vastatore
429 2600 520 2626 Troiae
527 2597 606 2633 Vlyffi
615 2600 682 2625 Hor.
691 2599 779 2626 Carm.
789 2607 850 2632 ως,
858 2608 885 2626 21
893 2600 957 2626 Non
974 2599 1075 2626 La'e'rti-
1137 2598 1277 2632 Masinissa.
1384 2600 1538 2630 Patronam,
1558 2600 1576 2623 i.
1596 2597 1712 2623 Precibus
1719 2599 1874 2632 sollicitare,
1895 2607 1923 2626 vt
1935 2602 2012 2635 adsit.
2033 2610 2056 2628 et
2067 2607 2187 2631 adunes:

37 2634 114 2660 adem
126 2633 237 2660 exitium
247 2639 306 2660 tuae
320 2642 323 2645 ·
342 2634 448 2666 Gentis,
465 2643 520 2661 non
528 2635 630 2667 Pylium
638 2635 752 2662 Nestora
760 2636 884 2670 respicis?
957 2634 1075 2661 Exitium
1138 2634 1167 2659 de
1188 2634 1277 2659 Venere
1290 2633 1371 2658 Plaut.
1385 2633 1453 2660 Rud.
1469 2641 1488 2664 1,
1503 2642 1524 2665 ς,
1538 2641 1564 2665 4.
1671 2633 1754 2660 Plaut.
1768 2635 1848 2661 Mcrc.
1864 2643 1886 2668 5,
1899 2644 1925 2669 2,
1938 2642 1968 2667 88
1987 2639 2094 2671 Optime
2108 2640 2186 2666 adue-

36 2669 158 2700 Troiae,
175 2669 285 2696 Achilles
316 2670 398 2696 Ouid.
412 2671 476 2696 Met.
488 2679 525 2702 13,
538 2678 596 2702 500.
701 2672 780 2697 Locus
797 2669 831 2703 est
846 2670 931 2705 paullo
950 2670 1076 2703 obscurior
1138 2668 1213 2693 niens
1235 2676 1314 2701 puere
1332 2676 1393 2701 cape
1412 2667 1591 2700 chlamydem,
1612 2673 1690 2702 atque
1706 2668 1749 2695 hic
1768 2669 1820 2695 sine
1840 2669 1905 2697 ilico
1919 2678 1945 2698 vt
1960 2672 1977 2698 fi
1993 2673 2055 2699 haec
2070 2684 2122 2701 uon
2137 2676 2186 2703 fiut

38 2705 118 2739 Apul.
131 2705 194 2731 Met.
210 2712 222 2736 3
234 2713 258 2738 p.
271 2712 319 2736 133,
333 2712 369 2730 21.
403 2705 525 2739 Apuleius
537 2703 614 2737 iuffics
626 2710 733 2740 retegere
746 2705 881 2735 cadauera,
901 2703 1122 2744 vtfercbatur,70
1137 2711 1199 2728 vera
1207 2722 1216 2734 ,
1237 2703 1389 2736 incoeptum
1409 2703 1459 2730 hoc
1484 2704 1565 2729 itiner
1582 2703 1711 2730 perficere
1731 2704 1865 2739 exsequar.
1958 2708 2064 2743 Pergam
2078 2712 2186 2745 exsequi

37 2750 53 2767 a
79 2740 108 2774 se
133 2738 338 2775 interfectorum,
357 2740 460 2775 recufizt.
496 2739 664 2766 Renitentem
700 2753 745 2759 —-
781 2738 890 2765 liflores
925 2751 969 2758 --
1006 2747 1078 2764 com·
1139 2738 1221 2764 Plaut.
1235 2738 1331 2772 Amph.
1346 2746 1365 2770 1,
1378 2747 1396 2770 1,
1411 2740 1468 2765 106.
1563 2739 1639 2772 Virg.
1652 2740 1718 2765 Aen.
1727 2742 1753 2771 6,
1761 2742 1807 2771 226
1825 2741 1939 2776 Propere
1952 2745 2103 2779 exsequitur
2113 2748 2186 2773 i’rae-

35 2775 155 2811 pellunt,
175 2784 284 2802 manum
303 2774 419 2810 denique
438 2775 520 2810 ipsam
540 2783 554 2801 e
571 2774 681 2808 regione
702 2773 791 2801 lateris
804 2774 958 2806 tundentes,
982 2774 1010 2799 in
1023 2773 1077 2800 exi·
1140 2779 1214 2807 cepta
1225 2773 1349 2805 Sibyllae.
1448 2773 1530 2800 Plaut.
1545 2773 1631 2800 Truc.
1647 2782 1669 2806 2,
1682 2781 1704 2806 5,
1719 2781 1733 2803 8
1770 2775 1850 2804 Lucri
1868 2779 1944 2805 causa
1962 2788 2039 2806 auara
2054 2782 2186 2810 Probfflm

0 3418 3 3434 l

8 3843 10 3864 l

0 2916 3 2937 Γ
36 2918 64 2946 bi
75 2917 204 2944 videbatur
216 2917 283 2944 nihil
295 2917 408 2943 blandius
422 2916 480 2951 effe,
499 2925 570 2953 quam
578 2923 628 2952 pro
645 2916 734 2943 lateris
751 2918 830 2953 legere

37 2812 107 2839 tium
137 2811 213 2837 suum
236 2812 313 2845 super
333 2811 388 2845 ipsa
411 2811 536 2837 cadauera
557 2811 704 2844 porrigunt.
741 2811 814 2836 Mira
834 2811 935 2836 molitur
956 2810 1078 2836 Gruterus
1139 2809 1214 2835 suum
1228 2814 1351 2841 executa,
1370 2808 1471 2835 alienos
1496 2808 1601 2835 dolores
1627 2808 1695 2835 mihi
1715 2810 1853 2844 supposxui,
1963 2815 2024 2850 le.
2041 2817 2067 2843 in
2088 2818 2105 2844 Ι.
2119 2827 2187 2853 quae

0 2842 1 2850 ¹
37 2847 131 2883 Suspic.
146 2850 170 2877 6,
185 2852 215 2876 8:
252 2846 318 2873 latus
338 2849 518 2882 interpretatur
531 2847 643 2880 capulum
649 2846 674 2882 s
685 2844 813 2880 feretrum
826 2856 834 2870 :
870 2844 983 2872 exitium
997 2851 1078 2870 autem
1140 2843 1230 2870 omnia
1243 2842 1268 2880 §.
1282 2843 1325 2870 scd
1338 2843 1384 2870 etii
1399 2845 1431 2870 D.
1446 2844 1478 2870 de
1494 2844 1727 2876 Procuratoribus,
1747 2847 1805 2873 Nifi
1819 2847 1889 2875 forte
1903 2858 2014 2885 purgare
2026 2854 2110 2887 magis
2127 2864 2188 2880 con-

38 2884 216 2910 extremitatem
222 2891 233 2910 ,⁴
268 2888 429 2916 etpraetcrea
442 2883 503 2917 legit
515 2881 659 2908 tendentes.
695 2881 798 2916 Capiat,
809 2880 835 2914 fi
865 2884 891 2906 ui
897 2878 987 2916 potest.
1025 2881 1077 2906 Mi-
1093 2893 1125 2920 75
1139 2879 1254 2911 vitium,
1274 2888 1355 2914 quam
1368 2880 1582 2906 Procurationcm
1597 2881 1693 2915 exequi
1708 2881 1841 2910 maluerit.
1914 2885 1995 2912 l'laut.
2010 2888 2092 2915 Triu.
2107 2900 2127 2920 ε,
2142 2899 2164 2922 2,
2174 2897 2187 2923 ς

437 2947 440 2950 Α
715 2917 720 2920 “
847 2889 914 2943 fatus
923 2936 931 2948 ,
951 2915 1016 2951 quod
1027 2922 1078 2950 pro
1137 2916 1186 2942 Per
1194 2915 1316 2949 pietatem
1325 2915 1511 2949 noloegocum
1521 2915 1650 2950 improbis
1659 2923 1683 2943 te
1691 2917 1850 2952 viris‚gnate
1857 2919 1904 2952 mi,
1913 2930 1998 2956 neque
2007 2923 2032 2949 in
2044 2925 2184 2960 viaffleque

37 2951 164 2982 contradic
172 2952 270 2988 scripto
285 2952 352 2979 lat'is
367 2952 487 2993 irrepsiſje
494 2950 591 2988 potest,
610 2958 634 2978 et
646 2954 683 2978 ita
695 2954 873 2987 interpretari,
890 2953 1000 2978 Manum
1013 2960 1038 2977 υ.
1051 2960 1076 2987 g.
1140 2950 1170 2977 in
1180 2950 1331 2977 forovllum
1339 2951 1493 2977 Sermonem
1498 2951 1605 2990 exequi.
1643 2952 1702 2978 Liu.
1713 2958 1750 2985 28,
1759 2959 1788 2984 28
1810 2955 1886 2981 Viam
1894 2958 1996 2984 conlilii
2005 2959 2132 2992 scelerati,
2143 2961 2185 2987 sed

40 2988 165 3019 dextram,
183 2997 198 3014 e
209 2988 319 3022 regione
329 2988 395 3014 latus
401 2987 533 3023 sinistrum
547 2987 685 3014 tundentes
699 2987 728 3013 in
745 2987 856 3014 exitium
877 2987 968 3018 suuni,
986 2989 1005 3013 i.
1022 2996 1078 3013 cau·
1138 2995 1193 3013 non
1204 2986 1236 3013 ad
1250 2986 1376 3012 vltimum
1389 2985 1517 3012 dementis
1531 2988 1626 3022 exequi
1642 2988 1721 3019 volo,
1742 2993 1759 3015 ι’.
1781 2999 1899 3017 enarrare
1917 3000 2002 3020 totam.
2112 2997 2185 3030 Virg.

35 3023 91 3059 sam
120 3030 143 3049 ec
172 3027 299 3051 materiam
329 3022 449 3057 instantis
474 3023 613 3061 supplicii,
647 3028 730 3059 nempe
760 3023 837 3058 super
867 3023 922 3059 ipsa
953 3022 1081 3050 cadauera
1141 3023 1204 3049 Aen.
1217 3030 1240 3055 5,
1251 3030 1285 3055 54
1301 3023 1394 3048 Annua
1407 3024 1475 3054 Vota
1487 3029 1590 3055 tamen,
1607 3023 1797 3059 sollemnesque
1810 3025 1905 3053 ordine
1926 3037 2033 3063 pompas
2069 3031 2187 3065 Exeque-

39 3057 184 3095 Ponqgunt·
1093 3066 1126 3092 80
1140 3067 1193 3085 rer.
1390 3055 1410 3095 ff
1451 3066 1463 3090 3
1499 3058 1696 3094 obseruationes.
1730 3060 1859 3095 Exsequi,
1873 3069 1922 3097 pro
1943 3065 2064 3090 Funerum>
2077 3076 2084 3090 :
2122 3067 2186 3092 uncle

78 3099 189 3119 EXl'rl
200 3095 301 3128 PIUS,
323 3104 347 3122 e.
383 3094 444 3122 Adi.
482 3093 629 3130 [ὄλέθρως]
665 3093 738 3129 Quod
748 3097 850 3122 exitium
863 3094 959 3130 adfert,
966 3093 1081 3130 mortife-
1141 3092 1319 3128 Exequiarum
1337 3102 1440 3126 nomen,
1456 3094 1521 3129 quod
1542 3093 1599 3121 inde
1617 3101 1703 3121 natum
1722 3094 1771 3129 est,
1787 3097 1852 3132 quod
1867 3099 1939 3124 multi
1951 3099 2056 3126 cadauer
2068 3104 2129 3133 eim,
2143 3105 2187 3137 qui

44 3137 113 3159 rum,
131 3129 309 3165 calamitosum,
328 3130 468 3167 damnosum
482 3141 490 3156 .·
526 3137 570 3163 vt,
590 3130 711 3156 Exitialis
723 3136 833 3157 euentus
854 3130 913 3156 Liu'.
930 3137 974 3165 27,
1010 3149 1016 3155 .
1051 3148 1059 3156 .
1141 3129 1305 3162 efferebatur,
1316 3129 1491 3164 sequebantur.
1528 3130 1584 3156 Cic.
1599 3130 1683 3161 Tusc.
1698 3139 1719 3164 ι,
1733 3139 1770 3163 115
1783 3141 1811 3157 ex
1822 3135 1924 3168 antiquo
1938 3135 2027 3165 Poeta,
2047 3138 2080 3162 At
2094 3137 2185 3171 quila-

43 3163 102 3190 Cic.
115 3163 191 3190 Verr.
204 3171 226 3197 5,
238 3173 265 3191 12.
276 3175 297 3193 c.
306 3168 322 3193 6
342 3167 467 3193 Exitiales
483 3166 577 3192 exitus.
649 3166 716 3192 Plin.
729 3171 751 3198 8,
765 3172 792 3199 38
811 3166 859 3192 Ille
872 3170 963 3192 contra
975 3165 1081 3191 vrinam
1141 3164 1219 3192 bores
1232 3170 1318 3191 morte
1330 3163 1422 3190 finifl'et
1434 3173 1526 3200 graues
1535 3185 1542 3197 ‚
1560 3174 1621 3192 eum
1633 3175 1725 3193 omnes
1738 3168 1837 3194 amicos
1858 3167 1934 3194 ta-ude
1953 3176 1978 3196 et
1995 3171 2095 3197 laetitia
2116 3173 2185 3198 exse-

46 3198 144 3233 spargit
154 3199 279 3234 prucis-11⁵,
298 3201 362 3229 hane
374 3211 483 3237 quoque
495 3202 568 3228 leoni
580 3201 725 3228 exitialem.
796 3202 898 3228 Aurum
916 3201 977 3227 Stat.
986 3200 1079 3227 Theb.
1142 3201 1198 3236 qui.
1269 3200 1386 3234 Exequi,
1391 3199 1441 3234 fim
1461 3202 1544 3227 liciter
1551 3207 1601 3237 pro
1614 3203 1752 3237 Easponere,
1773 3204 1812 3229 uel
1828 3203 1963 3231 Narrando
1973 3207 2094 3242 persequi.
2124 3208 2184 3234 Liu.

45 3243 73 3268 4,
87 3242 141 3266 192.
210 3235 328 3268 Exitialis
357 3244 413 3265 erat
439 3237 508 3273 apud
531 3237 678 3272 principem
699 3237 761 3264 huic
782 3237 869 3264 laxior
894 3238 1012 3269 Domus,
1039 3236 1079 3262 illi
1096 3243 1125 3273 85
1142 3244 1165 3269 5,
1180 3235 1417 3270 15Exsequebatur
1448 3236 1542 3269 einde,
1561 3246 1628 3272 quae
1647 3237 1780 3264 sollemnis
1801 3238 1935 3266 deriuatio
1948 3243 2014 3268 eflet.
2048 3243 2101 3268 Cic.
2111 3244 2184 3270 Fam.

47 3269 186 3296 amoenior
197 3270 260 3297 villa
278 3271 342 3299 Plin.
356 3274 448 3308 Paneg.
461 3283 482 3300 c.
498 3281 539 3306 50.
555 3276 573 3299 i.
586 3276 676 3300 mortis
689 3273 761 3309 causa
772 3279 836 3300 erat.
871 3273 946 3307 Virg.
967 3273 1032 3298 Aen.
1054 3280 1080 3304 2,
1142 3278 1218 3306 11,27
1239 3271 1309 3297 Nam
1325 3277 1428 3305 praeter
1438 3270 1509 3303 haec,
1519 3281 1585 3306 quae
1600 3274 1819 3307 commemoraui,
1827 3283 1894 3308 quae
1908 3276 1995 3303 testata
2010 3278 2066 3304 sunt
2079 3284 2104 3304 et
2124 3278 2186 3305 illu-

0 3310 2 3332 ;
44 3313 70 3338 31
92 3305 150 3331 Pars
162 3304 244 3338 stupet
255 3305 376 3343 innuptae
390 3309 496 3336 Donum
510 3308 617 3335 exitiale
638 3309 785 3335 Mineruae.
821 3308 850 3335 de
875 3317 935 3344 equo
958 3309 1078 3334 Troiano.
1140 3307 1223 3334 stria:
1259 3305 1345 3333 habeo
1365 3307 1450 3334 multo
1464 3308 1627 3341 occultiora,
1646 3318 1713 3343 quae
1744 3310 1790 3336 vix
1822 3310 1917 3337 Verbis
1944 3312 2049 3346 exsequi
2073 3315 2184 3347 possum.

44 3340 148 3367 Malum
166 3339 211 3365 Sil·
225 3345 249 3372 8,
285 3361 292 3368 ·
327 3363 334 3370 .
438 3345 542 3372 Lucret.
558 3353 581 3377 2,
594 3346 641 3384 569
672 3345 730 3371 Nec
744 3345 865 3379 superare
879 3348 978 3378 queunt
991 3343 1080 3369 Motus
1141 3342 1209 3370 Add.
1224 3343 1298 3369 Curt.
1313 3352 1341 3376 4,
1357 3350 1384 3377 7,
1396 3351 1434 3375 32.
1506 3344 1633 3378 Exsequi‚
1651 3343 1716 3378 Paff.
1752 3345 1812 3379 le.
1827 3346 1853 3372 in
1868 3347 1886 3372 l.
1905 3356 1985 3381 quum
2005 3350 2133 3381 quaedam
2151 3351 2185 3376 D,

0 3385 7 3395 t
43 3376 137 3410 vtique
159 3375 288 3403 exitialeis
320 3379 461 3414 Perpetuo,
480 3389 566 3415 neque
595 3388 624 3406 in
651 3386 787 3407 aeternum
820 3380 929 3415 sepelire
960 3378 1079 3405 salutem.
1141 3378 1173 3405 de
1186 3377 1318 3405 iurisdiet.
1332 3378 1475 3405 omn.i11d.
1504 3378 1688 3412 Qiaerebatur
1701 3389 1734 3406 an
1747 3381 1845 3415 prioris
1865 3381 1958 3408 iudicis
1978 3383 2106 3411 sententia
2126 3394 2186 3412 exe-

43 3411 106 3438 Stat.
119 3410 205 3452 Achil·
218 3418 243 3443 2,
256 3419 307 3445 344
339 3428 384 3434 —
418 3416 483 3443 Petit
494 3415 614 3443 exitialia
626 3415 706 3442 iudex
740 3416 857 3442 Praemia
867 3435 875 3448 ‚
912 3417 988 3442 Paris
1008 3415 1079 3440 Hele·
1089 3425 1126 3450 90
1140 3415 1188 3449 qui
1202 3413 1284 3454 potiit.
1377 3416 1407 3441 Et
1422 3414 1439 3440 l.
1453 3422 1469 3440 2
1482 3413 1514 3440 D.
1530 3414 1561 3440 de
1575 3424 1604 3441 re
1616 3415 1700 3442 Iudic.
1725 3417 1776 3444 Per
1787 3425 1849 3444 raro
1863 3417 1932 3444 intra
1945 3417 2068 3445 statutum
2080 3426 2186 3456 tempus

0 3448 3 3457 ’
40 3456 99 3476 mm
111 3456 126 3472 α
144 3445 442 3482 Venerefihipromiffizm,
548 3451 623 3486 Virg.
639 3452 704 3478 Aen.
718 3453 744 3484 6,
759 3459 795 3484 511
825 3451 874 3478 Sed
888 3460 930 3478 me
944 3450 999 3477 fata
1011 3458 1077 3480 mea,
1139 3451 1280 3477 sentenuae
1292 3450 1478 3484 exsequentur.

14 3496 24 3505 1
42 3488 70 3510 et
91 3481 177 3508 Scelus
204 3482 312 3508 exitiale
340 3483 468 3513 Lacaenae
503 3487 554 3514 His
582 3486 702 3515 mersssre
734 3487 819 3514 malis.
923 3485 1079 3521 Tempestas
1177 3492 1194 3511 E
1208 3492 1227 3512 x
1238 3484 1338 3525 1³1qu
1348 3493 1369 3512 N
1379 3493 1391 3512 s
1401 3505 1407 3516 ‚
1428 3486 1504 3512 entis.
1523 3486 1617 3513 Partic.
1654 3483 1868 3522 [διεξερχόμενος]
1904 3487 1973 3514 Gell.
1988 3497 2033 3521 10,
2047 3499 2071 3516 12
2097 3491 2186 3520 Philo-

41 3517 111 3545 Vell-
122 3526 145 3550 ²,
160 3524 208 3552 72,
220 3524 242 3550 5·
266 3550 276 3557 ..
462 3535 469 3547 z
1138 3520 1234 3555 sophus
1254 3521 1446 3548 memoriarum
1465 3528 1586 3548 veterum
1599 3522 1835 3557 exequentissimus.
1907 3523 2000 3559 Legati
2017 3526 2128 3554 subinde
2141 3536 2187 3555 ex.

80 3559 97 3580 E
107 3559 128 3580 X
139 3560 149 3580 1
158 3559 179 3578 Τ
190 3560 198 3579 1
209 3559 229 3592 ᾼ
239 3559 273 3593 Β,Ι
287 3558 302 3578 L
312 3559 322 3578 1
331 3559 344 3579 S
351 3571 362 3592 .’
379 3562 406 3593 ς-
425 3555 481 3583 Adi.
498 3557 623 3593 [ἐξώλης]
660 3557 727 3585 Idem
739 3557 805 3594 quod
814 3558 931 3584 Exitiale.
966 3556 1026 3583 Liu.
1035 3564 1079 3591 27,
1138 3558 1274 3592 sequentes
1287 3556 1438 3591 quaerendo
1455 3557 1514 3583 Liu.
1527 3565 1553 3590 9,
1569 3559 1605 3584 16.
1626 3560 1644 3583 i.
1660 3560 1733 3583 anxie
1750 3563 1902 3592 quaerentes.

45 3596 85 3620 23.
121 3602 124 3604 v
155 3588 273 3614 Exitialis
281 3587 576 3622 prodlgmrumeuentus
589 3595 618 3620 in
631 3594 716 3628 capita
728 3594 863 3620 consulum
871 3592 961 3620 vertit.
997 3592 1079 3619 Ouid.
1093 3601 1125 3627 95
1177 3599 1193 3619 E
1205 3599 1224 3619 x
1234 3600 1252 3619 E
1260 3599 1281 3626 Q
1289 3599 1310 3617 v
1320 3599 1340 3619 v
1349 3599 1370 3619 T
1380 3600 1398 3619 v
1408 3599 1420 3617 s
1428 3612 1437 3624 ‚
1457 3594 1497 3619 vel
1516 3600 1532 3619 E
1545 3599 1562 3619 x
1573 3601 1587 3619 s
1598 3599 1613 3618 r
1623 3598 1641 3618 c
1652 3599 1672 3617 v
1681 3599 1702 3618 'r
1710 3598 1731 3617 v
1739 3599 1762 3623 s,
1777 3601 1801 3623 a,
1814 3601 1867 3619 um.
1886 3593 1981 3621 Partic.
2002 3595 2185 3634 [ἐκηλεθηκώς]

46 3624 109 3650 Met.
122 3626 147 3656 6,
163 3631 209 3658 257
229 3623 371 3650 Exitiabile
383 3623 471 3651 telum.
539 3629 621 3655 Plaut.
634 3629 710 3664 Epid.
726 3638 755 3662 4,
768 3638 791 3661 2,
804 3631 834 3661 36
852 3628 1022 3655 Exitiabilem
1030 3635 1080 3661 ego
1141 3628 1227 3654 Catul.
1242 3630 1286 3660 64,
1300 3635 1324 3660 15
1343 3627 1443 3654 Sectam
1456 3637 1543 3654 meam
1556 3629 1690 3654 exsecutae
1709 3627 1774 3653 duce
1789 3636 1839 3654 me.
1929 3631 2030 3659 Conata
2044 3635 2185 3668 magnifice

47 3658 88 3685 illi
101 3659 195 3686 faciam
206 3665 236 3686 vt
249 3659 318 3685 hunc
334 3659 395 3685 sciat
408 3658 487 3686 diem·
587 3665 643 3691 Cic.
657 3665 711 3691 Ait.
725 3673 764 3698 10,
776 3673 795 3698 4
813 3664 956 3691 Exitiabile
971 3662 1080 3689 bellum.
1140 3663 1276 3689 exsecutus
1292 3663 1360 3689 Vell.
1373 3672 1399 3696 2,
1413 3672 1456 3696 29,
1472 3673 1491 3690 1.
1561 3662 1732 3696 Quaestiones
1746 3663 1862 3690 exsecuti
1882 3666 1993 3699 Qun&
2002 3676 2027 3702 7,
2036 3677 2056 3701 1,
2067 3674 2100 3699 ¹8-
2153 3671 2186 3697 Et

48 3692 131 3730 Caput
144 3694 280 3721 exitiabile
294 3694 420 3728 serpentis
445 3695 524 3722 Ouid.
539 3698 602 3726 Met.
617 3705 647 3733 8,
659 3707 718 3734 425.
819 3700 911 3726 Clades
924 3697 1081 3730 exitiabilis,
1136 3697 1237 3734 paffiue.
1284 3698 1411 3725 Exsecuto
1426 3700 1495 3733 regis
1508 3698 1622 3732 imperio
1636 3697 1725 3723 lustin.
1740 3705 1767 3732 7,
1780 3707 1803 3731 3,
1815 3708 1840 3725 2.

43 3735 90 3764 ΡΜ
104 3732 259 3757 Ῑηΐῑνηκῑηᾶ
283 3731 352 3757 Suet.
367 3730 395 3756 in
408 3730 475 3763 Aug·
488 3739 509 3756 Ε·
525 3740 561 3763 23·
666 3736 751 3762 Cuius
764 3735 859 3770 praelii
874 3736 988 3761 Euentus
1000 3742 1079 3768 quam
1180 3739 1223 3760 Ex
1233 3740 1249 3760 E
1258 3739 1335 3772 QVV
1345 3741 1366 3761 T
1375 3742 1385 3761 1
1395 3740 1414 3760 0
1424 3754 1432 3766 ‚
1454 3736 1494 3760 vc!
1513 3741 1529 3760 Ε
1541 3741 1557 3759 x
1570 3739 1581 3757 S
1590 3740 1606 3758 Ε
1617 3738 1632 3757 C
1641 3739 1661 3756 V
1670 3739 1691 3759 T
1701 3741 1710 3759 1
1723 3739 1741 3759 o
1750 3751 1759 3765 ,
1777 3735 1844 3761 onis.
1865 3735 1885 3762 f.
1905 3736 2080 3774 [irrepyoeolu]
2118 3740 2185 3766 Plirt.

46 3763 128 3793 ,fuerit
141 3766 301 3799 exitiabilis,
321 3765 367 3791 vix
380 3765 468 3791 verbis
481 3767 593 3799 exprimi
603 3770 685 3803 potest
712 3772 810 3798 Patere.
826 3780 848 3803 2,
862 3779 896 3797 21.
986 3769 1180 3801 florui-1005,
1193 3773 1206 3798 8
1224 3767 1321 3804 Neque
1335 3770 1407 3796 enim
1422 3769 1536 3796 instituti
1549 3768 1637 3801 operis
1652 3767 1689 3794 est
1699 3769 1761 3796 talis
1776 3771 1940 3806 exsequutio.
2012 3775 2102 3801 Tacit.
2116 3776 2184 3801 Anu.

53 3806 95 3834 nes
104 3801 253 3828 exitiabiles
266 3807 353 3829 morte
365 3800 505 3827 mul-§teuit
528 3802 622 3829 Patere.
637 3813 662 3837 2,
675 3814 711 3832 12.
788 3807 869 3841 Leges
882 3805 1042 3840 perniciosas
1056 3810 1081 3830 et
1142 3812 1163 3835 3,
1177 3811 1201 3835 31
1222 3804 1434 3839 Exequutionern
1449 3806 1505 3830 eius
1519 3803 1620 3837 negotii
1635 3803 1727 3831 lubens
1739 3805 1857 3839 suscepit.
1948 3808 2038 3841 Syriae
2050 3810 2185 3836 exsecutio

52 3835 191 3863 exitiabiles
204 3837 266 3864 tulit
287 3838 383 3864 Patere.
397 3845 418 3868 2,
456 3856 462 3862 .
500 3856 507 3863 .
610 3839 757 3868 Monstrum
770 3841 907 3870 exitiabile
921 3840 993 3868 dictu
1019 3840 1081 3867 Stat.
1143 3839 1241 3865 Cincio
1253 3840 1376 3874 permissa
1400 3841 1466 3867 Tac.
1481 3841 1548 3864 Ann-
1563 3847 1597 3871 ις,
1611 3847 1649 3872 ας,
1662 3850 1688 3873 4.
1767 3842 1895 3869 Differam
1913 3843 1976 3869 haec
1997 3846 2022 3870 in
2043 3845 2184 3878 praesenti:

8 3875 10 3890 ἢ
52 3867 137 3898 Theb.
152 3881 172 3906 1,
184 3881 238 3905 393.
332 3872 444 3899 Morbus
464 3871 532 3897 Tac.
553 3872 619 3898 Ann.
635 3876 671 3903 16,
685 3882 708 3907 5,
720 3885 747 3909 4.
851 3877 897 3904 Sil.
915 3884 950 3909 15,
985 3896 991 3903 .
1029 3895 1036 3901 .
1073 3895 1079 3901 .
1144 3873 1290 3901 deiiderant
1318 3876 1390 3902 enim
1421 3875 1524 3908 longam
1556 3881 1582 3900 et
1611 3876 1747 3910 propriam
1777 3879 1972 3906 exsecutionem
2001 3880 2109 3906 Senecae
2141 3878 2186 3913 effe

48 3903 116 3932 Iacet
126 3907 260 3935 exitiabile
272 3908 380 3936 Nomen
417 3907 530 3934 Ausonii
546 3907 668 3933 columen
683 3912 766 3945 regni.
872 3911 976 3941 Telum
999 3910 1082 3938 Ouid.
1144 3909 1247 3936 dicitur.
1299 3911 1379 3937 Pauli.
1401 3910 1418 3937 l.
1437 3912 1470 3935 66
1493 3909 1523 3934 D.
1537 3909 1570 3936 de
1583 3910 1658 3937 verb.
1672 3912 1754 3947 oblig.
1777 3914 1804 3940 Si
1818 3914 1908 3940 minor
1921 3915 2015 3948 viginti
2029 3915 2103 3940 annis
2118 3924 2131 3941 a
2144 3916 2188 3941 de-

36 3938 110 3973 Met.
123 3944 148 3976 6,
159 3950 216 3978 257.
310 3944 454 3976 Tyrannus
466 3943 533 3969 >Liu.
546 3951 590 3978 29,
604 3951 633 3977 17
646 3950 710 3971 extr.
1092 3960 1136 3988 ¹05
1144 3945 1234 3974 bitere
1259 3944 1398 3982 stipuletur
1427 3946 1532 3972 seruum
1556 3947 1791 3982 manum-issaram,
1817 3959 1873 3977 non
1891 3950 1927 3977 est
1944 3951 2089 3984 exequutio
2111 3950 2190 3983 st1pu-

1450 3980 1468 4007 1²
1484 3989 1500 4016 p
1517 3990 1535 4016 p
1571 3990 1588 4009 π,
2082 3985 2189 4015 lationis
