2479 4225
0 540 5 575 l

2 2340 4 2343 '
10 2340 11 2354 l

9 2355 11 2369 l

0 330 2 347 ς
34 314 121 355 ἠως-πα
128 323 192 353 pars
204 313 319 343 doflrina
324 316 462 352 fulminum
471 337 479 349 ‚
499 316 528 342 cle
542 324 589 351 qua
604 316 680 342 multa
694 316 790 342 Seneca
803 315 863 341 Nat.
872 313 923 345 Qi.
932 320 956 338 2.

0 351 3 378 ἓ
35 355 132 389 ¹ciminis
143 352 215 388 causti
226 351 360 387 referemus
377 361 405 378 cx
424 361 445 378 c.
460 360 496 386 49
526 352 649 383 uomina,
667 359 733 386 quae
751 359 767 376 a
780 349 890 376 Caecina
920 347 1068 386 (Ciceronis

0 402 5 420 ,»
34 388 77 417 illo
89 388 186 421 amico)
210 393 357 421 ponuntur:
395 386 575 420 Pofliilatorsa,
594 387 690 422 quibus
708 384 831 412 sacrificia
844 383 1001 414 intermissa,
1024 388 1068 408 ant
1092 385 1107 412 5

0 422 2 427 '
36 423 90 459 Jnon
101 423 151 450 rite
162 422 231 449 facia
239 442 248 455 ‚
269 429 434 457 repetuntur.

0 463 2 478 ῑ
37 459 98 488 dum
109 459 146 486 iit.

0 584 3 594 ,
35 559 195 593 fitiuendun:
210 565 389 592 incommodo.

0 634 1 642 ¹
34 639 92 662 nae.

23 720 25 724 ·
35 712 126 734 untur.

0 2387 3 2394 ,
26 2369 112 2396 riatur.

0 3125 2 3131 ›
36 3107 101 3136 Fast.
125 3116 155 3138 2,
171 3115 212 3140 232.
247 3110 387 3137 Fulmineo
410 3109 506 3135 celeres
528 3106 628 3141 dissipat
649 3115 696 3133 ore
720 3115 804 3134 canes.

3 3167 5 3170 .
34 3142 125 3172 Theb.
142 3144 175 3173 6,
192 3146 243 3177 865.

425 155 697 197 FVL

279 245 388 272 Vibrata
406 245 521 272 fulmina
539 245 617 272 iaciat
635 244 754 280 iuppiter
788 241 868 270 Ouid.
881 242 944 269 Met.
958 248 974 267 2
985 259 992 272 ,
1013 246 1067 272 308-

675 281 695 318 5
721 289 733 305 2
768 278 919 314 Dtstiplinae
938 278 1067 346 augur-gg

34 250 98 277 Aen.
110 244 138 280 ’4,
151 250 208 277 208·

33 278 130 312 voiant
140 281 252 308 fulmina
284 281 389 308 Luci-et.
403 289 418 307 2
427 301 434 313 ,
450 290 499 314 213.

486 424 642 455 Mentior-ia,
657 421 753 457 quibus
767 420 884 450 docetur,
899 417 965 453 quid
978 426 1069 444 cauen-

203 456 342 494 Pestifcra,
363 468 421 494 quae
442 466 542 485 mortem
562 459 705 492 tux-iliumque
719 454 879 491 portendunt.
1008 489 1013 493 ”

37 503 102 530 quae
112 501 159 528 pei:
171 493 283 527 speciem
296 495 408 521 alicuius
422 494 487 521 boni
501 500 605 520 nocent.
663 493 730 519 Dant
750 490 921 517 Consulatum
941 490 1069 523 pernicio-

36 531 92 559 siim
102 529 223 555 futurum
238 530 403 563 gerentibus,
428 536 454 556 ct
467 529 656 560 hereditatem,
666 553 667 556 ,
677 526 750 553 cuius
768 524 952 560 compendium
975 533 1069 558 niagno

35 596 94 627 'tulo
106 599 226 627 afferunt.
280 602 460 636 Pcrcmpmliffi
477 600 574 635 quibus
591 598 719 626 tolluntur
733 597 853 631 priorum
865 595 1007 622 fulminum
1020 597 1068 622 mi-

141 633 282 670 Aetestaea,
306 645 372 671 quae
391 635 528 671 prioribus
543 633 714 661 consentiunt.

29 670 135 702 ⁴incluso
149 670 225 698 fiunt.

945 453 1051 479 Fallacia
1061 473 1070 486 ,

776 635 928 661 Auem-anca
939 650 947 663 ,
967 640 1032 666 quae
1043 632 1070 658 in

288 673 384 699 Obruta
393 692 401 705 ,
420 671 517 707 quibus
529 670 600 705 prius
613 668 725 703 percussa
734 688 741 700 ,
759 676 846 703 neque
859 673 996 701 procurata
1010 668 1072 693 feri-

179 708 299 743 chalia,
321 716 435 742 quorum
448 707 476 733 vi
489 706 604 739 tangitur
617 703 659 730 vel
672 703 812 731 comitium
821 723 829 736 ‚
848 702 890 729 vel
916 702 1072 736 principalia

1520 155 1793 199 FVM
2096 168 2167 213 762

1164 249 1181 283 F
1192 250 1213 269 V
1222 250 1238 269 L
1247 250 1256 269 i
1265 250 1286 271 G
1296 242 1361 271 iNE
1371 249 1391 268 V
1401 250 1413 271 S
1423 264 1431 276 ,
1448 253 1463 270 ἃ
1471 264 1479 277 ,
1499 253 1554 271 Ilm.
1591 244 1651 272 Adi.
1687 245 1790 272 petron.
1803 256 1823 273 c.
1833 254 1875 279 108
1899 251 1995 277 Omnia
2009 252 2165 280 lineamenta

1127 278 1255 313 fuliginea
1269 279 1339 306 nube
1352 280 1521 306 confundere.

1167 320 1240 340 rvr.
1254 321 1345 342 IGiN
1358 316 1465 345 (isvs,
1485 324 1515 348 a,
1537 325 1592 342 um.
1648 315 1707 343 Adi.

1129 349 1206 376 Rom.
1222 352 1267 376 261
1294 350 1436 384 Fuiiginofi
1451 357 1508 377 turc
1522 352 1655 386 placantur
1667 351 1755 378 Lares.

1165 387 1421 412 vaoint'ise.
1459 386 1525 412 Adu.
1562 387 1638 422 Apud
1657 387 1733 422 Apul.
1771 406 1778 413 .
1813 406 1821 414 .

1167 426 1183 446 F
1197 428 1214 446 v
1225 427 1241 446 L
1250 429 1260 448 1
1269 427 1290 447 G
1300 420 1312 448 ἶ
1322 429 1343 448 N
1352 428 1371 450 O
1379 441 1388 452 ‚
1408 425 1460 447 ΕΓΒ.
1495 423 1643 458 Dcni'grarc.
1684 422 1779 449 Cathol.

1166 461 1184 481 1³
1195 462 1215 481 v
1225 463 1240 482 L
1251 463 1289 483 ιο
1301 465 1309 483 i
1319 463 1369 484 ΝΑ
1379 462 1400 483 Τ
1409 462 1428 481 V
1438 462 1450 481 s
1459 475 1468 488 ,
1488 464 1518 488 a,
1536 466 1589 483 um.
1624 458 1702 493 Apud
1715 457 1871 491 Hieronym.
1909 478 1916 485 .
1951 477 1959 486 .

1168 496 1302 524 rvmx,
1339 491 1392 519 vid.
1409 497 1567 518 FVLiCA.

1165 532 1182 552 F
1192 534 1212 552 V
1222 534 1238 553 L
1247 533 1263 552 L
1273 534 1292 554 Ο
1301 548 1309 560 ,
1332 527 1400 554 finis·
1426 534 1462 552 m.
1498 526 1634 559 [plumeum
1653 527 1773 563 κναφεῦς]

1760 317 1873 362 Fulig'ne
1893 319 1987 352 obsitus.
2041 323 2163 355 Prudent.

1824 530 1853 555 A
1863 529 1994 556 Fouendis
2008 539 2071 565 aqua
2082 535 2164 561 calida

440 567 612 600 Depremnca,
628 571 694 598 quae
702 559 930 595 specieinpericuli
944 559 995 586 fine
1003 561 1069 594 peri-
1086 564 1116 584 ¹0
1129 559 1252 594 vestibuu
1288 563 1344 596 Qi
1365 562 1416 596 (vt
1427 565 1464 588 ait
1476 562 1620 596 leianus)
1640 564 1750 590 curanda
1760 584 1767 596 ,
1789 564 1944 598 poliendaue
1957 565 2109 593 vestimenta
2125 578 2165 595 ac-

1130 597 1203 637 cipit.
1273 599 1353 625 Plaut.
1368 597 1427 637 Aul.
1439 605 1505 637 3,.5,
1520 606 1552 630 34
1578 599 1631 624 Stat
1646 598 1727 631 fullo,
1747 600 1876 634 phrygio,
1897 600 2017 633 aurifex,
2041 602 2164 630 lanarius.

1130 632 1196 672 Flin.
1205 638 1243 663 28,
1257 635 1273 660 6
1299 634 1381 660 Vrina
1393 633 1479 659 Virilis
1492 633 1613 668 podagris
1626 634 1743 660 medetur
1752 654 1758 666 ‚
1774 642 1928 668 argumento
1941 636 2079 669 fullonum,
2098 648 2166 673 quos

1130 667 1192 694 ideo
1205 669 1298 696 tentari
1312 678 1344 696 eo
1357 668 1454 694 morbo
1469 675 1570 702 negant.
1625 669 1693 695 Adai.
1707 671 1821 696 Martial.
1837 679 1878 703 12,
1898 680 1937 704 59.
1987 672 2052 699 Piin.
2074 682 2107 708 34
2117 694 2124 705 ‚
2144 684 2166 707 3.

1131 705 1260 730 prouerbii
1268 705 1373 740 speciem
1386 704 1456 730 habet
1469 704 1530 730 illud
1541 705 1658 730 Tertull.
1672 704 1703 731 de
1716 705 1776 732 Pali.
1792 715 1810 739 4
1841 706 2014 733 Cleomachus
2027 710 2097 743 pugil
2110 711 2167 744 post

35 736 110 769 vtBis
134 741 236 769 liberae
256 742 329 776 loca,
366 751 481 778 quorum
505 739 660 774 significatio
688 748 800 774 regnum
821 738 926 764 ciuitati
946 738 1070 764 minatur.
1090 739 1114 766 ¹5
1131 740 1268 774 Olympiae
1281 749 1341 766 cum
1357 739 1510 765 incredibili
1530 745 1631 766 mutatu
1653 740 1685 767 de
1706 741 1820 767 masculo
1840 742 1967 774 fliixiilet,
1994 743 2063 771 intra
2081 751 2166 772 cutem

32 777 156 814 Infima,
175 786 257 812 quum
271 787 285 804 e
301 784 369 805 terra
383 777 502 805 exliliunt
516 777 596 810 ignes.

31 883 153 920 periculo
167 882 287 913 affirmat.

31 918 101 947 tium
115 919 188 946 bono
202 921 322 947 veniunt.

31 961 64 983 vt
74 961 118 981 aut
138 956 263 989 Perpetua
275 955 344 989 fint,
367 961 411 981 aut
428 954 532 986 Finita,
557 959 601 979 aut
618 954 798 987 Prorogatiua.

32 998 94 1017 rum
111 990 265 1026 fignificatio
283 991 312 1018 in
330 996 412 1017 totam
431 989 546 1023 pertinet
565 988 657 1015 vitam.

32 1025 105 1052 diem
117 1026 283 1061 respondent.

29 1061 145 1097 tollique
157 1071 210 1089 non
224 1062 334 1096 poss'unt.

33 1106 55 1123 c.
64 1102 91 1127 18
116 1097 295 1125 Comitiorum
308 1095 393 1122 solum
406 1095 504 1122 vitium
517 1095 553 1121 est
566 1094 682 1125 fuimen5

31 1131 82 1159 bus
90 1133 221 1168 optimum
233 1132 377 1166 auspicium
388 1131 524 1162 habemus,
542 1129 560 1156 fi
570 1129 698 1156 sinistrum
708 1129 768 1155 fuit.

30 1169 90 1195 late.

31 1210 79 1229 etc.

29 1238 331 1275 miiii‚compararifhlet.

25 1273 122 1311 phanes
144 1275 227 1300 poam.
284 1273 341 1300 isid.
368 1277 533 1300 FVLGEO.
571 1277 776 1298 Fvinizo.

31 1307 112 1339 bitinia
118 1309 245 1344 saciLlime
251 1315 383 1344 penetrat,
409 1311 447 1334 ita
475 1307 572 1333 ublimis
591 1309 672 1333 oratio
686 1307 769 1342 facile
787 1314 889 1333 mentem
896 1307 967 1342 Jiaebit
980 1314 1003 1333 et
1014 1315 1073 1343 per-

24 1345 43 1378 γ’
70 1350 116 1370 uer.
186 1345 242 1371 Cic.
256 1345 325 1370 Fam.
338 1352 370 1375 9,
382 1351 410 1369 21
442 1342 558 1369 insanire
572 1342 623 1369 tibi
637 1341 752 1374 videris,
772 1342 843 1377 quod
857 1343 962 1369 imitere
976 1344 1071 1369 verbo.

53 1382 56 1385 “
104 1387 239 1410 nieorum,
265 1378 412 1409 vtscribis,
434 1378 556 1404 fulmina.
647 1378 778 1404 Columel.
798 1379 825 1403 in
843 1379 953 1412 praefat.
973 1387 982 1404 1
1015 1379 1072 1405 Nec

26 1424 35 1443 ζ
72 1442 75 1445 ᾗ
97 1423 140 1442 uin
153 1421 198 1442 aut
211 1415 345 1445 Caelium,
367 1413 549 1440 Pollionemue
563 1421 622 1439 cum
635 1414 740 1440 Mess'ala
752 1420 777 1439 et
789 1413 905 1446 Catullo,
921 1414 1073 1440 deterruere

757 1451 805 1475 Pro
822 1449 895 1475 Clade
917 1457 940 1475 et
962 1450 1073 1485 infortu-
1090 1454 1118 1480 35
1126 1448 1197 1483 suum
1207 1454 1342 1484 peragunt.

35 1478 40 1484 ι
59 1451 64 1457 “’
75 1450 141 1476 mina
152 1450 198 1476 illa
211 1450 347 1476 Ciceronis
361 1449 394 1476 ab
408 1449 577 1484 eloquentiae
588 1448 684 1475 studio.

33 1486 89 1521 giiii:
121 1486 178 1512 Cic.
192 1486 274 1515 Tusc.
289 1494 304 1511 z
315 1505 322 1517 ,
336 1487 371 1511 66
390 1495 411 1511 c.
429 1485 476 1512 vlt.

30 1555 72 1583 sed
85 1557 166 1583 etiam
177 1557 292 1583 fulmina
307 1556 430 1582 fortunae
445 1561 641 1581 contemnamus
654 1554 754 1581 licebit.

29 1590 82 1618 duo
95 1592 208 1618 fulmina
220 1591 327 1617 domum
340 1599 426 1616 meam
439 1599 486 1624 per
499 1589 546 1616 hos
559 1589 613 1615 dies
626 1589 796 1624 perculerint.

29 1699 61 1725 Et
73 1698 162 1732 paullo
177 1697 248 1731 post,
268 1696 440 1724 Trasimenus
455 1697 541 1729 lacus,
565 1696 674 1723 tertium
687 1696 788 1722 fulmen
803 1697 949 1723 Annibalis.

29 1735 197 1761 Damnatione
211 1742 240 1759 ac
247 1739 326 1767 poena
335 1743 342 1758 :

29 1769 126 1802 Capito
139 1775 164 1794 et
181 1769 310 1794 Numitor
329 1769 431 1794 ruerint
452 1767 591 1793 damnante
613 1767 715 1792 Senatu.

28 1812 56 1828 n.
77 1811 102 1828 z.

27 1844 69 1866 1³1.
78 1845 98 1863 v
105 1844 131 1863 iu
138 1844 155 1863 Ε
165 1843 196 1863 N.

27 1897 34 1900 ,
63 1878 80 1898 1²
89 1877 110 1898 V
119 1879 136 1898 L
145 1878 170 1897 M
180 1869 223 1897 i‘N
233 1876 269 1901 O,
288 1874 340 1896 are.
377 1868 524 1903 [nt-pavidior,
542 1867 655 1901 σκῆπτω,
671 1866 862 1903 κεραννοέολέω]
900 1868 996 1894 Fulmen
1005 1870 1071 1894 emit—

699 1903 764 1929 Pliii.
781 1912 807 1934 2,
827 1911 844 1938 7
876 1903 1071 1930 Fulminantem

27 1914 92 1939 tere:
127 1904 290 1933 vesfulmine
297 1911 443 1941 percutere,
467 1911 510 1930 aut
532 1902 627 1937 afflare.

27 1942 144 1980 peierant
157 1942 260 1967 Iouem.

29 1987 236 2050 ῗιῖιῖἑνβηαίἰιεν,
256 2018 285 2037 vt
297 2013 380 2042 Pluie,
401 2012 513 2046 Ningit,
533 2016 577 2037 etc.

26 2058 56 2084 9,
67 2058 103 2083 3²·
174 2047 310 2081 Fregimus
323 2045 454 2081 quidquid
468 2045 521 2072 fuit
533 2042 730 2071 fulminandum
758 2044 815 2070 Sen.
828 2045 906 2071 Herc.
922 2045 980 2070 Oet.
989 2046 1014 2070 6.

34 2090 167 2116 ,:,F.VLM
176 2090 215 2109 IN
227 2090 248 2109 Α
257 2090 279 2108 N
288 2090 300 2109 S
309 2101 317 2113 ,
334 2083 411 2108 antis.
446 2082 513 2107 Part.
549 2080 666 2106 Procella
679 2080 822 2106 fulminans
849 2080 939 2106 Iustin.
956 2088 998 2111 29,
1014 2088 1036 2110 3,
1050 2088 1069 2105 1.

0 2130 3 2136 ¹
31 2116 200 2154 Ffflminantis
213 2127 307 2152 magna
315 2127 408 2144 manus
427 2116 500 2143 Iouis
530 2116 597 2142 Hor.
613 2116 701 2142 Carni.
716 2124 743 2147 3,
756 2124 786 2147 3,
805 2117 830 2140 6.

1 2155 6 2160 ’
34 2156 115 2191 Μῑςε,
129 2163 176 2191 per
188 2156 387 2180 translationem.

0 2199 3 2210 '-
36 2195 62 2218 et
73 2189 193 2222 Chironis
208 2189 347 2215 medicinis
363 2193 486 2215 contenta
498 2193 523 2213 et
537 2186 593 2213 solo
607 2186 692 2212 Marte
707 2185 875 2217 fulminante,
896 2185 982 2211 miror
994 2192 1070 2246 Qqui-

1018 2228 1043 2245 ιι
1063 2239 1069 2245 .

10 2282 12 2292 ,
28 2262 122 2295 Geni-g.
135 2270 164 2294 4,
180 2263 229 2291 560
258 2275 303 2279 ——
322 2259 416 2286 Caesar
428 2258 491 2284 dum
505 2265 613 2291 magnus
627 2256 658 2282 ad
672 2256 754 2282 altum
775 2255 907 2282 Fulminat
921 2228 1070 2293 Euphrategn

34 2220 93 2253 dein
104 2225 212 2253 Achillis
225 2225 330 2259 populis
341 2224 439 2250 faniam
457 2223 513 2249 eius
532 2223 561 2248 in
580 2227 681 2248 tantum
699 2220 851 2252 adhacliffe,
877 2227 922 2246 erc.

175 2295 249 2321 Idem
261 2295 326 2321 Aen.
341 2303 377 2324 iz,
392 2296 438 2326 654
463 2293 706 2362 FulmgialJAeneas
720 2291 810 2317 armis.

561 2337 576 2354 α
598 2337 644 2354 tue.

30 2296 421 2361 ,ιῖςξῒιΜιΝΑΝῡνεμῃ
441 2338 496 2355 um.

864 2398 973 2422 Fulmine
991 2396 1067 2423 idlus.

513 2399 607 2424 PartiC.
651 2398 795 2432 [κεραυνίας
810 2400 819 2429 ]

534 2540 590 2566 Seu.
603 2540 665 2566 Nat.
680 2539 785 2573 Qiaest.
800 2548 827 2568 2,
841 2547 866 2565 i2
891 2539 1025 2565 Conusnit
1039 2546 1065 2565 et

1034 2576 1066 2601 Et

61 2549 181 2571 vavii
193 2548 335 2571 ΝΑἰίο,
355 2540 423 2567 onis.
462 2540 481 2566 f.

25 2579 217 2614 fulgurationes
231 2583 256 2604 et
269 2576 468 2603 fulminationes
482 2581 527 2602 aut
546 2575 642 2609 igneas
649 2576 713 2607 effe,
735 2580 779 2600 aut
798 2575 875 2609 ignea
888 2574 982 2609 specie.

20 2623 51 2652 p.
65 2625 88 2642 a.
107 2613 261 2648 Fulgin-atio
277 2612 389 2639 ostendit
403 2612 508 2646 ignem,
524 2610 682 2652 Qiminatio
695 2610 803 2637 emittit.

64 2657 80 2678 F
92 2657 113 2676 v
125 2657 141 2676 L
152 2656 175 2675 Μ
186 2655 194 2674 i
204 2656 225 2674 Ν
235 2655 285 2675 ΑΤ
294 2655 339 2674 OR
348 2667 354 2678 ,
374 2647 438 2674 oris.
464 2656 499 2673 m.
555 2646 655 2673 Arnob.
670 2649 686 2672 6
700 2655 724 2680 p.
738 2653 788 2678 207
821 2646 889 2671 Cum
901 2644 1065 2678 Capitolium

25 2687 104 2715 toties
118 2685 183 2713 edax
198 2684 264 2718 ignis
280 2683 452 2713 absumeret‚.
462 2683 608 2715 Iouemque
621 2682 706 2716 ipsum
719 2679 901 2713 Capitolinum
910 2688 969 2704 cum
983 2687 1066 2705 vxore
1079 2683 1114 2710 70
1126 2677 1186 2702 ciet.

25 2721 189 2756 corripuisset
202 2729 231 2746 ac
246 2719 316 2751 filia,
335 2718 444 2744 vbinam
458 2717 624 2744 Fulminator
638 2716 687 2742 illo
703 2721 821 2749 tempore
835 2714 899 2745 fuit,
919 2720 948 2740 vt
961 2714 1066 2741 scelera—

25 2764 83 2785 tum
94 2755 161 2784 illud
173 2761 272 2782 arceret
286 2753 445 2780 incendium.
500 2752 573 2788 Cous.
589 2752 665 2787 Apul.
681 2751 711 2777 de
724 2750 827 2777 Mundo
841 2759 864 2784 p.
877 2752 931 2776 262.

27 2813 42 2828 Ἴ
55 2800 79 2820 ‚r
89 2800 108 2818 v
118 2800 134 2818 L
145 2799 168 2818 M
178 2799 186 2818 1
198 2797 219 2817 N
231 2797 252 2817 A
263 2797 311 2816 'ra
321 2797 330 2816 1
341 2796 376 2821 x,
396 2789 451 2815 icis.
476 2788 496 2815 f.
554 2789 605 2819 Vt,
626 2787 708 2821 Legio
726 2786 901 2812 fulminatrix.
957 2785 1065 2811 Gruter.

26 2828 145 2863 Inscript.
160 2837 184 2862 p.
193 2834 254 2860 547,
268 2828 292 2852 6.
310 2832 333 2851 ει
346 2827 436 2859 p.567,
451 2832 479 2850 10
508 2824 597 2850 LEG.
616 2823 687 2850 XII.
707 2820 951 2849 FVLMINAT.
1004 2819 1063 2848 Vid.

25 2864 179 2900 Progrzffnm.
201 2863 288 2888 c'siiar.
303 2872 347 2896 44.
566 2875 571 2876 ν

30 2926 35 2938 ,
66 2906 83 2926 F
96 2905 115 2925 v,
125 2906 141 2926 1.
151 2905 176 2924 M
186 2896 199 2924 ἶ
209 2905 229 2923 N
240 2903 285 2924 nv
295 2903 323 2927 s,
340 2905 367 2927 a,
384 2904 437 2922 um.
475 2893 534 2921 Adi.
571 2892 739 2929 [κεραυνικᾰς]

28 2945 70 2964 ens
83 2944 112 2962 ac
128 2933 259 2961 terribilis.
329 2932 425 2957 Dentes
445 2929 569 2956 fulminei
588 2929 646 2963 apri
683 2927 791 2955 Pliaedr.
813 2938 838 2960 ι,
857 2937 895 2954 21.

26 2970 75 2997 ⁸811.
87 2979 113 3003 3„
122 2978 173 3002 319.
245 2967 347 2994 Ducior
372 2967 445 2993 idem
464 2974 502 3000 17,
518 2968 577 2998 349.
647 2964 713 2991 Hor.
730 2965 849 2996 Carm.3,
862 2972 898 2994 10,
915 2971 937 2990 ii
960 2964 1063 2990 Aurum

793 2894 809 2919 I
809 2890 876 2925 ifiar
884 2891 1008 2928 fulminis
1024 2902 1065 2918 ru-

965 2928 1064 2954 Dextra

0 3028 3 3037 ,
31 3013 78 3039 per
89 3004 188 3032 medios
201 3003 241 3030 ire
254 3003 393 3035 satellites,
413 3002 443 3028 Et
456 3008 626 3036 perrumpere
639 3006 708 3027 amat
720 3000 777 3026 saxa
793 2999 923 3033 potentius
938 2998 994 3025 leh·
1013 2999 1067 3035 ful:

726 3034 875 3062 Mnestheus
910 3035 984 3070 Virg.
998 3036 1062 3061 Aen.

34 3039 134 3065 mineo.
197 3039 268 3074 Ignis
289 3036 369 3066 Ouid.
383 3046 413 3064 ex
426 3038 499 3063 Pont.
512 3045 536 3067 2,
549 3045 571 3068 2,
586 3040 633 3065 118.

37 3074 53 3107 9
75 3070 115 3100 ’σά
124 3071 168 3107 firi.
200 3078 219 3101 i.
244 3077 275 3102 In
296 3083 384 3100 morem
398 3073 519 3109 fulminis
540 3075 654 3105 impeturn
667 3070 770 3106 faci'ans
784 3073 811 3096 in
826 3069 925 3132 hostes-S
982 3071 1064 3133 OSuid.

928 3114 972 3132 ues
1019 3112 1064 3133 tat.

71 3186 88 3206 1³
97 3185 117 3204 V
126 3185 142 3203 L
151 3183 192 3203 M1
200 3185 220 3204 N
230 3182 268 3207 68
276 3187 296 3207 v
305 3187 318 3207 s
326 3200 335 3213 ,
352 3189 382 3212 a,
402 3189 456 3206 um.
493 3179 553 3205 Adi.
590 3178 686 3205 Sarisb.
700 3187 731 3211 ii,
747 3187 770 3210 13
796 3176 963 3204 Fulminosus
974 3178 1028 3203 a'e'r.

71 3221 88 3242 F
97 3220 117 3238 V
127 3219 142 3238 L
152 3218 173 3238 G
185 3218 192 3237 l
204 3219 287 3247 NIA,
305 3224 343 3242 ae.
362 3215 383 3242 f.
419 3215 584 3250 [Φκλγίνείκ]

70 3256 88 3276 F
96 3255 117 3272 v
125 3255 141 3274 L
151 3253 171 3273 G
181 3254 190 3273 ι
200 3251 277 3276 NAT
285 3257 301 3276 E
309 3258 338 3284 s,
357 3260 411 3278 um.
447 3260 482 3278 m.
518 3249 622 3285 Populi,
633 3256 662 3276 vt
668 3249 761 3286 scribit
772 3249 904 3282 Plin.14,3
930 3249 1001 3274 Foro
1008 3248 1065 3274 Fla-

34 3283 183 3321 minienses.
328 3307 336 3311 .

71 3327 88 3347 F
99 3326 119 3345 v
131 3323 146 3343 L
157 3325 167 3345 Ι
177 3322 194 3343 C
204 3323 225 3343 A
234 3335 242 3347 ‚
260 3326 297 3344 ae.
316 3320 336 3346 f.
369 3320 457 3355 [φὴνη,
466 3321 572 3355 κέπφος]

33 3358 132 3384 marina
148 3353 189 3379 vel
197 3350 347 3387 stagnensis,
371 3357 454 3390 paullo
466 3357 545 3392 sicpra
562 3356 754 3393 magnitudinem
772 3355 898 3382 columbae.

36 3393 118 3419 furno
126 3409 135 3421 ,
153 3388 182 3414 id
193 3385 225 3420 ⁶st
237 3390 318 3427 nigrp-
409 3391 414 3396 '

34 3427 101 3456 Plin.
116 3430 150 3456 ιε,
164 3431 191 3456 33
208 3424 238 3449 Et
251 3422 345 3448 fulicae
358 3428 484 3454 matutino
499 3428 620 3462 clangore
632 3427 808 3462 tempestatem
821 3427 950 3453 nuntiant.

623 3321 697 3353 Auis,
709 3329 768 3356 quae
779 3326 803 3346 et
818 3326 834 3346 F
845 3326 866 3345 v
875 3325 891 3344 L
902 3326 911 3345 i
922 3326 941 3346 x
955 3318 1065 3351 dicitur,

951 3352 1031 3380 Distu
1050 3363 1065 3380 a

1006 3425 1062 3451 Cic.

19 3460 24 3462 ”
35 3462 67 3493 de
80 3461 171 3488 Diuin.
187 3467 206 3490 i,
219 3467 248 3491 14
261 3461 303 3487 c.8
337 3458 406 3491 Can&
416 3461 484 3494 tulix
497 3463 591 3491 itidem
604 3463 706 3498 fugiens
719 3472 733 3489 e
745 3462 849 3497 gurgite
863 3461 953 3497 ponti,
986 3460 1062 3487 Nun-

24 3493 246 3528 -tiatshorribiles
266 3492 376 3519 clamans
397 3494 486 3524 instare
509 3499 643 3532 procellas.
935 3495 1061 3523 Palustres

36 3528 118 3561 Ouid.
133 3531 197 3557 Met.
212 3535 234 3561 8,
249 3531 309 3562 627·
378 3528 449 3573 Cous.
461 3534 554 3560 Aaron.
570 3534 691 3568 Epist.13.

698 3500 734 3525 Ex
757 3500 842 3525 Poeta.

648 775 805 811 Hospitalia,
822 783 888 810 quae
900 772 1073 800 sacrificiisad

33 821 82 841 nos
96 813 187 839 ionem
201 814 336 847 arccssiint,
347 820 383 847 et,
403 821 430 840 vt
443 811 526 838 verbo
538 819 631 837 eorum
644 811 766 837 molliori
779 817 847 842 Vtar,
863 808 985 835 inuitant.
1021 809 1071 835 Sed

34 847 54 876 fi
67 847 193 875 irascente
211 848 322 877 domino
341 849 471 879 innitent,
502 853 563 874 tunc
586 846 677 873 vcnire
703 855 763 872 cuin
785 854 880 879 magno
899 844 1072 870 inuitantium

341 885 502 914 Auxilium,
518 891 585 917 quae
597 882 724 909 aduocata
736 881 874 913 dicuntur,
894 879 936 906 sed
950 880 1073 907 inuocan-

389 918 457 946 Ibid.
477 927 499 944 c.
514 926 550 953 47
575 917 651 953 sunt,
671 921 713 953 qui
717 917 832 952 fulmina
850 919 888 942 ita
901 914 1115 952 distinguu›ir,20
1129 916 1209 942 mollis
1221 917 1337 952 lasciuiae
1357 917 1471 944 homines.

748 952 752 957 ’
851 953 986 986 Perpetua,
1007 961 1070 986 quo-

714 988 817 1019 Finita,
841 995 908 1021 quae
929 987 1021 1022 vtique
1039 987 1071 1013 ad

338 1027 511 1061 Prorogatiua,
533 1033 646 1059 quorum
654 1023 740 1050 minae
753 1021 855 1048 differri
864 1023 972 1056 poss'unt,
980 1024 1072 1054 auerti,

389 1061 458 1087 Haec
469 1067 493 1086 et
505 1061 583 1095 plura
601 1058 667 1094 apud
679 1059 799 1086 Senecam.
836 1059 891 1084 Cic.
906 1057 938 1083 de
952 1059 1041 1085 Diuin.
1055 1067 1071 1084 2

719 1093 790 1128 quod
804 1093 880 1133 idem,
899 1094 1019 1120 omnibus
1031 1103 1070 1120 re-
1084 1098 1116 1125 25
1130 1093 1154 1119 h.
1164 1103 1188 1119 υ.
1202 1103 1231 1120 ex
1244 1094 1310 1120 Plin.
1325 1102 1371 1126 30,
1383 1102 1404 1120 ιι
1425 1095 1443 1120 s.
1457 1103 1495 1125 30.

966 1138 976 1159 ³
1006 1131 1072 1156 Tra-

146 1168 221 1202 Virg.
237 1171 302 1194 Aen.
316 1169 347 1199 6,
366 1172 413 1200 842
442 1166 584 1196 Geminos,
610 1164 664 1191 duo
683 1164 796 1191 fulmina
814 1163 896 1196 belli,
923 1126 1070 1199 {cipiadaffi

132 1203 262 1240 Qci'dquid
272 1203 431 1229 vehementem
444 1204 557 1237 impetum
571 1200 658 1232 habet,
677 1200 707 1226 ab
720 1200 860 1226 oratoribus
881 1207 904 1225 et
918 1202 999 1226 Poetis
1012 1201 1071 1227 Ful-

372 1238 477 1264 Periclis
490 1238 623 1264 orationem
640 1236 791 1262 Fulminibus
807 1236 962 1270 comparabat
973 1235 1071 1269 Aristo·

836 1272 870 1297 Vt
891 1274 954 1297 enim
970 1272 1070 1308 fulmen
1088 1275 1119 1299 30
1129 1270 1195 1297 Plin.
1203 1278 1230 1305 7,
1243 1272 1282 1304 56.

513 1485 584 1511 Nam
596 1484 613 1510 ii
629 1484 719 1511 omnia
731 1484 871 1518 fugiendae
884 1485 1073 1519 turpitudinis,

26 1519 263 1556 'adipiscendaeque
277 1520 418 1547 honestatis
431 1521 504 1546 causa
513 1520 655 1551 faciemus»,
675 1528 728 1545 non
741 1519 821 1546 modo
829 1520 947 1546 stimulos
959 1521 1072 1552 doioris,

824 1556 972 1588 Liu.43‚41
992 1556 1072 1589 Qiod

868 1591 939 1617 Flor.
948 1600 969 1623 2,
982 1594 999 1617 6
1019 1591 1072 1618 Vbi

28 1627 107 1654 semel
120 1629 145 1654 se
160 1628 188 1654 in
200 1627 325 1661 Hispania
337 1626 424 1652 mouit
438 1626 484 1652 illa
497 1625 583 1659 grauis
598 1631 623 1650 et
635 1625 752 1651 lii&iiosa
764 1624 855 1651 Punici
863 1624 928 1652 belli
942 1627 981 1652 vis
994 1632 1072 1661 atque
1080 1631 1116 1656 40
1132 1627 1211 1651 ineas.
1248 1635 1272 1652 υ.
1282 1635 1305 1653 υ.
1314 1626 1360 1661 sub
1377 1631 1386 1650 l
1397 1631 1418 1650 N
1428 1631 1459 1651 A.

28 1663 182 1697 tempestas,
202 1662 410 1696 destinatumque
429 1662 555 1687 Romanis
573 1660 674 1686 fulmen
694 1660 837 1694 Saguntino
856 1662 916 1695 igne
936 1663 1071 1689 conflauit.

1022 1700 1072 1724 Pro

379 1732 494 1758 quenal.
507 1732 557 1758 Sat.
572 1740 611 1764 10,
623 1740 656 1763 92
688 1746 733 1751 —-·
749 1740 802 1766 quo
819 1732 930 1757 fulmine
944 1732 1013 1758 iusto
1041 1733 1073 1758 Et

776 1766 833 1792 isid.
859 1774 879 1792 A
889 1773 913 1792 M
924 1773 939 1792 B
948 1772 967 1790 ν
976 1774 989 1792 s
998 1774 1019 1792 T
1029 1773 1048 1790 v
1058 1773 1071 1791 s

163 1805 201 1828 De
217 1805 399 1838 permutatione
421 1811 506 1828 vocum
533 1801 644 1827 Fulmen
672 1808 696 1826 cc
719 1800 830 1826 Flumen
852 1804 880 1825 in
907 1801 983 1826 MSS.
1020 1799 1072 1825 vid.
1083 1805 1116 1829 45
1132 1798 1269 1823 Fullonica
1283 1797 1351 1830 pila,
1371 1797 1437 1831 apud
1448 1796 1546 1823 eundem
1560 1796 1687 1821 Catonem
1701 1805 1722 1821 c.
1737 1805 1774 1828 10,
1789 1805 1810 1829 ς.
1825 1805 1848 1823 ει
1863 1807 1903 1832 14,
1916 1807 1931 1824 2
1955 1798 1996 1832 cst,
2010 1803 2171 1835 quatundun.

331 1940 465 1966 Fulminat
477 1948 522 1974 per
536 1946 624 1965 totum
637 1938 731 1965 orbem
746 1940 863 1965 Fortuna
881 1938 1002 1965 Ouid.ad
1009 1940 1069 1964 Liu.

157 1977 257 2003 Boreae
270 1975 302 2001 de
316 1981 387 2010 parte
405 1975 485 2001 trucis
504 1983 587 2009 quum
602 1974 741 2035 mhgigiiaiis
754 1974 1070 2043 ἕιῖἷξίηὲῑοιὲςέοὲἑΐῗγὲ.
1085 1981 1116 2006 50
1131 1972 1206 2006 Apud
1222 1971 1384 1997 Trebatium
1405 1971 1516 1997 relatum
1537 1970 1586 1996 est:
1621 1979 1696 2003 eum,
1724 1971 1752 1997 in
1771 1973 1844 1999 cuius
1864 1973 1949 2001 fundo
1975 1985 2043 2011 aqua
2064 1978 2170 2012 oritur,

1029 2029 1034 2034 '
1061 2028 1070 2041 2

919 2115 1071 2140 Fulminans

458 2152 523 2179 Plin.
538 2160 587 2183 30,
607 2160 617 2177 ι
648 2150 779 2177 Troianis
797 2150 886 2183 itaque
905 2149 1070 2188 temporibus
1084 2156 1112 2182 55
1128 2147 1311 2183 inoduinfflquis
1324 2153 1413 2173 Vtatur
1424 2153 1449 2173 et
1461 2147 1579 2179 fruatur,
1600 2148 1679 2180 Qiod
1691 2154 1777 2175 autem
1793 2149 1891 2177 dicitur
1904 2153 2044 2180 meritoria
2064 2164 2116 2181 non
2131 2156 2168 2183 fa.

167 2366 225 2393 Sen.
235 2366 383 2392 Herc.Oet.
399 2367 413 2392 6
444 2364 580 2398 Freginius
593 2362 721 2397 quidquid
736 2363 787 2388 fuit
800 2362 851 2387 tibi
864 2361 1068 2387 fulminandum.

0 2411 2 2430 z
34 2403 396 2434 *FVLM1NA‘rvs,·a‚
416 2408 470 2426 uin.
702 2431 705 2432 .

0 2443 2 2462 ἰ
26 2439 184 2471 Hieronym.
197 2437 277 2471 Epist.
292 2444 320 2470 17
364 2436 450 2469 Rupes
481 2434 603 2467 Tarpeia
634 2433 666 2459 de
696 2432 769 2458 caelo
795 2432 895 2466 saepius
919 2432 1066 2458 fulminata.

0 2495 1 2501 ,
24 2474 90 2502 Plin.
105 2481 176 2506 2,;4
212 2472 328 2499 Vulnera
349 2470 552 2496 fulminatorum
572 2468 715 2502 frigidiora
734 2467 840 2502 reliquo
864 2476 975 2501 corpore
999 2468 1065 2494 sunt.

0 2534 4 2543 Α
23 2508 212 2543 Consternatus,
232 2510 351 2533 territus:
388 2506 491 2531 Petron.
506 2513 527 2531 c.
541 2509 572 2534 80
598 2504 762 2530 Fulminatus
777 2502 823 2529 hac
839 2503 1066 2537 pronunciatione.
1080 2499 1111 2531 63
1123 2511 1187 2528 vxor
1197 2522 1204 2534 ,
1221 2509 1286 2537 pars
1298 2504 1410 2529 ciuilium
1423 2502 1546 2528 bellorum.

1085 3040 1117 3067 80
1125 3034 1194 3067 Aper
1217 3032 1298 3059 Ouid.
1311 3032 1343 3058 de
1357 3033 1419 3059 Arte
1433 3034 1492 3059 Am.
1507 3042 1529 3065 ε,
1543 3040 1594 3067 373.

382 3392 454 3426 Virg.
468 3393 563 3426 Georg.
577 3401 606 3423 2,
623 3394 668 3424 363
703 3393 732 3418 In
753 3391 818 3417 sicco
841 3390 935 3417 ludunt
957 3389 1062 3416 fulicae.
1076 3403 1112 3428 90

1131 775 1217 801 caesus
1231 781 1256 802 et
1268 775 1351 806 vltra,
1368 776 1438 800 inter
1451 775 1564 801 fullones
1577 775 1628 801 iam
1638 776 1776 802 Nonianos
1789 777 1962 809 coronandus,
1982 785 2028 804 etc.
2066 781 2166 816 Nempe,

1130 810 1195 844 quod
1205 817 1307 845 apparet
1318 820 1347 836 ex
1370 810 1464 837 Nonio
1487 809 1588 845 diuersis
1610 812 1687 844 locis,
1716 812 1820 838 Nouius
1841 813 1919 839 Poeta
1932 813 2048 848 subulam
2063 815 2167 852 scripsi:

1131 844 1266 872 Fullones:
1301 845 1366 881 quod
1382 853 1550 881 argumentum
1563 848 1661 882 placuit
1675 850 1747 873 ctiam
1767 848 1930 882 Pomponio,
1955 851 2057 885 itemque
2075 852 2168 879 Titin-

1130 881 1177 907 nio
1186 901 1193 912 ,
1209 888 1239 907 vt
1255 891 1284 908 ex
1297 882 1454 907 Merceriano
1468 884 1495 907 in
1510 882 1631 908 Nonium
1644 882 1725 908 indice
1739 889 1849 918 apparet.
1920 884 2039 911 Noniani
2054 885 2168 915 fullones

1528 917 1660 953 Obscenum
1681 925 1762 953 nempe
1780 917 1812 951 ‹³st
1831 918 1914 951 fullo,
1934 919 2130 955 fiaehagitatorem
2145 930 2169 950 ct

1129 951 1245 978 draucum
1258 959 1337 978 notat.
1391 952 1459 978 Certe
1476 953 1555 979 Turn.
1569 957 1607 985 16,
1622 955 1643 979 6
1663 951 1702 986 fic
1713 956 1892 988 into-pretatur
1911 955 1974 981 iliud
1991 956 2090 983 Naeuii
2105 958 2171 993 apud

1129 987 1252 1013 Priscian.
1261 996 1288 1013 10
1302 997 1326 1021 p.
1336 992 1385 1021 879
1415 988 1527 1021 Qiando
1540 997 1590 1022 ego
1606 987 1663 1022 plus
1675 988 1759 1021 sapiui
1779 988 1845 1022 (pra
1860 990 1951 1022 sapui)
1978 993 2025 1025 qui
2038 992 2169 1021 fullonem

1131 1023 1263 1057 comprelli
1276 1023 1490 1057 quinquatribus.
1547 1023 1731 1058 Compi-iniere
1745 1023 1843 1049 verbum
1856 1031 1938 1050 notum
1952 1028 1978 1050 in
1990 1026 2036 1052 hac
2054 1037 2088 1053 re.
2131 1032 2169 1056 De

1131 1058 1256 1084 Fullonio
1269 1058 1358 1084 fruetu
1368 1057 1467 1091 statim.
1639 1055 1660 1094 q
1686 1067 1699 1084 2
1735 1057 1811 1084 Fullo
1831 1058 1965 1086 Scarabflci
1980 1061 2090 1095 species,
2115 1064 2168 1091 vid.

1650 1091 1671 1131 ff
1691 1102 1703 1125 3
1741 1093 1884 1128 Fullofuit
1899 1095 2068 1128 Apustioruni
2083 1108 2169 1135 cogno-

1127 1138 1190 1155 men.
1251 1129 1311 1155 Liu.
1324 1137 1365 1161 31,
1386 1138 1404 1162 4
1434 1128 1535 1156 Plebeii
1555 1128 1612 1155 ludi
1628 1135 1668 1156 ter
1681 1128 1732 1155 toti
1745 1129 1879 1155 instaurati
1898 1129 1930 1155 ab
1943 1131 2072 1157 aedilibus
2087 1134 2170 1167 plebis

1128 1164 1159 1190 L.
1172 1164 1281 1200 Apustio
1297 1165 1406 1191 Fullone
1419 1171 1444 1191 et
1453 1166 1488 1198 Q
1501 1164 1622 1191 Minucio
1636 1165 1717 1192 Rufo.
1773 1164 1847 1200 Cons.
1860 1165 1979 1192 Macrob.
1993 1167 2094 1194 Saturn.
2109 1177 2135 1202 2,
2148 1179 2169 1199 2.

1130 1206 1154 1225 et
1167 1200 1250 1236 Sigon.
1265 1200 1292 1226 de
1308 1202 1381 1226 Nom.
1397 1202 1466 1226 Rom.
1478 1210 1527 1234 c.5.

1169 1241 1185 1261 F
1196 1242 1213 1260 V
1225 1243 1242 1262 L
1253 1242 1270 1262 L
1281 1242 1300 1262 Ο
1309 1242 1330 1261 Ν
1341 1243 1351 1262 1
1361 1243 1382 1261 V
1392 1243 1421 1267 S,
1440 1245 1470 1267 a,
1490 1245 1545 1261 um.
1581 1233 1641 1261 Adi.
1677 1234 1868 1268 [γναφευτικός]
1928 1236 1976 1267 Vt,
1995 1237 2115 1266 Fullonia
2129 1249 2170 1267 ars

1354 1271 1436 1297 Plaut.
1445 1270 1593 1302 Pseud.3,1‚
1607 1272 1633 1296 16
1658 1270 1721 1297 Cras
1735 1271 1804 1296 mihi
1817 1271 1943 1305 potandus
1957 1272 2058 1300 fruetus
2073 1275 2107 1300 est
2119 1276 2170 1302 ful-

1129 1305 1217 1333 ionius
1230 1306 1361 1342 obscenum.
1421 1306 1478 1333 isid.
1492 1306 1560 1332 mollo
1574 1304 1643 1331 Areia
1658 1308 1684 1331 in
1704 1312 1813 1332 FVLLO.
1869 1307 1989 1343 Loquitur
1998 1316 2061 1343 puer
2073 1319 2171 1337 merno-

1130 1344 1195 1369 rius.
1257 1342 1329 1368 -Piim
1340 1344 1378 1374 16,
1391 1350 1428 1375 44
1455 1342 1534 1374 Qiod
1548 1349 1613 1367 vero
1626 1341 1654 1366 in
1669 1341 1739 1375 spina
1751 1341 1873 1374 fullonia,
1892 1342 2051 1376 hyphaeston
2065 1352 2170 1379 vocant,

1131 1383 1177 1404 etc.
1248 1377 1330 1404 Saltus
1344 1378 1390 1403 ille
1404 1377 1519 1408 saliaris,
1541 1382 1600 1406 aut,
1624 1382 1652 1402 vt
1674 1376 1887 1403 contumeliofius
1913 1378 2015 1411 dicam,
2041 1380 2170 1408 fullonius

1131 1412 1189 1439 Sen.
1198 1412 1275 1446 Epist.
1286 1421 1310 1445 ις
1325 1422 1360 1439 m.
1435 1414 1526 1448 Nempe
1533 1412 1644 1448 fullones
1651 1411 1764 1447 saliendo
1773 1432 1781 1444 ,
1793 1411 1940 1446 ficlgsiliendo
1949 1433 1957 1445 ,
1976 1414 2100 1449 affiliendo
2112 1424 2171 1451 opus

1412 1448 1484 1474 Non.
1498 1458 1525 1481 4,
1538 1456 1573 1480 34
1602 1447 1721 1481 Argutari
1734 1447 1859 1473 subsilire.
1925 1444 2067 1477 Titinnius
2082 1453 2171 1479 Fullo-

1133 1492 1194 1515 nia,
1213 1484 1302 1510 Terra
1316 1483 1378 1509 haec
1391 1483 1440 1515 est,
1460 1492 1514 1509 non
1525 1491 1609 1517 aqua,
1628 1482 1674 1509 vbi
1691 1488 1718 1508 tu
1733 1483 1822 1509 solitus
1837 1485 1952 1517 argutari
1966 1486 2076 1519 pedibus
2091 1507 2099 1520 ‚
2118 1497 2171 1515 cre.

1132 1524 1184 1545 tam
1205 1518 1266 1545 dum
1291 1519 1449 1553 compescis,
1476 1518 1682 1552 vestimentaque
1704 1517 1782 1544 lanas.
1854 1518 1976 1546 Fullonia
1997 1522 2092 1554 Vrina,
2122 1532 2171 1558 qua

1131 1555 1355 1590 vtunturfullones
1368 1554 1434 1580 Plin.
1453 1559 1492 1584 28,
1505 1563 1527 1580 11
1542 1554 1610 1587 [48.
1681 1553 1811 1587 Qcaefint
1830 1553 1959 1581 fulloniae
1977 1564 2072 1583 aeneae
2104 1559 2170 1586 Plin.

1132 1598 1165 1624 27
1174 1609 1180 1620 ,
1197 1599 1224 1616 10
1253 1590 1326 1626 forte
1340 1599 1405 1615 nemo
1418 1590 1522 1616 dixerit.
1591 1588 1693 1623 Salmas.
1707 1589 1740 1614 ad
1753 1590 1828 1615 Solin.
1851 1596 1876 1623 p.
1890 1597 1938 1622 275¹
1971 1591 2096 1618 emendari
2117 1595 2172 1620 vult

1627 1620 1647 1658 fl
1675 1632 1687 1648 2
1723 1624 1875 1649 Fullonium
1889 1623 2010 1658 substant.
2026 1625 2173 1661 ergastulum

1124 1661 1244 1695 fullonis.
1351 1661 1482 1686 Ammian.
1498 1667 1527 1691 14
1539 1665 1602 1684 extr.
1632 1659 1747 1684 Fortuna
1768 1658 1986 1689 Adramyttenum
1999 1661 2154 1688 Andriscum
2163 1682 2172 1696 ‚

1133 1697 1161 1722 in
1174 1695 1290 1721 fullonio
1305 1702 1394 1720 natum
1408 1694 1440 1720 ad
1454 1693 1667 1726 Pseudophilippi
1686 1701 1783 1717 nomen
1797 1694 1894 1718 euexit.
2048 1710 2059 1717 x

1169 1737 1185 1756 r
1196 1738 1215 1754 v
1225 1737 1240 1755 1.
1250 1737 1266 1755 L
1275 1736 1293 1755 o
1303 1736 1324 1754 N
1336 1728 1345 1754 i
1358 1735 1375 1755 c
1386 1736 1405 1754 v
1416 1735 1428 1753 s
1437 1748 1446 1759 ,
1465 1737 1479 1754 a
1488 1747 1494 1758 ,
1515 1737 1568 1753 um.
1605 1727 1665 1752 Adi.
1702 1726 1854 1761 [γναφικᾱς]
1891 1728 1966 1754 Idem.
2003 1729 2085 1757 Plaut.
2100 1731 2170 1759 Asin.

1132 1772 1161 1795 ς,
1175 1773 1202 1794 2,
1222 1769 1249 1795 58
1283 1764 1377 1788 Sinon
1396 1762 1511 1788 didicisti
1533 1761 1704 1786 fullonicam:
1732 1761 1840 1797 fiebaudl
1860 1763 1959 1790 Artem.
2006 1766 2072 1792 Cato
2094 1776 2115 1793 c.
2132 1777 2171 1802 14.

1131 1839 1173 1857 tur
1182 1830 1289 1867 velleret
1296 1834 1387 1866 panni,
1402 1838 1431 1856 ot
1439 1833 1568 1867 poliantur
1578 1850 1586 1862 ,
1604 1831 1667 1866 quod
1680 1831 1795 1866 hodieque
1806 1840 1878 1867 opera
1885 1841 1996 1860 rotarum
2009 1840 2171 1870 aquariorum

1124 1867 1234 1902 sublatis
1240 1868 1297 1902 plis
1303 1866 1366 1902 fieri
1380 1866 1498 1893 videmus.
1556 1866 1664 1893 Turneb.
1688 1867 1792 1902 Aduers.
1813 1878 1828 1901 7
1839 1887 1848 1900 ,
1874 1878 1912 1895 22.

1132 1911 1252 1937 prooem.
1268 1904 1293 1928 6.
1355 1903 1422 1927 Hinc
1586 1899 1606 1936 q
1629 1910 1644 1927 2.
1681 1901 1824 1928 Fullonica.

1124 1938 1262 1972 fullonum.

1968 1871 2040 1905 Conf-
2063 1872 2169 1900 Viti-uu.

1389 1938 1393 1941 ι
1456 1936 1462 1940 -
1857 1903 1870 1936 [
1882 1908 1989 1937 γναφεῐὸν
2002 1906 2016 1939 J
2055 1908 2171 1935 Taberna

1333 1937 1438 1970 leian.
1455 1945 1483 1961 in
1497 1936 1514 1962 1.
1541 1936 1617 1969 Apud
1631 1936 1743 1963 Trebat.
1763 1937 1794 1962 D.
1807 1937 1838 1963 de
1854 1941 1927 1973 Aqua
1942 1940 2031 1974 pluuia
2045 1943 2171 1975 arcenda,

1131 2007 1270 2033 fullonicas
1283 2007 1350 2033 circa
1362 2007 1464 2032 fontem
1479 2006 1630 2038 militante,
1655 2012 1681 2033 ct
1700 2015 1730 2032 ex
1750 2007 1790 2034 his
1809 2017 1902 2043 aquam
1917 2010 1944 2035 in
1958 2011 2072 2038 fundum
2086 2015 2170 2042 vicini

1128 2043 1274 2069 immittere
1289 2042 1414 2076 coepiiie,
1437 2049 1482 2068 etc.
1519 2041 1592 2077 Conf-
1606 2042 1672 2068 Cato
1685 2042 1716 2068 R.
1727 2043 1757 2069 R.
1772 2052 1792 2070 c.
1802 2052 1840 2076 14.
1860 2052 1884 2071 et
1898 2045 1980 2072 Ouiae.
1995 2048 2128 2083 Obstru.23
2146 2061 2170 2077 2.

1129 2076 1149 2114 Ἴ
1169 2086 1181 2109 3
1218 2077 1384 2104 Fullonicinn
1402 2079 1442 2103 vel
1459 2076 1607 2110 Fuiionica,
1625 2086 1712 2103 orum.
1729 2087 1754 2103 n,
1791 2079 1939 2115 [γναφεῖον]
1974 2070 2172 2120 reperiturap'ud

1129 2113 1236 2147 leian.
1251 2113 1278 2138 in
1293 2112 1310 2138 l.
1324 2113 1349 2138 Si
1363 2113 1436 2138 cuius
1456 2115 1479 2147 9.
1498 2113 1565 2138 item
1578 2111 1595 2138 ii
1610 2112 1702 2139 domus
1723 2114 1754 2139 D.
1774 2114 1805 2140 de
1818 2116 1981 2149 Vsufructu,
2004 2124 2030 2144 et
2045 2121 2169 2153 quemad-

1128 2183 1232 2209 &urum
1242 2203 1249 2214 ,
1285 2183 1373 2217 accipe
1403 2191 1469 2216 quae
1497 2183 1578 2217 vulgo
1603 2184 1750 2211 dinei-soria
1774 2185 1816 2211 vel
1841 2187 1970 2213 fullonica
1998 2190 2169 2223 appellantur.

1128 2219 1249 2245 Frontin.
1264 2217 1296 2244 de
1311 2217 1498 2252 Aquaeduflz
1536 2238 1542 2245 .
1580 2238 1586 2244 .
1624 2220 1695 2245 Haec
1715 2223 1818 2255 (aqua)
1839 2222 1984 2249 nonalium
1997 2224 2080 2258 vsum,
2089 2236 2168 2261 quam

1129 2255 1158 2280 in
1171 2253 1324 2280 balnearum
1338 2259 1382 2280 aut
1403 2254 1593 2280 fullonicorum
1606 2254 1725 2281 dabatur.

1164 2296 1343 2322 FVLMEN,
1362 2296 1621 2321 FVLMINARE,
1640 2296 1687 2316 eta·
1723 2290 1775 2317 vid.
1795 2297 1957 2320 FVLGEO.

697 2329 797 2366 Dignus
813 2329 855 2361 qui
860 2325 973 2361 fulmine
981 2332 1069 2360 percu.
1085 2324 1120 2349 60
1163 2331 1179 2350 ι’
1190 2331 1209 2350 v
1220 2330 1236 2350 1.
1246 2331 1267 2351 T
1276 2332 1294 2351 v
1306 2332 1324 2351 R
1333 2332 1369 2355 Α,
1404 2325 1458 2351 vid.
1479 2331 1495 2351 F
1505 2332 1525 2351 v
1533 2331 1574 2351 hc
1584 2333 1593 2351 ι
1602 2332 1630 2351 0.

1165 2365 1213 2386 ἓν
1224 2367 1286 2386 Lvl
1297 2367 1318 2386 A
1334 2361 1412 2392 Gens,
1438 2360 1501 2386 vnde
1521 2369 1546 2386 υ.
1580 2380 1586 2386 .
1606 2360 1716 2386 Fuluius
1730 2361 1832 2388 Flaccus
1848 2362 1963 2396 Censor,
1988 2365 2085 2395 te6luru
2099 2377 2167 2396 mar-

1127 2404 1248 2422 moreum
1263 2396 1371 2421 Iunonis
1379 2396 1502 2421 Laciniae
1516 2396 1561 2429 spo
1574 2395 1648 2427 iauit,
1667 2402 1695 2422 vt
1703 2396 1802 2430 aedem,
1818 2407 1898 2432 quam
1912 2399 2078 2429 dedicauerat
2088 2412 2166 2438 eque.

1101 2451 1104 2452 γ
1125 2431 1170 2457 stri
1184 2431 1320 2461 fortunae,
1338 2437 1436 2465 tegeret
1460 2431 1610 2464 Liu.4z‚3.
1646 2432 1796 2459 Add.1bid.
1817 2443 1837 2459 c.
1852 2439 1891 2463 28.
1926 2438 1954 2460 it.
1973 2437 2065 2463 Fuluia
2082 2442 2164 2472 primo

1124 2466 1206 2493 Clodii
1218 2467 1343 2493 Ciceronis
1355 2469 1466 2498 inimici,
1491 2474 1542 2492 tum
1557 2470 1688 2497 Curionis,
1714 2467 1814 2503 denique·
1835 2470 1873 2494 M.
1894 2471 2002 2495 Antonii
2024 2474 2166 2501 Trzumuiri

1587 2501 1644 2528 Vid.
1661 2502 1729 2528 Flor.
1738 2511 1766 2535 4,
1779 2511 1800 2535 ς,
1836 2504 1931 2530 Patere.
1948 2514 1969 2536 2,
1983 2514 2033 2540 74,
2048 2516 2069 2539 3.

1162 2544 1178 2563 F
1186 2544 1206 2562 V
1216 2545 1231 2564 L
1240 2544 1260 2562 v
1271 2545 1309 2564 ιΛ
1319 2545 1331 2564 s
1340 2545 1361 2564 T
1372 2545 1387 2564 E
1396 2544 1413 2563 R
1422 2557 1432 2569 ,
1469 2538 1576 2563 Imitans
1609 2538 1728 2564 Fuluium.
1800 2538 1856 2564 Cic.
1872 2540 1925 2566 Att.
1947 2548 1973 2566 12
1983 2560 1991 2572 ,
2015 2552 2052 2575 44
2093 2543 2164 2571 Solet

1124 2573 1235 2599 omnino
1250 2573 1297 2598 esse
1311 2573 1464 2598 Fuluiaster.
1501 2573 1543 2598 Al.
1557 2571 1744 2598 Fuluiniaster:
1779 2572 1938 2609 ctfluHuant
1951 2579 2004 2602 viri
2017 2577 2093 2604 doffl.

1160 2614 1177 2633 F
1186 2615 1206 2633 v
1216 2615 1232 2633 i..
1243 2614 1263 2633 v
1274 2615 1283 2633 i
1292 2609 1346 2634 ᾹΝ
1355 2614 1375 2633 v
1384 2615 1396 2634 s
1406 2627 1414 2639 ,
1433 2616 1461 2638 a,
1481 2616 1534 2633 um.
1571 2606 1630 2632 Adi.
1667 2607 1732 2633 Plin.
1742 2609 1782 2639 26,
1796 2613 1808 2637 8
1834 2609 1866 2635 Et
1878 2609 1958 2636 herba
1973 2611 2091 2639 fnluiana
2100 2614 2162 2642 trita

1126 2650 1156 2667 ex
1168 2642 1234 2667 vino
1249 2652 1254 2668 :
1288 2648 1314 2667 et
1334 2643 1396 2668 haec
1409 2651 1505 2667 nomen
1520 2642 1667 2668 inuentoris
1682 2642 1776 2675 habet,
1796 2649 1859 2670 nota
1871 2645 2057 2681 traciantibus,
2075 2650 2163 2677 vrinas

1256 2676 1384 2703 Fuluiana
1396 2677 1460 2702 stola
1491 2677 1547 2703 Val.
1563 2678 1633 2704 Max.
1643 2686 1666 2709 3,
1680 2687 1701 2710 ς,
1713 2687 1737 2704 2.

1163 2717 1331 2743 FVLVVS,
1349 2721 1377 2744 a,
1397 2721 1451 2738 um.
1488 2712 1548 2738 Adi.

1149 2749 1152 2754 Ι
1174 2750 1177 2753 Ι
1202 2750 1205 2754 .
1249 2750 1253 2754 .
1592 2711 1733 2746 [δαφοινὸῃ
1753 2713 1858 2749 πυρῤὂς]
1913 2717 1984 2744 Color
2002 2717 2035 2751 est
2055 2721 2115 2755 rufo
2133 2730 2164 2747 ac

1123 2746 1204 2774 viridi
1219 2745 1312 2780 mistus.

1146 2783 1150 2787 .
1172 2782 1176 2786 ⁵
1201 2782 1206 2787 .
1252 2784 1256 2787 -
1349 2783 1355 2787 .
1383 2749 1483 2788 Fronto
1496 2747 1562 2783 apud
1572 2747 1712 2788 Cell.=2,36
1732 2749 1828 2789 Fuluus
1844 2750 1948 2778 videtur
1961 2752 1993 2779 de
2007 2755 2070 2781 rufo
2084 2763 2163 2790 atque

1125 2782 1208 2810 viridi
1221 2783 1328 2814 mistus,
1347 2790 1375 2809 in
1393 2784 1452 2809 aliis
1472 2783 1529 2818 plus
1551 2783 1659 2817 viridis,
1682 2792 1710 2809 in
1729 2784 1788 2810 aliis
1811 2785 1868 2819 plus
1889 2787 1940 2813 rufi
1961 2789 2068 2817 habere.
2121 2792 2163 2819 Sic

1123 2819 1201 2844 Poe'ta
1214 2818 1358 2845 verborum
1374 2818 1581 2853 diligentiffimus
1602 2817 1701 2845 fuluam
1729 2820 1852 2854 Aquilam
1872 2820 1952 2855 dicit,
1976 2831 2001 2851 et
2018 2826 2162 2860 Iaspidem,

1079 2858 1111 2886 75
1124 2854 1212 2880 fuluos
1231 2853 1356 2887 Galeros,
1379 2860 1404 2881 et
1426 2854 1532 2880 fuluum
1551 2855 1667 2887 Aurum,
1692 2861 1717 2881 et
1736 2858 1850 2882 Arenain
1869 2858 1984 2890 fuluam,
2012 2870 2037 2887 et
2055 2863 2162 2890 fuluum

1123 2890 1248 2916 Leonem.
1304 2890 1397 2926 Sicque
1417 2891 1514 2916 Ennius
1536 2890 1564 2916 in
1578 2889 1737 2923 Annalibus,
1757 2892 1846 2918 Fuluo
1860 2902 1919 2920 acre
1933 2895 2009 2922 dixit.
2069 2898 2162 2925 HaHe-

1123 2935 1169 2951 nus
1181 2926 1290 2952 Fronto.
1358 2925 1424 2953 Plin.
1440 2935 1473 2958 13,
1486 2934 1502 2957 9
1518 2926 1534 2951 s.
1544 2931 1568 2956 18
1595 2927 1660 2953 Cuci
1674 2925 1762 2952 fuluus
1778 2928 1860 2955 color.
1932 2930 2004 2957 Idem
2019 2937 2040 2962 8,
2054 2942 2080 2959 21
2112 2934 2161 2961 Sed

1123 2961 1292 2988 atrocissimos
1305 2960 1384 2988 habet
1402 2967 1489 2988 tauros
1502 2961 1628 2988 iiluestres
1640 2962 1752 2988 maiores
1765 2963 1908 2997 agrestibus
1917 2985 1925 2997 ,
1950 2959 2090 2994 uelocitate
2102 2976 2162 2996 ante

1124 3006 1230 3027 omnes,
1250 2997 1340 3023 colore
1353 2997 1458 3029 fuluos,
1477 2997 1562 3024 oculis
1575 2997 1710 3024 caeruleis.
1782 2999 1877 3033 Aquila
1902 3002 1976 3036 Virg.
1985 3003 2048 3029 Aen.
2058 3013 2090 3036 ii,
2104 3013 2160 3039 752.

1666 3035 1751 3060 Arena
1775 3035 1848 3069 Virg.
1862 3036 1926 3062 Aen.
1939 3045 1966 3069 5,
1988 3046 2035 3063 110.
2106 3041 2160 3065 Au-

1123 3078 1183 3095 rum
1208 3067 1245 3095 Id.
1260 3067 1326 3094 ibid.
1339 3076 1364 3103 7,
1377 3076 1437 3102 279.
1541 3069 1643 3095 Lumen
1667 3069 1703 3095 Id.
1718 3069 1783 3095 ibid.
1798 3078 1830 3103 7,
1843 3073 1886 3104 76.
1955 3073 2044 3106 Lupus
2077 3074 2160 3101 Ouid.

1124 3105 1188 3131 Met.
1204 3112 1236 3136 ii,
1250 3111 1306 3138 771.
1374 3104 1478 3131 Nuntia
1490 3103 1563 3130 fulua
1578 3105 1648 3131 louis
1662 3104 1779 3131 miranda
1792 3106 1846 3131 visa
1861 3105 1943 3139 figura
1963 3108 2018 3134 Cic.
2028 3108 2059 3135 de
2066 3109 2160 3143 Legib.

1125 3149 1151 3172 1,
1172 3148 1197 3166 2.
1232 3143 1251 3166 ι’.
1271 3140 1374 3174 Aquila.
1444 3139 1520 3166 Pellis
1540 3140 1615 3167 fulua
1628 3140 1711 3167 leonis
1750 3140 1822 3173 Virg.
1838 3141 1899 3166 Aen.
1915 3146 1944 3174 8,
1963 3151 2012 3175 553.
2083 3145 2158 3172 Setae

1125 3174 1253 3210 pecudum
1267 3175 1356 3201 fuluae
1382 3174 1420 3202 Id.
1433 3176 1529 3210 Georg.
1543 3184 1564 3207 3,
1577 3182 1626 3208 383.
1696 3175 1783 3202 Sidera
1808 3175 1904 3201 Tibul·
1919 3185 1946 3209 2,
1962 3187 1970 3203 ι
1980 3198 1988 3210 ,
2002 3184 2039 3208 88.
2114 3182 2159 3207 Vi.

627 3214 691 3240 Vrbs
703 3212 735 3246 est
753 3214 875 3240 Vmbriae.
910 3212 992 3245 Sii.4,
1004 3219 1063 3246 547.
1081 3216 1110 3246 85
1123 3211 1197 3238 ridis.
1233 3211 1308 3245 Virg.
1317 3213 1381 3236 Aen.
1395 3220 1423 3243 4,
1435 3213 1481 3237 261
1507 3212 1593 3246 Atque
1607 3211 1647 3237 illi
1662 3211 1773 3237 stellatus
1788 3211 1886 3245 iaspide
1900 3212 1974 3239 fulua
2011 3214 2079 3240 Enlis
2093 3222 2158 3243 erat.

1130 3248 1176 3274 Vln‘
1190 3246 1311 3278 Seruius,
1331 3247 1431 3280 Iaspide
1445 3247 1536 3280 fulua,
1555 3256 1603 3281 pro
1623 3246 1729 3272 Viridi:
1764 3254 1808 3282 vt,
1827 3247 1891 3274 Aen.
1907 3256 1934 3280 ς,
1949 3257 1997 3280 309
2024 3250 2160 3285 Fuluaque

1124 3288 1199 3317 caput
1213 3282 1352 3308 molemus
1367 3282 1456 3308 Olina.
1545 3283 1584 3308 Id.
1597 3281 1664 3308 ibid.
1680 3290 1722 3314 i2,
1738 3289 1789 3316 792
1820 3283 1902 3309 Fulua
1916 3293 2012 3318 pugnas
2031 3285 2063 3311 de
2077 3286 2158 3314 Nube

1124 3324 1251 3344 tuentem.
1323 3319 1353 3344 In
1366 3319 1440 3345 MSS.
1455 3316 1528 3343 Coda'.
1543 3317 1730 3353 confunduntur
1746 3318 1843 3344 Fuluus
1862 3325 1885 3344 et
1898 3319 2012 3346 Furuus:
2046 3322 2159 3349 Draken-

1123 3354 1206 3380 borch.
1220 3353 1254 3379 ad
1266 3353 1344 3387 Sii.7,
1359 3356 1413 3385 683.
1467 3353 1552 3388 Heins.
1566 3353 1599 3379 acl
1611 3351 1691 3379 Ouid.
1707 3354 1770 3379 Met.
1785 3361 1812 3385 3,
1825 3361 1881 3388 273.

1162 3394 1417 3450 FbVLxrASTER,
1437 3393 1493 3421 tra,
1512 3394 1592 3415 trum.
1649 3389 1709 3415 Adi.
1764 3389 1849 3415 Radix
1867 3389 1992 3416 fuiuassra
2028 3391 2107 3426 Apul.
2127 3392 2159 3420 de

1123 3426 1179 3453 Her
1201 3444 1207 3451 .
1226 3434 1246 3450 c.
1262 3432 1317 3456 109.

1157 3466 1174 3487 r
1185 3467 1203 3486 v
1212 3467 1228 3486 L
1239 3466 1258 3486 v
1269 3465 1312 3487 ΕΙ)
1321 3466 1357 3492 ο,
1377 3459 1436 3486 inis.
1461 3459 1481 3486 f.
1519 3459 1589 3486 Color
1594 3458 1696 3495 suiuus.
1733 3458 1829 3486 Cathol.

1495 3532 1518 3563 F
1615 3532 1643 3563 V
1738 3531 1778 3563 M

71 3574 142 3595 FVL
155 3567 168 3592 s
178 3571 241 3596 GO,
260 3565 321 3589 inis.
342 3562 362 3589 f.
397 3563 525 3601 [κσξᾶλῃ
540 3569 643 3602 ἐθέλῃ,
661 3570 767 3602 annulae]
805 3570 914 3604 Nigrum
927 3565 1063 3593 illudniuis
1077 3576 1109 3603 95

29 3603 89 3641 ferd
101 3600 180 3636 instar
192 3600 330 3631 s0h02'r⁶⁷²5›
344 3598 406 3633 q¹⁴0d
413 3608 446 3638 f’x
453 3601 524 3635 fumo
535 3608 639 3631 caminis
648 3612 695 3632 aut
700 3605 793 3639 furnis
809 3604 933 3631 adhaeret.
996 3602 1062 3628 Plin.

36 3646 74 3672 33,
86 3641 102 3666 6
135 3636 306 3664 Adssl‘el'flml‘
318 3634 466 3674 f0r¹¹³ffl¹fn
483 3635 682 3675 balnearumque
695 3640 817 3674 fuligine.
888 3639 968 3665 Plaut.
984 3638 1062 3664 Poen.

35 3681 60 3708 5,
72 3682 100 3707 4,
114 3681 141 3705 23
159 3673 209 3706 ‚An
222 3679 287 3697 VHO
301 3669 407 3704 Pulchr«²
421 3669 646 3708 Vidererobsecro,
671 3677 689 3703 fi
704 3676 754 3702 tibi
767 3675 823 3701 illic
837 3683 891 3700 non
905 3683 934 3700 os
948 3673 1063 3699 oblitum

28 3709 72 3736 'est
82 3708 211 3742 fuligine?
283 3705 410 3745 commel-
426 3714 451 3737 Ι,
465 3708 481 3731 6
512 3707 642 3740 Qnoniam
655 3712 729 3738 fumo
742 3717 770 3742 et
781 3711 896 3745 fuligine
914 3710 989 3744 sapor
1007 3708 1063 3735 olei

37 3743 225 3778 (orruinpitur.
295 3740 417 3767 Ardentis
429 3741 520 3767 massae
532 3742 616 3777 fuligo
649 3747 738 3773 quen,
752 3748 801 3773 sat,
815 3755 842 3772 10
852 3766 860 3779 ²
882 3754 930 3777 130,

38 3779 88 3807 dua
100 3780 182 3815 postes
193 3777 305 3811 fuligine
317 3777 388 3810 nigri
413 3777 487 3810 Virg.
501 3776 552 3802 Ecl.
584 3796 591 3808 ,
602 3787 646 3811 49,
686 3811 693 3814 Δ
738 3781 845 3809 Madjda
870 3782 960 3807 que„-
974 3780 1024 3806 Sat,
1039 3787 1063 3812 2,

37 3823 77 3849 92..
148 3815 204 3841 Cic·
219 3812 331 3853 PhfflPP·
346 3821 380 3844 2‘7
390 3820 425 3852 ,9¹
441 3821 468 3852 .⁰·
486 3814 514 3842 36
549 3812 561 3837 i
580 3821 620 3838 ein
632 3819 717 3843 tamen
730 3817 799 3852 quasi
813 3817 924 3850 fuligine
938 3815 1064 3845 abstersa,

35 3849 146 3886 reliquis
159 3848 267 3879 diebus,
291 3857 319 3874 in
332 3848 466 3882 Capitolio
481 3848 610 3881 praeclara
622 3848 839 3879 Senatusconsulta
848 3852 942 3878 fecisti,
1013 3851 1065 3877 Lu-

37 3885 220 3916 cribrationum
236 3884 320 3918 fuligo
335 3883 448 3910 bibenda
479 3882 649 3917 Quinc‘til.n‚
662 3893 681 3915 3.

169 3957 271 3989 jv01..
305 3955 347 3982 11.

1002 3743 1063 3770 Ain·
1072 3751 1160 3772 10012.
1175 3747 1226 3774 388.

749 3888 901 3915 Verborum
915 3894 940 3914 et
951 3887 1065 3923 argutia-

16 3942 17 3946 ,
37 3921 96 3949 ium
109 3921 247 3959 fuliginem
261 3919 297 3946 ob
310 3919 400 3946 oculos
412 3917 574 3947 audientium
587 3918 672 3946 iacere
698 3919 766 3948 Geli.
780 3931 799 3955 ι,
810 3931 834 3951 2,
1072 3928 1116 3957 105
1128 3920 1213 3947 lucem
1233 3918 1353 3952 Cogitat,
1372 3927 1418 3947 etc.

1159 3607 1175 3627 F
1184 3607 1206 3627 V
1215 3608 1290 3629 MVS
1299 3621 1306 3633 ,
1326 3602 1345 3629 i.
1363 3610 1399 3629 m.
1436 3601 1558 3635 [καπνός]
1606 3602 1688 3636 Vapor
1701 3599 1740 3626 illc
1751 3599 1869 3633 mordax,
1887 3609 1955 3636 quem
1973 3604 2041 3638 ignis
2053 3613 2065 3630 e
2076 3611 2159 3640 corpo.

1123 3636 1191 3663 ribus
1204 3637 1346 3672 quibusdam
1360 3638 1466 3672 expellit.
1523 3637 1633 3668 Plin.12,
1648 3643 1675 3669 17
1694 3635 1819 3662 Tradunt
1832 3636 1934 3663 fumum
1947 3638 2041 3665 Brutae
2057 3640 2159 3666 arboris

1125 3678 1215 3697 contra
1228 3672 1297 3706 ligna
1311 3672 1361 3699 alia
1375 3674 1422 3699 effe
1435 3672 1563 3699 remedio.
1635 3671 1690 3697 Cic.
1705 3671 1732 3696 in
1744 3671 1829 3698 Pison.
1842 3680 1854 3704 3
1886 3672 2029 3708 Paullisper
2042 3675 2159 3701 stetimus

1125 3708 1153 3733 in
1167 3707 1215 3733 illo
1230 3716 1369 3741 ganearum
1383 3715 1488 3735 tuarum
1502 3706 1596 3733 nidore
1615 3711 1692 3739 atque
1712 3705 1796 3733 fumo.
1863 3708 1974 3735 Amarus
2007 3710 2077 3743 Vir-g.
2092 3711 2156 3735 Aen.

1297 3743 1378 3770 Ouid.
1395 3745 1457 3769 Met.
1473 3752 1491 3773 1,
1506 3750 1550 3774 :32
1573 3756 1617 3761 »-
1637 3741 1775 3776 calidoque
1788 3743 1938 3770 inuoluitur
1952 3744 2156 3778 vndiquefinno.

1125 3776 1232 3803 Vndans
1244 3777 1332 3804 fumus
1346 3779 1423 3805 misto
1437 3778 1546 3812 puluere
1570 3776 1643 3810 Virg.
1657 3777 1721 3802 Aen.
1737 3786 1768 3810 2,
1786 3780 1846 3810 609.
1935 3780 2059 3806 Volucrcs
2084 3779 2157 3805 Idem

1127 3813 1224 3847 Georg.
1244 3821 1267 3844 2,
1282 3821 1333 3847 217.
1426 3815 1522 3840 Fumus
1549 3811 1639 3845 ingens
1661 3812 1734 3839 velut
1756 3814 1866 3848 quadam
1890 3815 1959 3840 nube
1980 3813 2157 3840 Absconderat

1125 3848 1226 3874 caelum
1251 3848 1365 3880 Curt.6‚
1379 3851 1405 3881 6,
1419 3858 1458 3881 30.

1126 3885 1194 3910 Hor.
1208 3883 1239 3909 de
1254 3884 1316 3909 Arte
1329 3885 1402 3910 Poe‘t.
1416 3892 1458 3917 143

1528 3847 1636 3873 Caelum
1651 3847 1788 3875 subtexere
1801 3850 1877 3875 fumo
1903 3851 1974 3882 Virg.
1990 3850 2054 3874 Aen.
2067 3857 2089 3879 3,
2104 3854 2156 3880 582.

1499 3882 1562 3909 Non
1574 3883 1677 3910 fumum
1692 3892 1723 3910 ex
1742 3885 1862 3919 fulgore,
1892 3884 1932 3910 sed
1953 3891 1984 3908 ex
2004 3883 2080 3908 fumo
2095 3883 2156 3909 clarc

1487 3918 1614 3947 Euolutus
1629 3928 1660 3946 ex
1673 3921 1785 3955 tuguriis
1803 3921 1878 3947 Curt.
1888 3924 1911 3950 8,
1925 3928 1952 3951 4,
1963 3926 1990 3951 9.
2061 3919 2158 3943 Fuinos

1280 3960 1293 3987 5
1311 3954 1334 3980 D
2084 3955 2156 3979 etiam
