2479 4225
124 195 172 235 29
501 182 780 222 DEC

123 271 151 298 in
171 271 288 307 reliquos
312 271 439 307 obliquos
458 271 603 301 declinant,
623 277 668 297 etc.
687 269 750 306 June
762 270 826 294 enim
846 266 882 293 ibi
892 266 1014 303 pluscula.
1052 301 1058 306 Π
1084 267 1156 306 1ἀο111

122 315 149 340 9,
162 315 184 339 3.
239 308 306 334 Gell.
322 318 349 342 4,
364 317 382 335 1.
440 309 576 333 peculiaris
593 314 616 332 ct
628 304 782 342 obstr-nabilis
794 301 828 342 est
847 304 888 329 hic
900 304 982 342 locus,
1003 303 1060 342 Qui
1074 303 1156 343 victo-

121 343 175 369 rias
194 351 284 369 aureas
303 343 331 370 in
354 344 429 370 vsum
450 342 515 369 belli
534 341 641 369 conflari
657 337 776 370 volebat,
795 344 831 364 1ῐᾶ
850 337 1007 368 decllnafflt,
1030 337 1157 365 Vnstol'lls

121 377 249 404 vtendum
263 379 311 406 effe
333 378 441 411 Qiinct.
455 386 481 411 9,
501 387 526 410 2,
546 386 591 413 92,
639 373 787 401 Declinauit
803 377 937 400 orationem
955 371 1064 405 reblam,
1083 381 1112 400 vt
1121 373 1157 409 fi-

121 421 186 448 gnra
196 413 279 448 fieret.
923 443 928 448 ,

158 449 410 480 DECLiNANs,
437 448 510 474 antis.
547 445 637 474 Par-tic.
673 442 840 477 [οἷποκλῖνων]
892 443 957 469 Ρ11η.
979 452 1023 477 23,
1045 452 1054 469 1
1082 443 1099 469 s.
1119 452 1155 476 24

122 482 202 515 Qiod
214 483 246 509 ad
259 483 376 510 febrium
389 484 551 510 valetudines
564 479 670 511 attinet,
691 484 792 504 certum
806 480 841 504 est
850 499 858 510 ‚
875 488 929 505 uon
943 479 1057 505 dandum
1076 478 1104 504 in
1117 480 1156 504 fe-

120 517 184 550 bre,
199 518 247 545 nili
260 517 394 545 veteribus
409 520 507 553 aegris,
522 517 629 546 vinum,
650 522 697 540 nec
709 513 757 540 nili
773 513 919 540 declinante
932 515 1037 540 morbo.
1076 515 1150 540 Varr.

121 552 153 579 de
165 553 194 579 L.
207 554 238 580 L.
253 562 276 587 5,
289 562 303 587 5
325 563 350 588 p.
365 562 400 586 51,
418 563 441 586 13
467 555 533 580 Cum
549 549 695 576 verborum
713 549 902 575 declinantium
917 559 1011 584 genera
1025 548 1072 575 fint
1089 558 1151 583 qua-

119 592 197 620 tu'or,
222 598 320 621 vnum,
340 590 409 624 quod
430 594 547 622 tempora
564 584 738 619 adsignificat,
759 593 844 619 neque
865 584 943 612 habet
961 585 1046 615 casus,
1071 591 1099 610 vt
1117 584 1150 611 ab

119 623 194 663 lego,
214 623 295 658 legis,
316 631 360 650 etc,
404 623 484 652 Paullo
493 619 564 656 post,
576 619 666 646 Verba
686 620 814 646 declinata
828 620 901 653 sunt,
920 628 987 655 quae
1006 619 1039 646 ab
1059 620 1150 654 aliquo

118 665 258 692 oriuntur,
275 665 305 686 vt
317 659 349 686 ab
362 659 434 694 lego,
446 657 518 691 legis.
555 655 642 682 Eadem
655 665 712 691 ergo
725 655 882 682 declinantia
894 663 917 682 rt
930 655 1068 682 declinata.
1093 656 1150 682 Vol.

117 695 185 720 locus
197 694 320 729 Qinciil.
340 692 501 730 quemstatim
514 690 626 717 dabimus
643 693 670 716 in
684 696 908 717 Dl-ICLINATVS.

155 735 197 755 DE
206 735 222 755 C
234 736 250 756 L
263 736 301 756 [N
310 732 362 757 ,ιῐΤ
371 735 391 755 v
401 736 430 760 s,
450 735 479 758 a,
500 735 554 752 um.
591 726 684 752 Partic.
718 727 729 758 [
741 725 906 760 α’πίκλιντος]
949 726 998 758 Vt,
1016 725 1150 753 Decliuata

117 770 201 796 aetas,
226 764 292 801 apud
320 762 446 798 Qine'til.
468 770 491 788 12
516 771 538 788 0.
556 761 602 787 ν11.
632 765 651 787 ι’.
687 761 806 788 proaem
836 768 859 787 et
887 770 999 797 vergens.
1077 761 1150 788 Idem

118 807 155 832 12,
170 808 179 826 1
201 801 295 835 Neque
309 801 324 826 s
337 808 366 831 e,
382 806 468 832 neque
482 803 554 823 metu
569 796 713 823 declinatus
730 797 849 828 animus,
870 797 1025 831 quominus
1041 797 1149 831 optimis

116 835 141 860 sc
155 836 289 869 partibus,
305 835 315 861 i
346 833 398 865 est,
414 832 600 867 Reipublicae,
619 832 749 866 iungeret.
781 832 809 858 ιίε
822 833 935 858 Cicerone
947 834 1065 867 loquitur.
1088 834 1149 859 Item

116 871 266 904 Der-inatus,
282 869 407 904 Itfiexus,
427 868 563 895 Declinata
575 867 657 894 verba
672 869 746 894 Varr.
760 868 789 894 L.
805 868 834 894 L.
849 874 875 901 7,
890 876 913 893 2.
949 867 1023 903 Conf.
1037 868 1109 894 Idem
1123 877 1149 901 9,

468 905 500 930 Et
512 912 572 939 quac
584 903 653 929 modo
665 903 792 929 laudamus
808 906 835 928 in
849 908 1041 929 DL'CLINANS.

116 915 135 939 4
152 913 216 932 extr.
265 904 331 931 Gell.
344 911 382 936 10,
395 912 431 930 21.

567 940 651 965 Varro
671 938 700 964 L.
721 939 751 964 L.
780 947 812 972 7,
841 946 857 963 2
889 938 976 964 Nouis
995 938 1148 965 nominibus

151 939 411 969 nEcmNii'rvs.
448 938 530 965 Subst.

113 976 199 1003 allatis
220 976 247 1002 in
269 974 497 1005 consuetudinem,
524 973 577 1000 fine
595 973 761 1000 dubitatione
784 982 877 999 coi-um
901 973 1042 1000 declinatus
1062 974 1147 1001 statim

112 1011 198 1038 omnis
211 1010 273 1037 dicit
286 1009 405 1044 populns.
441 1009 514 1045 Conf.
527 1009 598 1036 Idem
613 1014 636 1041 8,
650 1014 689 1039 28.
711 1015 736 1034 et
753 1017 779 1041 9,
794 1017 803 1034 1
818 1015 882 1034 extr.
920 1010 1060 1044 Oppomtur
1073 1013 1147 1036 etiam

111 1047 244 1086 appetitui,
263 1051 291 1071 vt
304 1046 444 1072 Declinatio
460 1055 467 1069 :
497 1045 553 1071 Cic.
568 1045 626 1071 Fin.
641 1052 662 1077 5,
675 1052 704 1078 17
722 1053 743 1070 c.
758 1052 774 1078 7
797 1044 948 1078 Voluptatis
966 1045 1013 1071 alii
1031 1046 1147 1079 primum

112 1082 253 1116 appetitum
265 1085 373 1115 putant,
389 1086 414 1106 et
427 1080 540 1115 primam
553 1079 734 1114 depulfionem
747 1079 848 1106 doloris
862 1089 868 1104 z
893 1079 939 1105 alii
954 1081 1073 1113 censent,
1094 1081 1147 1115 pri-

113 1122 183 1143 n'ium
195 1116 303 1142 ascitum
316 1115 593 1146 dolorisnvacuitatem
607 1126 615 1146 3
641 1121 667 1141 et
680 1115 796 1150 primum
810 1114 969 1142 declinatum
983 1116 1110 1142 dolorem.

145 1157 188 1178 DE
199 1157 242 1178 GL
254 1158 420 1184 1NAT10‚
439 1151 507 1177 ὀ1-115.
532 1152 551 1177 f.
587 1150 708 1177 Verbale.
744 1151 854 1184 [κλίσιῃ
868 1152 989 1184 ἔκκλισις]
1025 1152 1144 1187 Dcflexio.

110 1182 183 1213 Curt.
195 1194 222 1219 9,
235 1194 262 1220 7,
276 1195 304 1213 21
330 1187 415 1221 Igitur
435 1186 545 1213 Macedo
564 1186 681 1213 lanceam
700 1185 800 1218 emisit,
819 1194 898 1220 quam
916 1186 1063 1222 Dioxippus
1086 1196 1146 1213 cum

108 1222 201 1256 exigua
220 1221 340 1256 corporis
360 1221 535 1248 declinatione
554 1222 670 1254 vitasset,
697 1229 743 1248 etc.
816 1221 967 1248 Declinatio
992 1230 1146 1249 atomorum

106 1257 150 1284 illa
163 1258 281 1293 Epicurea
297 1264 428 1284 memorata
448 1257 573 1284 Ciceroni
588 1257 619 1283 de
633 1257 690 1284 Fin.
707 1265 717 1283 1
737 1266 758 1283 c.
772 1259 789 1283 6
805 1259 836 1283 it.
851 1262 873 1287 8.
910 1264 934 1283 et
952 1257 984 1284 de
997 1259 1062 1285 Fato
1081 1267 1102 1284 c.
1116 1267 1144 1284 10

107 1298 152 1319 etc.
208 1292 356 1319 Declinatio
368 1292 458 1319 breuis
476 1301 490 1319 a
504 1292 638 1328 proposito
658 1293 714 1320 Cic.
728 1292 761 1318 de
774 1293 848 1319 Orat.
863 1300 886 1324 3,
906 1300 963 1326 205.
1058 1293 1144 1320 Decli—

106 1327 225 1354 nationes
252 1328 280 1354 in
304 1328 361 1363 ipso
385 1329 459 1354 cursu
484 1329 614 1355 orationis
650 1327 682 1354 ad
710 1327 921 1362 amplificandum
954 1329 1050 1355 dantur
1088 1329 1144 1356 Cic.

109 1364 176 1389 Part.
198 1372 219 1390 c.
243 1370 278 1396 15.
370 1364 519 1390 Declinatio
541 1364 573 1390 ad
601 1363 741 1390 libidinem
772 1363 846 1390 Idem
865 1363 897 1389 de
916 1364 973 1391 Fin.
999 1373 1025 1396 1,

104 1398 162 1425 Cic.
175 1397 208 1424 de
221 1399 315 1425 Natur.
324 1399 403 1426 Deor.
417 1408 438 1431 3,
450 1408 476 1431 33
500 1401 636 1426 Ρ13010103
649 1399 752 1426 nullum
765 1399 848 1434 potest
862 1399 910 1425 esse
922 1400 1030 1431 animal,
1048 1400 1077 1426 in
1090 1409 1144 1434 quo

104 1441 159 1460 non
173 1439 198 1460 et
213 1435 342 1469 appetitio
356 1435 385 1460 sit
404 1441 429 1461 01
451 1435 593 1462 declinatio
607 1435 740 1462 naturalis.
776 1435 849 1470 Conf.
865 1434 932 1460 Gell.
948 1444 987 1468 14,
1002 1444 1022 1461 1.
1094 1436 1144 1461 De-

104 1469 212 1496 clinatio
231 1469 344 1505 periculi
362 1471 418 1497 Cic.
439 1472 492 1497 Att.
513 1479 541 1502 2,
561 1479 600 1497 20.
689 1470 801 1497 Laboris
822 1476 848 1496 et
870 1471 983 1505 periculi
1001 1471 1144 1497 declinatio

103 1504 176 1531 Idem
196 1514 244 1540 pro
263 1506 367 1532 Cluent.
388 1511 432 1539 148
459 1515 481 1532 c.
503 1514 529 1539 53
556 1514 620 1533 extr.
698 1508 729 1532 Et
747 1507 776 1532 in
795 1505 873 1532 Catil.
892 1514 917 1537 1,
938 1514 963 1539 15
989 1516 1010 1532 c.
1024 1509 1039 1533 6
1070 1508 1144 1539 Qiot

105 1548 155 1574 ego
176 1546 232 1568 tuas
253 1541 393 1576 petitiones
415 1542 451 1568 ita
471 1542 617 1574 coniectas,
644 1547 673 1568 vt
691 1542 772 1568 vitari
797 1542 865 1575 posse
891 1550 946 1567 non
971 1542 1143 1573 viderentur,

102 1583 183 1609 parua
197 1578 309 1611 quadam
330 1576 523 1609 declinatione,
544 1583 584 1610 et,
605 1583 635 1603 vt
651 1577 740 1608 aiunt,
757 1585 868 1610 corpore
888 1576 978 1610 effugi.
1049 1577 1144 1602 Facere

103 1610 307 1638 declinationem
325 1621 341 1639 a
360 1613 431 1639 malo
443 1621 502 1638 cuin
515 1613 635 1644 ratione,
654 1612 777 1646 sapientis
790 1612 826 1637 est
864 1612 920 1637 Cic.
935 1611 1016 1637 Tusc.
1025 1620 1053 1643 4,
1092 1630 1097 1636 .
1136 1630 1143 1637 .

103 1643 124 1682 ff
145 1655 162 1672 2.
195 1647 346 1674 Declinatio
366 1649 541 1674 Grammatico.

103 1682 175 1706 natio
190 1682 226 1707 est
238 1691 322 1716 quum
334 1691 365 1708 ex
378 1684 464 1708 verbo
479 1683 507 1708 in
520 1682 648 1714 verbum,
660 1687 704 1708 aut
711 1691 743 1708 ex
755 1680 832 1707 verbi
846 1681 1008 1710 discrimine,
1021 1685 1049 1705 vt
1062 1686 1143 1705 trans-

103 1722 144 1741 031
165 1725 252 1748 1110115,
274 1717 348 1743 νο015
369 1719 541 1744 commutatio
560 1717 604 1747 fit,
621 1717 718 1749 aliqua.

87 1773 90 1778 .
101 1759 183 1783 quum
190 1751 255 1776 item
261 1759 294 1776 ex
306 1752 395 1784 aliqua
409 1752 493 1783 ligura
501 1752 528 1776 in
536 1750 646 1783 figuram
654 1749 753 1780 tranfit,
761 1754 789 1774 vt
803 1747 830 1773 id
844 1747 942 1779 tranfit,
951 1756 1010 1773 cum
1021 1756 1074 1781 quo
1083 1757 1143 1774 con-

99 1784 193 1810 fertur.
214 1784 318 1810 Ibidem
330 1794 355 1818 p.
368 1793 421 1816 141,
435 1793 443 1809 1
457 1785 564 1815 dixerat,
578 1784 705 1817 Analogia
716 1784 752 1809 est
767 1782 911 1808 verborum
925 1782 1049 1808 similium
1063 1783 1142 1810 dccli-

1171 596 1200 614 10
1217 587 1251 612 ad
1269 588 1329 614 Liu.
1347 596 1388 622 27,
1403 597 1430 623 ¹7
1452 592 1545 624 quoties
1563 590 1625 616 idem
1643 591 1675 623 est
1694 600 1765 629 utque
1785 594 1908 626 effluere,

1173 771 1198 797 15
1217 763 1291 797 Virg.
1305 764 1369 790 Aen.
1385 769 1409 795 8,
1422 767 1475 797 326.

1161 945 1197 963 20
1215 945 1284 974 trop.
1300 949 1323 972 2,
1336 949 1376 974 4¹-

585 1649 670 1673 Varro
684 1647 716 1673 de
730 1648 760 1672 L.
773 1647 803 1672 L.
817 1655 843 1678 9,
858 1655 877 1678 4
891 1655 915 1680 p.
928 1654 982 1678 141,
994 1654 1025 1679 37
1057 1646 1143 1671 Decli-
1152 1656 1189 1680 40
1209 1647 1302 1673 Ouidio
1315 1647 1383 1673 modo
1401 1647 1477 1673 allata
1490 1645 1531 1679 est.

772 1714 925 1740 Similitudo
943 1714 1144 1744 declinationis;

1628 185 1905 229 DEC
2210 204 2257 243 30

1220 269 1323 305 ligurum
1342 270 1464 307 aliosque,
1487 276 1525 299 ait
1538 272 1669 301 decollare
1688 274 1740 302 dici
1754 279 1858 311 proprie
1878 278 1972 312 quidem
1992 289 2143 313 crumenam,
2169 288 2229 316 quae
2242 290 2260 308 a

1220 306 1279 341 collo
1287 304 1405 341 suspensa
1422 311 1477 342 geri
1494 318 1546 334 cum
1553 310 1646 345 soleat,
1674 317 1725 336 tum
1746 312 1844 338 dicatur
1856 312 2002 345 decollatus,
2022 325 2074 341 cum
2092 326 2139 342 non
2154 319 2260 351 amplius

1220 338 1293 372 adest.
1351 341 1397 368 Sul
1409 342 1543 370 Decollare
1558 344 1646 378 1ῇῦἀο
1664 346 1735 372 collo
1751 346 1900 381 deponere,
1926 349 1994 375 modo
2016 351 2137 382 vidimus,
2158 351 2257 378 auctore

1224 377 1321 402 Nonio:
1339 385 1371 402 an
1385 376 1499 404 defluere
1506 378 1649 415 significet,
1670 381 1775 408 nondum
1793 381 1917 419 ostensum.
1970 385 2008 411 De
2023 386 2082 412 colo
2096 393 2160 413 certe
2179 389 2257 414 multa

1181 413 1194 438 ς
1214 410 1325 445 facilius
1344 412 1512 448 blandiusque.

1258 452 1274 471 D
1285 452 1323 472 EC
1335 454 1354 474 O
1364 454 1380 473 L
1390 453 1407 473 L
1416 455 1437 474 A
1447 455 1467 474 T
1480 454 1499 488 Y
1511 455 1535 488 S...
1547 457 1570 479 a,
1585 459 1636 476 um.
1658 452 1724 478 Part.
1746 452 1944 481 Decollatorum
1963 456 2047 489 capita
2066 456 2184 483 Sci-ibon.
2199 466 2253 492 194.

1255 487 1465 516 DECOLLATIO,
1484 493 1552 509 oms.
1566 484 1584 510 f.
1606 487 1662 512 Vct.
1676 487 1754 513 Gloss'.
1773 492 1965 522 τραχηλοκοπία,
1978 493 2085 525 κεφαλῆς
2099 492 2218 524 α’ποτομῆ.

1257 522 1274 541 D
1284 524 1300 543 Ε
1310 523 1326 542 C
1338 519 1357 544 6
1366 524 1382 543 L
1392 524 1437 558 0,·
1457 521 1511 545 sire.
1547 518 1664 553 Destino,
1687 521 1781 558 defluo,
1806 522 1884 557 effluo.
1920 526 1974 551 Hoc
1986 526 2084 552 verbum
2093 534 2141 561 pro
2152 529 2255 564 vulgato

1219 550 1367 585 decollare,
1391 554 1495 589 rescribi
1507 554 1574 589 apud
1592 555 1672 582 Plaut.
1689 558 1763 592 Capt.
1778 567 1832 591 3,1,
1847 567 1877 593 37
1903 567 1926 585 ct
1945 560 2022 592 alibi,
2044 563 2097 587 vult
2119 565 2256 589 oroizouius

1210 620 1238 654 st
1292 626 1295 629 Ι
1939 602 1963 621 el
1980 598 2017 622 ita
2036 596 2179 629 clqslitucre',
2191 598 2254 633 [ναν

1240 632 1304 649 rari.

1255 664 1273 682 n
1283 665 1298 684 Ε
1309 663 1326 684 c
1336 656 1355 685 ὁ
1366 665 1376 683 1
1392 666 1449 691 011,
1482 660 1545 698 oris.
1582 660 1642 686 Adi.
1677 663 1689 694 [
1703 663 1858 700 κακόχροος]
1894 666 1969 700 ‚Quod
1981 664 2013 697 1st
2033 667 2110 693 colore
2126 670 2254 700 vitiatum,

1218 693 1258 732 vel
1270 693 1334 728 quod
1347 695 1449 733 colorem
1462 696 1552 728 amisit.
1607 696 1670 723 Plin.
1685 700 1721 729 16,
1734 706 1758 724 12
1772 700 1790 725 s.
1805 708 1834 732 23
1853 700 1959 734 Frigida
1973 701 2059 728 hieme
2073 701 2204 735 deterior,
2225 713 2254 730 ac

1217 737 1304 753 minus
1318 730 1437 763 copiosa,
1462 735 1488 756 et
1507 729 1623 757 decolor.
1677 733 1749 767 Conf.
1771 734 1827 761 lfid.
1849 743 1876 761 ιο
1893 735 1933 762 111.
1952 736 1983 762 D.
2056 737 2132 764 Aetas
2146 737 2256 765 decolor

1549 766 1662 794 Decolor
1673 774 1758 800 actas,
1788 770 1897 797 Vitiosa.
1933 771 1963 797 In
1980 772 2054 798 omui
2068 774 2139 799 enim
2154 774 2253 800 vitioso

1347 623 1404 649 Vid.
1435 631 1574 653 uacuum
1597 634 1622 651 n.
1642 635 1662 658 3.

1217 807 1328 838 corpore
1347 800 1412 826 inest
1431 800 1547 834 peffimus
1568 802 1650 828 color.
1690 800 1731 829 'Et
1744 804 1836 830 alludit
1850 805 1882 831 ad
1903 812 2022 834 naturam
2042 808 2156 840 mctalli,
2175 818 2254 844 quam

1217 842 1347 860 cernimus
1359 834 1531 862 discolorem:
1558 846 1605 863 nec
1623 838 1768 864 immerito.
1821 840 1901 874 Supra
1914 842 1985 868 cuim
1993 842 2095 870 dixerat
2103 845 2187 870 Aurea
2202 846 2251 871 sae>

1217 869 1288 895 cula:
1316 870 1377 896 idco
1391 880 1460 897 nunc
1479 871 1546 898 dixit
1567 878 1635 899 actas
1652 873 1773 899 Decolor.
1810 875 1878 900 Haec
1896 876 2010 903 Seruius.
2080 879 2189 905 Fluuius
2201 881 2256 906 san-

1216 905 1294 938 guine
1309 904 1416 932 decolor
1449 907 1509 932 Stat.
1523 906 1615 934 Theb.
1634 916 1671 939 12,
1685 917 1743 940 4¹0·
1816 909 1904 936 Imber
1918 910 2027 939 decolor
2057 914 2150 941 Claud.
2163 915 2190 942 in
2205 916 2255 942 liu-

1449 942 1506 968 Sen.
1520 942 1629 980 Hippol.
1642 951 1694 976 344
1728 944 1809 983 Tunc
1822 945 1936 978 virgatas
1954 948 2029 974 India
2044 950 2123 983 tigres
2139 951 2254 978 Decolor

1215 974 1324 1008 horret,
1341 979 1358 1002 i.
1366 975 1444 1012 fusca
1457 977 1565 1013 etflaua.
1606 979 1648 1005 Sic
1661 978 1741 1004 Ouid.
1755 978 1840 1006 Trist.
1853 988 1874 1012 5,
1887 989 1909 1012 3,
1922 990 1957 1014 24
1989 983 2019 1009 Et
2033 993 2199 1020 quascunque
2214 986 2255 1013 bi—

1215 1009 1255 1037 bit
1269 1010 1378 1038 decolor
1396 1011 1474 1038 Indus
1488 1021 1577 1047 aquas.
1647 1013 1703 1040 Cic.
1716 1014 1800 1041 Tusc.
1815 1023 1840 1046 2,
1853 1023 1888 1041 20
1902 1025 1924 1042 0.
1937 1021 1950 1045 8
1969 1018 2023 1043 Iam
2037 1019 2185 1046 decolorem
2199 1023 2253 1048 san-

1214 1046 1320 1080 guinem
1334 1056 1440 1073 omnem
1457 1048 1608 1080 exsorbuit,
1626 1049 1725 1084 versus,
1741 1049 1769 1075 dc
1785 1048 1864 1082 veste,
1883 1060 1930 1085 qua
1938 1055 2019 1087 periit
2033 1055 2156 1081 Hei-culex.
2204 1058 2255 1083 De-

1216 1081 1290 1108 color
1304 1083 1399 1116 species
1419 1083 1504 1115 aeris,
1529 1083 1668 1118 argentiue
1699 1083 1765 1110 Plin.
1781 1093 1816 1116 31,
1829 1087 1846 1111 6
1859 1085 1876 1111 s.
1890 1094 1929 1118 32.
2002 1089 2114 1123 Metaph.
2129 1091 2253 1124 Decolor,

1165 1127 1196 1153 25
1208 1123 1258 1151 pro
1274 1118 1364 1144 Foeda:
1384 1118 1464 1145 Ouid.
1479 1119 1558 1153 Epist.
1573 1128 1599 1152 9,
1614 1127 1626 1151 3
1663 1120 1741 1145 Fama
1756 1120 1917 1154 Pelasgiadas
1930 1122 2018 1150 subito
2031 1126 2153 1158 peruenit
2166 1125 2198 1152 ad
2210 1135 2254 1153 vr-

1214 1154 1259 1179 bes
1295 1153 1424 1187 Decolor,
1451 1160 1477 1180 et
1490 1154 1566 1180 factis
1577 1154 1719 1181 inficianda
1733 1155 1794 1181 tuis.

1249 1194 1267 1214 D
1277 1194 1293 1214 E
1303 1194 1320 1215 C
1332 1187 1351 1215 6
1360 1196 1376 1215 L
1384 1189 1403 1215 ὁ
1413 1196 1431 1215 R
1441 1196 1460 1215 v
1471 1197 1494 1221 s,
1506 1199 1529 1221 a,
1538 1199 1591 1215 uni.
1606 1189 1665 1216 Adi.
1687 1190 1762 1216 Idem.
1780 1190 1902 1219 Prudent.
1912 1192 2009 1225 Hymn.
2018 1194 2174 1229 Celagurrit.
2182 1204 2207 1222 ν.
2216 1205 2253 1229 113

1213 1223 1323 1258 Algidus
1339 1233 1397 1250 cum
1411 1224 1549 1252 decoloros
1563 1225 1661 1251 horror
1673 1232 1743 1251 artus
1756 1228 1888 1260 concutit,
1899 1227 1986 1263 febris
1994 1229 2113 1264 pallorem
2127 1231 2253 1257 inducens.

1248 1265 1267 1284 D
1277 1266 1293 1286 E
1302 1265 1318 1286 C
1331 1265 1350 1285 Ο
1362 1261 1405 1286 [ὁ
1418 1266 1435 1285 R
1447 1266 1465 1286 O
1474 1280 1483 1292 ,
1513 1265 1568 1287 are.
1603 1261 1852 1297 [κακοχρωματίζω]
1888 1264 1994 1290 Colorem
2012 1265 2128 1300 auferre,
2154 1268 2195 1293 vel
2213 1271 2252 1293 vi-

1164 1303 1196 1327 30
1211 1297 1277 1321 tiare
1313 1295 1446 1321 Columel.
1462 1304 1500 1328 12,
1515 1298 1553 1328 16,
1567 1304 1577 1322 1
1602 1295 1704 1322 Deinde
1720 1305 1782 1322 vuas
1796 1305 1845 1331 pro
1863 1299 2044 1333 magnitudine
2059 1300 2132 1327 binas
2146 1302 2188 1328 vel
2202 1308 2254 1329 ter.

1211 1339 1257 1356 nas
1271 1330 1341 1356 inter
1360 1331 1385 1357 se
1400 1331 1550 1365 colligatas,
1570 1331 1598 1357 in
1617 1331 1730 1358 ahenum
1752 1332 1856 1359 feruens
1870 1333 1991 1367 demitti,
2011 1342 2037 1362 et
2050 1337 2175 1371 exiguum
2190 1339 2254 1372 pati,

1212 1365 1275 1391 dum
1300 1365 1494 1393 decolorentur.
1566 1367 1669 1393 Aurum
1702 1367 1769 1393 Pliu.
1790 1376 1827 1400 23,
1849 1377 1868 1395 i.
1935 1370 1992 1396 Vici.
2013 1372 2080 1407 Lips.
2095 1371 2170 1398 Elea.
2189 1381 2215 1405 2,
2229 1379 2250 1403 8.

1211 1401 1269 1427 Sen.
1283 1401 1344 1428 Nat.
1359 1402 1464 1435 Qiaest.
1478 1411 1501 1434 2,
1514 1410 1545 1434 41
1573 1402 1748 1429 Decoloratur
1760 1402 1798 1435 id,
1807 1403 1881 1430 cuius
1893 1405 1968 1432 color
1981 1407 2105 1439 vitiatur,
2123 1417 2177 1434 non
2196 1417 2253 1435 mu-

1212 1441 1290 1463 tatur.
1345 1437 1444 1464 Caedes
1459 1437 1646 1464 decolor-ancre
1660 1447 1732 1465 mare
1745 1439 1863 1465 Dauniae
1881 1441 1947 1467 Hor.
1962 1441 2012 1468 Od.
2026 1451 2048 1474 2,
2063 1451 2083 1474 1,
2098 1450 2135 1475 35.
2189 1444 2252 1479 Sup-

1164 1481 1192 1508 35
1211 1472 1363 1506 piirationes
1379 1481 1445 1508 quae
1459 1473 1529 1499 intus
1545 1472 1654 1499 tendunt
1669 1473 1717 1504 sic,
1741 1479 1770 1500 vt
1781 1475 1940 1501 exteriorem
1954 1485 2062 1511 quoque
2076 1484 2161 1504 cutem
2174 1478 2251 1506 deco-

1211 1508 1300 1534 lorent
1319 1508 1385 1534 Cels.
1401 1518 1423 1540 2,
1439 1514 1462 1538 8.
1519 1508 1648 1534 Columel.
1660 1515 1771 1541 12,47,2
1789 1508 1869 1535 Olina
1881 1512 1975 1544 pausea
1988 1513 2030 1538 vel
2039 1513 2152 1545 orchita,
2166 1523 2252 1548 quum

1211 1543 1329 1576 primuni
1349 1552 1380 1568 ex
1398 1543 1459 1569 albo
1472 1542 1655 1573 decoloratur,
1678 1543 1761 1578 fitque
1774 1543 1889 1576 luteola,
1916 1546 2007 1572 sereno
2026 1548 2099 1575 caelo
2117 1557 2196 1573 manu
2212 1548 2253 1575 di-

1209 1577 1355 1610 stringitur.
1427 1577 1598 1608 Decolorari‚
1612 1584 1667 1638 ‘fer
1684 1579 1887 1609 translationem,
1907 1586 1957 1614 pro
1980 1581 2091 1615 Infamia
2106 1587 2204 1613 notari,
2223 1587 2252 1609 in

1209 1611 1226 1637 l.
1241 1612 1316 1643 Eum,
1330 1611 1377 1646 qui
1390 1611 1557 1646 probabilem
1568 1612 1598 1638 C.
1629 1620 1644 1638 e
1656 1612 1769 1646 episcop·
1783 1618 1809 1639 et
1820 1613 1907 1640 cleric.
1954 1615 1996 1642 Sic
2010 1617 2089 1642 Fama
2101 1616 2209 1645 decolor
2221 1628 2252 1645 ea·

1808 1658 1810 1667 1

1245 1688 1264 1706 1)
1272 1688 1289 1707 E
1297 1688 1313 1708 c
1322 1689 1341 1708 o
1352 1688 1367 1707 L
1377 1689 1396 1709 o
1404 1689 1422 1708 R
1430 1689 1482 1710 AT
1491 1688 1545 1714 vs,
1559 1690 1584 1714 3,
1597 1690 1652 1708 11111.
1672 1682 1739 1708 Part.
1758 1682 1934 1720 [κακοχροῦν]
1954 1685 2057 1712 Αιιὲὶοι·
2068 1686 2102 1712 ad
2113 1688 2212 1716 Heren.
2226 1696 2252 1720 2,

1209 1720 1223 1744 8
1237 1724 1258 1741 c.
1273 1723 1286 1747 5
1310 1716 1335 1742 Si
1352 1724 1457 1743 tumore
1475 1722 1520 1743 aut
1533 1717 1620 1743 liuore
1633 1716 1814 1744 decoloratum
1826 1718 1862 1744 est
1884 1728 1979 1755 corpus
1991 1723 2100 1749 mortui.
2156 1724 2251 1751 Manu·

1209 1750 1315 1782 collybo
1342 1752 1411 1778 Suet.
1426 1754 1491 1787 Aug.
1506 1761 1527 1779 c.
1541 1761 1569 1785 4.

1244 1791 1287 1811 DE
1297 1791 1314 1811 c
1324 1793 1342 1813 ο
1355 1793 1371 1812 1.
1383 1793 1401 1812 o
1411 1794 1429 1813 R
1439 1794 1508 1814 ATl
1519 1795 1549 1819 o,
1565 1786 1631 1813 onis.
1645 1787 1665 1813 f.
1686 1787 1808 1814 Verbale.
1826 1789 1999 1825 [κακσχρωοὶ]
2034 1791 2091 1818 Cic.
2106 1791 2138 1818 de
2152 1793 2248 1820 Diuin.

98 1819 173 1845 natio
186 1819 286 1845 similis.
322 1818 390 1849 Add.
403 1818 441 1844 Id.
456 1818 488 1844 de
500 1819 530 1845 L.
545 1819 574 1844 L.
591 1826 617 1853 7,
631 1826 652 1843 2.
689 1819 795 1845 Graecis
808 1817 963 1844 nominibus
975 1819 1085 1844 Graecas
1097 1819 1140 1845 de·
1157 1830 1191 1857 45
1208 1829 1234 1854 2,
1246 1826 1275 1860 58⁴
1295 1830 1316 1847 c.
1329 1829 1364 1856 27
1387 1822 1435 1848 Sed
1455 1829 1480 1850 et
1495 1820 1660 1849 decoloratio
1674 1823 1802 1858 quaedam
1821 1833 1854 1851 ex
1868 1825 1956 1860 aliqua
1968 1828 2125 1861 contagione
2143 1834 2248 1856 tei-rena

100 1854 253 1881 clinationes
266 1854 328 1881 dare
348 1853 457 1888 Quin&
467 1862 485 1885 1,
500 1863 512 1886 5
527 1860 550 1880 et
561 1855 586 1880 6.
622 1853 694 1880 Idem
710 1863 730 1886 1,
744 1862 762 1889 4
776 1860 840 1879 extr.
860 1853 952 1886 Qud?
973 1853 1044 1888 quod
1057 1855 1139 1881 multa

99 1889 180 1916 verba
191 1899 245 1916 non
264 1896 349 1917 totum
362 1889 556 1917 'declinationis
569 1888 690 1915 ordinem
708 1889 814 1916 ferunt?
846 1888 973 1923 quaedam
988 1890 1068 1916 etiam
1083 1899 1139 1917 mu-

98 1930 201 1958 tantur,
221 1931 249 1952 vt
265 1927 324 1952 Fero
336 1926 366 1952 in
379 1925 530 1952 Praeterito.
569 1926 633 1961 Ergo
648 1925 790 1951 declinatio
803 1926 876 1950 etiam
894 1933 959 1956 cam,
979 1934 1039 1959 quae
1057 1926 1139 1960 vulgo

99 1962 386 1995 Coniugatiouocatur,
406 1960 614 1996 comprehendit.
831 1968 843 1992 3
880 1959 1030 1987 Declinatio
1043 1961 1138 1987 mundi

1206 1864 1321 1882 maxime
1334 1857 1416 1891 potest
1430 1858 1551 1893 sanguini
1565 1858 1656 1885 similis
1669 1859 1725 1885 else.

1241 1898 1260 1917 D
1269 1899 1286 1918 Ε
1296 1897 1313 1918 c
1326 1898 1346 1918 0
1359 1899 1380 1918 Ν
1391 1900 1408 1920 c
1417 1901 1427 1920 1
1436 1901 1452 1920 L
1462 1902 1471 1920 1
1482 1900 1502 1920 o
1514 1914 1523 1926 ‚
1553 1899 1605 1920 are.
1630 1897 1648 1919 i.
1662 1894 1810 1921 abalienare.
1846 1895 1929 1923 Plaut.
1944 1895 2047 1931 Fragm.
2062 1903 2086 1923 et
2101 1899 2169 1933 apud
2180 1899 2248 1927 Fest.

1206 1935 1263 1953 voce
1276 1927 1397 1954 Persicus.
1434 1929 1507 1965 Conf.
1524 1928 1670 1963 Gothosred.
1685 1928 1719 1954 ad
1726 1929 1792 1957 Fest.

1241 1968 1259 1988 D
1269 1969 1285 1988 E
1294 1969 1311 1989 C
1321 1968 1340 1988 0
1352 1970 1374 1989 N
1384 1971 1405 1990 T
1413 1970 1433 1990 o
1441 1970 1460 1989 R
1469 1983 1477 1995 ,
1507 1964 1556 1990 firi.
1594 1963 1670 1990 Vnde
1683 1964 1844 1998 potissimum
1855 1970 1958 1999 caperet
1976 1966 2115 1993 exordium
2124 1987 2132 1999 ,
2152 1968 2247 1997 decon-

97 1997 139 2023 vel
149 1997 215 2023 caeli
229 1996 323 2023 dicitur
336 2006 351 2022 a
363 1997 481 2030 Latinis,
499 1995 572 2031 Qod
584 1996 673 2022 Graeci
686 1994 772 2020 dicunt
794 1996 894 2028 κλίμα,
905 1997 1008 2032 plagam
1020 1998 1137 2023 nimirum
1153 2007 1185 2032 50
1204 2002 1275 2024 tatur
1301 1998 1378 2032 Apul.
1393 1999 1456 2025 Met.
1477 2008 1506 2025 10
1526 2008 1550 2033 p.
1571 2007 1629 2031 239.
1664 1998 1733 2026 Add.
1747 1999 1786 2026 Id.
1798 2007 1816 2034 7
1834 2009 1859 2034 p.
1874 2005 1927 2032 198.
1948 2001 2031 2032 (Prie.
2047 2005 2110 2035 148)
2122 2003 2196 2040 sorte
2210 2015 2248 2032 re-

95 2031 187 2058 duobus
203 2030 359 2058 interiectam
368 2032 500 2066 parallelis
512 2032 542 2057 ab
554 2038 683 2066 aequatore
696 2030 864 2056 declinantem.
922 2031 1137 2058 Declinationum

97 2067 192 2094 mundi
205 2076 261 2094 non
281 2067 402 2101 ignarus,
420 2074 447 2092 vt
467 2066 631 2100 exploratum
650 2065 758 2098 habeat,
779 2067 842 2100 quid
860 2066 956 2101 cuique
972 2067 1063 2100 plagae
1076 2075 1136 2092 con-

97 2102 201 2134 veniat,
225 2103 290 2137 quid
303 2108 431 2137 repugnet
464 2101 569 2129 Colum.
583 2109 701 2136 prooem.
722 2101 802 2128 totius
821 2102 925 2136 Operis.
996 2102 1068 2127 Idem
1085 2111 1105 2134 1,
1120 2104 1137 2129 6

98 2138 193 2164 Calore
206 2138 318 2165 naturali
330 2138 366 2165 est
378 2145 459 2171 opus,
477 2138 524 2173 qui
538 2137 667 2172 contingit
681 2136 809 2171 politione
827 2137 892 2163 caeli
909 2143 935 2163 et
950 2136 1136 2164 declinatione.

101 2173 165 2209 Vfies
178 2172 342 2208 estpraeterea
353 2173 416 2200 idem
434 2172 565 2200 Columel.
580 2182 603 2206 3,
617 2182 637 2200 1.

97 2208 127 2234 Et
141 2209 281 2235 Vitruuius
295 2219 314 2242 1,
330 2218 340 2236 1
367 2208 582 2247 Inclinationcm:
606 2209 716 2243 Propter
735 2208 921 2235 inclinationes
941 2209 1023 2241 caeli,
1043 2212 1136 2245 inquit,

96 2252 159 2279 quas
176 2245 269 2271 Graeci
284 2245 402 2277 κλίμακος
422 2250 525 2272 vocant.

130 2285 149 2305 D
158 2286 176 2307 E
187 2285 204 2306 C
215 2287 230 2306 L
241 2280 253 2306 i
266 2287 285 2306 v
297 2288 339 2312 15,
355 2289 377 2306 0.
398 2280 457 2307 Adi.
484 2279 601 2316 [oi-pariis,
620 2279 761 2314 κατάντης]
787 2281 927 2307 Inclinatus
940 2286 1012 2316 atque
1026 2279 1135 2316 deorjum

93 2322 251 2352 vergens,ut
263 2317 341 2342 cliuus
352 2318 379 2341 in
393 2315 513 2352 descenju.
549 2317 621 2344 Caes.
628 2317 656 2343 B.
666 2317 698 2342 G.
707 2322 767 2349 2,18
788 2316 894 2342 Collisa
909 2317 1011 2342 summo
1019 2316 1134 2351 aequali-

93 2356 134 2377 ter
148 2350 266 2378 decliuis.
335 2352 453 2378 Decliuis
472 2359 498 2379 et
517 2361 638 2387 praeceps
657 2352 729 2378 locus
760 2351 833 2378 Idem
845 2353 873 2378 B.
886 2352 918 2378 G.
932 2361 960 2385 4,
972 2360 1009 2383 33.

94 2390 164 2412 trum
178 2386 279 2413 decliue
297 2387 378 2414 Ouid.
391 2387 470 2422 Epist.
483 2396 509 2422 7,
525 2396 565 2420 93.
635 2389 703 2414 Area
723 2387 854 2414 Columel.
870 2397 890 2419 1,
904 2395 925 2419 5,
939 2396 964 2420 9.
1030 2387 1132 2413 Aruum

92 2421 160 2448 Hor.
174 2422 226 2449 Od.
248 2430 269 2454 3,
283 2431 326 2455 29,
338 2430 364 2456 7.
436 2424 549 2449 Cursum
562 2423 691 2449 decliuem
705 2423 737 2449 ad
758 2423 838 2449 litora
856 2422 952 2449 habent
967 2430 1055 2449 amnes
1082 2423 1132 2448 Lu-

93 2465 150 2483 can.
163 2466 191 2490 4,
205 2465 267 2492 427.
338 2459 496 2484 Dexteriora
508 2459 606 2485 montis
620 2458 734 2485 decliuia
762 2458 836 2484 Idem
849 2467 875 2490 2,
891 2467 944 2493 421.
1015 2458 1086 2484 Caes.
1103 2458 1130 2484 B.

94 2492 125 2519 C.
141 2501 160 2524 1,
176 2500 209 2526 45
235 2493 389 2533 Abloppido
406 2500 493 2520 autem
506 2493 604 2521 declini
626 2494 740 2528 Fastigio
755 2493 881 2528 vergebat
894 2495 923 2520 in
936 2493 1132 2527 longitudinem

91 2528 208 2562 passuum
222 2528 328 2555 circiter
342 2527 606 2564 quadringentorum.
642 2531 722 2556 Locus
733 2529 959 2566 hodieficlegitur:
980 2529 1020 2555 Ab
1033 2529 1132 2563 oppido
1145 2539 1177 2571 63
1201 2531 1253 2555 Aut
1272 2528 1356 2555 dulcis
1374 2530 1453 2556 musti
1467 2530 1588 2556 Vulcano
1607 2529 1731 2562 decoquit
1751 2530 1909 2557 Humorem.

90 2568 179 2589 tamen
192 2563 301 2590 decliuis
314 2564 386 2591 locus
398 2566 472 2592 tenui
488 2565 601 2600 Fastigio
621 2565 747 2600 vergebat
760 2565 788 2591 in
808 2565 1001 2599 longitudinem
1017 2566 1132 2598 pail'uuin

91 2597 198 2625 circiter
217 2605 271 2625 eD.
320 2600 391 2626 Alibi
405 2607 500 2633 tamen,
526 2601 558 2627 de
571 2602 598 2627 B.
615 2602 646 2627 G.
661 2606 684 2633 8,
698 2610 728 2633 14
757 2600 791 2632 ad
801 2610 850 2626 rem
864 2598 987 2633 nostram,
1009 2600 1132 2626 Planities

92 2630 190 2658 declini
202 2633 317 2667 Fastigio
329 2634 432 2660 duobus
444 2635 476 2660 ab
491 2635 617 2662 lateribus
631 2636 809 2662 muniebatur.
889 2635 969 2661 Ouid.
983 2636 1047 2660 Met.
1067 2644 1087 2666 1,
1100 2643 1130 2666 39

92 2667 265 2702 Fluminaque
284 2667 401 2702 obliquis
415 2668 498 2694 cinxit
512 2669 625 2695 decliuia
642 2670 716 2703 ripis.
789 2669 862 2695 Idem
875 2671 940 2695 Met.
954 2678 989 2701 15,
1001 2677 1052 2702 227
1082 2670 1130 2695 La-

90 2701 165 2728 bitur
179 2702 303 2729 occiduae
316 2712 362 2737 per
375 2704 426 2729 iter
439 2702 542 2730 decline
554 2703 682 2730 [01106130.

90 2737 168 2763 Stella
200 2738 282 2764 Ouid.
296 2738 360 2765 Fast.
374 2747 396 2771 3,
410 2746 466 2773 793.
492 2739 622 2765 Procliuis
638 2739 710 2765 habet
722 2738 845 2771 Heinsius.

90 2772 156 2800 Fast.
170 2781 192 2805 3,
207 2781 238 2805 13.
309 2774 359 2800 Via
382 2773 421 2800 Id.
433 2774 497 2800 Met.
511 2780 538 2808 7,
551 2781 610 2807 410.
682 2773 748 2799 Plin.
761 2773 840 2806 Epist.
854 2778 877 2804 8,
891 2778 917 2802 18
947 2773 1018 2798 Nam
1031 2773 1129 2799 mulier

88 2808 219 2835 natalibus
237 2807 321 2841 clara,
339 2808 460 2835 moribus
482 2809 565 2843 proba
578 2829 587 2841 ,
605 2813 688 2835 aetate
708 2807 831 2838 decliuis,
858 2808 904 2833 diu
924 2807 1020 2842 vidua,
1045 2816 1129 2834 mater

88 2843 173 2876 olim,
193 2850 238 2870 etc.
274 2844 385 2879 Compar.
403 2844 481 2878 Vulg.
491 2846 539 2871 Int.
552 2843 634 2870 Iudic.
650 2852 687 2876 19,
700 2852 717 2877 9
735 2844 798 2869 Dics
812 2843 844 2869 ad
856 2843 976 2870 occasum
989 2842 1127 2870 decliuior.

913 2739 1029 2765 Trames
1055 2739 1128 2764 Idem

675 2172 742 2199 Gell.
757 2182 796 2207 14,
812 2182 822 2199 1
840 2173 1044 2207 Deuergentiam
1056 2180 1136 2200 vocat.
1156 2180 1184 2207 55
1195 2172 1277 2209 ficar,
1297 2180 1320 2199 et
1331 2174 1452 2209 coquendo
1465 2174 1594 2210 absumere.
1631 2176 1787 2210 Decoquere
1800 2178 1860 2203 vase
1878 2177 1999 2205 Scribon.
2012 2182 2052 2212 65.

1081 2353 1133 2377 Α11-
1157 2354 1192 2379 60
1201 2351 1339 2385 frigerare.

753 2705 816 2738 Iuga
842 2704 904 2730 Stat.
918 2704 1010 2730 Theb.
1026 2712 1048 2736 5.
1071 2724 1077 2730 .
1098 2724 1104 2730 .
1122 2723 1129 2730 .
1147 2717 1163 2744 7

1204 2030 1270 2059 flius
1278 2033 1402 2068 scribitur
1416 2033 1568 2060 decun&or.

1240 2074 1258 2093 D
1268 2075 1283 2093 E
1293 2074 1309 2094 C
1319 2074 1338 2094 ο
1351 2075 1371 2092 N
1382 2075 1400 2093 D
1409 2075 1428 2095 o
1437 2088 1446 2100 ,
1476 2071 1528 2095 ere.
1564 2069 1595 2094 In
1611 2067 1722 2095 alicuius
1734 2072 1863 2097 ventrem'
1873 2070 2016 2098 immensae
2035 2071 2138 2100 belluae
2151 2074 2247 2103 decon-

1204 2101 1251 2129 det
1268 2103 1325 2128 Sen.
1338 2102 1371 2128 ad
1385 2104 1466 2129 Marc.
1480 2112 1502 2130 c.
1520 2112 1556 2130 10.
1600 2104 1657 2130 Vid.
1672 2106 1719 2140 Lip
1733 2124 1740 2131 .

1187 2138 1189 2140 '
1239 2144 1283 2164 DE
1294 2143 1311 2164 c
1321 2136 1340 2164 ὀ
1349 2145 1442 2176 Qvo,
1462 2139 1500 2171 xi,
1523 2139 1606 2172 etum,
1625 2141 1679 2166 ere.
1715 2104 1849 2175 {medalu}
1878 2142 2012 2169 Paullatim
2024 2144 2159 2171 diminuere
2163 2145 2246 2183 figni-

2113 2181 2165 2207 Dec
2226 2183 2248 2205 ’-

1203 2214 1262 2241 tui‘,
1282 2218 1363 2244 vsque
1377 2208 1441 2235 dum
1457 2210 1548 2236 rufum
1560 2209 1781 2238 medicamentum
1793 2211 1838 2238 fiat
1857 2212 1930 2239 Idem
1945 2223 1994 2240 212.
2045 2241 2047 2243 ,
2064 2190 2246 2243 (1011οΧ0ςὲ

1202 2243 1375 2278 decoquitur,
1396 2244 1479 2271 donec
1490 2245 1596 2272 madida
1609 2245 1654 2272 fiat
1673 2252 1734 2280 248.
1790 2248 1945 2283 Decoquere
1958 2249 1991 2275 ad
2009 2249 2136 2277 sextarios
2152 2261 2185 2278 12.
2200 2262 2247 2280 111.

1201 2281 1276 2314 Aqua
1290 2280 1429 2307 decoctum
1441 2280 1538 2307 habens
1552 2281 1672 2314 thymum
1684 2287 1736 2312 182.
1807 2284 1874 2310 Plin.
1887 2293 1924 2318 31,
1937 2293 1950 2317 3
1965 2286 1983 2311 s.
1997 2294 2023 2317 23
2043 2286 2159 2313 Neronis
2172 2289 2246 2322 prin.

1200 2315 1266 2350 cipis
1279 2315 1418 2342 inuentum
1439 2316 1475 2342 est
1487 2315 1635 2351 decoquere
1643 2318 1741 2352 'aquam
1749 2337 1757 2350 ,
1782 2319 1908 2354 vitroque
1927 2319 2059 2347 demissam
2072 2322 2101 2348 in
2113 2323 2190 2350 niues
2203 2333 2244 2350 re-

1388 2351 1456 2378 Vnde
1474 2351 1623 2387 decoquere
1642 2353 1756 2380 mustum
1777 2354 1810 2381 ad
1829 2356 1919 2382 tertias
1939 2362 1964 2382 et
1977 2364 2081 2391 quartas
2111 2359 2242 2385 Columel.

1201 2395 1237 2418 12,
1251 2395 1291 2420 34.
1347 2387 1506 2422 Decoquunt
1518 2397 1601 2423 vsque
1614 2389 1643 2415 in
1656 2395 1775 2424 quartam
1789 2396 1889 2424 partem
1907 2391 1980 2418 Ideni
1994 2400 2032 2423 12,
2046 2401 2082 2423 12,
2090 2401 2114 2418 2.
2152 2394 2241 2428 Vsque

1200 2431 1254 2457 quo
1267 2421 1300 2448 ad
1313 2423 1419 2449 tertiam
1433 2429 1533 2457 partem
1548 2424 1684 2451 decoxeris
1703 2426 1780 2453 Varr.
1792 2426 1824 2452 R.
1839 2427 1870 2453 R.
1886 2435 1907 2458 1,
1921 2436 1944 2458 2,
1957 2428 1999 2452 26.
2062 2427 2243 2462 Decoquenda

1199 2459 1229 2484 in
1241 2457 1381 2485 dimidiam
1395 2465 1496 2493 partem
1510 2468 1576 2494 aqua
1591 2460 1698 2487 Colum.
1717 2469 1752 2492 12,
1771 2469 1817 2494 24,
1837 2470 1857 2486 1.
1904 2461 1972 2487 Add.
1986 2459 2051 2486 Plin.
2065 2470 2108 2493 20,
2121 2470 2149 2495 19
2162 2464 2180 2489 s.
2195 2472 2240 2499 77.

1200 2495 1267 2520 Hor.
1281 2493 1331 2520 Sat.
1344 2502 1371 2526 2,
1385 2503 1406 2527 1,
1420 2502 1450 2529 73
1487 2495 1577 2521 Donec
1614 2496 1815 2528 Decoqueretur
1834 2496 1901 2521 olus.
1959 2495 2034 2530 Virg.
2049 2497 2145 2532 Georg.
2158 2507 2177 2529 1,
2190 2507 2242 2532 295

1979 2531 2091 2567 Metaph.
2108 2533 2204 2561 Pallad.
2219 2544 2240 2568 1,

1199 2573 1240 2599 34,
1260 2572 1277 2599 7
1297 2565 1462 2598 Decoquitur
1474 2564 1613 2598 pastinatio
1627 2563 1756 2590 beneficio
1768 2564 1866 2599 algoris
1879 2569 1924 2591 aut
1937 2565 2014 2598 solis,
2033 2568 2098 2602 quod
2109 2570 2173 2595 alias
2186 2570 2240 2597 fer-

1197 2608 1315 2626 mentare
1334 2599 1436 2631 dicunt,
1461 2601 1480 2625 i.
1497 2598 1590 2625 mollem
1611 2605 1636 2625 et
1667 2600 1843 2626 uluerulentam
1854 2599 1918 2636 fieri
1934 2600 2045 2633 humum,
2064 2609 2087 2629 et
2101 2603 2240 2638 seminibus

1196 2635 1301 2660 molliter
1311 2634 1434 2669 fouendi:
1445 2640 1537 2669 aptam.
1589 2634 1630 2661 Au
1649 2637 1717 2662 actor
1737 2636 1873 2662 translatio
1886 2634 1928 2669 est.
1997 2638 2066 2664 Iram
2089 2639 2239 2675 decoquere

1198 2668 1291 2695 Claud.
1308 2670 1336 2695 in
1350 2670 1458 2703 Eutrop.
1472 2678 1495 2701 2,
1509 2677 1568 2702 349.
1612 2669 1686 2704 Conf.
1698 2669 1884 2697 Drakenborch.
1897 2671 1932 2697 ad
1942 2671 1987 2698 Sil.
2001 2681 2027 2706 2,
2039 2681 2095 2708 327.
2154 2677 2239 2703 Deco-

1165 2719 1183 2736 0
1197 2710 1282 2738 quunt
1296 2704 1359 2729 anni
1377 2704 1515 2730 materiam
1531 2703 1751 2731 abundantiorem
1779 2706 1910 2739 Quinctil.
1923 2715 1949 2740 2,
1964 2716 1991 2741 4.
2044 2709 2075 2735 Id
2088 2708 2135 2743 gli,
2155 2713 2237 2738 Dimi-

1196 2745 1289 2769 nuunt,
1307 2740 1412 2770 limant,
1429 2746 1557 2772 atterunt,
1574 2747 1598 2765 rt
1609 2739 1677 2776 quast
1689 2747 1836 2777 expurgant.
2073 2754 2086 2771 2
2123 2747 2238 2774 Sollemnt'

1194 2774 1336 2808 metaphora
1349 2773 1382 2800 ad
1392 2784 1442 2801 rem
1449 2778 1620 2810 pecuniariam
1634 2777 1808 2812 transfertur:
1863 2777 1994 2805 Columel.
2014 2787 2044 2812 11,
2065 2789 2085 2813 1,
2104 2787 2132 2812 28
2165 2783 2236 2810 Nam

1195 2809 1318 2843 quamuis
1334 2809 1468 2837 interdum
1489 2809 1656 2837 emendatum
1674 2811 1704 2838 sit
1717 2821 1852 2847 perperam
1866 2813 1966 2840 facium
1984 2815 2026 2841 vel
2047 2815 2236 2850 imprudentia,

1194 2844 1238 2871 vel
1251 2845 1427 2879 negligentia,
1450 2855 1491 2873 res
1504 2852 1592 2873 tamen
1604 2847 1659 2881 ipsa
1671 2847 1724 2874 iam
1738 2847 1849 2875 domino
1862 2848 1976 2876 decoxit.
2012 2851 2140 2884 Detexit,
2160 2853 2189 2879 ld
2200 2852 2235 2887 cst

125 2885 144 2905 D
153 2886 170 2906 Ε
180 2885 197 2906 c
209 2887 224 2905 L
234 2880 247 2906 ἶ
256 2877 298 2906 Vi‘
307 2886 358 2906 TA
367 2885 391 2911 S,
404 2879 460 2905 sitis.
474 2880 493 2906 f.
515 2880 529 2913 [
536 2879 563 2906 τό
576 2880 677 2914 πρανὲς]
716 2879 773 2919 Ipfiz
785 2880 933 2917 inclinatio,
963 2879 1036 2905 Caes.
1051 2880 1077 2905 B.
1095 2880 1126 2906 G.
1148 2884 1181 2912 73
1188 2880 1296 2917 frugum
1302 2882 1432 2916 ΙῙοεΐιινιιιη
1445 2881 1592 2918 quafifenus
1606 2882 1711 2909 debitum
1725 2893 1773 2909 non
1785 2884 1913 2914 reddidit;
1928 2892 1977 2920 pro
1989 2887 2087 2922 eoquod
2096 2892 2182 2924 augeri
2194 2890 2234 2915 de-

88 2922 120 2950 7,
140 2920 168 2948 85
187 2915 317 2950 Exiguum
337 2915 390 2942 loci
409 2915 442 2942 ad
456 2915 636 2942 decliuitatcm
652 2914 804 2949 fastigium,
832 2923 956 2949 magnum
973 2914 1053 2942 habet
1070 2924 1127 2942 mo-

115 2959 176 2976 enll
207 2971 213 2978 G

86 2956 354 3019 ¹¹¹DtEglOCTVS,
373 2992 636 3018 DECOCTVRA,
656 2991 878 3018 DECOCTOR,
893 2985 948 3012 vid.
966 2992 1045 3013 DECO
1072 2992 1125 3013 VO.

123 3027 142 3048 D
151 3028 167 3048 E
177 3027 194 3048 C
204 3029 223 3048 Ο
232 3029 248 3048 L
258 3028 277 3047 1.-
285 3028 304 3049 Ο
312 3042 321 3054 ,
354 3026 406 3048 are.
444 3021 635 3057 [ἔκτροεχηλῖζω
643 3042 651 3054 ,
675 3020 880 3056 οἷποτροιχηλίζω]
920 3023 958 3048 De
977 3022 1036 3048 collo
1074 3030 1126 3057 cpo-

87 3066 151 3084 nere.
188 3057 335 3090 Caecilius,
362 3057 583 3089 Noionicafione,
606 3057 709 3090 HabeS,
734 3057 811 3089 vide,
837 3056 889 3083 tibi
904 3056 1017 3083 tradidi:
1036 3057 1064 3083 in
1078 3064 1125 3084 tuo
1140 3065 1173 3090 80
1191 3067 1310 3093 prooem.
1332 3068 1351 3091 1,
1372 3064 1394 3089 8.

89 3092 157 3119 00110
178 3092 228 3125 est,
254 3092 365 3119 decolles
379 3102 442 3120 03110
471 3094 578 3120 Nonius
590 3102 617 3126 2,
630 3101 689 3120 222.
928 3102 941 3119 2
958 3124 959 3127 Ἰ
976 3093 1125 3126 Decollare,

87 3128 166 3162 Caput
178 3130 257 3154 alicui
269 3128 369 3164 auferre
375 3149 384 3162 ,
403 3129 493 3156 Collum
504 3136 630 3156 trmzcare.
666 3127 807 3155 Diomedes
820 3137 830 3155 1
844 3137 869 3163 p.
882 3130 926 3161 361
946 3128 1032 3156 laudat
1045 3130 1126 3156 Fenc-

89 3161 186 3190 stellam
201 3164 228 3190 in
241 3163 288 3190 lib.
301 3164 480 3199 Epitomatum
498 3163 627 3197 secundo,
647 3163 868 3198 quemadmodum
885 3164 980 3191 Caesar
999 3174 1013 3191 a
1032 3165 1124 3199 piratis

90 3204 173 3231 captus
186 3198 231 3232 sit,
257 3205 339 3234 vtque
353 3208 397 3226 eos
410 3200 498 3234 postea
511 3201 623 3235 ceperit,
639 3207 664 3226 01
678 3199 859 3226 decollauerit.
914 3199 998 3226 Addit
1017 3201 1124 3232 Veteres

91 3237 174 3259 autem
186 3235 268 3261 securi
282 3236 366 3262 caesos
380 3235 509 3262 dicebant.

90 3266 161 3306 laudi
173 3270 265 3296 artifex
284 3271 484 3305 quibuscunque
504 3280 518 3298 e
538 3270 656 3297 custodia
675 3270 758 3306 capita
779 3271 939 3305 amputabat.
1010 3271 1124 3298 Facilius

90 3310 119 3328 in
132 3301 258 3332 honorem
277 3307 333 3333 eius
352 3306 568 3341 decollas,quani
588 3306 689 3333 iudicas
719 3307 777 3333 Sen.
791 3307 883 3332 Contr.
901 3316 930 3340 4,
942 3313 981 3340 25.
1053 3307 1122 3334 Add.

90 3337 175 3364 Burm·
188 3338 220 3363 ad
231 3341 333 3368 Petron.
348 3351 371 3368 c.
384 3350 407 3374 51
421 3351 445 3376 p.
460 3350 516 3375 252.
680 3340 700 3379 q
723 3351 735 3374 3
772 3342 909 3368 Decollare
930 3342 1122 3377 [καταλείπειν]

88 3380 138 3407 pro
152 3372 294 3403 Destituere
305 3383 331 3404 01
343 3377 473 3410 frustrari,
487 3378 540 3403 flue
553 3377 681 3411 decipere,
700 3384 730 3404 vt
742 3379 798 3403 vult
811 3377 953 3404 Diomedes
966 3379 983 3404 I.
997 3388 1019 3404 c.
1040 3378 1121 3405 Plaut.

1192 2915 1277 2946 bebat‚
1297 2919 1392 2943 minuta
1404 2915 1453 2951 ost,
1472 2925 1502 2944 vt
1515 2927 1578 2954 aqua
1590 2920 1630 2945 vel
1640 2921 1774 2955 quicunque
1787 2920 1886 2952 humor,
1906 2920 1962 2947 dum
1973 2925 2094 2956 coquitur.
2130 2926 2161 2950 In
2175 2926 2233 2951 tali-

1191 2951 1237 2978 hus
1249 2952 1395 2987 decoquere
1408 2951 1596 2990 i'ntranfitiues
1617 2956 1764 2981 neutraliter
1776 2954 1878 2982 dicitur.
1913 2956 1979 2982 Add.
1993 2957 2100 2984 Colum.
2122 2967 2142 2991 1,
2156 2964 2179 2992 8,
2194 2969 2232 2993 14.

1192 2987 1259 3013 Plin.
1280 2996 1315 3018 21,
1336 2990 1352 3014 6
1371 2988 1389 3014 s.
1409 2995 1438 3023 17
1473 2989 1549 3015 Areis
1570 2989 1796 3024 decoquentibus,
1826 2994 1844 3017 i.
1870 2990 2001 3026 depositum
2028 3002 2076 3019 non
2108 2995 2231 3021 reddenti-

1191 3023 1244 3049 bus.
1280 3023 1378 3049 Inertia
1387 3024 1525 3051 Caesarum
1538 3025 1607 3059 quasi
1624 3026 1759 3052 consenuit
1772 3033 1850 3061 atque
1862 3025 1969 3053 decoxit
1981 3028 2140 3063 (imperium)
2159 3031 2229 3056 Flor-

1467 3060 1647 3095 Templorum
1660 3061 1800 3095 vefflgalia
1813 3061 1934 3096 quotidie
1945 3063 2096 3097 decoquunt
2110 3065 2228 3091 Tertull.

1191 3093 1250 3120 adu.
1266 3095 1343 3120 Gent.
1358 3103 1379 3121 c.
1392 3103 1434 3129 42.
1470 3097 1574 3131 Proprie
1587 3096 1697 3132 quidem,
1707 3097 1756 3132 sed
1766 3103 1861 3128 tamen,
1879 3103 1907 3123 vt
1919 3099 2120 3133 metaphoricam,
2140 3103 2166 3124 in
2180 3109 2229 3135 qua

1191 3130 1334 3166 versamur,
1359 3134 1481 3157 rationem
1500 3130 1612 3164 illustret.
1682 3133 1741 3158 Liu.
1760 3141 1800 3166 32,
1820 3141 1833 3159 2
1865 3132 2090 3168 Carthaginienses
2108 3143 2140 3160 eo
2158 3143 2228 3161 anno

1190 3171 1328 3200 argentum
1347 3166 1376 3192 in
1388 3165 1547 3200 stipendium
1562 3167 1712 3201 impolitum
1732 3169 1847 3202 primum
1866 3169 1977 3195 Romani
1996 3168 2171 3201 aduexei·unt;
2198 3171 2227 3197 id

1191 3201 1254 3236 quia
1274 3200 1389 3236 probum
1408 3211 1462 3228 uon
1481 3203 1529 3229 else
1544 3203 1700 3236 Qiacssores
1719 3204 1952 3236 renuntiauerunt,
1979 3205 2228 3240 experientibusque

580 3236 687 3263 Sueton.
708 3235 735 3261 in
748 3235 831 3269 Calig.
850 3244 871 3261 0.
884 3243 913 3267 32
944 3236 1023 3262 Miles
1036 3235 1122 3262 decol-
1144 3241 1173 3271 85
1189 3245 1247 3271 pars
1259 3242 1351 3272 quarta
1365 3236 1473 3264 (100οᾶ13
1486 3244 1555 3269 erat,
1574 3239 1684 3273 pecunia
1702 3239 1802 3265 Romae
1830 3246 1920 3265 mutua
1943 3240 2023 3265 sumta
2048 3240 2227 3268 intertrimen-

1188 3278 1246 3299 tum
1259 3273 1360 3307 argenti
1374 3273 1570 3308 suppleuerunt.
1641 3275 1710 3300 Hinc
1727 3275 1882 3309 Decoquere
1903 3273 2092 3306 creditoribus,
2124 3276 2164 3309 Est
2184 3287 2227 3304 vo-

1188 3315 1244 3334 rato
1260 3311 1411 3343 ffurimonio
1428 3308 1593 3335 creditoribus
1603 3308 1680 3343 fidem
1692 3309 1800 3344 fallere,
1820 3317 1863 3336 aut
1880 3309 2105 3345 ce¹rtefidenijuam
2113 3318 2160 3346 per
2172 3316 2226 3339 ino-

1182 3346 1255 3380 piam
1270 3353 1318 3370 non
1332 3344 1445 3370 liberare.
1481 3344 1546 3371 Plin.
1560 3353 1597 3376 33,
1610 3353 1638 3370 10
1655 3345 1743 3371 Postea
1758 3344 1854 3371 diuites
1868 3345 2061 3379 cognominati,
2076 3345 2224 3375 dummodo

1188 3385 1281 3405 notum
1294 3379 1340 3411 sit,
1358 3388 1434 3411 011111,
1449 3380 1497 3414 qui
1511 3380 1612 3414 primus
1627 3381 1726 3414 accepit
1745 3380 1795 3407 hoc
1814 3389 1925 3411 nomen,
1946 3379 2072 3407 decoxisse
2086 3383 2225 3410 creditori-

90 3409 164 3442 Cflpt·
178 3417 200 3440 32
215 3417 235 3440 Ι,
247 3411 276 3440 36
308 3412 386 3439 Nunc
399 3413 445 3440 ibo
463 3412 495 3439 ad
507 3418 613 3447 portum
628 3413 704 3440 hinc:
730 3413 834 3439 estillic
847 3413 916 3439 mihi
928 3422 981 3440 vna
994 3414 1048 3448 spes
1063 3423 1122 3440 coe·
1145 3414 1236 3452 90bus
1253 3414 1313 3441 suis.
1333 3415 1362 3440 dc
1375 3413 1457 3448 Craffo
1476 3417 1589 3451 loquens,
1607 3419 1649 3451 qui
1661 3417 1738 3441 Diues
1751 3422 1905 3452 cognomento
1919 3413 2003 3441 ditius
2016 3415 2064 3448 ‘sti
2089 3421 2160 3444 cuius
2177 3428 2224 3445 me·

89 3444 188 3470 natica:
222 3443 249 3469 Si
261 3452 290 3470 ea
301 3446 456 3481 decollabit,
475 3448 571 3476 redibo
582 3447 633 3474 hue
646 3449 678 3475 ad
690 3457 800 3475 coenam
812 3449 937 3483 asperam.
978 3449 1063 3475 Lucil.
1071 3449 1087 3475 l.
1096 3458 1121 3476 12

88 3478 155 3513 apud
170 3478 308 3505 Diomedem
324 3482 340 3507 1.
351 3493 373 3509 c.
392 3484 497 3517 Qiibus
511 3484 643 3510 fructibus
655 3494 698 3511 me
716 3483 853 3510 decollaui.
913 3484 940 3511 Si
958 3484 1015 3510 fors
1033 3485 1121 3511 decol-

89 3514 158 3540 lasset
186 3514 267 3540 Plaut-
280 3514 336 3541 Cas-
349 3525 374 3548 2,
386 3529 414 3552 4,
427 3525 462 3551 38.
516 3519 590 3555 ,Quod
606 3520 693 3546 Varro
712 3520 849 3546 Decollare
869 3519 950 3551 dixit,
973 3520 1121 3547 Columella

88 3549 187 3575 eandem
199 3559 250 3576 rem
262 3548 375 3577 tractans
383 3572 391 3584 ,
409 3555 498 3581 Deeffe
504 3554 621 3595 scrip-fit..
654 3556 782 3582 Varronis
796 3554 870 3581 verba
881 3555 938 3582 hacc
944 3555 1022 3590 sunt,
1040 3555 1073 3582 de
1088 3556 1120 3582 R.

1187 3452 1263 3476 minit
1281 3450 1402 3476 Valerius
1413 3453 1439 3483 6,
1450 3459 1476 3477 2.
1545 3452 1698 3485 Decoquere
1711 3450 1795 3477 bonae
1808 3450 1871 3483 spei,
1885 3457 1935 3485 pro
1957 3451 2049 3477 Bonam
2055 3452 2123 3488 spem
2130 3454 2223 3489 fallere

1188 3486 1245 3512 Sen.
1259 3485 1337 3520 Epist.
1352 3488 1390 3518 36.
1462 3487 1618 3521 Decoquere
1632 3486 1762 3519 publicam
1780 3485 1887 3511 salutem
1917 3485 1982 3513 Plin.
1994 3495 2030 3519 31,
2045 3497 2065 3519 3,
2081 3496 2120 3520 25.
2176 3490 2224 3517 Sed

1188 3521 1271 3547 Hard.
1285 3530 1313 3547 ex
1327 3522 1402 3548 MSS.
1422 3523 1579 3556 Qanquam
1592 3522 1729 3556 Vtriusque
1747 3523 1863 3554 (aquae)
1886 3521 1938 3547 iam
1953 3522 2054 3556 pridem
2068 3524 2129 3549 vrbi
2141 3525 2222 3559 periit

1186 3556 1324 3591 voluptas,
1345 3556 1492 3583 ambitione
1506 3557 1671 3591 auaritiaque
1690 3557 1717 3582 in
1733 3555 1809 3582 villas
1823 3562 1849 3582 et
1870 3556 2024 3583 Suburbaua
2041 3558 2222 3594 detorquenti-

88 3586 120 3612 R-
136 3593 156 3617 1,
170 3593 196 3617 Ζ,
208 3590 221 3614 8
240 3584 269 3611 de
280 3585 375 3611 vitibus
384 3589 501 3623 loquentis
510 3601 517 3615 .-
537 3591 598 3616 Duo
613 3599 642 3616 in
656 3590 750 3625 primis
761 3590 881 3625 speclaffe
895 3590 1020 3617 videntur
1033 3591 1120 3618 Italici
1137 3601 1170 3627 95
1185 3591 1234 3618 bus
1248 3591 1381 3626 publicam
1393 3592 1519 3619 Salutem:
1539 3593 1568 3618 de
1581 3593 1685 3626 his‚qui
1695 3600 1771 3626 aquas
1778 3591 1891 3631 publicas
1903 3599 2032 3629 erogarent
2044 3600 2068 3619 et
2080 3594 2223 3623 deriuarenc

88 3619 209 3647 homines
227 3620 255 3646 in
266 3620 393 3653 colende,
412 3625 539 3656 poss'entne
552 3625 653 3652 fruetus
671 3635 720 3661 pro
733 3627 850 3661 impensa
869 3635 897 3652 ac
913 3626 1004 3652 labore
1018 3627 1119 3653 redire:

87 3662 114 3683 et
130 3662 219 3696 vti-uin
232 3655 335 3696 saluber
347 3657 420 3695 locus
432 3660 498 3692 effer,
515 3669 548 3687 an
561 3670 624 3688 non.
660 3663 784 3696 Qiorum
797 3661 815 3688 fi
827 3661 984 3688 alterutrum
997 3660 1119 3694 decollat,

86 3697 112 3718 et
123 3691 300 3718 nihilominus
317 3701 376 3726 quis
396 3692 454 3719 vult
467 3695 566 3728 colere,
586 3702 674 3724 mente
694 3697 730 3724 est
747 3704 852 3732 captus,
872 3704 951 3732 atque
969 3696 1001 3723 ad
1013 3704 1119 3731 agnatos

85 3732 112 3753 et
124 3726 234 3761 gentiles
247 3726 283 3753 est
297 3725 468 3754 deducendus.
518 3731 665 3759 Columella
677 3740 756 3758 autem
768 3734 826 3760 haec
841 3741 862 3764 1,
876 3741 899 3765 3,
914 3741 923 3758 1
942 3733 1049 3759 Porcius
1062 3734 1120 3768 qui-

1186 3627 1283 3663 insuas
1294 3627 1376 3653 villas.
1431 3628 1576 3654 Decofihim
1587 3633 1723 3660 argentum
1742 3626 1797 3652 Cic.
1810 3635 1838 3653 111
1850 3627 1936 3654 Pison.
1952 3631 1990 3655 61.
2012 3630 2061 3655 Pro
2070 3634 2177 3664 pecunia
2194 3635 2221 3657 in

1186 3663 1271 3689 luxum
1290 3669 1314 3688 et
1325 3672 1427 3698 ganeam
1441 3663 1565 3699 absumta,
1578 3663 1662 3697 pofitit
1673 3661 1714 3687 his
1725 3662 1808 3688 verbis
1819 3663 1977 3697 scommatice
1994 3670 2019 3689 et
2032 3666 2179 3692 mordaciter
2192 3670 2220 3692 in

1185 3698 1297 3734 Ptfhnem
1312 3697 1405 3730 asciis,
1424 3700 1463 3725 Ita
1481 3699 1552 3724 enim
1564 3698 1621 3723 sunt
1632 3696 1747 3723 rationes
1759 3698 1918 3732 perscriptae
1937 3699 1999 3725 scite
2011 3704 2037 3725 et
2050 3700 2170 3734 literate,
2191 3707 2220 3728 vt

1154 3747 1156 3755 2
1186 3733 1272 3760 scriba
1287 3733 1318 3759 ad
1332 3734 1477 3765 aerarium,
1496 3733 1541 3767 qui
1554 3741 1595 3758 eas
1608 3731 1716 3764 retulit,
1735 3733 1885 3767 perscriptis
1903 3734 2052 3760 rationibus
2066 3736 2151 3762 secum
2165 3738 2219 3771 ipse

87 3761 148 3789 dem
166 3763 233 3788 Cato
246 3762 366 3789 censebat
384 3763 410 3788 in
425 3762 551 3797 emendo,
572 3767 788 3803 inspiciendoque
807 3777 885 3802 agro,
905 3768 1045 3802 praecipue
1064 3770 1117 3795 duo
1130 3777 1177 3796 100
1186 3775 1263 3803 caput
1276 3769 1374 3795 tinistra
1386 3777 1463 3795 manu
1477 3768 1620 3801 perfricans
1634 3776 1872 3795 commurmuratus
1889 3769 1933 3801 fit,
1951 3770 2029 3796 Ratio
2042 3770 2148 3804 quidem
2162 3772 2220 3798 her-

87 3798 134 3823 esse
146 3796 345 3830 consideranda,
361 3798 539 3825 salubritatem
552 3802 627 3834 caeli,
643 3804 668 3830 et
682 3803 836 3833 vbertatem‚
850 3803 991 3838 qiiorurnsi
1006 3803 1119 3832 alterum

87 3831 194 3865 deeffet‚
211 3842 239 3860 ac
254 3832 430 3860 nihilominus
445 3834 503 3868 quis
522 3834 601 3862 vellet
614 3837 744 3870 incolere,
767 3845 855 3865 mente
876 3839 924 3865 else
944 3847 1064 3873 captum,
1082 3846 1118 3866 at-

85 3875 137 3901 que
150 3876 210 3894 eum
222 3867 255 3894 ad
267 3875 374 3903 agnatos
393 3876 418 3896 et
430 3870 536 3904 gentiles
551 3869 736 3900 deducendum.
796 3874 853 3901 Vid.
873 3875 980 3901 Turncb.
993 3875 1060 3901 Adu.
1074 3884 1118 3908 29,

84 3910 124 3929 22.
160 3903 300 3940 Caffiub.ad
308 3904 468 3940 Theophrast.
483 3904 600 3931 Characl.
611 3907 673 3942 ἣ1ιέρῖ
685 3909 776 3944 dream.
796 3917 860 3936 extr.
902 3911 1117 3946 Vrsin.ObJ2ph1·-

82 3939 125 3966 lol.
140 3947 161 3965 c·
174 3948 190 3974 9
198 3946 226 3975 p.
240 3949 293 3974 14⁰·
329 3941 380 3976 Qu·
399 3947 487 3969 cwzera
500 3942 681 3971 Gronouianum
693 3944 792 3973 Decolo
805 3945 930 3982 dispiciat,
949 3952 973 3972 et
983 3945 1117 3983 ptulLSca-
1130 3951 1174 3978 105
1181 3945 1287 3981 habitus,
1300 3946 1407 3973 hominis
1419 3944 1530 3982 profiaefi,
1542 3939 1572 3972 de
1589 3947 1692 3983 reliquis
1705 3948 1829 3973 rationum
1844 3946 1949 3981 suarum
1966 3948 2046 3972 anxii.

1850 3803 1923 3837 [dest

1185 3805 1225 3831 cle
1238 3810 1360 3839 apparet,
1379 3809 1514 3838 argentum
1532 3801 1686 3835 110οο6111111,
1706 3806 1807 3837 οἴχεται.
1931 3824 1937 3835 ,
1957 3807 2051 3840 reliqua
2064 3816 2110 3831 num
2125 3815 2218 3841 compa-

1184 3847 1255 3872 rent,
1273 3850 1322 3865 non
1340 3846 1434 3865 extant.
1497 3839 1575 3865 Verba
1593 3846 1672 3865 autem
1684 3838 1746 3874 sunt
1760 3839 1845 3866 Plauti
1866 3849 1897 3866 ex
1916 3840 2053 3866 Trinumo
2070 3844 2080 3872 (
2093 3850 2117 3873 2,
2131 3845 2217 3876 4,17)

1183 3884 1198 3901 a
1210 3875 1340 3901 Cicerone
1353 3877 1378 3900 in
1391 3876 1523 3900 orationem
1529 3875 1601 3910 Juam
1614 3876 1756 3903 translata‚-
1774 3883 1833 3910 quae
1846 3882 1925 3901 tamen
1939 3879 1966 3901 in
1985 3876 2094 3901 omnibur
2113 3877 2220 3903 Cicero-

1832 3911 1881 3936 His
1899 3914 1962 3936 enim
1978 3910 2061 3936 verbis
2073 3911 2220 3947 distribztur

2100 3947 2221 3974 Budaeus.

2160 3985 2223 4011 Alie

1183 3910 1224 3936 nis
1238 3909 1412 3944 exemplaribus
1434 3909 1628 3944 deprauatiffime
1646 3911 1769 3945 leguntur.

1376 3979 1439 4006 Da.
