<?xml version="1.0" encoding="UTF-8"?>
<!DOCTYPE html PUBLIC "-//W3C//DTD XHTML 1.0 Transitional//EN"
    "http://www.w3.org/TR/xhtml1/DTD/xhtml1-transitional.dtd">
<html xmlns="http://www.w3.org/1999/xhtml" xml:lang="en" lang="en">
 <head>
  <title>
</title>
<meta http-equiv="Content-Type" content="text/html;charset=utf-8" />
  <meta name='ocr-system' content='tesseract 3.04.00' />
  <meta name='ocr-capabilities' content='ocr_page ocr_carea ocr_par ocr_line ocrx_word'/>
</head>
<body>
  <div class='ocr_page' id='page_1' title='image "./novuslinguaeeter02gesn_0490.png"; bbox 0 0 2479 4225; ppageno 0'>
   <div class='ocr_carea' id='block_1_1' title="bbox 2361 0 2427 29">
    <p class='ocr_par' dir='ltr' id='par_1_1' title="bbox 2361 0 2427 29">
     <span class='ocr_line' id='line_1_1' title="bbox 2361 0 2427 29; baseline -0.045 0"><span class='ocrx_word' id='word_1_1' title='bbox 2361 0 2371 4; x_wconf 73' lang='grc'><em>“</em></span> <span class='ocrx_word' id='word_1_2' title='bbox 2385 0 2427 29; x_wconf 55' lang='lat' dir='ltr'>W</span> 
     </span>
    </p>
   </div>
   <div class='ocr_carea' id='block_1_2' title="bbox 261 124 2465 209">
    <p class='ocr_par' dir='ltr' id='par_1_2' title="bbox 261 122 2465 209">
     <span class='ocr_line' id='line_1_2' title="bbox 261 124 2465 209; baseline -0.012 -13"><span class='ocrx_word' id='word_1_3' title='bbox 261 171 324 209; x_wconf 81' lang='lat'>951</span> <span class='ocrx_word' id='word_1_4' title='bbox 660 134 677 189; x_wconf 93' lang='lat' dir='ltr'>I</span> <span class='ocrx_word' id='word_1_5' title='bbox 762 150 802 190; x_wconf 85' lang='lat' dir='ltr'>A</span> <span class='ocrx_word' id='word_1_6' title='bbox 884 144 928 183; x_wconf 90' lang='lat' dir='ltr'>N</span> <span class='ocrx_word' id='word_1_7' title='bbox 1767 124 1813 177; x_wconf 47' lang='lat' dir='ltr'>Is</span> <span class='ocrx_word' id='word_1_8' title='bbox 1863 138 1911 178; x_wconf 72' lang='lat' dir='ltr'>‘A</span> <span class='ocrx_word' id='word_1_9' title='bbox 1997 140 2025 180; x_wconf 93' lang='lat' dir='ltr'>P</span> <span class='ocrx_word' id='word_1_10' title='bbox 2342 137 2465 202; x_wconf 46' lang='lat'>932</span> 
     </span>
    </p>
   </div>
   <div class='ocr_carea' id='block_1_3' title="bbox 2374 160 2479 4016">
    <p class='ocr_par' dir='ltr' id='par_1_3' title="bbox 2374 160 2479 4016">
     <span class='ocr_line' id='line_1_3' title="bbox 2434 160 2479 317; baseline 0 0"><span class='ocrx_word' id='word_1_11' title='bbox 2434 160 2437 317; x_wconf 95' lang='lat' dir='ltr'>  </span> <span class='ocrx_word' id='word_1_12' title='bbox 2460 160 2479 317; x_wconf 95' lang='lat' dir='ltr'>  </span> 
     </span>
     <span class='ocr_line' id='line_1_4' title="bbox 2434 317 2479 388; baseline 0 -14"><span class='ocrx_word' id='word_1_13' title='bbox 2434 317 2479 388; x_wconf 95' lang='lat' dir='ltr'>   </span> 
     </span>
     <span class='ocr_line' id='line_1_5' title="bbox 2434 388 2479 449; baseline 0 3776"><span class='ocrx_word' id='word_1_14' title='bbox 2434 388 2479 449; x_wconf 95' lang='lat' dir='ltr'> </span> 
     </span>
     <span class='ocr_line' id='line_1_6' title="bbox 2387 449 2478 610; baseline 0 -47"><span class='ocrx_word' id='word_1_15' title='bbox 2387 449 2478 610; x_wconf 95' lang='lat' dir='ltr'>    </span> 
     </span>
     <span class='ocr_line' id='line_1_7' title="bbox 2374 610 2474 709; baseline 0 -34"><span class='ocrx_word' id='word_1_16' title='bbox 2374 610 2474 709; x_wconf 95' lang='lat' dir='ltr'>   </span> 
     </span>
     <span class='ocr_line' id='line_1_8' title="bbox 2380 709 2478 842; baseline 0 -96"><span class='ocrx_word' id='word_1_17' title='bbox 2380 709 2478 842; x_wconf 95' lang='lat' dir='ltr'>     </span> 
     </span>
     <span class='ocr_line' id='line_1_9' title="bbox 2392 853 2478 1028; baseline 0 -73"><span class='ocrx_word' id='word_1_18' title='bbox 2392 853 2478 1028; x_wconf 95' lang='lat' dir='ltr'>    </span> 
     </span>
     <span class='ocr_line' id='line_1_10' title="bbox 2438 1031 2479 1174; baseline 0 -112"><span class='ocrx_word' id='word_1_19' title='bbox 2438 1031 2479 1174; x_wconf 95' lang='lat' dir='ltr'>     </span> 
     </span>
     <span class='ocr_line' id='line_1_11' title="bbox 2443 1174 2479 1272; baseline 0 -22"><span class='ocrx_word' id='word_1_20' title='bbox 2443 1174 2479 1272; x_wconf 95' lang='lat' dir='ltr'>   </span> 
     </span>
     <span class='ocr_line' id='line_1_12' title="bbox 2444 1482 2479 1635; baseline 0 -132"><span class='ocrx_word' id='word_1_21' title='bbox 2444 1482 2479 1635; x_wconf 95' lang='lat' dir='ltr'>    </span> 
     </span>
     <span class='ocr_line' id='line_1_13' title="bbox 2391 1635 2479 1770; baseline 0 -31"><span class='ocrx_word' id='word_1_22' title='bbox 2391 1635 2479 1770; x_wconf 95' lang='lat' dir='ltr'>    </span> 
     </span>
     <span class='ocr_line' id='line_1_14' title="bbox 2396 1770 2479 1915; baseline 0 0"><span class='ocrx_word' id='word_1_23' title='bbox 2396 1770 2479 1915; x_wconf 95' lang='lat' dir='ltr'>    </span> 
     </span>
     <span class='ocr_line' id='line_1_15' title="bbox 2400 1921 2479 2051; baseline 0 0"><span class='ocrx_word' id='word_1_24' title='bbox 2400 1921 2479 2051; x_wconf 95' lang='lat' dir='ltr'>    </span> 
     </span>
     <span class='ocr_line' id='line_1_16' title="bbox 2429 2051 2479 2140; baseline 0 0"><span class='ocrx_word' id='word_1_25' title='bbox 2429 2051 2479 2140; x_wconf 95' lang='lat' dir='ltr'>    </span> 
     </span>
     <span class='ocr_line' id='line_1_17' title="bbox 2441 2140 2479 2242; baseline 0 0"><span class='ocrx_word' id='word_1_26' title='bbox 2441 2140 2479 2242; x_wconf 95' lang='lat' dir='ltr'>  </span> 
     </span>
     <span class='ocr_line' id='line_1_18' title="bbox 2455 2242 2479 2271; baseline 0 1954"><span class='ocrx_word' id='word_1_27' title='bbox 2455 2242 2479 2271; x_wconf 95' lang='lat' dir='ltr'> </span> 
     </span>
     <span class='ocr_line' id='line_1_19' title="bbox 2455 2271 2479 2487; baseline 0 -76"><span class='ocrx_word' id='word_1_28' title='bbox 2455 2271 2479 2487; x_wconf 95' lang='lat' dir='ltr'>     </span> 
     </span>
     <span class='ocr_line' id='line_1_20' title="bbox 2455 2487 2479 2663; baseline 0 -75"><span class='ocrx_word' id='word_1_29' title='bbox 2455 2487 2479 2663; x_wconf 95' lang='lat' dir='ltr'>     </span> 
     </span>
     <span class='ocr_line' id='line_1_21' title="bbox 2417 2663 2479 2774; baseline 0 -99"><span class='ocrx_word' id='word_1_30' title='bbox 2417 2663 2479 2774; x_wconf 95' lang='lat' dir='ltr'>    </span> 
     </span>
     <span class='ocr_line' id='line_1_22' title="bbox 2401 2774 2479 2945; baseline 0 -108"><span class='ocrx_word' id='word_1_31' title='bbox 2401 2774 2479 2945; x_wconf 95' lang='lat' dir='ltr'>    </span> 
     </span>
     <span class='ocr_line' id='line_1_23' title="bbox 2433 3050 2479 3089; baseline 0 1136"><span class='ocrx_word' id='word_1_32' title='bbox 2433 3050 2479 3089; x_wconf 95' lang='lat' dir='ltr'> </span> 
     </span>
     <span class='ocr_line' id='line_1_24' title="bbox 2449 3089 2479 3226; baseline 0 -99"><span class='ocrx_word' id='word_1_33' title='bbox 2449 3089 2479 3226; x_wconf 95' lang='lat' dir='ltr'>     </span> 
     </span>
     <span class='ocr_line' id='line_1_25' title="bbox 2457 3226 2479 4016; baseline 0 0"><span class='ocrx_word' id='word_1_34' title='bbox 2457 3226 2479 4016; x_wconf 95' lang='lat' dir='ltr'>    </span> 
     </span>
    </p>
   </div>
   <div class='ocr_carea' id='block_1_4' title="bbox 265 227 2460 448">
    <p class='ocr_par' dir='ltr' id='par_1_4' title="bbox 265 218 2466 448">
     <span class='ocr_line' id='line_1_26' title="bbox 300 227 2410 271; baseline -0.02 -1"><span class='ocrx_word' id='word_1_35' title='bbox 300 247 476 271; x_wconf 65' lang='lat' dir='ltr'>lamron</span> <span class='ocrx_word' id='word_1_36' title='bbox 528 244 738 268; x_wconf 63' lang='lat' dir='ltr'>mum-mx,</span> <span class='ocrx_word' id='word_1_37' title='bbox 772 235 825 262; x_wconf 83' lang='lat' dir='ltr'>vid.</span> <span class='ocrx_word' id='word_1_38' title='bbox 855 239 896 260; x_wconf 86' lang='lat' dir='ltr'>1A</span> <span class='ocrx_word' id='word_1_39' title='bbox 908 237 1003 258; x_wconf 84' lang='grc' dir='ltr'>ΝνΛ.</span> <span class='ocrx_word' id='word_1_40' title='bbox 1579 229 1660 256; x_wconf 60' lang='lat' dir='ltr'>Dirae</span> <span class='ocrx_word' id='word_1_41' title='bbox 1679 227 1772 259; x_wconf 60' lang='lat' dir='ltr'>ferro,</span> <span class='ocrx_word' id='word_1_42' title='bbox 1796 231 1822 253; x_wconf 86' lang='lat' dir='ltr'>et</span> <span class='ocrx_word' id='word_1_43' title='bbox 1844 227 2015 262; x_wconf 80' lang='lat' dir='ltr'>compagibus</span> <span class='ocrx_word' id='word_1_44' title='bbox 2030 228 2108 256; x_wconf 46' lang='lat' dir='ltr'>afflig</span> <span class='ocrx_word' id='word_1_45' title='bbox 2386 227 2410 267; x_wconf 41' lang='lat' dir='ltr'>&#39;a</span> 
     </span>
     <span class='ocr_line' id='line_1_27' title="bbox 302 239 2460 309; baseline -0.008 -4"><span class='ocrx_word' id='word_1_46' title='bbox 302 285 372 305; x_wconf 80' lang='lat' dir='ltr'>1AN</span> <span class='ocrx_word' id='word_1_47' title='bbox 386 284 437 303; x_wconf 82' lang='grc' dir='ltr'>ΤΗ</span> <span class='ocrx_word' id='word_1_48' title='bbox 449 284 463 302; x_wconf 80' lang='grc' dir='ltr'>Ε</span> <span class='ocrx_word' id='word_1_49' title='bbox 489 260 497 273; x_wconf 65' lang='grc'><strong><em>’</em></strong></span> <span class='ocrx_word' id='word_1_50' title='bbox 514 285 548 302; x_wconf 88' lang='lat' dir='ltr'>es.</span> <span class='ocrx_word' id='word_1_51' title='bbox 588 275 608 302; x_wconf 91' lang='lat' dir='ltr'>f.</span> <span class='ocrx_word' id='word_1_52' title='bbox 657 275 735 309; x_wconf 84' lang='lat' dir='ltr'>Virgo</span> <span class='ocrx_word' id='word_1_53' title='bbox 761 268 895 303; x_wconf 65' lang='lat' dir='ltr'>Cretensis,</span> <span class='ocrx_word' id='word_1_54' title='bbox 920 266 1085 303; x_wconf 79' lang='lat' dir='ltr'>laudatzffima</span> <span class='ocrx_word' id='word_1_55' title='bbox 1100 265 1205 302; x_wconf 81' lang='lat' dir='ltr'>forma:</span> <span class='ocrx_word' id='word_1_56' title='bbox 1236 264 1304 301; x_wconf 76' lang='lat' dir='ltr'>apud</span> <span class='ocrx_word' id='word_1_57' title='bbox 1475 264 1640 292; x_wconf 75' lang='lat' dir='ltr'>claudentur</span> <span class='ocrx_word' id='word_1_58' title='bbox 1661 263 1727 289; x_wconf 84' lang='lat' dir='ltr'>belli</span> <span class='ocrx_word' id='word_1_59' title='bbox 1747 269 1855 297; x_wconf 90' lang='lat' dir='ltr'>portae,</span> <span class='ocrx_word' id='word_1_60' title='bbox 1874 263 1953 290; x_wconf 83' lang='lat' dir='ltr'>furor</span> <span class='ocrx_word' id='word_1_61' title='bbox 1972 264 2069 299; x_wconf 86' lang='lat' dir='ltr'>impius</span> <span class='ocrx_word' id='word_1_62' title='bbox 2091 265 2162 291; x_wconf 82' lang='lat' dir='ltr'>intus</span> <span class='ocrx_word' id='word_1_63' title='bbox 2278 267 2282 273; x_wconf 78' lang='lat'><em>&#39;</em></span> <span class='ocrx_word' id='word_1_64' title='bbox 2388 239 2440 302; x_wconf 30' lang='grc' dir='ltr'>ἐὰν(</span> <span class='ocrx_word' id='word_1_65' title='bbox 2456 263 2460 277; x_wconf 58' lang='lat' dir='ltr'>l</span> 
     </span>
     <span class='ocr_line' id='line_1_28' title="bbox 265 298 2452 346; baseline -0.011 -6"><span class='ocrx_word' id='word_1_66' title='bbox 265 314 345 341; x_wconf 88' lang='lat' dir='ltr'>Ouid.</span> <span class='ocrx_word' id='word_1_67' title='bbox 359 313 421 339; x_wconf 84' lang='lat' dir='ltr'>Met.</span> <span class='ocrx_word' id='word_1_68' title='bbox 435 321 451 345; x_wconf 88' lang='lat'><em>9</em></span> <span class='ocrx_word' id='word_1_69' title='bbox 474 298 530 346; x_wconf 68' lang='lat'>2[14.</span> <span class='ocrx_word' id='word_1_70' title='bbox 1476 301 1556 327; x_wconf 78' lang='lat' dir='ltr'>Saeua</span> <span class='ocrx_word' id='word_1_71' title='bbox 1575 300 1663 326; x_wconf 81' lang='lat' dir='ltr'>sedens</span> <span class='ocrx_word' id='word_1_72' title='bbox 1683 301 1759 334; x_wconf 88' lang='lat' dir='ltr'>super</span> <span class='ocrx_word' id='word_1_73' title='bbox 1779 307 1868 331; x_wconf 83' lang='lat' dir='ltr'>arma,</span> <span class='ocrx_word' id='word_1_74' title='bbox 1886 307 1933 325; x_wconf 83' lang='lat' dir='ltr'>etc.</span> <span class='ocrx_word' id='word_1_75' title='bbox 2387 303 2400 326; x_wconf 64' lang='lat'>,⁴</span> <span class='ocrx_word' id='word_1_76' title='bbox 2418 314 2423 322; x_wconf 65' lang='grc'><em>,</em></span> <span class='ocrx_word' id='word_1_77' title='bbox 2439 306 2452 330; x_wconf 59' lang='lat'>,3</span> 
     </span>
     <span class='ocr_line' id='line_1_29' title="bbox 302 330 2431 378; baseline -0.02 -2"><span class='ocrx_word' id='word_1_78' title='bbox 302 357 311 375; x_wconf 92' lang='lat'>1</span> <span class='ocrx_word' id='word_1_79' title='bbox 322 356 342 375; x_wconf 81' lang='grc' dir='ltr'>Α</span> <span class='ocrx_word' id='word_1_80' title='bbox 353 332 514 378; x_wconf 59' lang='grc' dir='ltr'><em>ΝΤΗῦΜ,</em></span> <span class='ocrx_word' id='word_1_81' title='bbox 540 346 558 374; x_wconf 84' lang='lat' dir='ltr'>i.</span> <span class='ocrx_word' id='word_1_82' title='bbox 591 355 617 371; x_wconf 85' lang='lat' dir='ltr'>n.</span> <span class='ocrx_word' id='word_1_83' title='bbox 664 341 782 377; x_wconf 57' lang='lat' dir='ltr'>[foveor]</span> <span class='ocrx_word' id='word_1_84' title='bbox 828 337 913 365; x_wconf 78' lang='lat' dir='ltr'>Herba</span> <span class='ocrx_word' id='word_1_85' title='bbox 935 338 976 365; x_wconf 84' lang='lat' dir='ltr'>vel</span> <span class='ocrx_word' id='word_1_86' title='bbox 991 338 1049 375; x_wconf 74' lang='lat' dir='ltr'>flos</span> <span class='ocrx_word' id='word_1_87' title='bbox 1067 338 1158 364; x_wconf 83' lang='lat' dir='ltr'>coloris</span> <span class='ocrx_word' id='word_1_88' title='bbox 1174 338 1306 373; x_wconf 73' lang='lat' dir='ltr'><em>purpurei.</em></span> <span class='ocrx_word' id='word_1_89' title='bbox 1368 334 1444 362; x_wconf 87' lang='lat' dir='ltr'>Vnde</span> <span class='ocrx_word' id='word_1_90' title='bbox 1457 337 1524 363; x_wconf 85' lang='lat' dir='ltr'>Hor.</span> <span class='ocrx_word' id='word_1_91' title='bbox 1540 336 1591 363; x_wconf 92' lang='lat' dir='ltr'>Od.</span> <span class='ocrx_word' id='word_1_92' title='bbox 1612 346 1636 368; x_wconf 81' lang='grc'>4,</span> <span class='ocrx_word' id='word_1_93' title='bbox 1652 343 1686 367; x_wconf 78' lang='lat'>13,</span> <span class='ocrx_word' id='word_1_94' title='bbox 1700 340 1712 364; x_wconf 87' lang='lat'><em>8</em></span> <span class='ocrx_word' id='word_1_95' title='bbox 1742 336 1834 362; x_wconf 80' lang='lat' dir='ltr'>Ianum</span> <span class='ocrx_word' id='word_1_96' title='bbox 1855 334 1966 367; x_wconf 78' lang='lat' dir='ltr'>Quirini</span> <span class='ocrx_word' id='word_1_97' title='bbox 1985 333 2080 360; x_wconf 89' lang='lat' dir='ltr'>duellis</span> <span class='ocrx_word' id='word_1_98' title='bbox 2098 343 2210 363; x_wconf 86' lang='lat' dir='ltr'>vacuum</span> <span class='ocrx_word' id='word_1_99' title='bbox 2230 332 2328 361; x_wconf 73' lang='lat' dir='ltr'>clausit.</span> <span class='ocrx_word' id='word_1_100' title='bbox 2378 365 2381 368; x_wconf 56' lang='lat'>.</span> <span class='ocrx_word' id='word_1_101' title='bbox 2411 330 2431 353; x_wconf 41' lang='lat'>4.</span> 
     </span>
     <span class='ocr_line' id='line_1_30' title="bbox 266 369 2386 415; baseline -0.014 12"><span class='ocrx_word' id='word_1_102' title='bbox 266 384 332 412; x_wconf 65' lang='lat' dir='ltr'>plin·</span> <span class='ocrx_word' id='word_1_103' title='bbox 347 393 379 415; x_wconf 88' lang='lat'>²¹&#39;</span> <span class='ocrx_word' id='word_1_104' title='bbox 393 387 418 410; x_wconf 76' lang='lat'>⁶·</span> <span class='ocrx_word' id='word_1_105' title='bbox 443 390 467 409; x_wconf 55' lang='lat' dir='ltr'>‘f</span> <span class='ocrx_word' id='word_1_106' title='bbox 482 382 598 410; x_wconf 61' lang='lat' dir='ltr'>Marcell·</span> <span class='ocrx_word' id='word_1_107' title='bbox 611 382 682 412; x_wconf 70' lang='lat' dir='ltr'>Emp&#39;</span> <span class='ocrx_word' id='word_1_108' title='bbox 697 386 718 402; x_wconf 66' lang='grc' dir='ltr'>ς·</span> <span class='ocrx_word' id='word_1_109' title='bbox 735 383 772 409; x_wconf 81' lang='lat'>¹7·</span> <span class='ocrx_word' id='word_1_110' title='bbox 809 376 879 401; x_wconf 60' lang='lat' dir='ltr'>Hinc</span> <span class='ocrx_word' id='word_1_111' title='bbox 1327 377 1342 405; x_wconf 80' lang='grc'><em>5</em></span> <span class='ocrx_word' id='word_1_112' title='bbox 1369 370 1449 405; x_wconf 68' lang='lat' dir='ltr'>Epist·</span> <span class='ocrx_word' id='word_1_113' title='bbox 1462 381 1487 404; x_wconf 76' lang='lat'>25</span> <span class='ocrx_word' id='word_1_114' title='bbox 1502 381 1520 403; x_wconf 79' lang='lat'>¹»</span> <span class='ocrx_word' id='word_1_115' title='bbox 1534 380 1575 405; x_wconf 74' lang='lat'>255</span> <span class='ocrx_word' id='word_1_116' title='bbox 1596 371 1767 404; x_wconf 71' lang='lat' dir='ltr'>Claustraque</span> <span class='ocrx_word' id='word_1_117' title='bbox 1785 370 1920 397; x_wconf 85' lang='lat' dir='ltr'>custodem</span> <span class='ocrx_word' id='word_1_118' title='bbox 1939 370 2008 404; x_wconf 81' lang='lat' dir='ltr'>pacis</span> <span class='ocrx_word' id='word_1_119' title='bbox 2027 369 2181 397; x_wconf 82' lang='lat' dir='ltr'>cohibentia</span> <span class='ocrx_word' id='word_1_120' title='bbox 2200 371 2302 397; x_wconf 84' lang='lat' dir='ltr'>Ianum.</span> <span class='ocrx_word' id='word_1_121' title='bbox 2339 369 2386 397; x_wconf 81' lang='lat' dir='ltr'>Con</span> 
     </span>
     <span class='ocr_line' id='line_1_31' title="bbox 305 403 2434 448; baseline -0.007 0"><span class='ocrx_word' id='word_1_122' title='bbox 305 426 406 446; x_wconf 80' lang='lat' dir='ltr'>IANT</span> <span class='ocrx_word' id='word_1_123' title='bbox 416 419 552 448; x_wconf 67' lang='lat' dir='ltr'>ninvs,</span> <span class='ocrx_word' id='word_1_124' title='bbox 569 425 598 448; x_wconf 86' lang='lat' dir='ltr'>a,</span> <span class='ocrx_word' id='word_1_125' title='bbox 617 423 670 440; x_wconf 72' lang='lat' dir='ltr'>um.</span> <span class='ocrx_word' id='word_1_126' title='bbox 702 411 762 437; x_wconf 87' lang='lat' dir='ltr'>Adi.</span> <span class='ocrx_word' id='word_1_127' title='bbox 800 410 938 443; x_wconf 64' lang='grc' dir='ltr'>[ἰάνθινος]</span> <span class='ocrx_word' id='word_1_128' title='bbox 980 410 1123 439; x_wconf 77' lang='lat' dir='ltr'>Violaceus,</span> <span class='ocrx_word' id='word_1_129' title='bbox 1137 407 1192 442; x_wconf 81' lang='lat' dir='ltr'>flue</span> <span class='ocrx_word' id='word_1_130' title='bbox 1218 409 1310 435; x_wconf 85' lang='lat' dir='ltr'>coloris</span> <span class='ocrx_word' id='word_1_131' title='bbox 1371 406 1439 442; x_wconf 55' lang='grc' dir='ltr'>[ΑΡ-[ἶ</span> <span class='ocrx_word' id='word_1_132' title='bbox 1454 406 1530 434; x_wconf 56' lang='lat' dir='ltr'>Elea.</span> <span class='ocrx_word' id='word_1_133' title='bbox 1546 419 1567 441; x_wconf 90' lang='lat'>1,</span> <span class='ocrx_word' id='word_1_134' title='bbox 1583 418 1618 434; x_wconf 64' lang='grc' dir='ltr'>ρο.</span> <span class='ocrx_word' id='word_1_135' title='bbox 1635 414 1657 432; x_wconf 75' lang='lat' dir='ltr'>ct</span> <span class='ocrx_word' id='word_1_136' title='bbox 1671 406 1771 441; x_wconf 75' lang='lat' dir='ltr'>Casaub.</span> <span class='ocrx_word' id='word_1_137' title='bbox 1786 406 1819 432; x_wconf 89' lang='lat' dir='ltr'>ad</span> <span class='ocrx_word' id='word_1_138' title='bbox 1832 406 1901 432; x_wconf 83' lang='lat' dir='ltr'>Suet.</span> <span class='ocrx_word' id='word_1_139' title='bbox 1921 415 1945 440; x_wconf 92' lang='lat' dir='ltr'>p.</span> <span class='ocrx_word' id='word_1_140' title='bbox 1959 408 1997 433; x_wconf 81' lang='lat'>61.</span> <span class='ocrx_word' id='word_1_141' title='bbox 2069 405 2165 432; x_wconf 76' lang='lat' dir='ltr'>Mensis</span> <span class='ocrx_word' id='word_1_142' title='bbox 2180 407 2237 433; x_wconf 87' lang='lat' dir='ltr'>Iani</span> <span class='ocrx_word' id='word_1_143' title='bbox 2255 403 2337 432; x_wconf 86' lang='lat' dir='ltr'>Ouid.</span> <span class='ocrx_word' id='word_1_144' title='bbox 2349 405 2382 433; x_wconf 76' lang='lat' dir='ltr'>Fa</span> <span class='ocrx_word' id='word_1_145' title='bbox 2410 403 2434 434; x_wconf 53' lang='lat' dir='ltr'>fu*</span> 
     </span>
    </p>
   </div>
   <div class='ocr_carea' id='block_1_5' title="bbox 262 440 2432 594">
    <p class='ocr_par' dir='ltr' id='par_1_5' title="bbox 262 440 2432 594">
     <span class='ocr_line' id='line_1_32' title="bbox 263 440 2432 492; baseline -0.005 -15"><span class='ocrx_word' id='word_1_146' title='bbox 263 458 402 492; x_wconf 63' lang='lat' dir='ltr'>purpurei,-</span> <span class='ocrx_word' id='word_1_147' title='bbox 428 454 475 480; x_wconf 72' lang='lat' dir='ltr'>a&#39;mi</span> <span class='ocrx_word' id='word_1_148' title='bbox 498 455 532 479; x_wconf 62' lang='lat' dir='ltr'>«ti</span> <span class='ocrx_word' id='word_1_149' title='bbox 548 455 592 479; x_wconf 68' lang='grc' dir='ltr'>ἰὸν,</span> <span class='ocrx_word' id='word_1_150' title='bbox 607 448 670 484; x_wconf 78' lang='lat' dir='ltr'>quod</span> <span class='ocrx_word' id='word_1_151' title='bbox 686 445 719 479; x_wconf 68' lang='lat' dir='ltr'>el}</span> <span class='ocrx_word' id='word_1_152' title='bbox 739 446 823 477; x_wconf 79' lang='lat' dir='ltr'>viola,</span> <span class='ocrx_word' id='word_1_153' title='bbox 842 446 886 472; x_wconf 76' lang='grc' dir='ltr'>καὶ</span> <span class='ocrx_word' id='word_1_154' title='bbox 907 446 936 471; x_wconf 73' lang='grc' dir='ltr'>τὸ</span> <span class='ocrx_word' id='word_1_155' title='bbox 960 443 1046 476; x_wconf 66' lang='grc' dir='ltr'>ἄνθος,</span> <span class='ocrx_word' id='word_1_156' title='bbox 1066 454 1115 476; x_wconf 75' lang='grc' dir='ltr'>εος,</span> <span class='ocrx_word' id='word_1_157' title='bbox 1135 443 1200 479; x_wconf 88' lang='lat' dir='ltr'>quod</span> <span class='ocrx_word' id='word_1_158' title='bbox 1216 443 1310 478; x_wconf 83' lang='lat' dir='ltr'>florem</span> <span class='ocrx_word' id='word_1_159' title='bbox 1371 451 1395 474; x_wconf 86' lang='lat'>2,</span> <span class='ocrx_word' id='word_1_160' title='bbox 1412 447 1450 474; x_wconf 70' lang='lat'>48.</span> <span class='ocrx_word' id='word_1_161' title='bbox 1486 445 1525 469; x_wconf 82' lang='lat' dir='ltr'>De</span> <span class='ocrx_word' id='word_1_162' title='bbox 1539 444 1663 479; x_wconf 80' lang='lat' dir='ltr'>Epithetis</span> <span class='ocrx_word' id='word_1_163' title='bbox 1676 442 1731 468; x_wconf 88' lang='lat' dir='ltr'>Iani</span> <span class='ocrx_word' id='word_1_164' title='bbox 1746 445 1830 477; x_wconf 86' lang='lat' dir='ltr'>primo</span> <span class='ocrx_word' id='word_1_165' title='bbox 1843 448 1962 477; x_wconf 86' lang='lat' dir='ltr'>ponemus</span> <span class='ocrx_word' id='word_1_166' title='bbox 1979 443 2057 468; x_wconf 81' lang='lat' dir='ltr'>locum</span> <span class='ocrx_word' id='word_1_167' title='bbox 2076 440 2211 468; x_wconf 87' lang='lat' dir='ltr'>Macrobii</span> <span class='ocrx_word' id='word_1_168' title='bbox 2224 441 2275 468; x_wconf 85' lang='lat' dir='ltr'>Sat.</span> <span class='ocrx_word' id='word_1_169' title='bbox 2294 449 2312 471; x_wconf 81' lang='lat'>1,</span> <span class='ocrx_word' id='word_1_170' title='bbox 2327 449 2343 472; x_wconf 88' lang='grc'><strong>9</strong></span> <span class='ocrx_word' id='word_1_171' title='bbox 2365 441 2432 468; x_wconf 58' lang='lat' dir='ltr'>Gw</span> 
     </span>
     <span class='ocr_line' id='line_1_33' title="bbox 262 475 2428 527; baseline -0.007 -10"><span class='ocrx_word' id='word_1_172' title='bbox 262 490 408 527; x_wconf 67' lang='lat' dir='ltr'>fignificat:</span> <span class='ocrx_word' id='word_1_173' title='bbox 429 490 474 517; x_wconf 83' lang='lat' dir='ltr'>hoc</span> <span class='ocrx_word' id='word_1_174' title='bbox 487 487 520 521; x_wconf 72' lang='lat' dir='ltr'>est</span> <span class='ocrx_word' id='word_1_175' title='bbox 539 484 604 521; x_wconf 79' lang='lat' dir='ltr'>quast</span> <span class='ocrx_word' id='word_1_176' title='bbox 616 484 738 509; x_wconf 74' lang='lat' dir='ltr'>violaceus</span> <span class='ocrx_word' id='word_1_177' title='bbox 751 481 814 518; x_wconf 81' lang='lat' dir='ltr'>flos.</span> <span class='ocrx_word' id='word_1_178' title='bbox 850 480 966 508; x_wconf 84' lang='lat' dir='ltr'>Martial.</span> <span class='ocrx_word' id='word_1_179' title='bbox 979 489 1003 511; x_wconf 87' lang='lat'>2,</span> <span class='ocrx_word' id='word_1_180' title='bbox 1018 489 1048 513; x_wconf 84' lang='grc'>39</span> <span class='ocrx_word' id='word_1_181' title='bbox 1077 480 1193 506; x_wconf 89' lang='lat' dir='ltr'>Coccina</span> <span class='ocrx_word' id='word_1_182' title='bbox 1208 480 1310 506; x_wconf 86' lang='lat' dir='ltr'>formo-</span> <span class='ocrx_word' id='word_1_183' title='bbox 1372 477 1433 504; x_wconf 88' lang='lat' dir='ltr'>vius</span> <span class='ocrx_word' id='word_1_184' title='bbox 1446 478 1531 506; x_wconf 79' lang='lat' dir='ltr'>Bassus</span> <span class='ocrx_word' id='word_1_185' title='bbox 1545 481 1637 506; x_wconf 84' lang='lat' dir='ltr'>Ianum</span> <span class='ocrx_word' id='word_1_186' title='bbox 1650 478 1798 505; x_wconf 65' lang='lat' dir='ltr'>bifrontem</span> <span class='ocrx_word' id='word_1_187' title='bbox 1819 477 1883 511; x_wconf 78' lang='lat' dir='ltr'>fingi</span> <span class='ocrx_word' id='word_1_188' title='bbox 1902 477 1957 509; x_wconf 88' lang='lat' dir='ltr'>ait,</span> <span class='ocrx_word' id='word_1_189' title='bbox 1976 476 2047 511; x_wconf 84' lang='lat' dir='ltr'>quali</span> <span class='ocrx_word' id='word_1_190' title='bbox 2063 477 2185 511; x_wconf 89' lang='lat' dir='ltr'>superum</span> <span class='ocrx_word' id='word_1_191' title='bbox 2206 482 2284 511; x_wconf 90' lang='lat' dir='ltr'>atque</span> <span class='ocrx_word' id='word_1_192' title='bbox 2299 475 2368 507; x_wconf 73' lang='lat' dir='ltr'>infer</span> <span class='ocrx_word' id='word_1_193' title='bbox 2384 478 2403 512; x_wconf 33' lang='lat'>-.·¹</span> <span class='ocrx_word' id='word_1_194' title='bbox 2413 481 2428 495; x_wconf 54' lang='lat'>³¹²</span> 
     </span>
     <span class='ocr_line' id='line_1_34' title="bbox 269 511 2429 554; baseline -0.008 0"><span class='ocrx_word' id='word_1_195' title='bbox 269 527 311 554; x_wconf 84' lang='lat' dir='ltr'>sae</span> <span class='ocrx_word' id='word_1_196' title='bbox 336 526 417 553; x_wconf 87' lang='lat' dir='ltr'>donas</span> <span class='ocrx_word' id='word_1_197' title='bbox 439 531 465 551; x_wconf 86' lang='lat' dir='ltr'>et</span> <span class='ocrx_word' id='word_1_198' title='bbox 486 520 605 550; x_wconf 81' lang='lat' dir='ltr'>ianthina</span> <span class='ocrx_word' id='word_1_199' title='bbox 626 517 760 546; x_wconf 81' lang='lat' dir='ltr'><strong>moechae.</strong></span> <span class='ocrx_word' id='word_1_200' title='bbox 797 516 922 550; x_wconf 88' lang='lat' dir='ltr'>Subaudi,</span> <span class='ocrx_word' id='word_1_201' title='bbox 946 516 1110 543; x_wconf 81' lang='lat' dir='ltr'>Indumenta.</span> <span class='ocrx_word' id='word_1_202' title='bbox 1153 515 1211 543; x_wconf 87' lang='lat' dir='ltr'>Vid.</span> <span class='ocrx_word' id='word_1_203' title='bbox 1243 514 1310 542; x_wconf 90' lang='lat' dir='ltr'>Plin.</span> <span class='ocrx_word' id='word_1_204' title='bbox 1372 512 1531 549; x_wconf 79' lang='lat' dir='ltr'>ianitorem,</span> <span class='ocrx_word' id='word_1_205' title='bbox 1552 514 1666 542; x_wconf 89' lang='lat' dir='ltr'>eundem</span> <span class='ocrx_word' id='word_1_206' title='bbox 1686 512 1906 548; x_wconf 83' lang='lat' dir='ltr'>Qadriformem</span> <span class='ocrx_word' id='word_1_207' title='bbox 1926 513 1996 548; x_wconf 78' lang='lat' dir='ltr'>quali</span> <span class='ocrx_word' id='word_1_208' title='bbox 2015 512 2138 539; x_wconf 82' lang='lat' dir='ltr'>vniuersa</span> <span class='ocrx_word' id='word_1_209' title='bbox 2155 512 2261 538; x_wconf 82' lang='lat' dir='ltr'>climata</span> <span class='ocrx_word' id='word_1_210' title='bbox 2283 511 2429 543; x_wconf 79' lang='lat' dir='ltr'>maiesta</span> 
     </span>
     <span class='ocr_line' id='line_1_35' title="bbox 269 542 2431 594; baseline -0.007 -6"><span class='ocrx_word' id='word_1_211' title='bbox 269 571 310 594; x_wconf 87' lang='lat'>21,</span> <span class='ocrx_word' id='word_1_212' title='bbox 329 564 346 588; x_wconf 87' lang='lat'>6</span> <span class='ocrx_word' id='word_1_213' title='bbox 373 569 396 588; x_wconf 81' lang='lat' dir='ltr'>et</span> <span class='ocrx_word' id='word_1_214' title='bbox 414 566 436 590; x_wconf 87' lang='lat'>8.</span> <span class='ocrx_word' id='word_1_215' title='bbox 1331 563 1361 581; x_wconf 91' lang='lat'>10</span> <span class='ocrx_word' id='word_1_216' title='bbox 1373 549 1549 583; x_wconf 82' lang='lat' dir='ltr'>complexum.</span> <span class='ocrx_word' id='word_1_217' title='bbox 1585 550 1719 576; x_wconf 78' lang='lat' dir='ltr'>Saliorum</span> <span class='ocrx_word' id='word_1_218' title='bbox 1732 557 1839 584; x_wconf 86' lang='lat' dir='ltr'>quoque</span> <span class='ocrx_word' id='word_1_219' title='bbox 1850 548 2034 589; x_wconf 74' lang='lat' dir='ltr'>autiquissimis</span> <span class='ocrx_word' id='word_1_220' title='bbox 2053 547 2215 575; x_wconf 79' lang='lat' dir='ltr'>carminibus</span> <span class='ocrx_word' id='word_1_221' title='bbox 2229 547 2340 574; x_wconf 86' lang='lat' dir='ltr'>deorum</span> <span class='ocrx_word' id='word_1_222' title='bbox 2352 546 2382 574; x_wconf 88' lang='lat' dir='ltr'>de</span> <span class='ocrx_word' id='word_1_223' title='bbox 2398 544 2414 578; x_wconf 57' lang='lat'>2⁴,</span> <span class='ocrx_word' id='word_1_224' title='bbox 2428 542 2431 550; x_wconf 59' lang='lat'><strong>¹</strong></span> 
     </span>
    </p>
   </div>
   <div class='ocr_carea' id='block_1_6' title="bbox 267 582 2463 1088">
    <p class='ocr_par' dir='ltr' id='par_1_6' title="bbox 269 577 2463 767">
     <span class='ocr_line' id='line_1_36' title="bbox 305 582 2439 625; baseline -0.008 0"><span class='ocrx_word' id='word_1_225' title='bbox 305 603 447 625; x_wconf 85' lang='lat' dir='ltr'>IANVA,</span> <span class='ocrx_word' id='word_1_226' title='bbox 465 601 503 619; x_wconf 75' lang='lat' dir='ltr'>ae.</span> <span class='ocrx_word' id='word_1_227' title='bbox 530 590 550 616; x_wconf 88' lang='lat' dir='ltr'>f.</span> <span class='ocrx_word' id='word_1_228' title='bbox 588 587 689 624; x_wconf 43' lang='grc' dir='ltr'>[θύρῃ</span> <span class='ocrx_word' id='word_1_229' title='bbox 701 587 800 623; x_wconf 68' lang='grc' dir='ltr'>πυλῶν]</span> <span class='ocrx_word' id='word_1_230' title='bbox 837 586 948 621; x_wconf 78' lang='lat' dir='ltr'>Ostium,</span> <span class='ocrx_word' id='word_1_231' title='bbox 967 586 1064 618; x_wconf 80' lang='lat' dir='ltr'>aditus,</span> <span class='ocrx_word' id='word_1_232' title='bbox 1077 585 1160 621; x_wconf 59' lang='lat' dir='ltr'>forr-f·</span> <span class='ocrx_word' id='word_1_233' title='bbox 1203 586 1277 612; x_wconf 81' lang='lat' dir='ltr'>Valla</span> <span class='ocrx_word' id='word_1_234' title='bbox 1294 596 1311 620; x_wconf 83' lang='lat'>4</span> <span class='ocrx_word' id='word_1_235' title='bbox 1375 585 1479 612; x_wconf 83' lang='lat' dir='ltr'>canitur</span> <span class='ocrx_word' id='word_1_236' title='bbox 1513 601 1559 606; x_wconf 91' lang='lat'>——</span> <span class='ocrx_word' id='word_1_237' title='bbox 1594 587 1624 612; x_wconf 91' lang='lat' dir='ltr'>In</span> <span class='ocrx_word' id='word_1_238' title='bbox 1640 585 1718 612; x_wconf 88' lang='lat' dir='ltr'>sacris</span> <span class='ocrx_word' id='word_1_239' title='bbox 1737 593 1844 620; x_wconf 90' lang='lat' dir='ltr'>quoque</span> <span class='ocrx_word' id='word_1_240' title='bbox 1863 593 2018 611; x_wconf 81' lang='lat' dir='ltr'>inuocamus</span> <span class='ocrx_word' id='word_1_241' title='bbox 2038 585 2131 611; x_wconf 88' lang='lat' dir='ltr'>Ianum</span> <span class='ocrx_word' id='word_1_242' title='bbox 2150 583 2294 610; x_wconf 87' lang='lat' dir='ltr'>Geminum</span> <span class='ocrx_word' id='word_1_243' title='bbox 2302 582 2317 615; x_wconf 83' lang='lat'>‘,</span> <span class='ocrx_word' id='word_1_244' title='bbox 2338 583 2409 609; x_wconf 66' lang='lat' dir='ltr'>1.P,÷</span> <span class='ocrx_word' id='word_1_245' title='bbox 2428 583 2439 617; x_wconf 27' lang='grc'>’7</span> 
     </span>
     <span class='ocr_line' id='line_1_37' title="bbox 270 619 2440 660; baseline -0.006 -3"><span class='ocrx_word' id='word_1_246' title='bbox 270 634 347 660; x_wconf 77' lang='lat' dir='ltr'>Porta</span> <span class='ocrx_word' id='word_1_247' title='bbox 366 637 487 658; x_wconf 82' lang='lat' dir='ltr'>murorum</span> <span class='ocrx_word' id='word_1_248' title='bbox 505 624 555 658; x_wconf 84' lang='lat' dir='ltr'>est,</span> <span class='ocrx_word' id='word_1_249' title='bbox 574 627 783 660; x_wconf 78' lang='lat' dir='ltr'>munitionumque</span> <span class='ocrx_word' id='word_1_250' title='bbox 803 631 876 659; x_wconf 85' lang='lat' dir='ltr'>atque</span> <span class='ocrx_word' id='word_1_251' title='bbox 894 622 1046 656; x_wconf 77' lang='lat' dir='ltr'>castrorum:</span> <span class='ocrx_word' id='word_1_252' title='bbox 1070 623 1150 648; x_wconf 88' lang='lat' dir='ltr'>Ianua</span> <span class='ocrx_word' id='word_1_253' title='bbox 1160 624 1270 656; x_wconf 83' lang='lat' dir='ltr'>parietis</span> <span class='ocrx_word' id='word_1_254' title='bbox 1282 630 1312 647; x_wconf 80' lang='lat' dir='ltr'>ac</span> <span class='ocrx_word' id='word_1_255' title='bbox 1374 625 1443 646; x_wconf 86' lang='lat' dir='ltr'>trem</span> <span class='ocrx_word' id='word_1_256' title='bbox 1456 640 1465 653; x_wconf 89' lang='lat'>,</span> <span class='ocrx_word' id='word_1_257' title='bbox 1490 621 1510 647; x_wconf 91' lang='lat'>1.</span> <span class='ocrx_word' id='word_1_258' title='bbox 1530 621 1689 652; x_wconf 87' lang='lat' dir='ltr'>Iunonium,</span> <span class='ocrx_word' id='word_1_259' title='bbox 1711 622 1732 647; x_wconf 93' lang='lat' dir='ltr'>I.</span> <span class='ocrx_word' id='word_1_260' title='bbox 1750 620 1921 652; x_wconf 82' lang='lat' dir='ltr'>Conliuium,</span> <span class='ocrx_word' id='word_1_261' title='bbox 1947 621 1967 646; x_wconf 95' lang='lat' dir='ltr'>I.</span> <span class='ocrx_word' id='word_1_262' title='bbox 1989 621 2152 653; x_wconf 71' lang='lat' dir='ltr'>Quirinum,</span> <span class='ocrx_word' id='word_1_263' title='bbox 2179 620 2199 645; x_wconf 91' lang='grc' dir='ltr'>Ι.</span> <span class='ocrx_word' id='word_1_264' title='bbox 2218 619 2365 646; x_wconf 81' lang='lat' dir='ltr'>Patulcium</span> <span class='ocrx_word' id='word_1_265' title='bbox 2434 623 2440 635; x_wconf 76' lang='grc'>-’</span> 
     </span>
     <span class='ocr_line' id='line_1_38' title="bbox 270 654 2463 696; baseline -0.003 -8"><span class='ocrx_word' id='word_1_266' title='bbox 270 669 399 695; x_wconf 69' lang='lat' dir='ltr'>domorum.</span> <span class='ocrx_word' id='word_1_267' title='bbox 433 661 472 696; x_wconf 77' lang='lat' dir='ltr'>Est</span> <span class='ocrx_word' id='word_1_268' title='bbox 488 668 567 688; x_wconf 82' lang='lat' dir='ltr'>autem</span> <span class='ocrx_word' id='word_1_269' title='bbox 576 663 680 695; x_wconf 78' lang='lat' dir='ltr'>proprie</span> <span class='ocrx_word' id='word_1_270' title='bbox 692 660 756 686; x_wconf 81' lang='lat' dir='ltr'>illud</span> <span class='ocrx_word' id='word_1_271' title='bbox 766 669 778 685; x_wconf 86' lang='lat' dir='ltr'>e</span> <span class='ocrx_word' id='word_1_272' title='bbox 791 659 884 686; x_wconf 72' lang='lat' dir='ltr'>tabulis</span> <span class='ocrx_word' id='word_1_273' title='bbox 897 665 1037 685; x_wconf 76' lang='lat' dir='ltr'>contextum</span> <span class='ocrx_word' id='word_1_274' title='bbox 1046 677 1052 689; x_wconf 88' lang='lat'>‚</span> <span class='ocrx_word' id='word_1_275' title='bbox 1065 667 1112 693; x_wconf 78' lang='lat' dir='ltr'>quo</span> <span class='ocrx_word' id='word_1_276' title='bbox 1124 658 1236 694; x_wconf 71' lang='lat' dir='ltr'>spatium</span> <span class='ocrx_word' id='word_1_277' title='bbox 1249 656 1314 683; x_wconf 87' lang='lat' dir='ltr'>illud</span> <span class='ocrx_word' id='word_1_278' title='bbox 1374 656 1528 690; x_wconf 73' lang='lat' dir='ltr'>Clusinum,</span> <span class='ocrx_word' id='word_1_279' title='bbox 1547 667 1648 693; x_wconf 81' lang='lat' dir='ltr'>quorum</span> <span class='ocrx_word' id='word_1_280' title='bbox 1667 656 1753 682; x_wconf 83' lang='lat' dir='ltr'>deinde</span> <span class='ocrx_word' id='word_1_281' title='bbox 1765 659 1871 683; x_wconf 83' lang='lat' dir='ltr'>omnium</span> <span class='ocrx_word' id='word_1_282' title='bbox 1883 659 2006 681; x_wconf 82' lang='lat' dir='ltr'>nominum</span> <span class='ocrx_word' id='word_1_283' title='bbox 2019 659 2139 682; x_wconf 81' lang='lat' dir='ltr'>rationem</span> <span class='ocrx_word' id='word_1_284' title='bbox 2152 654 2244 682; x_wconf 72' lang='lat' dir='ltr'>reddit.</span> <span class='ocrx_word' id='word_1_285' title='bbox 2316 654 2382 680; x_wconf 86' lang='lat' dir='ltr'>Anc·</span> <span class='ocrx_word' id='word_1_286' title='bbox 2394 662 2419 689; x_wconf 51' lang='lat'>04:11</span> <span class='ocrx_word' id='word_1_287' title='bbox 2434 666 2436 681; x_wconf 71' lang='grc' dir='ltr'>ι</span> <span class='ocrx_word' id='word_1_288' title='bbox 2462 680 2463 683; x_wconf 75' lang='grc'><em>,</em></span> 
     </span>
     <span class='ocr_line' id='line_1_39' title="bbox 269 689 2398 733; baseline -0.006 -4"><span class='ocrx_word' id='word_1_289' title='bbox 269 712 369 732; x_wconf 82' lang='lat' dir='ltr'>cauum,</span> <span class='ocrx_word' id='word_1_290' title='bbox 383 698 446 725; x_wconf 85' lang='lat' dir='ltr'>illud</span> <span class='ocrx_word' id='word_1_291' title='bbox 458 696 636 733; x_wconf 73' lang='lat' dir='ltr'>perforatum,</span> <span class='ocrx_word' id='word_1_292' title='bbox 650 696 766 730; x_wconf 78' lang='lat' dir='ltr'>impletur</span> <span class='ocrx_word' id='word_1_293' title='bbox 779 702 802 721; x_wconf 82' lang='lat' dir='ltr'>et</span> <span class='ocrx_word' id='word_1_294' title='bbox 815 694 949 721; x_wconf 84' lang='lat' dir='ltr'>clauditur.</span> <span class='ocrx_word' id='word_1_295' title='bbox 984 695 1130 721; x_wconf 80' lang='lat' dir='ltr'>Luculenter</span> <span class='ocrx_word' id='word_1_296' title='bbox 1146 693 1191 719; x_wconf 79' lang='lat' dir='ltr'>hoc</span> <span class='ocrx_word' id='word_1_297' title='bbox 1207 698 1313 729; x_wconf 77' lang='lat' dir='ltr'>apparet</span> <span class='ocrx_word' id='word_1_298' title='bbox 1375 692 1453 718; x_wconf 84' lang='lat' dir='ltr'>Ianus</span> <span class='ocrx_word' id='word_1_299' title='bbox 1471 693 1553 719; x_wconf 91' lang='lat' dir='ltr'>Ouid.</span> <span class='ocrx_word' id='word_1_300' title='bbox 1567 694 1632 720; x_wconf 84' lang='lat' dir='ltr'>Met.</span> <span class='ocrx_word' id='word_1_301' title='bbox 1648 701 1688 724; x_wconf 85' lang='lat'>14,</span> <span class='ocrx_word' id='word_1_302' title='bbox 1700 700 1754 726; x_wconf 88' lang='grc'>334.</span> <span class='ocrx_word' id='word_1_303' title='bbox 1808 691 1923 725; x_wconf 81' lang='lat' dir='ltr'><strong>Belliger</strong></span> <span class='ocrx_word' id='word_1_304' title='bbox 1941 691 2038 717; x_wconf 87' lang='lat' dir='ltr'>Lucan.</span> <span class='ocrx_word' id='word_1_305' title='bbox 2053 700 2073 721; x_wconf 87' lang='lat'>1,</span> <span class='ocrx_word' id='word_1_306' title='bbox 2085 694 2127 718; x_wconf 83' lang='lat'>62.</span> <span class='ocrx_word' id='word_1_307' title='bbox 2184 690 2312 717; x_wconf 87' lang='lat' dir='ltr'>Biformis</span> <span class='ocrx_word' id='word_1_308' title='bbox 2336 689 2398 717; x_wconf 84' lang='lat' dir='ltr'>Oui·</span> 
     </span>
     <span class='ocr_line' id='line_1_40' title="bbox 270 726 2443 767; baseline -0.007 0"><span class='ocrx_word' id='word_1_309' title='bbox 270 749 298 767; x_wconf 78' lang='lat' dir='ltr'>ex</span> <span class='ocrx_word' id='word_1_310' title='bbox 312 739 353 765; x_wconf 86' lang='lat' dir='ltr'>illo</span> <span class='ocrx_word' id='word_1_311' title='bbox 365 733 459 762; x_wconf 85' lang='lat' dir='ltr'>Catull.</span> <span class='ocrx_word' id='word_1_312' title='bbox 473 735 518 765; x_wconf 82' lang='lat'>66,</span> <span class='ocrx_word' id='word_1_313' title='bbox 530 741 555 764; x_wconf 82' lang='lat'>37</span> <span class='ocrx_word' id='word_1_314' title='bbox 573 735 601 758; x_wconf 87' lang='lat' dir='ltr'>in</span> <span class='ocrx_word' id='word_1_315' title='bbox 621 734 728 758; x_wconf 83' lang='lat' dir='ltr'>Satirico</span> <span class='ocrx_word' id='word_1_316' title='bbox 741 731 854 766; x_wconf 80' lang='lat' dir='ltr'><em>sermone</em></span> <span class='ocrx_word' id='word_1_317' title='bbox 868 732 967 761; x_wconf 69' lang='lat' dir='ltr'>lamiae,</span> <span class='ocrx_word' id='word_1_318' title='bbox 1332 726 1438 764; x_wconf 77' lang='lat' dir='ltr'>15Fast.</span> <span class='ocrx_word' id='word_1_319' title='bbox 1450 736 1471 760; x_wconf 89' lang='lat'>1,</span> <span class='ocrx_word' id='word_1_320' title='bbox 1483 733 1523 762; x_wconf 81' lang='lat'>89.</span> <span class='ocrx_word' id='word_1_321' title='bbox 1586 729 1676 762; x_wconf 84' lang='lat' dir='ltr'>Biceps</span> <span class='ocrx_word' id='word_1_322' title='bbox 1695 728 1768 754; x_wconf 88' lang='lat' dir='ltr'><strong>Idem</strong></span> <span class='ocrx_word' id='word_1_323' title='bbox 1781 728 1848 754; x_wconf 83' lang='lat' dir='ltr'>Fast.</span> <span class='ocrx_word' id='word_1_324' title='bbox 1866 736 1886 759; x_wconf 91' lang='lat'>1,</span> <span class='ocrx_word' id='word_1_325' title='bbox 1907 729 1948 759; x_wconf 81' lang='lat'>63.</span> <span class='ocrx_word' id='word_1_326' title='bbox 2004 727 2112 753; x_wconf 89' lang='lat' dir='ltr'>Bifrons</span> <span class='ocrx_word' id='word_1_327' title='bbox 2135 726 2212 761; x_wconf 84' lang='lat' dir='ltr'>Virg.</span> <span class='ocrx_word' id='word_1_328' title='bbox 2226 727 2290 752; x_wconf 88' lang='lat' dir='ltr'>Aen.</span> <span class='ocrx_word' id='word_1_329' title='bbox 2309 733 2348 757; x_wconf 82' lang='lat'>12,</span> <span class='ocrx_word' id='word_1_330' title='bbox 2367 727 2421 752; x_wconf 68' lang='lat' dir='ltr'>1=·f-,</span> <span class='ocrx_word' id='word_1_331' title='bbox 2439 726 2443 735; x_wconf 72' lang='lat'><strong><em>¹</em></strong></span> 
     </span>
    </p>

    <p class='ocr_par' dir='ltr' id='par_1_7' title="bbox 421 756 2422 801">
     <span class='ocr_line' id='line_1_41' title="bbox 421 756 2422 801; baseline -0.004 -6"><span class='ocrx_word' id='word_1_332' title='bbox 421 769 528 796; x_wconf 81' lang='lat' dir='ltr'>Dixerit</span> <span class='ocrx_word' id='word_1_333' title='bbox 541 767 584 794; x_wconf 87' lang='lat' dir='ltr'>hic</span> <span class='ocrx_word' id='word_1_334' title='bbox 597 767 709 801; x_wconf 88' lang='lat' dir='ltr'>aliquis,</span> <span class='ocrx_word' id='word_1_335' title='bbox 723 765 768 800; x_wconf 81' lang='lat' dir='ltr'>qui</span> <span class='ocrx_word' id='word_1_336' title='bbox 787 773 816 792; x_wconf 87' lang='lat' dir='ltr'>tu</span> <span class='ocrx_word' id='word_1_337' title='bbox 835 766 948 797; x_wconf 88' lang='lat' dir='ltr'>isthaec,</span> <span class='ocrx_word' id='word_1_338' title='bbox 960 765 1055 797; x_wconf 84' lang='lat' dir='ltr'>ianua,</span> <span class='ocrx_word' id='word_1_339' title='bbox 1067 764 1156 791; x_wconf 66' lang='lat' dir='ltr'>nosti?</span> <span class='ocrx_word' id='word_1_340' title='bbox 1373 763 1494 790; x_wconf 79' lang='lat' dir='ltr'>Macrob.</span> <span class='ocrx_word' id='word_1_341' title='bbox 1508 765 1557 791; x_wconf 82' lang='lat' dir='ltr'>Sat.</span> <span class='ocrx_word' id='word_1_342' title='bbox 1573 773 1593 796; x_wconf 88' lang='lat'>1,</span> <span class='ocrx_word' id='word_1_343' title='bbox 1609 773 1626 796; x_wconf 88' lang='grc'><strong><em>9</em></strong></span> <span class='ocrx_word' id='word_1_344' title='bbox 1652 763 1732 797; x_wconf 77' lang='lat' dir='ltr'>Qlasi</span> <span class='ocrx_word' id='word_1_345' title='bbox 1747 761 1873 797; x_wconf 72' lang='lat' dir='ltr'>supersim</span> <span class='ocrx_word' id='word_1_346' title='bbox 1887 769 1966 797; x_wconf 83' lang='lat' dir='ltr'>atque</span> <span class='ocrx_word' id='word_1_347' title='bbox 1978 760 2098 789; x_wconf 73' lang='lat' dir='ltr'>inferum</span> <span class='ocrx_word' id='word_1_348' title='bbox 2112 763 2222 789; x_wconf 75' lang='lat' dir='ltr'>Ianitor.</span> <span class='ocrx_word' id='word_1_349' title='bbox 2261 760 2344 788; x_wconf 83' lang='lat' dir='ltr'><em>Addit</em></span> <span class='ocrx_word' id='word_1_350' title='bbox 2357 756 2408 787; x_wconf 89' lang='lat' dir='ltr'>eu</span> <span class='ocrx_word' id='word_1_351' title='bbox 2416 772 2422 790; x_wconf 79' lang='lat'>¹.</span> 
     </span>
    </p>

    <p class='ocr_par' dir='ltr' id='par_1_8' title="bbox 465 796 2408 838">
     <span class='ocr_line' id='line_1_42' title="bbox 465 796 2408 838; baseline -0.005 -8"><span class='ocrx_word' id='word_1_352' title='bbox 465 803 540 837; x_wconf 77' lang='lat' dir='ltr'>Qioi</span> <span class='ocrx_word' id='word_1_353' title='bbox 553 812 687 838; x_wconf 88' lang='lat' dir='ltr'>nunquam</span> <span class='ocrx_word' id='word_1_354' title='bbox 699 802 908 828; x_wconf 86' lang='lat' dir='ltr'>dominilimine</span> <span class='ocrx_word' id='word_1_355' title='bbox 921 800 996 827; x_wconf 85' lang='lat' dir='ltr'>abire</span> <span class='ocrx_word' id='word_1_356' title='bbox 1011 801 1082 832; x_wconf 82' lang='lat' dir='ltr'>licet,</span> <span class='ocrx_word' id='word_1_357' title='bbox 1373 799 1434 825; x_wconf 86' lang='lat' dir='ltr'>dem</span> <span class='ocrx_word' id='word_1_358' title='bbox 1462 800 1676 834; x_wconf 79' lang='lat' dir='ltr'>quadrifrontem</span> <span class='ocrx_word' id='word_1_359' title='bbox 1702 798 1774 833; x_wconf 85' lang='lat' dir='ltr'>quafi</span> <span class='ocrx_word' id='word_1_360' title='bbox 1800 799 1924 825; x_wconf 84' lang='lat' dir='ltr'>vniuersa</span> <span class='ocrx_word' id='word_1_361' title='bbox 1949 797 2056 825; x_wconf 83' lang='lat' dir='ltr'>climata</span> <span class='ocrx_word' id='word_1_362' title='bbox 2083 797 2218 824; x_wconf 87' lang='lat' dir='ltr'>maiestate</span> <span class='ocrx_word' id='word_1_363' title='bbox 2241 796 2381 831; x_wconf 78' lang='lat' dir='ltr'>complexu</span> <span class='ocrx_word' id='word_1_364' title='bbox 2396 800 2408 819; x_wconf 55' lang='grc' dir='ltr'><strong><em>Ἀ</em></strong></span> 
     </span>
    </p>

    <p class='ocr_par' dir='ltr' id='par_1_9' title="bbox 421 831 2421 874">
     <span class='ocr_line' id='line_1_43' title="bbox 421 831 2421 874; baseline -0.004 -8"><span class='ocrx_word' id='word_1_365' title='bbox 421 840 480 868; x_wconf 87' lang='lat' dir='ltr'>Nec</span> <span class='ocrx_word' id='word_1_366' title='bbox 493 839 620 874; x_wconf 89' lang='lat' dir='ltr'>populum</span> <span class='ocrx_word' id='word_1_367' title='bbox 633 838 793 868; x_wconf 73' lang='lat' dir='ltr'>auscultare,</span> <span class='ocrx_word' id='word_1_368' title='bbox 813 836 855 863; x_wconf 85' lang='lat' dir='ltr'>sed</span> <span class='ocrx_word' id='word_1_369' title='bbox 868 837 931 863; x_wconf 90' lang='lat' dir='ltr'>huic</span> <span class='ocrx_word' id='word_1_370' title='bbox 945 834 1035 862; x_wconf 76' lang='lat' dir='ltr'>suffixa</span> <span class='ocrx_word' id='word_1_371' title='bbox 1048 835 1138 871; x_wconf 85' lang='lat' dir='ltr'>tigillo</span> <span class='ocrx_word' id='word_1_372' title='bbox 1374 834 1459 861; x_wconf 78' lang='lat' dir='ltr'><em>Paullo</em></span> <span class='ocrx_word' id='word_1_373' title='bbox 1478 842 1534 862; x_wconf 83' lang='lat' dir='ltr'>ante</span> <span class='ocrx_word' id='word_1_374' title='bbox 1554 836 1670 867; x_wconf 78' lang='lat' dir='ltr'>dixerat,</span> <span class='ocrx_word' id='word_1_375' title='bbox 1697 833 1761 861; x_wconf 87' lang='lat' dir='ltr'>Ideo</span> <span class='ocrx_word' id='word_1_376' title='bbox 1783 841 1809 861; x_wconf 90' lang='lat' dir='ltr'>et</span> <span class='ocrx_word' id='word_1_377' title='bbox 1827 834 1896 869; x_wconf 89' lang='lat' dir='ltr'>apud</span> <span class='ocrx_word' id='word_1_378' title='bbox 1913 843 1961 860; x_wconf 82' lang='lat' dir='ltr'>nos</span> <span class='ocrx_word' id='word_1_379' title='bbox 1981 834 2009 860; x_wconf 90' lang='lat' dir='ltr'>in</span> <span class='ocrx_word' id='word_1_380' title='bbox 2027 840 2142 869; x_wconf 86' lang='lat' dir='ltr'>quatuor</span> <span class='ocrx_word' id='word_1_381' title='bbox 2158 839 2243 867; x_wconf 82' lang='lat' dir='ltr'>partes</span> <span class='ocrx_word' id='word_1_382' title='bbox 2261 832 2374 867; x_wconf 53' lang='lat' dir='ltr'>spectat,</span> <span class='ocrx_word' id='word_1_383' title='bbox 2398 831 2421 866; x_wconf 50' lang='grc' dir='ltr'>κ’,</span> 
     </span>
    </p>

    <p class='ocr_par' dir='ltr' id='par_1_10' title="bbox 267 862 2440 1088">
     <span class='ocr_line' id='line_1_44' title="bbox 464 862 2423 908; baseline -0.004 -7"><span class='ocrx_word' id='word_1_384' title='bbox 464 876 585 902; x_wconf 87' lang='lat' dir='ltr'>Tantum</span> <span class='ocrx_word' id='word_1_385' title='bbox 598 874 705 908; x_wconf 86' lang='lat' dir='ltr'>operire</span> <span class='ocrx_word' id='word_1_386' title='bbox 718 873 783 900; x_wconf 89' lang='lat' dir='ltr'>soles</span> <span class='ocrx_word' id='word_1_387' title='bbox 795 880 839 899; x_wconf 84' lang='lat' dir='ltr'>aut</span> <span class='ocrx_word' id='word_1_388' title='bbox 854 872 958 907; x_wconf 76' lang='lat' dir='ltr'>aperire</span> <span class='ocrx_word' id='word_1_389' title='bbox 971 872 1090 898; x_wconf 86' lang='lat' dir='ltr'>domum.</span> <span class='ocrx_word' id='word_1_390' title='bbox 1374 869 1533 898; x_wconf 78' lang='lat' dir='ltr'>demonstrat</span> <span class='ocrx_word' id='word_1_391' title='bbox 1552 871 1720 898; x_wconf 74' lang='lat' dir='ltr'>simulacrum</span> <span class='ocrx_word' id='word_1_392' title='bbox 1738 870 1795 896; x_wconf 87' lang='lat' dir='ltr'>eius</span> <span class='ocrx_word' id='word_1_393' title='bbox 1815 870 1914 897; x_wconf 86' lang='lat' dir='ltr'>Faleris</span> <span class='ocrx_word' id='word_1_394' title='bbox 1933 869 2083 896; x_wconf 64' lang='lat' dir='ltr'>adueumn.</span> <span class='ocrx_word' id='word_1_395' title='bbox 2150 868 2244 895; x_wconf 81' lang='lat' dir='ltr'>Custos</span> <span class='ocrx_word' id='word_1_396' title='bbox 2260 862 2331 902; x_wconf 59' lang='lat' dir='ltr'>pacis)</span> <span class='ocrx_word' id='word_1_397' title='bbox 2351 867 2423 899; x_wconf 48' lang='lat' dir='ltr'>Hoss,</span> 
     </span>
     <span class='ocr_line' id='line_1_45' title="bbox 267 898 2437 943; baseline -0.003 -4"><span class='ocrx_word' id='word_1_398' title='bbox 267 913 309 942; x_wconf 78' lang='lat' dir='ltr'>Sic</span> <span class='ocrx_word' id='word_1_399' title='bbox 320 911 401 940; x_wconf 87' lang='lat' dir='ltr'>Ouid.</span> <span class='ocrx_word' id='word_1_400' title='bbox 417 911 481 937; x_wconf 82' lang='lat' dir='ltr'>Fast.</span> <span class='ocrx_word' id='word_1_401' title='bbox 501 920 519 941; x_wconf 89' lang='lat'>1,</span> <span class='ocrx_word' id='word_1_402' title='bbox 534 919 573 943; x_wconf 77' lang='lat'>135</span> <span class='ocrx_word' id='word_1_403' title='bbox 612 910 707 937; x_wconf 88' lang='lat' dir='ltr'>Omnis</span> <span class='ocrx_word' id='word_1_404' title='bbox 728 908 807 935; x_wconf 72' lang='lat' dir='ltr'>habet</span> <span class='ocrx_word' id='word_1_405' title='bbox 828 909 946 942; x_wconf 86' lang='lat' dir='ltr'>geminas</span> <span class='ocrx_word' id='word_1_406' title='bbox 969 907 1031 934; x_wconf 87' lang='lat' dir='ltr'>hinc</span> <span class='ocrx_word' id='word_1_407' title='bbox 1049 913 1128 943; x_wconf 87' lang='lat' dir='ltr'>atque</span> <span class='ocrx_word' id='word_1_408' title='bbox 1151 905 1213 932; x_wconf 86' lang='lat' dir='ltr'>hinc</span> <span class='ocrx_word' id='word_1_409' title='bbox 1234 905 1357 934; x_wconf 74' lang='lat' dir='ltr'>ianuazo</span> <span class='ocrx_word' id='word_1_410' title='bbox 1374 906 1454 941; x_wconf 89' lang='lat' dir='ltr'>Epist.</span> <span class='ocrx_word' id='word_1_411' title='bbox 1477 915 1501 938; x_wconf 77' lang='lat'>2,</span> <span class='ocrx_word' id='word_1_412' title='bbox 1527 915 1547 939; x_wconf 84' lang='lat'>1,</span> <span class='ocrx_word' id='word_1_413' title='bbox 1568 915 1623 940; x_wconf 76' lang='lat'>233.</span> <span class='ocrx_word' id='word_1_414' title='bbox 1704 906 1824 940; x_wconf 85' lang='lat' dir='ltr'>Ancipiti</span> <span class='ocrx_word' id='word_1_415' title='bbox 1845 905 1981 932; x_wconf 86' lang='lat' dir='ltr'>mirandus</span> <span class='ocrx_word' id='word_1_416' title='bbox 2006 905 2122 941; x_wconf 79' lang='lat' dir='ltr'>imagine</span> <span class='ocrx_word' id='word_1_417' title='bbox 2154 904 2235 931; x_wconf 87' lang='lat' dir='ltr'>Ouid.</span> <span class='ocrx_word' id='word_1_418' title='bbox 2254 903 2320 930; x_wconf 76' lang='lat' dir='ltr'>Fast.</span> <span class='ocrx_word' id='word_1_419' title='bbox 2342 911 2361 934; x_wconf 90' lang='lat'>1,</span> <span class='ocrx_word' id='word_1_420' title='bbox 2387 898 2437 931; x_wconf 47' lang='lat' dir='ltr'>„A</span> 
     </span>
     <span class='ocr_line' id='line_1_46' title="bbox 267 937 2437 981; baseline -0.006 -2"><span class='ocrx_word' id='word_1_421' title='bbox 267 950 383 979; x_wconf 85' lang='lat' dir='ltr'>frontes,</span> <span class='ocrx_word' id='word_1_422' title='bbox 402 948 421 973; x_wconf 82' lang='grc' dir='ltr'>Ε</span> <span class='ocrx_word' id='word_1_423' title='bbox 435 946 534 981; x_wconf 68' lang='lat' dir='ltr'>quibus</span> <span class='ocrx_word' id='word_1_424' title='bbox 547 945 611 972; x_wconf 65' lang='lat' dir='ltr'>haec</span> <span class='ocrx_word' id='word_1_425' title='bbox 633 945 762 980; x_wconf 77' lang='lat' dir='ltr'>populum</span> <span class='ocrx_word' id='word_1_426' title='bbox 776 945 885 980; x_wconf 60' lang='lat' dir='ltr'>speoat,</span> <span class='ocrx_word' id='word_1_427' title='bbox 897 950 922 971; x_wconf 87' lang='lat' dir='ltr'>at</span> <span class='ocrx_word' id='word_1_428' title='bbox 939 943 986 969; x_wconf 86' lang='lat' dir='ltr'>illa</span> <span class='ocrx_word' id='word_1_429' title='bbox 1003 943 1094 970; x_wconf 87' lang='lat' dir='ltr'>larem.</span> <span class='ocrx_word' id='word_1_430' title='bbox 1166 943 1220 970; x_wconf 89' lang='lat' dir='ltr'>Cic.</span> <span class='ocrx_word' id='word_1_431' title='bbox 1235 943 1314 969; x_wconf 81' lang='lat' dir='ltr'>Verr.</span> <span class='ocrx_word' id='word_1_432' title='bbox 1375 939 1396 979; x_wconf 59' lang='grc' dir='ltr'><strong>Ἴ</strong></span> <span class='ocrx_word' id='word_1_433' title='bbox 1417 950 1434 968; x_wconf 79' lang='lat' dir='ltr'>z</span> <span class='ocrx_word' id='word_1_434' title='bbox 1469 942 1653 970; x_wconf 87' lang='lat' dir='ltr'>Tranfitiones</span> <span class='ocrx_word' id='word_1_435' title='bbox 1673 943 1780 977; x_wconf 86' lang='lat' dir='ltr'>peruiae</span> <span class='ocrx_word' id='word_1_436' title='bbox 1802 942 1876 975; x_wconf 87' lang='lat' dir='ltr'>Iani,</span> <span class='ocrx_word' id='word_1_437' title='bbox 1895 941 2020 976; x_wconf 85' lang='lat' dir='ltr'>foresque</span> <span class='ocrx_word' id='word_1_438' title='bbox 2041 942 2070 967; x_wconf 90' lang='lat' dir='ltr'>in</span> <span class='ocrx_word' id='word_1_439' title='bbox 2089 940 2228 968; x_wconf 85' lang='lat' dir='ltr'>liminibus</span> <span class='ocrx_word' id='word_1_440' title='bbox 2248 937 2437 974; x_wconf 39' lang='lat' dir='ltr'>profanam?</span> 
     </span>
     <span class='ocr_line' id='line_1_47' title="bbox 269 974 2437 1017; baseline -0.005 -7"><span class='ocrx_word' id='word_1_441' title='bbox 269 993 290 1017; x_wconf 91' lang='lat'>1,</span> <span class='ocrx_word' id='word_1_442' title='bbox 302 987 335 1010; x_wconf 91' lang='lat'>66</span> <span class='ocrx_word' id='word_1_443' title='bbox 367 983 454 1010; x_wconf 84' lang='lat' dir='ltr'>Seruis</span> <span class='ocrx_word' id='word_1_444' title='bbox 475 983 526 1008; x_wconf 88' lang='lat' dir='ltr'>suis</span> <span class='ocrx_word' id='word_1_445' title='bbox 540 981 658 1008; x_wconf 87' lang='lat' dir='ltr'>Rubrius</span> <span class='ocrx_word' id='word_1_446' title='bbox 673 987 702 1008; x_wconf 86' lang='lat' dir='ltr'>vt</span> <span class='ocrx_word' id='word_1_447' title='bbox 722 982 828 1008; x_wconf 82' lang='lat' dir='ltr'>ianuam</span> <span class='ocrx_word' id='word_1_448' title='bbox 842 979 1007 1007; x_wconf 85' lang='lat' dir='ltr'>clauderent,</span> <span class='ocrx_word' id='word_1_449' title='bbox 1027 985 1053 1006; x_wconf 84' lang='lat' dir='ltr'>et</span> <span class='ocrx_word' id='word_1_450' title='bbox 1067 979 1113 1014; x_wconf 82' lang='lat' dir='ltr'>ipfi</span> <span class='ocrx_word' id='word_1_451' title='bbox 1127 978 1159 1005; x_wconf 76' lang='lat' dir='ltr'>ad</span> <span class='ocrx_word' id='word_1_452' title='bbox 1176 979 1248 1004; x_wconf 89' lang='lat' dir='ltr'>fores</span> <span class='ocrx_word' id='word_1_453' title='bbox 1261 977 1315 1004; x_wconf 85' lang='lat' dir='ltr'>alli·</span> <span class='ocrx_word' id='word_1_454' title='bbox 1375 976 1480 1004; x_wconf 84' lang='lat' dir='ltr'>aedium</span> <span class='ocrx_word' id='word_1_455' title='bbox 1494 978 1587 1005; x_wconf 84' lang='lat' dir='ltr'>ianuae</span> <span class='ocrx_word' id='word_1_456' title='bbox 1600 979 1774 1005; x_wconf 76' lang='lat' dir='ltr'>nominantur</span> <span class='ocrx_word' id='word_1_457' title='bbox 1786 978 1842 1004; x_wconf 87' lang='lat' dir='ltr'>Cic.</span> <span class='ocrx_word' id='word_1_458' title='bbox 1856 977 1888 1003; x_wconf 90' lang='lat' dir='ltr'>de</span> <span class='ocrx_word' id='word_1_459' title='bbox 1902 977 1938 1003; x_wconf 92' lang='lat' dir='ltr'>N.</span> <span class='ocrx_word' id='word_1_460' title='bbox 1953 978 1984 1003; x_wconf 90' lang='lat' dir='ltr'>D.</span> <span class='ocrx_word' id='word_1_461' title='bbox 1997 986 2022 1009; x_wconf 86' lang='lat'>2,</span> <span class='ocrx_word' id='word_1_462' title='bbox 2035 979 2070 1012; x_wconf 88' lang='lat'>67</span> <span class='ocrx_word' id='word_1_463' title='bbox 2083 986 2103 1002; x_wconf 89' lang='lat' dir='ltr'>c.</span> <span class='ocrx_word' id='word_1_464' title='bbox 2117 984 2157 1011; x_wconf 88' lang='lat'>27.</span> <span class='ocrx_word' id='word_1_465' title='bbox 2198 977 2274 1003; x_wconf 66' lang='lat' dir='ltr'>Tales*</span> <span class='ocrx_word' id='word_1_466' title='bbox 2285 975 2348 1011; x_wconf 83' lang='lat' dir='ltr'>sunt</span> <span class='ocrx_word' id='word_1_467' title='bbox 2360 974 2394 1001; x_wconf 85' lang='lat' dir='ltr'>Li</span> <span class='ocrx_word' id='word_1_468' title='bbox 2410 978 2437 1000; x_wconf 73' lang='grc' dir='ltr'>”-ἰ</span> 
     </span>
     <span class='ocr_line' id='line_1_48' title="bbox 268 1010 2440 1053; baseline -0.005 -6"><span class='ocrx_word' id='word_1_469' title='bbox 268 1020 365 1047; x_wconf 88' lang='lat' dir='ltr'>sterent</span> <span class='ocrx_word' id='word_1_470' title='bbox 387 1019 509 1053; x_wconf 86' lang='lat' dir='ltr'>imperat.</span> <span class='ocrx_word' id='word_1_471' title='bbox 536 1018 594 1044; x_wconf 81' lang='lat' dir='ltr'>Vid.</span> <span class='ocrx_word' id='word_1_472' title='bbox 619 1024 733 1044; x_wconf 74' lang='lat' dir='ltr'>IANVS.</span> <span class='ocrx_word' id='word_1_473' title='bbox 803 1017 912 1043; x_wconf 86' lang='lat' dir='ltr'>Ianuam</span> <span class='ocrx_word' id='word_1_474' title='bbox 924 1022 947 1041; x_wconf 80' lang='lat' dir='ltr'>et</span> <span class='ocrx_word' id='word_1_475' title='bbox 960 1014 1064 1042; x_wconf 86' lang='lat' dir='ltr'>Ostium</span> <span class='ocrx_word' id='word_1_476' title='bbox 1078 1023 1128 1050; x_wconf 83' lang='lat' dir='ltr'>pro</span> <span class='ocrx_word' id='word_1_477' title='bbox 1147 1014 1224 1040; x_wconf 75' lang='lat' dir='ltr'>codem</span> <span class='ocrx_word' id='word_1_478' title='bbox 1238 1015 1315 1048; x_wconf 80' lang='lat' dir='ltr'>ponit</span> <span class='ocrx_word' id='word_1_479' title='bbox 1375 1022 1417 1046; x_wconf 83' lang='lat'>41,</span> <span class='ocrx_word' id='word_1_480' title='bbox 1430 1021 1458 1045; x_wconf 81' lang='lat'>32</span> <span class='ocrx_word' id='word_1_481' title='bbox 1477 1014 1586 1041; x_wconf 88' lang='lat' dir='ltr'>Fuluius</span> <span class='ocrx_word' id='word_1_482' title='bbox 1606 1014 1705 1041; x_wconf 89' lang='lat' dir='ltr'>locauit</span> <span class='ocrx_word' id='word_1_483' title='bbox 1722 1013 1813 1040; x_wconf 81' lang='lat' dir='ltr'>forum</span> <span class='ocrx_word' id='word_1_484' title='bbox 1828 1013 1976 1048; x_wconf 88' lang='lat' dir='ltr'>porticibus</span> <span class='ocrx_word' id='word_1_485' title='bbox 1995 1012 2165 1047; x_wconf 77' lang='lat' dir='ltr'>tabernisque</span> <span class='ocrx_word' id='word_1_486' title='bbox 2186 1010 2376 1044; x_wconf 84' lang='lat' dir='ltr'>claudendum,</span> <span class='ocrx_word' id='word_1_487' title='bbox 2400 1012 2440 1041; x_wconf 55' lang='lat' dir='ltr'>-ff</span> 
     </span>
     <span class='ocr_line' id='line_1_49' title="bbox 268 1047 2438 1088; baseline -0.006 -6"><span class='ocrx_word' id='word_1_488' title='bbox 268 1057 324 1083; x_wconf 88' lang='lat' dir='ltr'>Cic.</span> <span class='ocrx_word' id='word_1_489' title='bbox 339 1054 371 1081; x_wconf 90' lang='lat' dir='ltr'>de</span> <span class='ocrx_word' id='word_1_490' title='bbox 384 1055 461 1082; x_wconf 66' lang='lat' dir='ltr'>Orat.</span> <span class='ocrx_word' id='word_1_491' title='bbox 472 1063 496 1084; x_wconf 87' lang='lat'>2,</span> <span class='ocrx_word' id='word_1_492' title='bbox 509 1055 571 1088; x_wconf 81' lang='lat'>276.</span> <span class='ocrx_word' id='word_1_493' title='bbox 638 1053 711 1079; x_wconf 83' lang='lat' dir='ltr'>Idem</span> <span class='ocrx_word' id='word_1_494' title='bbox 727 1052 757 1078; x_wconf 89' lang='lat' dir='ltr'>de</span> <span class='ocrx_word' id='word_1_495' title='bbox 774 1053 848 1079; x_wconf 84' lang='lat' dir='ltr'>Orat.</span> <span class='ocrx_word' id='word_1_496' title='bbox 863 1061 882 1082; x_wconf 89' lang='lat'>1,</span> <span class='ocrx_word' id='word_1_497' title='bbox 896 1059 948 1078; x_wconf 87' lang='lat'>200</span> <span class='ocrx_word' id='word_1_498' title='bbox 972 1052 1026 1084; x_wconf 77' lang='lat' dir='ltr'>Ql.</span> <span class='ocrx_word' id='word_1_499' title='bbox 1040 1050 1125 1077; x_wconf 86' lang='lat' dir='ltr'>Mucii</span> <span class='ocrx_word' id='word_1_500' title='bbox 1139 1050 1217 1076; x_wconf 89' lang='lat' dir='ltr'>ianua</span> <span class='ocrx_word' id='word_1_501' title='bbox 1232 1055 1256 1075; x_wconf 90' lang='lat' dir='ltr'>et</span> <span class='ocrx_word' id='word_1_502' title='bbox 1270 1057 1314 1074; x_wconf 84' lang='lat' dir='ltr'>ve-</span> <span class='ocrx_word' id='word_1_503' title='bbox 1375 1049 1452 1075; x_wconf 80' lang='lat' dir='ltr'>Ianos</span> <span class='ocrx_word' id='word_1_504' title='bbox 1465 1054 1517 1076; x_wconf 77' lang='lat' dir='ltr'>tres</span> <span class='ocrx_word' id='word_1_505' title='bbox 1529 1050 1672 1078; x_wconf 83' lang='lat' dir='ltr'>faciendos.</span> <span class='ocrx_word' id='word_1_506' title='bbox 1707 1052 1744 1076; x_wconf 80' lang='lat' dir='ltr'>De</span> <span class='ocrx_word' id='word_1_507' title='bbox 1758 1058 1900 1085; x_wconf 81' lang='lat' dir='ltr'>quacunque</span> <span class='ocrx_word' id='word_1_508' title='bbox 1914 1049 1972 1075; x_wconf 84' lang='lat' dir='ltr'>urbe</span> <span class='ocrx_word' id='word_1_509' title='bbox 1985 1049 2067 1084; x_wconf 80' lang='lat' dir='ltr'>sermo</span> <span class='ocrx_word' id='word_1_510' title='bbox 2079 1048 2112 1082; x_wconf 80' lang='lat' dir='ltr'>fit</span> <span class='ocrx_word' id='word_1_511' title='bbox 2123 1068 2131 1081; x_wconf 83' lang='lat'>‚</span> <span class='ocrx_word' id='word_1_512' title='bbox 2151 1047 2216 1083; x_wconf 79' lang='lat' dir='ltr'>quod</span> <span class='ocrx_word' id='word_1_513' title='bbox 2234 1047 2326 1073; x_wconf 79' lang='lat' dir='ltr'>in⁴loco</span> <span class='ocrx_word' id='word_1_514' title='bbox 2338 1048 2438 1077; x_wconf 55' lang='lat' dir='ltr'>muttf&#39;».</span> 
     </span>
    </p>
   </div>
   <div class='ocr_carea' id='block_1_7' title="bbox 251 1082 2479 2296">
    <p class='ocr_par' dir='ltr' id='par_1_11' title="bbox 251 1082 2479 2296">
     <span class='ocr_line' id='line_1_50' title="bbox 268 1082 2441 1124; baseline -0.004 -7"><span class='ocrx_word' id='word_1_515' title='bbox 268 1091 413 1123; x_wconf 81' lang='lat' dir='ltr'>ssibulum,</span> <span class='ocrx_word' id='word_1_516' title='bbox 426 1089 500 1124; x_wconf 90' lang='lat' dir='ltr'>quod</span> <span class='ocrx_word' id='word_1_517' title='bbox 512 1097 558 1115; x_wconf 81' lang='lat' dir='ltr'>etc.</span> <span class='ocrx_word' id='word_1_518' title='bbox 583 1090 697 1115; x_wconf 82' lang='lat' dir='ltr'>maxima</span> <span class='ocrx_word' id='word_1_519' title='bbox 717 1088 840 1122; x_wconf 87' lang='lat' dir='ltr'>quotidie</span> <span class='ocrx_word' id='word_1_520' title='bbox 861 1087 1012 1122; x_wconf 81' lang='lat' dir='ltr'>frequentia</span> <span class='ocrx_word' id='word_1_521' title='bbox 1030 1086 1131 1112; x_wconf 87' lang='lat' dir='ltr'>ciuium</span> <span class='ocrx_word' id='word_1_522' title='bbox 1150 1094 1179 1112; x_wconf 84' lang='lat' dir='ltr'>ac</span> <span class='ocrx_word' id='word_1_523' title='bbox 1201 1087 1315 1111; x_wconf 87' lang='lat' dir='ltr'>summo-</span> <span class='ocrx_word' id='word_1_524' title='bbox 1332 1091 1363 1117; x_wconf 77' lang='lat'>25</span> <span class='ocrx_word' id='word_1_525' title='bbox 1374 1082 1519 1118; x_wconf 84' lang='lat' dir='ltr'>constituere</span> <span class='ocrx_word' id='word_1_526' title='bbox 1543 1096 1592 1112; x_wconf 82' lang='lat' dir='ltr'>non</span> <span class='ocrx_word' id='word_1_527' title='bbox 1612 1085 1751 1122; x_wconf 77' lang='lat' dir='ltr'>expeditum</span> <span class='ocrx_word' id='word_1_528' title='bbox 1777 1083 1809 1118; x_wconf 65' lang='lat' dir='ltr'>est</span> <span class='ocrx_word' id='word_1_529' title='bbox 1824 1104 1831 1116; x_wconf 89' lang='lat'>,</span> <span class='ocrx_word' id='word_1_530' title='bbox 1851 1084 1913 1110; x_wconf 84' lang='lat' dir='ltr'>illud</span> <span class='ocrx_word' id='word_1_531' title='bbox 1933 1084 2098 1120; x_wconf 70' lang='lat' dir='ltr'>obstruemus,</span> <span class='ocrx_word' id='word_1_532' title='bbox 2125 1084 2226 1109; x_wconf 90' lang='lat' dir='ltr'>Forum</span> <span class='ocrx_word' id='word_1_533' title='bbox 2241 1082 2330 1109; x_wconf 82' lang='lat' dir='ltr'>claudi</span> <span class='ocrx_word' id='word_1_534' title='bbox 2342 1083 2414 1117; x_wconf 73' lang='grc' dir='ltr'>ραι-ι’.</span> <span class='ocrx_word' id='word_1_535' title='bbox 2434 1102 2441 1116; x_wconf 60' lang='grc'><em>,</em></span> 
     </span>
     <span class='ocr_line' id='line_1_51' title="bbox 268 1118 2435 1160; baseline -0.004 -7"><span class='ocrx_word' id='word_1_536' title='bbox 268 1136 330 1155; x_wconf 88' lang='lat' dir='ltr'>rum</span> <span class='ocrx_word' id='word_1_537' title='bbox 343 1125 481 1160; x_wconf 82' lang='lat' dir='ltr'>splendore</span> <span class='ocrx_word' id='word_1_538' title='bbox 493 1124 637 1151; x_wconf 84' lang='lat' dir='ltr'>hominum</span> <span class='ocrx_word' id='word_1_539' title='bbox 655 1125 849 1158; x_wconf 67' lang='lat' dir='ltr'>frequentatur.</span> <span class='ocrx_word' id='word_1_540' title='bbox 920 1122 1012 1148; x_wconf 85' lang='lat' dir='ltr'>Animi</span> <span class='ocrx_word' id='word_1_541' title='bbox 1028 1122 1107 1149; x_wconf 85' lang='lat' dir='ltr'>ianua</span> <span class='ocrx_word' id='word_1_542' title='bbox 1120 1122 1194 1148; x_wconf 87' lang='lat' dir='ltr'>frons</span> <span class='ocrx_word' id='word_1_543' title='bbox 1209 1121 1245 1147; x_wconf 84' lang='lat' dir='ltr'>est</span> <span class='ocrx_word' id='word_1_544' title='bbox 1259 1122 1313 1153; x_wconf 82' lang='lat' dir='ltr'>Qi.</span> <span class='ocrx_word' id='word_1_545' title='bbox 1377 1120 1451 1146; x_wconf 91' lang='lat' dir='ltr'>cibus</span> <span class='ocrx_word' id='word_1_546' title='bbox 1462 1129 1491 1147; x_wconf 87' lang='lat' dir='ltr'>ac</span> <span class='ocrx_word' id='word_1_547' title='bbox 1504 1120 1621 1148; x_wconf 75' lang='lat' dir='ltr'>tabernis</span> <span class='ocrx_word' id='word_1_548' title='bbox 1634 1125 1728 1148; x_wconf 85' lang='lat' dir='ltr'>circum</span> <span class='ocrx_word' id='word_1_549' title='bbox 1742 1119 1897 1156; x_wconf 79' lang='lat' dir='ltr'>aedificatis,</span> <span class='ocrx_word' id='word_1_550' title='bbox 1918 1127 1947 1146; x_wconf 77' lang='lat' dir='ltr'>vt</span> <span class='ocrx_word' id='word_1_551' title='bbox 1959 1129 2046 1146; x_wconf 83' lang='lat' dir='ltr'>cauum</span> <span class='ocrx_word' id='word_1_552' title='bbox 2059 1118 2175 1155; x_wconf 78' lang='lat' dir='ltr'>quiddam</span> <span class='ocrx_word' id='word_1_553' title='bbox 2189 1120 2346 1152; x_wconf 79' lang='lat' dir='ltr'>obtineatur,</span> <span class='ocrx_word' id='word_1_554' title='bbox 2357 1119 2435 1144; x_wconf 60' lang='grc' dir='ltr'>ὑπ’</span> 
     </span>
     <span class='ocr_line' id='line_1_52' title="bbox 270 1154 2439 1193; baseline -0.004 -4"><span class='ocrx_word' id='word_1_555' title='bbox 270 1163 328 1190; x_wconf 87' lang='lat' dir='ltr'>Cic.</span> <span class='ocrx_word' id='word_1_556' title='bbox 347 1162 379 1188; x_wconf 87' lang='lat' dir='ltr'>de</span> <span class='ocrx_word' id='word_1_557' title='bbox 401 1162 453 1188; x_wconf 83' lang='lat' dir='ltr'>Pet.</span> <span class='ocrx_word' id='word_1_558' title='bbox 466 1161 543 1187; x_wconf 80' lang='lat' dir='ltr'>Cous.</span> <span class='ocrx_word' id='word_1_559' title='bbox 562 1169 583 1186; x_wconf 89' lang='lat' dir='ltr'>c.</span> <span class='ocrx_word' id='word_1_560' title='bbox 599 1168 632 1186; x_wconf 94' lang='lat'>11.</span> <span class='ocrx_word' id='word_1_561' title='bbox 705 1159 836 1193; x_wconf 85' lang='lat' dir='ltr'>Adaperta</span> <span class='ocrx_word' id='word_1_562' title='bbox 861 1157 942 1185; x_wconf 90' lang='lat' dir='ltr'>Ouid.</span> <span class='ocrx_word' id='word_1_563' title='bbox 957 1158 1022 1184; x_wconf 87' lang='lat' dir='ltr'>Met.</span> <span class='ocrx_word' id='word_1_564' title='bbox 1042 1167 1078 1191; x_wconf 68' lang='lat'>14,</span> <span class='ocrx_word' id='word_1_565' title='bbox 1098 1165 1161 1192; x_wconf 83' lang='lat'>740.</span> <span class='ocrx_word' id='word_1_566' title='bbox 1231 1156 1313 1183; x_wconf 87' lang='lat' dir='ltr'>Semi·</span> <span class='ocrx_word' id='word_1_567' title='bbox 1375 1157 1441 1187; x_wconf 80' lang='lat' dir='ltr'>alia,</span> <span class='ocrx_word' id='word_1_568' title='bbox 1456 1158 1583 1184; x_wconf 81' lang='lat' dir='ltr'>orantibus</span> <span class='ocrx_word' id='word_1_569' title='bbox 1596 1161 1623 1183; x_wconf 85' lang='lat' dir='ltr'>in</span> <span class='ocrx_word' id='word_1_570' title='bbox 1634 1157 1715 1193; x_wconf 86' lang='lat' dir='ltr'>foro,</span> <span class='ocrx_word' id='word_1_571' title='bbox 1729 1156 1843 1192; x_wconf 79' lang='lat' dir='ltr'>causasue</span> <span class='ocrx_word' id='word_1_572' title='bbox 1860 1155 2004 1192; x_wconf 71' lang='lat' dir='ltr'>agentibus,</span> <span class='ocrx_word' id='word_1_573' title='bbox 2018 1158 2122 1190; x_wconf 75' lang='lat' dir='ltr'>itemque</span> <span class='ocrx_word' id='word_1_574' title='bbox 2134 1154 2287 1190; x_wconf 76' lang='lat' dir='ltr'>speH&#39;aculis</span> <span class='ocrx_word' id='word_1_575' title='bbox 2299 1155 2369 1180; x_wconf 83' lang='lat' dir='ltr'>varii</span> <span class='ocrx_word' id='word_1_576' title='bbox 2390 1159 2422 1186; x_wconf 66' lang='lat'>17-</span> <span class='ocrx_word' id='word_1_577' title='bbox 2431 1170 2439 1180; x_wconf 76' lang='lat'>·.</span> 
     </span>
     <span class='ocr_line' id='line_1_53' title="bbox 269 1189 2434 1232; baseline -0.004 -8"><span class='ocrx_word' id='word_1_578' title='bbox 269 1199 391 1232; x_wconf 82' lang='lat' dir='ltr'>adaperta</span> <span class='ocrx_word' id='word_1_579' title='bbox 410 1198 482 1223; x_wconf 86' lang='lat' dir='ltr'>Idem</span> <span class='ocrx_word' id='word_1_580' title='bbox 496 1196 586 1222; x_wconf 86' lang='lat' dir='ltr'>Amor.</span> <span class='ocrx_word' id='word_1_581' title='bbox 601 1204 620 1226; x_wconf 90' lang='lat'>1,</span> <span class='ocrx_word' id='word_1_582' title='bbox 634 1197 658 1226; x_wconf 88' lang='lat'>6,</span> <span class='ocrx_word' id='word_1_583' title='bbox 673 1205 695 1225; x_wconf 77' lang='lat'>4·</span> <span class='ocrx_word' id='word_1_584' title='bbox 767 1195 860 1221; x_wconf 88' lang='lat' dir='ltr'>Clausa</span> <span class='ocrx_word' id='word_1_585' title='bbox 887 1194 925 1220; x_wconf 88' lang='lat' dir='ltr'>Id.</span> <span class='ocrx_word' id='word_1_586' title='bbox 942 1194 1034 1224; x_wconf 82' lang='lat' dir='ltr'>Amor.</span> <span class='ocrx_word' id='word_1_587' title='bbox 1054 1202 1081 1226; x_wconf 81' lang='lat'>2,</span> <span class='ocrx_word' id='word_1_588' title='bbox 1100 1203 1120 1226; x_wconf 92' lang='lat'>1,</span> <span class='ocrx_word' id='word_1_589' title='bbox 1134 1202 1176 1221; x_wconf 88' lang='lat'>20.</span> <span class='ocrx_word' id='word_1_590' title='bbox 1248 1191 1315 1218; x_wconf 86' lang='lat' dir='ltr'>Plin.</span> <span class='ocrx_word' id='word_1_591' title='bbox 1376 1194 1444 1218; x_wconf 86' lang='lat' dir='ltr'>neris</span> <span class='ocrx_word' id='word_1_592' title='bbox 1458 1193 1614 1219; x_wconf 84' lang='lat' dir='ltr'>commodum.</span> <span class='ocrx_word' id='word_1_593' title='bbox 1652 1194 1740 1228; x_wconf 80' lang='lat' dir='ltr'>Itaque</span> <span class='ocrx_word' id='word_1_594' title='bbox 1749 1195 1890 1227; x_wconf 71' lang='lat' dir='ltr'>platearum</span> <span class='ocrx_word' id='word_1_595' title='bbox 1903 1191 1987 1218; x_wconf 77' lang='lat' dir='ltr'>aditus</span> <span class='ocrx_word' id='word_1_596' title='bbox 2001 1198 2114 1226; x_wconf 79' lang='lat' dir='ltr'>exparte</span> <span class='ocrx_word' id='word_1_597' title='bbox 2125 1189 2286 1223; x_wconf 81' lang='lat' dir='ltr'>obstruuntur</span> <span class='ocrx_word' id='word_1_598' title='bbox 2294 1195 2341 1224; x_wconf 82' lang='lat' dir='ltr'>per</span> <span class='ocrx_word' id='word_1_599' title='bbox 2349 1189 2405 1216; x_wconf 79' lang='lat' dir='ltr'>Ian</span> <span class='ocrx_word' id='word_1_600' title='bbox 2418 1204 2434 1225; x_wconf 58' lang='lat'>2:</span> 
     </span>
     <span class='ocr_line' id='line_1_54' title="bbox 269 1226 2430 1268; baseline -0.003 -8"><span class='ocrx_word' id='word_1_601' title='bbox 269 1234 347 1268; x_wconf 82' lang='lat' dir='ltr'>Epist.</span> <span class='ocrx_word' id='word_1_602' title='bbox 364 1242 383 1265; x_wconf 85' lang='lat'>1,</span> <span class='ocrx_word' id='word_1_603' title='bbox 397 1237 422 1262; x_wconf 87' lang='lat'>18</span> <span class='ocrx_word' id='word_1_604' title='bbox 457 1232 506 1258; x_wconf 89' lang='lat' dir='ltr'>Illa</span> <span class='ocrx_word' id='word_1_605' title='bbox 525 1231 597 1257; x_wconf 67' lang='lat' dir='ltr'>aetio</span> <span class='ocrx_word' id='word_1_606' title='bbox 611 1230 681 1257; x_wconf 88' lang='lat' dir='ltr'>mihi</span> <span class='ocrx_word' id='word_1_607' title='bbox 695 1239 769 1257; x_wconf 86' lang='lat' dir='ltr'>aures</span> <span class='ocrx_word' id='word_1_608' title='bbox 781 1231 940 1262; x_wconf 88' lang='lat' dir='ltr'>hominum,</span> <span class='ocrx_word' id='word_1_609' title='bbox 958 1229 1004 1256; x_wconf 88' lang='lat' dir='ltr'>illa</span> <span class='ocrx_word' id='word_1_610' title='bbox 1018 1229 1125 1255; x_wconf 86' lang='lat' dir='ltr'>ianuam</span> <span class='ocrx_word' id='word_1_611' title='bbox 1138 1229 1233 1255; x_wconf 82' lang='lat' dir='ltr'>Famae</span> <span class='ocrx_word' id='word_1_612' title='bbox 1246 1233 1315 1262; x_wconf 85' lang='lat' dir='ltr'>pate-</span> <span class='ocrx_word' id='word_1_613' title='bbox 1376 1228 1449 1260; x_wconf 87' lang='lat' dir='ltr'>illos,</span> <span class='ocrx_word' id='word_1_614' title='bbox 1473 1231 1501 1254; x_wconf 87' lang='lat' dir='ltr'>in</span> <span class='ocrx_word' id='word_1_615' title='bbox 1518 1229 1605 1264; x_wconf 80' lang='lat' dir='ltr'>quibus</span> <span class='ocrx_word' id='word_1_616' title='bbox 1623 1228 1690 1255; x_wconf 85' lang='lat' dir='ltr'>modo</span> <span class='ocrx_word' id='word_1_617' title='bbox 1709 1234 1807 1254; x_wconf 83' lang='lat' dir='ltr'>tantum</span> <span class='ocrx_word' id='word_1_618' title='bbox 1827 1230 1908 1263; x_wconf 80' lang='lat' dir='ltr'>aperti</span> <span class='ocrx_word' id='word_1_619' title='bbox 1920 1227 2004 1263; x_wconf 81' lang='lat' dir='ltr'>spatii</span> <span class='ocrx_word' id='word_1_620' title='bbox 2017 1226 2098 1259; x_wconf 75' lang='lat' dir='ltr'>instar</span> <span class='ocrx_word' id='word_1_621' title='bbox 2111 1233 2262 1262; x_wconf 82' lang='lat' dir='ltr'>portarum,</span> <span class='ocrx_word' id='word_1_622' title='bbox 2281 1231 2385 1252; x_wconf 78' lang='lat' dir='ltr'>ornatur</span> <span class='ocrx_word' id='word_1_623' title='bbox 2396 1227 2406 1256; x_wconf 56' lang='lat' dir='ltr'><em>j</em></span> <span class='ocrx_word' id='word_1_624' title='bbox 2425 1231 2430 1253; x_wconf 74' lang='lat'>1</span> 
     </span>
     <span class='ocr_line' id='line_1_55' title="bbox 268 1259 2433 1300; baseline -0.004 -6"><span class='ocrx_word' id='word_1_625' title='bbox 268 1270 340 1296; x_wconf 87' lang='lat' dir='ltr'>fecit.</span> <span class='ocrx_word' id='word_1_626' title='bbox 411 1268 501 1293; x_wconf 87' lang='lat' dir='ltr'>Firma</span> <span class='ocrx_word' id='word_1_627' title='bbox 525 1266 609 1294; x_wconf 90' lang='lat' dir='ltr'>Ouid.</span> <span class='ocrx_word' id='word_1_628' title='bbox 623 1267 715 1293; x_wconf 82' lang='lat' dir='ltr'>Amor.</span> <span class='ocrx_word' id='word_1_629' title='bbox 730 1275 755 1298; x_wconf 85' lang='lat'>2,</span> <span class='ocrx_word' id='word_1_630' title='bbox 770 1275 808 1299; x_wconf 86' lang='lat'>12,</span> <span class='ocrx_word' id='word_1_631' title='bbox 821 1275 844 1298; x_wconf 78' lang='lat'>3.</span> <span class='ocrx_word' id='word_1_632' title='bbox 917 1265 989 1292; x_wconf 78' lang='lat' dir='ltr'>Laxa</span> <span class='ocrx_word' id='word_1_633' title='bbox 1011 1265 1126 1297; x_wconf 86' lang='lat' dir='ltr'>ferenti,</span> <span class='ocrx_word' id='word_1_634' title='bbox 1145 1264 1208 1291; x_wconf 82' lang='lat' dir='ltr'>suda</span> <span class='ocrx_word' id='word_1_635' title='bbox 1226 1262 1316 1289; x_wconf 88' lang='lat' dir='ltr'>oranti</span> <span class='ocrx_word' id='word_1_636' title='bbox 1333 1263 1516 1299; x_wconf 70' lang='lat' dir='ltr'>30Jplendide,</span> <span class='ocrx_word' id='word_1_637' title='bbox 1528 1266 1688 1300; x_wconf 77' lang='lat' dir='ltr'>relinquitur,</span> <span class='ocrx_word' id='word_1_638' title='bbox 1698 1270 1816 1299; x_wconf 82' lang='lat' dir='ltr'>quantum</span> <span class='ocrx_word' id='word_1_639' title='bbox 1830 1263 2016 1290; x_wconf 81' lang='lat' dir='ltr'>transeuntibus</span> <span class='ocrx_word' id='word_1_640' title='bbox 2028 1261 2186 1295; x_wconf 80' lang='lat' dir='ltr'>necessarium</span> <span class='ocrx_word' id='word_1_641' title='bbox 2199 1260 2240 1295; x_wconf 73' lang='grc' dir='ltr'>ςῙὶ.</span> <span class='ocrx_word' id='word_1_642' title='bbox 2281 1260 2360 1288; x_wconf 65' lang='lat' dir='ltr'>Talesv</span> <span class='ocrx_word' id='word_1_643' title='bbox 2424 1259 2433 1276; x_wconf 61' lang='lat'>⁴³</span> 
     </span>
     <span class='ocr_line' id='line_1_56' title="bbox 266 1296 2436 1337; baseline -0.004 -6"><span class='ocrx_word' id='word_1_644' title='bbox 266 1304 342 1331; x_wconf 85' lang='lat' dir='ltr'>Idem</span> <span class='ocrx_word' id='word_1_645' title='bbox 357 1304 448 1330; x_wconf 86' lang='lat' dir='ltr'>Amor.</span> <span class='ocrx_word' id='word_1_646' title='bbox 464 1312 481 1334; x_wconf 89' lang='lat'>1,</span> <span class='ocrx_word' id='word_1_647' title='bbox 494 1308 516 1333; x_wconf 82' lang='lat'>8,</span> <span class='ocrx_word' id='word_1_648' title='bbox 529 1310 574 1337; x_wconf 88' lang='lat'>77.</span> <span class='ocrx_word' id='word_1_649' title='bbox 617 1304 649 1328; x_wconf 83' lang='lat' dir='ltr'>Et</span> <span class='ocrx_word' id='word_1_650' title='bbox 665 1310 687 1334; x_wconf 82' lang='lat'>3,</span> <span class='ocrx_word' id='word_1_651' title='bbox 703 1310 721 1332; x_wconf 82' lang='lat'>1,</span> <span class='ocrx_word' id='word_1_652' title='bbox 733 1304 774 1334; x_wconf 77' lang='lat'>46.</span> <span class='ocrx_word' id='word_1_653' title='bbox 845 1302 963 1328; x_wconf 83' lang='lat' dir='ltr'>Maxima</span> <span class='ocrx_word' id='word_1_654' title='bbox 983 1301 1050 1328; x_wconf 85' lang='lat' dir='ltr'>Cato</span> <span class='ocrx_word' id='word_1_655' title='bbox 1063 1310 1085 1327; x_wconf 87' lang='lat' dir='ltr'>c.</span> <span class='ocrx_word' id='word_1_656' title='bbox 1100 1309 1139 1333; x_wconf 84' lang='lat'>14.</span> <span class='ocrx_word' id='word_1_657' title='bbox 1213 1299 1315 1327; x_wconf 79' lang='lat' dir='ltr'>Pulsata</span> <span class='ocrx_word' id='word_1_658' title='bbox 1372 1298 1474 1337; x_wconf 79' lang='lat' dir='ltr'>poffunt</span> <span class='ocrx_word' id='word_1_659' title='bbox 1488 1306 1525 1326; x_wconf 83' lang='lat' dir='ltr'>tot</span> <span class='ocrx_word' id='word_1_660' title='bbox 1535 1300 1565 1326; x_wconf 85' lang='lat' dir='ltr'>ab</span> <span class='ocrx_word' id='word_1_661' title='bbox 1580 1310 1630 1326; x_wconf 80' lang='lat' dir='ltr'>vna</span> <span class='ocrx_word' id='word_1_662' title='bbox 1639 1307 1714 1335; x_wconf 80' lang='lat' dir='ltr'>parte</span> <span class='ocrx_word' id='word_1_663' title='bbox 1721 1299 1811 1336; x_wconf 83' lang='lat' dir='ltr'>sorum</span> <span class='ocrx_word' id='word_1_664' title='bbox 1824 1300 1956 1334; x_wconf 66' lang='lat' dir='ltr'>respicere,</span> <span class='ocrx_word' id='word_1_665' title='bbox 1977 1300 2144 1334; x_wconf 44' lang='lat' dir='ltr'>quotvplateae</span> <span class='ocrx_word' id='word_1_666' title='bbox 2156 1301 2184 1324; x_wconf 85' lang='lat' dir='ltr'>in</span> <span class='ocrx_word' id='word_1_667' title='bbox 2196 1296 2262 1324; x_wconf 81' lang='lat' dir='ltr'>illud</span> <span class='ocrx_word' id='word_1_668' title='bbox 2272 1302 2380 1332; x_wconf 75' lang='lat' dir='ltr'>competa</span> <span class='ocrx_word' id='word_1_669' title='bbox 2425 1302 2436 1331; x_wconf 43' lang='grc' dir='ltr'>ᾗ</span> 
     </span>
     <span class='ocr_line' id='line_1_57' title="bbox 251 1333 2433 1377; baseline -0.003 -11"><span class='ocrx_word' id='word_1_670' title='bbox 251 1339 380 1377; x_wconf 65' lang='lat' dir='ltr'>xsepulcri</span> <span class='ocrx_word' id='word_1_671' title='bbox 399 1338 481 1365; x_wconf 90' lang='lat' dir='ltr'>Ouid.</span> <span class='ocrx_word' id='word_1_672' title='bbox 496 1338 583 1364; x_wconf 80' lang='lat' dir='ltr'>Trist.</span> <span class='ocrx_word' id='word_1_673' title='bbox 597 1346 621 1370; x_wconf 77' lang='lat'>3,</span> <span class='ocrx_word' id='word_1_674' title='bbox 631 1346 656 1368; x_wconf 80' lang='lat'>2,</span> <span class='ocrx_word' id='word_1_675' title='bbox 670 1346 711 1370; x_wconf 79' lang='lat'>24.</span> <span class='ocrx_word' id='word_1_676' title='bbox 768 1337 886 1364; x_wconf 89' lang='lat' dir='ltr'>Caedere</span> <span class='ocrx_word' id='word_1_677' title='bbox 901 1338 1006 1363; x_wconf 84' lang='lat' dir='ltr'>ianuam</span> <span class='ocrx_word' id='word_1_678' title='bbox 1020 1337 1103 1368; x_wconf 73' lang='lat' dir='ltr'>saxis,</span> <span class='ocrx_word' id='word_1_679' title='bbox 1122 1334 1176 1361; x_wconf 86' lang='lat' dir='ltr'>vid.</span> <span class='ocrx_word' id='word_1_680' title='bbox 1196 1340 1313 1362; x_wconf 81' lang='lat' dir='ltr'>CAEDO.</span> <span class='ocrx_word' id='word_1_681' title='bbox 1371 1334 1474 1371; x_wconf 72' lang='lat' dir='ltr'>poffiint</span> <span class='ocrx_word' id='word_1_682' title='bbox 1485 1335 1583 1371; x_wconf 79' lang='lat' dir='ltr'>quidam</span> <span class='ocrx_word' id='word_1_683' title='bbox 1596 1337 1664 1372; x_wconf 84' lang='lat' dir='ltr'>longi</span> <span class='ocrx_word' id='word_1_684' title='bbox 1678 1342 1700 1361; x_wconf 83' lang='lat' dir='ltr'>et</span> <span class='ocrx_word' id='word_1_685' title='bbox 1713 1337 1767 1361; x_wconf 85' lang='lat' dir='ltr'>laxi</span> <span class='ocrx_word' id='word_1_686' title='bbox 1784 1333 1844 1368; x_wconf 70' lang='lat' dir='ltr'>este,</span> <span class='ocrx_word' id='word_1_687' title='bbox 1856 1341 1886 1361; x_wconf 82' lang='lat' dir='ltr'>vt</span> <span class='ocrx_word' id='word_1_688' title='bbox 1900 1341 2034 1361; x_wconf 84' lang='lat' dir='ltr'>conuentus</span> <span class='ocrx_word' id='word_1_689' title='bbox 2045 1337 2229 1370; x_wconf 75' lang='lat' dir='ltr'>negotiatorum</span> <span class='ocrx_word' id='word_1_690' title='bbox 2241 1335 2310 1359; x_wconf 83' lang='lat' dir='ltr'>varii</span> <span class='ocrx_word' id='word_1_691' title='bbox 2329 1340 2402 1369; x_wconf 61' lang='lat' dir='ltr'>genem</span> <span class='ocrx_word' id='word_1_692' title='bbox 2431 1362 2433 1367; x_wconf 66' lang='lat'>,</span> 
     </span>
     <span class='ocr_line' id='line_1_58' title="bbox 268 1369 2414 1409; baseline -0.004 -7"><span class='ocrx_word' id='word_1_693' title='bbox 268 1376 324 1402; x_wconf 85' lang='lat' dir='ltr'>Cic.</span> <span class='ocrx_word' id='word_1_694' title='bbox 338 1382 386 1409; x_wconf 85' lang='lat' dir='ltr'>pro</span> <span class='ocrx_word' id='word_1_695' title='bbox 399 1375 519 1400; x_wconf 89' lang='lat' dir='ltr'>Muraen.</span> <span class='ocrx_word' id='word_1_696' title='bbox 534 1382 560 1406; x_wconf 83' lang='grc'>33</span> <span class='ocrx_word' id='word_1_697' title='bbox 591 1374 654 1400; x_wconf 86' lang='lat' dir='ltr'>Eam</span> <span class='ocrx_word' id='word_1_698' title='bbox 673 1372 768 1399; x_wconf 93' lang='lat' dir='ltr'>vrbem</span> <span class='ocrx_word' id='word_1_699' title='bbox 787 1373 836 1400; x_wconf 82' lang='lat' dir='ltr'>fibi</span> <span class='ocrx_word' id='word_1_700' title='bbox 849 1373 1018 1399; x_wconf 85' lang='lat' dir='ltr'>Mithridates</span> <span class='ocrx_word' id='word_1_701' title='bbox 1033 1372 1107 1398; x_wconf 82' lang='lat' dir='ltr'>Aliae</span> <span class='ocrx_word' id='word_1_702' title='bbox 1128 1371 1235 1397; x_wconf 82' lang='lat' dir='ltr'>ianuam</span> <span class='ocrx_word' id='word_1_703' title='bbox 1254 1371 1315 1397; x_wconf 87' lang='lat' dir='ltr'>fore</span> <span class='ocrx_word' id='word_1_704' title='bbox 1375 1374 1510 1406; x_wconf 58' lang='lat' dir='ltr'>recipiant,</span> <span class='ocrx_word' id='word_1_705' title='bbox 1524 1377 1572 1397; x_wconf 87' lang='lat' dir='ltr'>etc.</span> <span class='ocrx_word' id='word_1_706' title='bbox 1612 1372 1717 1398; x_wconf 75' lang='lat' dir='ltr'>Talibus</span> <span class='ocrx_word' id='word_1_707' title='bbox 1730 1372 1800 1397; x_wconf 83' lang='lat' dir='ltr'>lanis</span> <span class='ocrx_word' id='word_1_708' title='bbox 1814 1369 1913 1406; x_wconf 62' lang='lat' dir='ltr'>poliunt</span> <span class='ocrx_word' id='word_1_709' title='bbox 1926 1373 2025 1405; x_wconf 73' lang='lat' dir='ltr'>plateae</span> <span class='ocrx_word' id='word_1_710' title='bbox 2039 1379 2068 1396; x_wconf 84' lang='lat' dir='ltr'>ex</span> <span class='ocrx_word' id='word_1_711' title='bbox 2086 1369 2228 1405; x_wconf 74' lang='lat' dir='ltr'>transuerso</span> <span class='ocrx_word' id='word_1_712' title='bbox 2241 1370 2329 1405; x_wconf 79' lang='lat' dir='ltr'>iungi,</span> <span class='ocrx_word' id='word_1_713' title='bbox 2342 1374 2365 1394; x_wconf 80' lang='lat' dir='ltr'>et</span> <span class='ocrx_word' id='word_1_714' title='bbox 2405 1396 2414 1406; x_wconf 49' lang='lat' dir='ltr'><strong><em>r</em></strong></span> 
     </span>
     <span class='ocr_line' id='line_1_59' title="bbox 267 1392 2431 1466; baseline -0.003 -29"><span class='ocrx_word' id='word_1_715' title='bbox 267 1411 419 1447; x_wconf 82' lang='lat' dir='ltr'>putauiffet:</span> <span class='ocrx_word' id='word_1_716' title='bbox 439 1419 492 1445; x_wconf 89' lang='lat' dir='ltr'>qua</span> <span class='ocrx_word' id='word_1_717' title='bbox 511 1409 618 1436; x_wconf 67' lang='lat' dir='ltr'>effraeta</span> <span class='ocrx_word' id='word_1_718' title='bbox 639 1413 664 1435; x_wconf 83' lang='lat' dir='ltr'>et</span> <span class='ocrx_word' id='word_1_719' title='bbox 680 1409 799 1440; x_wconf 82' lang='lat' dir='ltr'>reuulsa,</span> <span class='ocrx_word' id='word_1_720' title='bbox 823 1414 879 1435; x_wconf 90' lang='lat' dir='ltr'>tota</span> <span class='ocrx_word' id='word_1_721' title='bbox 898 1414 996 1443; x_wconf 86' lang='lat' dir='ltr'>pateret</span> <span class='ocrx_word' id='word_1_722' title='bbox 1012 1408 1160 1443; x_wconf 84' lang='lat' dir='ltr'>prouincia.</span> <span class='ocrx_word' id='word_1_723' title='bbox 1232 1406 1315 1433; x_wconf 87' lang='lat' dir='ltr'>Obse-</span> <span class='ocrx_word' id='word_1_724' title='bbox 1375 1416 1425 1443; x_wconf 83' lang='lat' dir='ltr'>gna</span> <span class='ocrx_word' id='word_1_725' title='bbox 1444 1407 1587 1442; x_wconf 85' lang='lat' dir='ltr'>compendia</span> <span class='ocrx_word' id='word_1_726' title='bbox 1599 1405 1726 1441; x_wconf 66' lang='lat' dir='ltr'>praeliari</span> <span class='ocrx_word' id='word_1_727' title='bbox 1744 1406 1875 1442; x_wconf 77' lang='lat' dir='ltr'>negotiifis</span> <span class='ocrx_word' id='word_1_728' title='bbox 1892 1405 2097 1442; x_wconf 71' lang='lat' dir='ltr'>discurrentibus.</span> <span class='ocrx_word' id='word_1_729' title='bbox 2141 1406 2216 1432; x_wconf 81' lang='lat' dir='ltr'>Tales</span> <span class='ocrx_word' id='word_1_730' title='bbox 2235 1405 2292 1431; x_wconf 90' lang='lat' dir='ltr'>Iani</span> <span class='ocrx_word' id='word_1_731' title='bbox 2310 1392 2431 1466; x_wconf 51' lang='lat' dir='ltr'>exornat}</span> 
     </span>
     <span class='ocr_line' id='line_1_60' title="bbox 266 1438 2434 1478; baseline -0.004 -4"><span class='ocrx_word' id='word_1_732' title='bbox 266 1456 326 1474; x_wconf 81' lang='lat' dir='ltr'>rare</span> <span class='ocrx_word' id='word_1_733' title='bbox 340 1447 462 1478; x_wconf 84' lang='lat' dir='ltr'>ianuam,</span> <span class='ocrx_word' id='word_1_734' title='bbox 481 1445 534 1472; x_wconf 83' lang='lat' dir='ltr'>vid.</span> <span class='ocrx_word' id='word_1_735' title='bbox 548 1445 572 1472; x_wconf 87' lang='lat' dir='ltr'>h.</span> <span class='ocrx_word' id='word_1_736' title='bbox 582 1454 608 1471; x_wconf 90' lang='lat' dir='ltr'>v.</span> <span class='ocrx_word' id='word_1_737' title='bbox 679 1444 804 1471; x_wconf 84' lang='lat' dir='ltr'>Panditur</span> <span class='ocrx_word' id='word_1_738' title='bbox 817 1444 849 1471; x_wconf 85' lang='lat' dir='ltr'>ad</span> <span class='ocrx_word' id='word_1_739' title='bbox 862 1444 946 1471; x_wconf 85' lang='lat' dir='ltr'>nullas</span> <span class='ocrx_word' id='word_1_740' title='bbox 960 1445 1039 1471; x_wconf 83' lang='lat' dir='ltr'>ianua</span> <span class='ocrx_word' id='word_1_741' title='bbox 1053 1444 1128 1478; x_wconf 81' lang='lat' dir='ltr'>nigra</span> <span class='ocrx_word' id='word_1_742' title='bbox 1142 1451 1231 1478; x_wconf 81' lang='lat' dir='ltr'>preces</span> <span class='ocrx_word' id='word_1_743' title='bbox 1252 1443 1315 1468; x_wconf 84' lang='lat' dir='ltr'>Pro·</span> <span class='ocrx_word' id='word_1_744' title='bbox 1333 1450 1361 1477; x_wconf 76' lang='lat'>33</span> <span class='ocrx_word' id='word_1_745' title='bbox 1376 1441 1458 1475; x_wconf 74' lang='lat' dir='ltr'>inslar</span> <span class='ocrx_word' id='word_1_746' title='bbox 1477 1438 1579 1469; x_wconf 63' lang='lat' dir='ltr'>Arcuum</span> <span class='ocrx_word' id='word_1_747' title='bbox 1597 1442 1785 1476; x_wconf 76' lang='lat' dir='ltr'>triumphalium</span> <span class='ocrx_word' id='word_1_748' title='bbox 1801 1440 1910 1475; x_wconf 80' lang='lat' dir='ltr'>poſjunt.</span> <span class='ocrx_word' id='word_1_749' title='bbox 1966 1441 2012 1467; x_wconf 81' lang='lat' dir='ltr'>Sed</span> <span class='ocrx_word' id='word_1_750' title='bbox 2031 1440 2171 1473; x_wconf 79' lang='lat' dir='ltr'>testimonia</span> <span class='ocrx_word' id='word_1_751' title='bbox 2184 1447 2276 1476; x_wconf 84' lang='lat' dir='ltr'>ponere</span> <span class='ocrx_word' id='word_1_752' title='bbox 2291 1441 2434 1477; x_wconf 47' lang='lat' dir='ltr'>pergimussa&#39;</span> 
     </span>
     <span class='ocr_line' id='line_1_61' title="bbox 268 1474 2427 1518; baseline -0.004 -9"><span class='ocrx_word' id='word_1_753' title='bbox 268 1489 335 1518; x_wconf 87' lang='lat' dir='ltr'>pert.</span> <span class='ocrx_word' id='word_1_754' title='bbox 355 1492 382 1515; x_wconf 89' lang='lat'>4,</span> <span class='ocrx_word' id='word_1_755' title='bbox 402 1490 435 1513; x_wconf 83' lang='lat'>12,</span> <span class='ocrx_word' id='word_1_756' title='bbox 455 1490 479 1508; x_wconf 83' lang='lat'>2.</span> <span class='ocrx_word' id='word_1_757' title='bbox 548 1480 698 1507; x_wconf 85' lang='lat' dir='ltr'>Patefacere</span> <span class='ocrx_word' id='word_1_758' title='bbox 717 1480 840 1512; x_wconf 87' lang='lat' dir='ltr'>ianuam,</span> <span class='ocrx_word' id='word_1_759' title='bbox 866 1479 920 1506; x_wconf 84' lang='lat' dir='ltr'>vid.</span> <span class='ocrx_word' id='word_1_760' title='bbox 946 1486 1140 1507; x_wconf 81' lang='lat' dir='ltr'>PATEFAC10.</span> <span class='ocrx_word' id='word_1_761' title='bbox 1212 1478 1315 1505; x_wconf 63' lang='lat' dir='ltr'>Noues</span> <span class='ocrx_word' id='word_1_762' title='bbox 1377 1478 1485 1504; x_wconf 85' lang='lat' dir='ltr'>Sueton.</span> <span class='ocrx_word' id='word_1_763' title='bbox 1500 1480 1567 1512; x_wconf 87' lang='lat' dir='ltr'>Aug.</span> <span class='ocrx_word' id='word_1_764' title='bbox 1582 1487 1603 1504; x_wconf 86' lang='lat' dir='ltr'>c.</span> <span class='ocrx_word' id='word_1_765' title='bbox 1619 1486 1642 1509; x_wconf 79' lang='grc'>31</span> <span class='ocrx_word' id='word_1_766' title='bbox 1664 1477 1784 1510; x_wconf 84' lang='lat' dir='ltr'>Pompeii</span> <span class='ocrx_word' id='word_1_767' title='bbox 1801 1476 1911 1503; x_wconf 85' lang='lat' dir='ltr'>statuam</span> <span class='ocrx_word' id='word_1_768' title='bbox 1930 1484 2083 1502; x_wconf 83' lang='lat' dir='ltr'>marmoreo</span> <span class='ocrx_word' id='word_1_769' title='bbox 2096 1477 2161 1502; x_wconf 86' lang='lat' dir='ltr'>Iano</span> <span class='ocrx_word' id='word_1_770' title='bbox 2179 1477 2351 1510; x_wconf 84' lang='lat' dir='ltr'>superposuit.</span> <span class='ocrx_word' id='word_1_771' title='bbox 2393 1474 2427 1506; x_wconf 56' lang='lat' dir='ltr'>EG</span> 
     </span>
     <span class='ocr_line' id='line_1_62' title="bbox 266 1510 2427 1553; baseline -0.004 -8"><span class='ocrx_word' id='word_1_772' title='bbox 266 1525 346 1553; x_wconf 80' lang='lat' dir='ltr'>atque</span> <span class='ocrx_word' id='word_1_773' title='bbox 364 1517 421 1543; x_wconf 83' lang='lat' dir='ltr'>dies</span> <span class='ocrx_word' id='word_1_774' title='bbox 436 1518 507 1543; x_wconf 84' lang='lat' dir='ltr'>Patet</span> <span class='ocrx_word' id='word_1_775' title='bbox 524 1517 576 1543; x_wconf 89' lang='lat' dir='ltr'>atri</span> <span class='ocrx_word' id='word_1_776' title='bbox 591 1517 671 1542; x_wconf 87' lang='lat' dir='ltr'>ianua</span> <span class='ocrx_word' id='word_1_777' title='bbox 684 1516 754 1542; x_wconf 85' lang='lat' dir='ltr'>Ditis</span> <span class='ocrx_word' id='word_1_778' title='bbox 779 1516 854 1550; x_wconf 82' lang='lat' dir='ltr'>Virg.</span> <span class='ocrx_word' id='word_1_779' title='bbox 867 1516 931 1542; x_wconf 92' lang='lat' dir='ltr'>Aen.</span> <span class='ocrx_word' id='word_1_780' title='bbox 946 1518 971 1547; x_wconf 87' lang='lat'>6,</span> <span class='ocrx_word' id='word_1_781' title='bbox 987 1523 1040 1550; x_wconf 79' lang='lat'>127.</span> <span class='ocrx_word' id='word_1_782' title='bbox 1113 1516 1249 1548; x_wconf 79' lang='lat' dir='ltr'>Qiaerere</span> <span class='ocrx_word' id='word_1_783' title='bbox 1268 1513 1317 1540; x_wconf 71' lang='lat' dir='ltr'>ali-</span> <span class='ocrx_word' id='word_1_784' title='bbox 1378 1513 1481 1540; x_wconf 86' lang='lat' dir='ltr'>Domit.</span> <span class='ocrx_word' id='word_1_785' title='bbox 1501 1524 1522 1539; x_wconf 87' lang='lat' dir='ltr'>c.</span> <span class='ocrx_word' id='word_1_786' title='bbox 1540 1523 1563 1546; x_wconf 83' lang='grc'>13</span> <span class='ocrx_word' id='word_1_787' title='bbox 1584 1515 1661 1539; x_wconf 77' lang='lat' dir='ltr'>Ianos</span> <span class='ocrx_word' id='word_1_788' title='bbox 1674 1521 1784 1546; x_wconf 84' lang='lat' dir='ltr'>arasque</span> <span class='ocrx_word' id='word_1_789' title='bbox 1800 1521 1860 1538; x_wconf 91' lang='lat' dir='ltr'>cum</span> <span class='ocrx_word' id='word_1_790' title='bbox 1874 1510 2010 1547; x_wconf 81' lang='lat' dir='ltr'>quadrigis</span> <span class='ocrx_word' id='word_1_791' title='bbox 2025 1518 2050 1537; x_wconf 88' lang='lat' dir='ltr'>et</span> <span class='ocrx_word' id='word_1_792' title='bbox 2065 1511 2211 1545; x_wconf 80' lang='lat' dir='ltr'>insignibus</span> <span class='ocrx_word' id='word_1_793' title='bbox 2229 1510 2427 1546; x_wconf 84' lang='lat' dir='ltr'>triumphorum</span> 
     </span>
     <span class='ocr_line' id='line_1_63' title="bbox 268 1546 2426 1589; baseline -0.003 -9"><span class='ocrx_word' id='word_1_794' title='bbox 268 1563 347 1589; x_wconf 88' lang='lat' dir='ltr'>quem</span> <span class='ocrx_word' id='word_1_795' title='bbox 365 1562 380 1579; x_wconf 85' lang='lat' dir='ltr'>a</span> <span class='ocrx_word' id='word_1_796' title='bbox 399 1553 478 1579; x_wconf 88' lang='lat' dir='ltr'>ianua</span> <span class='ocrx_word' id='word_1_797' title='bbox 498 1553 554 1579; x_wconf 87' lang='lat' dir='ltr'>Cic.</span> <span class='ocrx_word' id='word_1_798' title='bbox 568 1552 600 1579; x_wconf 88' lang='lat' dir='ltr'>de</span> <span class='ocrx_word' id='word_1_799' title='bbox 615 1553 689 1579; x_wconf 87' lang='lat' dir='ltr'>Orat.</span> <span class='ocrx_word' id='word_1_800' title='bbox 704 1560 729 1583; x_wconf 86' lang='lat'>2,</span> <span class='ocrx_word' id='word_1_801' title='bbox 744 1553 806 1586; x_wconf 85' lang='lat'>276.</span> <span class='ocrx_word' id='word_1_802' title='bbox 877 1553 926 1579; x_wconf 79' lang='lat' dir='ltr'>Per</span> <span class='ocrx_word' id='word_1_803' title='bbox 946 1551 1052 1586; x_wconf 77' lang='lat' dir='ltr'>metaph.</span> <span class='ocrx_word' id='word_1_804' title='bbox 1078 1549 1151 1577; x_wconf 89' lang='lat' dir='ltr'>Idem</span> <span class='ocrx_word' id='word_1_805' title='bbox 1167 1559 1216 1585; x_wconf 84' lang='lat' dir='ltr'>pro</span> <span class='ocrx_word' id='word_1_806' title='bbox 1230 1550 1316 1577; x_wconf 78' lang='lat' dir='ltr'>Plane.</span> <span class='ocrx_word' id='word_1_807' title='bbox 1377 1558 1425 1584; x_wconf 90' lang='lat' dir='ltr'>per</span> <span class='ocrx_word' id='word_1_808' title='bbox 1437 1550 1560 1583; x_wconf 82' lang='lat' dir='ltr'>regiones</span> <span class='ocrx_word' id='word_1_809' title='bbox 1580 1548 1655 1574; x_wconf 86' lang='lat' dir='ltr'>vrbis</span> <span class='ocrx_word' id='word_1_810' title='bbox 1673 1554 1759 1574; x_wconf 88' lang='lat' dir='ltr'>tantos</span> <span class='ocrx_word' id='word_1_811' title='bbox 1773 1557 1801 1574; x_wconf 87' lang='lat' dir='ltr'>ac</span> <span class='ocrx_word' id='word_1_812' title='bbox 1823 1553 1862 1574; x_wconf 89' lang='lat' dir='ltr'>tot</span> <span class='ocrx_word' id='word_1_813' title='bbox 1883 1547 2030 1579; x_wconf 86' lang='lat' dir='ltr'>exstruxit,</span> <span class='ocrx_word' id='word_1_814' title='bbox 2042 1553 2072 1574; x_wconf 90' lang='lat' dir='ltr'>vt</span> <span class='ocrx_word' id='word_1_815' title='bbox 2091 1554 2137 1573; x_wconf 80' lang='lat' dir='ltr'>etc.</span> <span class='ocrx_word' id='word_1_816' title='bbox 2208 1547 2340 1574; x_wconf 78' lang='lat' dir='ltr'>Ammian.</span> <span class='ocrx_word' id='word_1_817' title='bbox 2353 1546 2426 1573; x_wconf 79' lang='lat' dir='ltr'>Mar-</span> 
     </span>
     <span class='ocr_line' id='line_1_64' title="bbox 269 1581 2426 1622; baseline -0.004 -6"><span class='ocrx_word' id='word_1_818' title='bbox 269 1600 292 1616; x_wconf 85' lang='lat' dir='ltr'>c.</span> <span class='ocrx_word' id='word_1_819' title='bbox 304 1598 316 1621; x_wconf 83' lang='lat'>3</span> <span class='ocrx_word' id='word_1_820' title='bbox 343 1590 435 1622; x_wconf 85' lang='lat' dir='ltr'>Itaque</span> <span class='ocrx_word' id='word_1_821' title='bbox 455 1596 605 1622; x_wconf 88' lang='lat' dir='ltr'>quanquam</span> <span class='ocrx_word' id='word_1_822' title='bbox 620 1596 672 1622; x_wconf 86' lang='lat' dir='ltr'>qua</span> <span class='ocrx_word' id='word_1_823' title='bbox 689 1587 767 1614; x_wconf 85' lang='lat' dir='ltr'>nolui</span> <span class='ocrx_word' id='word_1_824' title='bbox 788 1588 866 1614; x_wconf 86' lang='lat' dir='ltr'>ianua</span> <span class='ocrx_word' id='word_1_825' title='bbox 884 1587 931 1613; x_wconf 75' lang='lat' dir='ltr'>fin]</span> <span class='ocrx_word' id='word_1_826' title='bbox 946 1587 1070 1621; x_wconf 80' lang='lat' dir='ltr'>ingressus</span> <span class='ocrx_word' id='word_1_827' title='bbox 1081 1587 1111 1613; x_wconf 86' lang='lat' dir='ltr'>in</span> <span class='ocrx_word' id='word_1_828' title='bbox 1124 1587 1240 1617; x_wconf 83' lang='lat' dir='ltr'>causam,</span> <span class='ocrx_word' id='word_1_829' title='bbox 1262 1586 1317 1620; x_wconf 88' lang='lat' dir='ltr'>spe-</span> <span class='ocrx_word' id='word_1_830' title='bbox 1376 1585 1435 1611; x_wconf 84' lang='lat' dir='ltr'>cell.</span> <span class='ocrx_word' id='word_1_831' title='bbox 1452 1590 1492 1617; x_wconf 80' lang='lat'>28,</span> <span class='ocrx_word' id='word_1_832' title='bbox 1505 1594 1523 1617; x_wconf 90' lang='lat'>4</span> <span class='ocrx_word' id='word_1_833' title='bbox 1550 1584 1669 1611; x_wconf 83' lang='lat' dir='ltr'>Potiorcs</span> <span class='ocrx_word' id='word_1_834' title='bbox 1688 1584 1846 1611; x_wconf 66' lang='lat' dir='ltr'>auetoritate</span> <span class='ocrx_word' id='word_1_835' title='bbox 1865 1583 1993 1617; x_wconf 83' lang='lat' dir='ltr'>longaeua</span> <span class='ocrx_word' id='word_1_836' title='bbox 2012 1592 2058 1617; x_wconf 80' lang='lat' dir='ltr'>per</span> <span class='ocrx_word' id='word_1_837' title='bbox 2078 1584 2155 1610; x_wconf 89' lang='lat' dir='ltr'>Ianos</span> <span class='ocrx_word' id='word_1_838' title='bbox 2173 1587 2199 1609; x_wconf 86' lang='lat' dir='ltr'>et</span> <span class='ocrx_word' id='word_1_839' title='bbox 2215 1583 2275 1609; x_wconf 86' lang='lat' dir='ltr'>fora</span> <span class='ocrx_word' id='word_1_840' title='bbox 2291 1581 2426 1612; x_wconf 77' lang='lat' dir='ltr'>clamitant</span> 
     </span>
     <span class='ocr_line' id='line_1_65' title="bbox 269 1618 2428 1659; baseline -0.004 -7"><span class='ocrx_word' id='word_1_841' title='bbox 269 1633 329 1652; x_wconf 85' lang='lat' dir='ltr'>rare</span> <span class='ocrx_word' id='word_1_842' title='bbox 342 1624 453 1655; x_wconf 86' lang='lat' dir='ltr'>videor,</span> <span class='ocrx_word' id='word_1_843' title='bbox 473 1628 573 1649; x_wconf 83' lang='lat' dir='ltr'>tantum</span> <span class='ocrx_word' id='word_1_844' title='bbox 585 1623 738 1649; x_wconf 79' lang='lat' dir='ltr'>abfuturam</span> <span class='ocrx_word' id='word_1_845' title='bbox 755 1624 803 1649; x_wconf 81' lang='lat' dir='ltr'>effe</span> <span class='ocrx_word' id='word_1_846' title='bbox 821 1623 972 1650; x_wconf 88' lang='lat' dir='ltr'>orationem</span> <span class='ocrx_word' id='word_1_847' title='bbox 985 1631 1081 1653; x_wconf 88' lang='lat' dir='ltr'>meam,</span> <span class='ocrx_word' id='word_1_848' title='bbox 1092 1629 1137 1649; x_wconf 77' lang='lat' dir='ltr'>etc.</span> <span class='ocrx_word' id='word_1_849' title='bbox 1209 1621 1250 1648; x_wconf 88' lang='lat' dir='ltr'>Ab</span> <span class='ocrx_word' id='word_1_850' title='bbox 1266 1621 1317 1647; x_wconf 88' lang='lat' dir='ltr'>hoc</span> <span class='ocrx_word' id='word_1_851' title='bbox 1333 1633 1372 1659; x_wconf 90' lang='lat'>40</span> <span class='ocrx_word' id='word_1_852' title='bbox 1379 1622 1469 1655; x_wconf 81' lang='lat' dir='ltr'>saepe,</span> <span class='ocrx_word' id='word_1_853' title='bbox 1487 1621 1581 1654; x_wconf 85' lang='lat' dir='ltr'>Remp.</span> <span class='ocrx_word' id='word_1_854' title='bbox 1595 1619 1661 1646; x_wconf 80' lang='lat' dir='ltr'>stare</span> <span class='ocrx_word' id='word_1_855' title='bbox 1675 1629 1729 1646; x_wconf 90' lang='lat' dir='ltr'>non</span> <span class='ocrx_word' id='word_1_856' title='bbox 1748 1620 1826 1654; x_wconf 75' lang='lat' dir='ltr'>posse.</span> <span class='ocrx_word' id='word_1_857' title='bbox 1863 1621 1895 1646; x_wconf 88' lang='lat' dir='ltr'>In</span> <span class='ocrx_word' id='word_1_858' title='bbox 1913 1619 1959 1646; x_wconf 84' lang='lat' dir='ltr'>hoc</span> <span class='ocrx_word' id='word_1_859' title='bbox 1978 1628 2064 1655; x_wconf 80' lang='lat' dir='ltr'>genere</span> <span class='ocrx_word' id='word_1_860' title='bbox 2078 1620 2202 1645; x_wconf 88' lang='lat' dir='ltr'>Ianorum</span> <span class='ocrx_word' id='word_1_861' title='bbox 2214 1627 2278 1644; x_wconf 78' lang='lat' dir='ltr'>onus</span> <span class='ocrx_word' id='word_1_862' title='bbox 2288 1618 2352 1653; x_wconf 86' lang='lat' dir='ltr'>foro</span> <span class='ocrx_word' id='word_1_863' title='bbox 2367 1624 2428 1652; x_wconf 78' lang='lat' dir='ltr'>pro-</span> 
     </span>
     <span class='ocr_line' id='line_1_66' title="bbox 269 1651 2414 1693; baseline -0.004 -7"><span class='ocrx_word' id='word_1_864' title='bbox 269 1660 359 1691; x_wconf 84' lang='lat' dir='ltr'>aditu,</span> <span class='ocrx_word' id='word_1_865' title='bbox 373 1659 505 1692; x_wconf 84' lang='lat' dir='ltr'>ianuaque</span> <span class='ocrx_word' id='word_1_866' title='bbox 521 1658 648 1691; x_wconf 69' lang='lat' dir='ltr'>patefatila</span> <span class='ocrx_word' id='word_1_867' title='bbox 659 1658 799 1691; x_wconf 84' lang='lat' dir='ltr'>peruenire</span> <span class='ocrx_word' id='word_1_868' title='bbox 811 1658 843 1684; x_wconf 90' lang='lat' dir='ltr'>ad</span> <span class='ocrx_word' id='word_1_869' title='bbox 857 1668 896 1690; x_wconf 80' lang='lat' dir='ltr'>ea,</span> <span class='ocrx_word' id='word_1_870' title='bbox 911 1667 978 1693; x_wconf 87' lang='lat' dir='ltr'>quae</span> <span class='ocrx_word' id='word_1_871' title='bbox 991 1658 1111 1692; x_wconf 86' lang='lat' dir='ltr'>cupimus</span> <span class='ocrx_word' id='word_1_872' title='bbox 1125 1657 1182 1685; x_wconf 87' lang='lat' dir='ltr'>Cic.</span> <span class='ocrx_word' id='word_1_873' title='bbox 1197 1656 1229 1684; x_wconf 89' lang='lat' dir='ltr'>de</span> <span class='ocrx_word' id='word_1_874' title='bbox 1243 1658 1318 1684; x_wconf 80' lang='lat' dir='ltr'>Orat.</span> <span class='ocrx_word' id='word_1_875' title='bbox 1378 1660 1460 1683; x_wconf 77' lang='lat' dir='ltr'>ximus</span> <span class='ocrx_word' id='word_1_876' title='bbox 1472 1659 1500 1682; x_wconf 86' lang='lat' dir='ltr'>in</span> <span class='ocrx_word' id='word_1_877' title='bbox 1514 1659 1610 1692; x_wconf 88' lang='lat' dir='ltr'>primis</span> <span class='ocrx_word' id='word_1_878' title='bbox 1622 1656 1713 1682; x_wconf 71' lang='lat' dir='ltr'>nobilis</span> <span class='ocrx_word' id='word_1_879' title='bbox 1722 1675 1730 1688; x_wconf 91' lang='lat'>,</span> <span class='ocrx_word' id='word_1_880' title='bbox 1747 1658 1774 1681; x_wconf 84' lang='lat' dir='ltr'>in</span> <span class='ocrx_word' id='word_1_881' title='bbox 1789 1664 1835 1691; x_wconf 86' lang='lat' dir='ltr'>quo</span> <span class='ocrx_word' id='word_1_882' title='bbox 1849 1655 2010 1692; x_wconf 78' lang='lat' dir='ltr'>feneratores</span> <span class='ocrx_word' id='word_1_883' title='bbox 2021 1653 2193 1688; x_wconf 75' lang='lat' dir='ltr'>consisterent,</span> <span class='ocrx_word' id='word_1_884' title='bbox 2203 1656 2338 1689; x_wconf 78' lang='lat' dir='ltr'>praecipue</span> <span class='ocrx_word' id='word_1_885' title='bbox 2349 1651 2442 1678; x_wconf 78' lang='lat' dir='ltr'>medi</span> 
     </span>
     <span class='ocr_line' id='line_1_67' title="bbox 271 1687 2429 1728; baseline -0.004 -7"><span class='ocrx_word' id='word_1_886' title='bbox 271 1704 292 1727; x_wconf 88' lang='lat'>1,</span> <span class='ocrx_word' id='word_1_887' title='bbox 305 1704 366 1728; x_wconf 89' lang='lat'>204.</span> <span class='ocrx_word' id='word_1_888' title='bbox 441 1694 512 1720; x_wconf 82' lang='lat' dir='ltr'>Patet</span> <span class='ocrx_word' id='word_1_889' title='bbox 529 1693 588 1719; x_wconf 82' lang='lat' dir='ltr'>istie</span> <span class='ocrx_word' id='word_1_890' title='bbox 605 1694 682 1719; x_wconf 84' lang='lat' dir='ltr'>ianua</span> <span class='ocrx_word' id='word_1_891' title='bbox 694 1693 748 1719; x_wconf 88' lang='lat' dir='ltr'>leto</span> <span class='ocrx_word' id='word_1_892' title='bbox 771 1694 848 1728; x_wconf 82' lang='lat' dir='ltr'>Virg.</span> <span class='ocrx_word' id='word_1_893' title='bbox 861 1695 926 1719; x_wconf 89' lang='lat' dir='ltr'>Aen.</span> <span class='ocrx_word' id='word_1_894' title='bbox 947 1702 972 1725; x_wconf 88' lang='lat'>2,</span> <span class='ocrx_word' id='word_1_895' title='bbox 992 1696 1048 1720; x_wconf 88' lang='lat'>661.</span> <span class='ocrx_word' id='word_1_896' title='bbox 1119 1694 1218 1721; x_wconf 84' lang='lat' dir='ltr'>Mortis</span> <span class='ocrx_word' id='word_1_897' title='bbox 1239 1693 1320 1720; x_wconf 78' lang='lat' dir='ltr'>ianua</span> <span class='ocrx_word' id='word_1_898' title='bbox 1377 1694 1449 1719; x_wconf 76' lang='lat' dir='ltr'>illius</span> <span class='ocrx_word' id='word_1_899' title='bbox 1458 1699 1550 1728; x_wconf 83' lang='lat' dir='ltr'>parte,</span> <span class='ocrx_word' id='word_1_900' title='bbox 1567 1701 1620 1717; x_wconf 82' lang='lat' dir='ltr'>cum</span> <span class='ocrx_word' id='word_1_901' title='bbox 1637 1691 1754 1718; x_wconf 82' lang='lat' dir='ltr'>videatur</span> <span class='ocrx_word' id='word_1_902' title='bbox 1766 1689 1847 1727; x_wconf 77' lang='lat' dir='ltr'>fuiffi’</span> <span class='ocrx_word' id='word_1_903' title='bbox 1864 1690 1985 1724; x_wconf 74' lang='lat' dir='ltr'>transitus</span> <span class='ocrx_word' id='word_1_904' title='bbox 2002 1692 2110 1728; x_wconf 84' lang='lat' dir='ltr'>longior.</span> <span class='ocrx_word' id='word_1_905' title='bbox 2166 1689 2224 1716; x_wconf 81' lang='lat' dir='ltr'>Cic.</span> <span class='ocrx_word' id='word_1_906' title='bbox 2237 1688 2351 1722; x_wconf 86' lang='lat' dir='ltr'>Philipp.</span> <span class='ocrx_word' id='word_1_907' title='bbox 2364 1687 2391 1719; x_wconf 85' lang='lat'>6,</span> <span class='ocrx_word' id='word_1_908' title='bbox 2428 1694 2429 1698; x_wconf 61' lang='lat'>¹</span> 
     </span>
     <span class='ocr_line' id='line_1_68' title="bbox 268 1723 2455 1763; baseline -0.004 -5"><span class='ocrx_word' id='word_1_909' title='bbox 268 1732 314 1758; x_wconf 86' lang='lat' dir='ltr'>Sil.</span> <span class='ocrx_word' id='word_1_910' title='bbox 343 1740 351 1756; x_wconf 96' lang='lat'>1</span> <span class='ocrx_word' id='word_1_911' title='bbox 362 1739 387 1761; x_wconf 90' lang='lat'>1,</span> <span class='ocrx_word' id='word_1_912' title='bbox 409 1734 468 1762; x_wconf 81' lang='lat'>187.</span> <span class='ocrx_word' id='word_1_913' title='bbox 1380 1737 1401 1754; x_wconf 89' lang='lat' dir='ltr'>c.</span> <span class='ocrx_word' id='word_1_914' title='bbox 1414 1735 1427 1760; x_wconf 77' lang='grc' dir='ltr'><em>ς</em></span> <span class='ocrx_word' id='word_1_915' title='bbox 1447 1738 1500 1754; x_wconf 80' lang='lat' dir='ltr'>cum</span> <span class='ocrx_word' id='word_1_916' title='bbox 1518 1730 1661 1753; x_wconf 77' lang='lat' dir='ltr'>mentionem</span> <span class='ocrx_word' id='word_1_917' title='bbox 1674 1725 1777 1763; x_wconf 48' lang='lat' dir='ltr'>feci-[set</span> <span class='ocrx_word' id='word_1_918' title='bbox 1785 1726 1887 1761; x_wconf 71' lang='lat' dir='ltr'>statuae</span> <span class='ocrx_word' id='word_1_919' title='bbox 1904 1727 2041 1763; x_wconf 77' lang='lat' dir='ltr'>inscriptae</span> <span class='ocrx_word' id='word_1_920' title='bbox 2054 1727 2084 1753; x_wconf 89' lang='lat' dir='ltr'>L.</span> <span class='ocrx_word' id='word_1_921' title='bbox 2099 1726 2217 1753; x_wconf 87' lang='lat' dir='ltr'>Antonio</span> <span class='ocrx_word' id='word_1_922' title='bbox 2230 1733 2245 1751; x_wconf 87' lang='lat' dir='ltr'>a</span> <span class='ocrx_word' id='word_1_923' title='bbox 2258 1724 2322 1750; x_wconf 80' lang='lat' dir='ltr'>lano</span> <span class='ocrx_word' id='word_1_924' title='bbox 2341 1730 2395 1747; x_wconf 76' lang='lat' dir='ltr'>me·</span> <span class='ocrx_word' id='word_1_925' title='bbox 2410 1723 2412 1726; x_wconf 72' lang='grc'>’</span> <span class='ocrx_word' id='word_1_926' title='bbox 2429 1741 2430 1744; x_wconf 33' lang='lat'>¹</span> <span class='ocrx_word' id='word_1_927' title='bbox 2453 1730 2455 1734; x_wconf 88' lang='lat'>&#39;</span> 
     </span>
     <span class='ocr_line' id='line_1_69' title="bbox 308 1758 2479 1798; baseline -0.004 -7"><span class='ocrx_word' id='word_1_928' title='bbox 308 1773 319 1791; x_wconf 94' lang='lat'>1</span> <span class='ocrx_word' id='word_1_929' title='bbox 330 1773 381 1792; x_wconf 85' lang='grc' dir='ltr'>ΑΝ</span> <span class='ocrx_word' id='word_1_930' title='bbox 392 1763 404 1791; x_wconf 75' lang='lat' dir='ltr'><strong>f</strong></span> <span class='ocrx_word' id='word_1_931' title='bbox 414 1771 435 1790; x_wconf 88' lang='lat' dir='ltr'>T</span> <span class='ocrx_word' id='word_1_932' title='bbox 445 1771 464 1790; x_wconf 92' lang='lat'><em>0</em></span> <span class='ocrx_word' id='word_1_933' title='bbox 474 1771 508 1794; x_wconf 84' lang='lat' dir='ltr'>R,</span> <span class='ocrx_word' id='word_1_934' title='bbox 526 1764 590 1790; x_wconf 75' lang='lat' dir='ltr'>oris.</span> <span class='ocrx_word' id='word_1_935' title='bbox 621 1773 657 1790; x_wconf 91' lang='lat' dir='ltr'>m.</span> <span class='ocrx_word' id='word_1_936' title='bbox 701 1763 714 1796; x_wconf 83' lang='lat'>[</span> <span class='ocrx_word' id='word_1_937' title='bbox 726 1762 848 1796; x_wconf 74' lang='grc' dir='ltr'>πυλωρδς,</span> <span class='ocrx_word' id='word_1_938' title='bbox 866 1760 970 1798; x_wconf 63' lang='grc' dir='ltr'>θυρωρὸς</span> <span class='ocrx_word' id='word_1_939' title='bbox 982 1763 995 1797; x_wconf 92' lang='grc'>]</span> <span class='ocrx_word' id='word_1_940' title='bbox 1038 1763 1083 1788; x_wconf 85' lang='lat' dir='ltr'>Cui</span> <span class='ocrx_word' id='word_1_941' title='bbox 1102 1765 1191 1788; x_wconf 84' lang='lat' dir='ltr'>ianuae</span> <span class='ocrx_word' id='word_1_942' title='bbox 1210 1762 1320 1794; x_wconf 82' lang='lat' dir='ltr'>custodia</span> <span class='ocrx_word' id='word_1_943' title='bbox 1380 1770 1507 1796; x_wconf 84' lang='lat' dir='ltr'>patrono,</span> <span class='ocrx_word' id='word_1_944' title='bbox 1522 1762 1609 1793; x_wconf 81' lang='lat' dir='ltr'>addit,</span> <span class='ocrx_word' id='word_1_945' title='bbox 1623 1764 1712 1788; x_wconf 76' lang='lat' dir='ltr'>Itane3</span> <span class='ocrx_word' id='word_1_946' title='bbox 1732 1764 1809 1788; x_wconf 85' lang='lat' dir='ltr'>Ianus</span> <span class='ocrx_word' id='word_1_947' title='bbox 1822 1761 1926 1789; x_wconf 85' lang='lat' dir='ltr'>medius</span> <span class='ocrx_word' id='word_1_948' title='bbox 1944 1763 1972 1789; x_wconf 90' lang='lat' dir='ltr'>in</span> <span class='ocrx_word' id='word_1_949' title='bbox 1983 1763 2014 1789; x_wconf 92' lang='lat' dir='ltr'>L.</span> <span class='ocrx_word' id='word_1_950' title='bbox 2026 1762 2138 1788; x_wconf 88' lang='lat' dir='ltr'>Antonii</span> <span class='ocrx_word' id='word_1_951' title='bbox 2153 1759 2273 1787; x_wconf 83' lang='lat' dir='ltr'>clientela</span> <span class='ocrx_word' id='word_1_952' title='bbox 2287 1758 2335 1785; x_wconf 66' lang='lat' dir='ltr'>fit?</span> <span class='ocrx_word' id='word_1_953' title='bbox 2362 1758 2400 1790; x_wconf 87' lang='lat' dir='ltr'>Q</span> <span class='ocrx_word' id='word_1_954' title='bbox 2478 1763 2479 1771; x_wconf 68' lang='lat'>¹</span> 
     </span>
     <span class='ocr_line' id='line_1_70' title="bbox 271 1792 2410 1836; baseline -0.004 -9"><span class='ocrx_word' id='word_1_955' title='bbox 271 1799 391 1833; x_wconf 61' lang='lat' dir='ltr'>‘ramnusia</span> <span class='ocrx_word' id='word_1_956' title='bbox 406 1797 447 1831; x_wconf 79' lang='lat' dir='ltr'>est.</span> <span class='ocrx_word' id='word_1_957' title='bbox 484 1800 561 1824; x_wconf 92' lang='lat' dir='ltr'>Ianus</span> <span class='ocrx_word' id='word_1_958' title='bbox 574 1799 641 1833; x_wconf 81' lang='lat' dir='ltr'>apud</span> <span class='ocrx_word' id='word_1_959' title='bbox 653 1798 734 1825; x_wconf 76' lang='lat' dir='ltr'>Ouid.</span> <span class='ocrx_word' id='word_1_960' title='bbox 750 1798 815 1826; x_wconf 77' lang='lat' dir='ltr'>Fast.</span> <span class='ocrx_word' id='word_1_961' title='bbox 830 1807 848 1829; x_wconf 85' lang='lat'>1,</span> <span class='ocrx_word' id='word_1_962' title='bbox 865 1803 903 1829; x_wconf 74' lang='lat'>138</span> <span class='ocrx_word' id='word_1_963' title='bbox 928 1799 1018 1832; x_wconf 88' lang='lat' dir='ltr'>thue</span> <span class='ocrx_word' id='word_1_964' title='bbox 1035 1797 1124 1824; x_wconf 84' lang='lat' dir='ltr'>sedens</span> <span class='ocrx_word' id='word_1_965' title='bbox 1138 1797 1223 1824; x_wconf 88' lang='lat' dir='ltr'>vester</span> <span class='ocrx_word' id='word_1_966' title='bbox 1238 1797 1321 1831; x_wconf 86' lang='lat' dir='ltr'>primi</span> <span class='ocrx_word' id='word_1_967' title='bbox 1333 1803 1498 1836; x_wconf 62' lang='lat' dir='ltr'>43¹vnquam</span> <span class='ocrx_word' id='word_1_968' title='bbox 1518 1797 1546 1822; x_wconf 89' lang='lat' dir='ltr'>in</span> <span class='ocrx_word' id='word_1_969' title='bbox 1568 1797 1617 1822; x_wconf 88' lang='lat' dir='ltr'>illo</span> <span class='ocrx_word' id='word_1_970' title='bbox 1637 1798 1702 1823; x_wconf 91' lang='lat' dir='ltr'>Iano</span> <span class='ocrx_word' id='word_1_971' title='bbox 1724 1798 1850 1822; x_wconf 83' lang='lat' dir='ltr'>inuentus</span> <span class='ocrx_word' id='word_1_972' title='bbox 1867 1797 1921 1829; x_wconf 86' lang='lat' dir='ltr'>est,</span> <span class='ocrx_word' id='word_1_973' title='bbox 1954 1798 2002 1831; x_wconf 91' lang='lat' dir='ltr'>qui</span> <span class='ocrx_word' id='word_1_974' title='bbox 2027 1798 2057 1824; x_wconf 91' lang='lat' dir='ltr'>L.</span> <span class='ocrx_word' id='word_1_975' title='bbox 2076 1797 2197 1823; x_wconf 87' lang='lat' dir='ltr'>Antonio</span> <span class='ocrx_word' id='word_1_976' title='bbox 2221 1794 2296 1821; x_wconf 86' lang='lat' dir='ltr'>mille</span> <span class='ocrx_word' id='word_1_977' title='bbox 2316 1792 2410 1819; x_wconf 68' lang='lat' dir='ltr'>numu</span> 
     </span>
     <span class='ocr_line' id='line_1_71' title="bbox 269 1830 2406 1871; baseline -0.004 -9"><span class='ocrx_word' id='word_1_978' title='bbox 269 1844 351 1871; x_wconf 86' lang='lat' dir='ltr'>prope</span> <span class='ocrx_word' id='word_1_979' title='bbox 365 1835 459 1860; x_wconf 87' lang='lat' dir='ltr'>limina</span> <span class='ocrx_word' id='word_1_980' title='bbox 472 1834 536 1859; x_wconf 58' lang='lat' dir='ltr'>teeti</span> <span class='ocrx_word' id='word_1_981' title='bbox 550 1834 652 1859; x_wconf 85' lang='lat' dir='ltr'>Ianitor</span> <span class='ocrx_word' id='word_1_982' title='bbox 666 1834 777 1866; x_wconf 69' lang='lat' dir='ltr'>egressus</span> <span class='ocrx_word' id='word_1_983' title='bbox 794 1834 973 1867; x_wconf 83' lang='lat' dir='ltr'>introitusque</span> <span class='ocrx_word' id='word_1_984' title='bbox 988 1833 1061 1859; x_wconf 84' lang='lat' dir='ltr'>videt</span> <span class='ocrx_word' id='word_1_985' title='bbox 1075 1841 1121 1860; x_wconf 82' lang='lat' dir='ltr'>etc.</span> <span class='ocrx_word' id='word_1_986' title='bbox 1175 1833 1318 1860; x_wconf 82' lang='lat' dir='ltr'>Cic-Verr.</span> <span class='ocrx_word' id='word_1_987' title='bbox 1379 1832 1463 1858; x_wconf 84' lang='lat' dir='ltr'>ferret</span> <span class='ocrx_word' id='word_1_988' title='bbox 1477 1832 1635 1865; x_wconf 75' lang='lat' dir='ltr'>expensum3</span> <span class='ocrx_word' id='word_1_989' title='bbox 1706 1832 1801 1858; x_wconf 83' lang='lat' dir='ltr'>Horat.</span> <span class='ocrx_word' id='word_1_990' title='bbox 1817 1832 1898 1858; x_wconf 89' lang='lat' dir='ltr'>Serm.</span> <span class='ocrx_word' id='word_1_991' title='bbox 1913 1840 1938 1861; x_wconf 87' lang='lat'>2,</span> <span class='ocrx_word' id='word_1_992' title='bbox 1952 1840 1976 1863; x_wconf 84' lang='grc'>3,</span> <span class='ocrx_word' id='word_1_993' title='bbox 1990 1836 2016 1861; x_wconf 83' lang='lat'>18</span> <span class='ocrx_word' id='word_1_994' title='bbox 2052 1832 2192 1866; x_wconf 87' lang='lat' dir='ltr'>Postquam</span> <span class='ocrx_word' id='word_1_995' title='bbox 2208 1830 2296 1857; x_wconf 87' lang='lat' dir='ltr'>omnis</span> <span class='ocrx_word' id='word_1_996' title='bbox 2316 1837 2356 1855; x_wconf 87' lang='lat' dir='ltr'>res</span> <span class='ocrx_word' id='word_1_997' title='bbox 2371 1837 2406 1855; x_wconf 92' lang='lat' dir='ltr'>m-</span> 
     </span>
     <span class='ocr_line' id='line_1_72' title="bbox 270 1864 2434 1905; baseline -0.003 -8"><span class='ocrx_word' id='word_1_998' title='bbox 270 1881 292 1905; x_wconf 71' lang='grc'>3,</span> <span class='ocrx_word' id='word_1_999' title='bbox 306 1878 319 1900; x_wconf 81' lang='lat'>8</span> <span class='ocrx_word' id='word_1_1000' title='bbox 341 1871 418 1897; x_wconf 88' lang='lat' dir='ltr'>Hunc</span> <span class='ocrx_word' id='word_1_1001' title='bbox 431 1868 511 1894; x_wconf 88' lang='lat' dir='ltr'>vestri</span> <span class='ocrx_word' id='word_1_1002' title='bbox 525 1868 668 1899; x_wconf 78' lang='lat' dir='ltr'>ianitores,</span> <span class='ocrx_word' id='word_1_1003' title='bbox 681 1868 751 1893; x_wconf 88' lang='lat' dir='ltr'>hunc</span> <span class='ocrx_word' id='word_1_1004' title='bbox 769 1867 929 1893; x_wconf 88' lang='lat' dir='ltr'>cubicularii</span> <span class='ocrx_word' id='word_1_1005' title='bbox 948 1868 1073 1901; x_wconf 86' lang='lat' dir='ltr'>diligunt.</span> <span class='ocrx_word' id='word_1_1006' title='bbox 1144 1869 1273 1894; x_wconf 84' lang='lat' dir='ltr'>Ianitores</span> <span class='ocrx_word' id='word_1_1007' title='bbox 1287 1877 1319 1894; x_wconf 87' lang='lat' dir='ltr'>ex</span> <span class='ocrx_word' id='word_1_1008' title='bbox 1381 1869 1474 1894; x_wconf 86' lang='lat' dir='ltr'>Ianum</span> <span class='ocrx_word' id='word_1_1009' title='bbox 1487 1866 1526 1893; x_wconf 90' lang='lat' dir='ltr'>Ad</span> <span class='ocrx_word' id='word_1_1010' title='bbox 1540 1866 1660 1893; x_wconf 84' lang='lat' dir='ltr'>medinm</span> <span class='ocrx_word' id='word_1_1011' title='bbox 1675 1866 1758 1892; x_wconf 61' lang='lat' dir='ltr'>sraela</span> <span class='ocrx_word' id='word_1_1012' title='bbox 1774 1866 1825 1898; x_wconf 86' lang='lat' dir='ltr'>est,</span> <span class='ocrx_word' id='word_1_1013' title='bbox 1847 1866 1934 1893; x_wconf 83' lang='lat' dir='ltr'>aliena</span> <span class='ocrx_word' id='word_1_1014' title='bbox 1948 1866 2054 1901; x_wconf 84' lang='lat' dir='ltr'>negotia</span> <span class='ocrx_word' id='word_1_1015' title='bbox 2073 1876 2155 1902; x_wconf 87' lang='lat' dir='ltr'>curo,</span> <span class='ocrx_word' id='word_1_1016' title='bbox 2168 1867 2290 1892; x_wconf 66' lang='lat' dir='ltr'>Excuffins</span> <span class='ocrx_word' id='word_1_1017' title='bbox 2305 1864 2396 1899; x_wconf 88' lang='lat' dir='ltr'>propr&#39;</span> <span class='ocrx_word' id='word_1_1018' title='bbox 2432 1894 2434 1897; x_wconf 51' lang='lat'>,</span> 
     </span>
     <span class='ocr_line' id='line_1_73' title="bbox 270 1899 2404 1942; baseline -0.003 -9"><span class='ocrx_word' id='word_1_1019' title='bbox 270 1906 386 1942; x_wconf 86' lang='lat' dir='ltr'>equestri</span> <span class='ocrx_word' id='word_1_1020' title='bbox 410 1905 471 1930; x_wconf 90' lang='lat' dir='ltr'>loco</span> <span class='ocrx_word' id='word_1_1021' title='bbox 497 1903 619 1934; x_wconf 86' lang='lat' dir='ltr'>ducenti,</span> <span class='ocrx_word' id='word_1_1022' title='bbox 651 1902 788 1936; x_wconf 86' lang='lat' dir='ltr'>stipatores</span> <span class='ocrx_word' id='word_1_1023' title='bbox 815 1903 936 1936; x_wconf 83' lang='lat' dir='ltr'>corporis</span> <span class='ocrx_word' id='word_1_1024' title='bbox 950 1902 1012 1927; x_wconf 85' lang='lat' dir='ltr'>&#39;Cic.</span> <span class='ocrx_word' id='word_1_1025' title='bbox 1032 1911 1080 1935; x_wconf 89' lang='lat' dir='ltr'>pro</span> <span class='ocrx_word' id='word_1_1026' title='bbox 1101 1903 1132 1927; x_wconf 95' lang='lat' dir='ltr'>L.</span> <span class='ocrx_word' id='word_1_1027' title='bbox 1153 1904 1215 1935; x_wconf 81' lang='lat' dir='ltr'>Agr.</span> <span class='ocrx_word' id='word_1_1028' title='bbox 1237 1911 1260 1931; x_wconf 84' lang='lat'>2,</span> <span class='ocrx_word' id='word_1_1029' title='bbox 1280 1911 1319 1933; x_wconf 84' lang='lat'>32.</span> <span class='ocrx_word' id='word_1_1030' title='bbox 1380 1904 1450 1936; x_wconf 53' lang='lat' dir='ltr'>‚Quae</span> <span class='ocrx_word' id='word_1_1031' title='bbox 1466 1903 1507 1928; x_wconf 86' lang='lat' dir='ltr'>hic</span> <span class='ocrx_word' id='word_1_1032' title='bbox 1521 1902 1549 1928; x_wconf 82' lang='lat' dir='ltr'>de</span> <span class='ocrx_word' id='word_1_1033' title='bbox 1561 1903 1618 1927; x_wconf 84' lang='lat' dir='ltr'>Iani</span> <span class='ocrx_word' id='word_1_1034' title='bbox 1631 1901 1718 1927; x_wconf 78' lang='lat' dir='ltr'>tribus</span> <span class='ocrx_word' id='word_1_1035' title='bbox 1733 1902 1822 1928; x_wconf 84' lang='lat' dir='ltr'>statuis</span> <span class='ocrx_word' id='word_1_1036' title='bbox 1836 1903 1894 1928; x_wconf 88' lang='lat' dir='ltr'>Vet.</span> <span class='ocrx_word' id='word_1_1037' title='bbox 1909 1901 1996 1928; x_wconf 91' lang='lat' dir='ltr'>Schol.</span> <span class='ocrx_word' id='word_1_1038' title='bbox 2012 1902 2099 1933; x_wconf 82' lang='lat' dir='ltr'>habet,</span> <span class='ocrx_word' id='word_1_1039' title='bbox 2115 1903 2160 1927; x_wconf 86' lang='lat' dir='ltr'>illa</span> <span class='ocrx_word' id='word_1_1040' title='bbox 2173 1899 2290 1937; x_wconf 63' lang='lat' dir='ltr'>suspebla</span> <span class='ocrx_word' id='word_1_1041' title='bbox 2303 1901 2367 1936; x_wconf 83' lang='lat' dir='ltr'>sunt</span> <span class='ocrx_word' id='word_1_1042' title='bbox 2401 1928 2404 1932; x_wconf 55' lang='lat'>.</span> 
     </span>
     <span class='ocr_line' id='line_1_74' title="bbox 271 1935 2410 1971; baseline -0.003 -2"><span class='ocrx_word' id='word_1_1043' title='bbox 271 1942 389 1970; x_wconf 82' lang='lat' dir='ltr'>Carceris</span> <span class='ocrx_word' id='word_1_1044' title='bbox 410 1940 510 1966; x_wconf 89' lang='lat' dir='ltr'>ianitor</span> <span class='ocrx_word' id='word_1_1045' title='bbox 536 1937 609 1965; x_wconf 83' lang='lat' dir='ltr'>Idem</span> <span class='ocrx_word' id='word_1_1046' title='bbox 624 1938 702 1963; x_wconf 90' lang='lat' dir='ltr'>Verr.</span> <span class='ocrx_word' id='word_1_1047' title='bbox 722 1945 744 1970; x_wconf 75' lang='grc' dir='ltr'>ς,</span> <span class='ocrx_word' id='word_1_1048' title='bbox 765 1944 814 1971; x_wconf 87' lang='lat'>117.</span> <span class='ocrx_word' id='word_1_1049' title='bbox 886 1937 1027 1962; x_wconf 80' lang='lat' dir='ltr'>Catenatus</span> <span class='ocrx_word' id='word_1_1050' title='bbox 1036 1956 1044 1969; x_wconf 89' lang='lat'>,</span> <span class='ocrx_word' id='word_1_1051' title='bbox 1062 1936 1116 1962; x_wconf 79' lang='lat' dir='ltr'>vid.</span> <span class='ocrx_word' id='word_1_1052' title='bbox 1137 1942 1154 1963; x_wconf 92' lang='lat' dir='ltr'><strong>c</strong></span> <span class='ocrx_word' id='word_1_1053' title='bbox 1165 1943 1216 1962; x_wconf 89' lang='lat' dir='ltr'>AT</span> <span class='ocrx_word' id='word_1_1054' title='bbox 1225 1943 1241 1962; x_wconf 77' lang='grc' dir='ltr'>Ε</span> <span class='ocrx_word' id='word_1_1055' title='bbox 1251 1944 1273 1962; x_wconf 83' lang='grc' dir='ltr'><strong>Ν</strong></span> <span class='ocrx_word' id='word_1_1056' title='bbox 1285 1943 1318 1962; x_wconf 87' lang='lat' dir='ltr'>A.</span> <span class='ocrx_word' id='word_1_1057' title='bbox 1379 1943 1431 1961; x_wconf 73' lang='lat' dir='ltr'>rito</span> <span class='ocrx_word' id='word_1_1058' title='bbox 1445 1937 1555 1962; x_wconf 76' lang='lat' dir='ltr'>Bentleio</span> <span class='ocrx_word' id='word_1_1059' title='bbox 1568 1936 1602 1960; x_wconf 86' lang='lat' dir='ltr'>ad</span> <span class='ocrx_word' id='word_1_1060' title='bbox 1613 1937 1680 1961; x_wconf 89' lang='lat' dir='ltr'>Hor.</span> <span class='ocrx_word' id='word_1_1061' title='bbox 1694 1936 1772 1968; x_wconf 87' lang='lat' dir='ltr'>Epist.</span> <span class='ocrx_word' id='word_1_1062' title='bbox 1787 1945 1807 1967; x_wconf 85' lang='lat'>1,</span> <span class='ocrx_word' id='word_1_1063' title='bbox 1822 1945 1843 1967; x_wconf 90' lang='lat'>1,</span> <span class='ocrx_word' id='word_1_1064' title='bbox 1858 1944 1891 1969; x_wconf 72' lang='lat'>54</span> <span class='ocrx_word' id='word_1_1065' title='bbox 1916 1937 1988 1961; x_wconf 83' lang='lat' dir='ltr'>Haec</span> <span class='ocrx_word' id='word_1_1066' title='bbox 2001 1937 2078 1961; x_wconf 82' lang='lat' dir='ltr'>Ianus</span> <span class='ocrx_word' id='word_1_1067' title='bbox 2090 1937 2207 1962; x_wconf 83' lang='lat' dir='ltr'>summus</span> <span class='ocrx_word' id='word_1_1068' title='bbox 2216 1935 2249 1962; x_wconf 92' lang='lat' dir='ltr'>ab</span> <span class='ocrx_word' id='word_1_1069' title='bbox 2262 1936 2319 1963; x_wconf 88' lang='lat' dir='ltr'>imo</span> <span class='ocrx_word' id='word_1_1070' title='bbox 2333 1936 2410 1963; x_wconf 59' lang='lat' dir='ltr'>prod&gt;</span> 
     </span>
     <span class='ocr_line' id='line_1_75' title="bbox 269 1969 2411 2013; baseline -0.002 -11"><span class='ocrx_word' id='word_1_1071' title='bbox 269 1980 364 2013; x_wconf 81' lang='lat' dir='ltr'>Ingens</span> <span class='ocrx_word' id='word_1_1072' title='bbox 377 1977 451 2010; x_wconf 83' lang='lat' dir='ltr'>Virg.</span> <span class='ocrx_word' id='word_1_1073' title='bbox 466 1976 530 2001; x_wconf 91' lang='lat' dir='ltr'>Aen.</span> <span class='ocrx_word' id='word_1_1074' title='bbox 547 1977 572 2006; x_wconf 72' lang='lat'>6,</span> <span class='ocrx_word' id='word_1_1075' title='bbox 586 1983 649 2007; x_wconf 81' lang='lat'>400.</span> <span class='ocrx_word' id='word_1_1076' title='bbox 675 1973 803 1999; x_wconf 65' lang='lat' dir='ltr'>Ccrberum</span> <span class='ocrx_word' id='word_1_1077' title='bbox 815 1973 946 2008; x_wconf 81' lang='lat' dir='ltr'>intelligit.</span> <span class='ocrx_word' id='word_1_1078' title='bbox 1066 2000 1069 2003; x_wconf 61' lang='grc'><em>7</em></span> <span class='ocrx_word' id='word_1_1079' title='bbox 1333 1981 1367 2007; x_wconf 80' lang='lat'>50</span> <span class='ocrx_word' id='word_1_1080' title='bbox 1381 1979 1438 2002; x_wconf 88' lang='lat' dir='ltr'>cet,</span> <span class='ocrx_word' id='word_1_1081' title='bbox 1457 1971 1534 1996; x_wconf 87' lang='lat' dir='ltr'>Ianus</span> <span class='ocrx_word' id='word_1_1082' title='bbox 1547 1970 1675 2000; x_wconf 86' lang='lat' dir='ltr'>summus,</span> <span class='ocrx_word' id='word_1_1083' title='bbox 1690 1970 1805 2002; x_wconf 89' lang='lat' dir='ltr'>medius,</span> <span class='ocrx_word' id='word_1_1084' title='bbox 1818 1970 1887 1996; x_wconf 89' lang='lat' dir='ltr'>imus</span> <span class='ocrx_word' id='word_1_1085' title='bbox 1894 1969 1958 2006; x_wconf 86' lang='lat' dir='ltr'>sunt</span> <span class='ocrx_word' id='word_1_1086' title='bbox 1987 1977 2055 1996; x_wconf 85' lang='lat' dir='ltr'>artes</span> <span class='ocrx_word' id='word_1_1087' title='bbox 2061 1971 2175 2007; x_wconf 75' lang='lat' dir='ltr'>summa,</span> <span class='ocrx_word' id='word_1_1088' title='bbox 2189 1971 2278 2005; x_wconf 77' lang='lat' dir='ltr'>media,</span> <span class='ocrx_word' id='word_1_1089' title='bbox 2291 1975 2342 1998; x_wconf 91' lang='lat' dir='ltr'>ima</span> <span class='ocrx_word' id='word_1_1090' title='bbox 2355 1973 2411 2002; x_wconf 62' lang='lat' dir='ltr'>vni,</span> 
     </span>
     <span class='ocr_line' id='line_1_76' title="bbox 309 2005 2363 2043; baseline -0.003 -5"><span class='ocrx_word' id='word_1_1091' title='bbox 309 2022 319 2040; x_wconf 93' lang='lat'>1</span> <span class='ocrx_word' id='word_1_1092' title='bbox 331 2021 352 2040; x_wconf 82' lang='grc' dir='ltr'>Α</span> <span class='ocrx_word' id='word_1_1093' title='bbox 362 2010 458 2039; x_wconf 79' lang='lat' dir='ltr'>Ni&#39;TR</span> <span class='ocrx_word' id='word_1_1094' title='bbox 470 2018 478 2037; x_wconf 91' lang='lat'>1</span> <span class='ocrx_word' id='word_1_1095' title='bbox 489 2017 507 2036; x_wconf 88' lang='lat' dir='ltr'>X</span> <span class='ocrx_word' id='word_1_1096' title='bbox 517 2030 525 2043; x_wconf 85' lang='lat'>,</span> <span class='ocrx_word' id='word_1_1097' title='bbox 540 2010 597 2035; x_wconf 84' lang='lat' dir='ltr'>icis.</span> <span class='ocrx_word' id='word_1_1098' title='bbox 623 2009 643 2034; x_wconf 90' lang='lat' dir='ltr'>f.</span> <span class='ocrx_word' id='word_1_1099' title='bbox 681 2009 764 2034; x_wconf 83' lang='lat' dir='ltr'>Plaut.</span> <span class='ocrx_word' id='word_1_1100' title='bbox 779 2008 857 2034; x_wconf 86' lang='lat' dir='ltr'>Cure.</span> <span class='ocrx_word' id='word_1_1101' title='bbox 878 2017 896 2038; x_wconf 92' lang='lat'>1,</span> <span class='ocrx_word' id='word_1_1102' title='bbox 917 2017 938 2040; x_wconf 89' lang='lat'>1,</span> <span class='ocrx_word' id='word_1_1103' title='bbox 958 2009 993 2041; x_wconf 88' lang='lat'>76</span> <span class='ocrx_word' id='word_1_1104' title='bbox 1030 2008 1102 2034; x_wconf 89' lang='lat' dir='ltr'>Anus</span> <span class='ocrx_word' id='word_1_1105' title='bbox 1124 2005 1168 2033; x_wconf 85' lang='lat' dir='ltr'>hic</span> <span class='ocrx_word' id='word_1_1106' title='bbox 1192 2005 1319 2033; x_wconf 85' lang='lat' dir='ltr'>recubare</span> <span class='ocrx_word' id='word_1_1107' title='bbox 1380 2007 1450 2032; x_wconf 86' lang='lat' dir='ltr'>illius</span> <span class='ocrx_word' id='word_1_1108' title='bbox 1467 2007 1525 2032; x_wconf 89' lang='lat' dir='ltr'>Iani</span> <span class='ocrx_word' id='word_1_1109' title='bbox 1538 2006 1735 2042; x_wconf 79' lang='lat' dir='ltr'>negotiatoribus</span> <span class='ocrx_word' id='word_1_1110' title='bbox 1747 2005 1873 2042; x_wconf 82' lang='lat' dir='ltr'>affignati.</span> <span class='ocrx_word' id='word_1_1111' title='bbox 1911 2007 1954 2033; x_wconf 79' lang='lat' dir='ltr'>Me</span> <span class='ocrx_word' id='word_1_1112' title='bbox 1973 2009 2022 2032; x_wconf 86' lang='lat' dir='ltr'>iam</span> <span class='ocrx_word' id='word_1_1113' title='bbox 2031 2013 2129 2042; x_wconf 78' lang='lat' dir='ltr'>partem</span> <span class='ocrx_word' id='word_1_1114' title='bbox 2141 2007 2261 2034; x_wconf 87' lang='lat' dir='ltr'>medium</span> <span class='ocrx_word' id='word_1_1115' title='bbox 2270 2009 2363 2034; x_wconf 88' lang='lat' dir='ltr'>Ianum</span> 
     </span>
     <span class='ocr_line' id='line_1_77' title="bbox 271 2042 2396 2084; baseline -0.003 -8"><span class='ocrx_word' id='word_1_1116' title='bbox 271 2049 336 2076; x_wconf 91' lang='lat' dir='ltr'>solet</span> <span class='ocrx_word' id='word_1_1117' title='bbox 352 2047 435 2074; x_wconf 86' lang='lat' dir='ltr'>custos</span> <span class='ocrx_word' id='word_1_1118' title='bbox 450 2046 569 2073; x_wconf 85' lang='lat' dir='ltr'>ianitrix.</span> <span class='ocrx_word' id='word_1_1119' title='bbox 625 2043 691 2070; x_wconf 90' lang='lat' dir='ltr'>Plin.</span> <span class='ocrx_word' id='word_1_1120' title='bbox 706 2053 739 2076; x_wconf 77' lang='lat'>15,</span> <span class='ocrx_word' id='word_1_1121' title='bbox 754 2053 782 2075; x_wconf 80' lang='lat'>30</span> <span class='ocrx_word' id='word_1_1122' title='bbox 808 2044 909 2069; x_wconf 82' lang='lat' dir='ltr'>Laurus</span> <span class='ocrx_word' id='word_1_1123' title='bbox 922 2042 1067 2075; x_wconf 81' lang='lat' dir='ltr'>triumphis</span> <span class='ocrx_word' id='word_1_1124' title='bbox 1082 2042 1190 2077; x_wconf 85' lang='lat' dir='ltr'>proprie</span> <span class='ocrx_word' id='word_1_1125' title='bbox 1204 2042 1319 2076; x_wconf 80' lang='lat' dir='ltr'>dicatur¹</span> <span class='ocrx_word' id='word_1_1126' title='bbox 1381 2049 1492 2084; x_wconf 60' lang='lat' dir='ltr'>guentem</span> <span class='ocrx_word' id='word_1_1127' title='bbox 1507 2046 1534 2068; x_wconf 88' lang='lat' dir='ltr'>in</span> <span class='ocrx_word' id='word_1_1128' title='bbox 1548 2044 1644 2076; x_wconf 84' lang='lat' dir='ltr'>primis</span> <span class='ocrx_word' id='word_1_1129' title='bbox 1654 2061 1662 2073; x_wconf 94' lang='lat'>,</span> <span class='ocrx_word' id='word_1_1130' title='bbox 1681 2042 1748 2068; x_wconf 86' lang='lat' dir='ltr'>Iocus</span> <span class='ocrx_word' id='word_1_1131' title='bbox 1758 2045 1835 2077; x_wconf 83' lang='lat' dir='ltr'>prior</span> <span class='ocrx_word' id='word_1_1132' title='bbox 1854 2042 1960 2068; x_wconf 82' lang='lat' dir='ltr'>Horatii</span> <span class='ocrx_word' id='word_1_1133' title='bbox 1977 2042 2063 2074; x_wconf 84' lang='lat' dir='ltr'>docet,</span> <span class='ocrx_word' id='word_1_1134' title='bbox 2076 2049 2099 2069; x_wconf 81' lang='lat' dir='ltr'>et</span> <span class='ocrx_word' id='word_1_1135' title='bbox 2118 2043 2183 2070; x_wconf 79' lang='lat' dir='ltr'>illud</span> <span class='ocrx_word' id='word_1_1136' title='bbox 2196 2043 2252 2069; x_wconf 89' lang='lat' dir='ltr'>Cic.</span> <span class='ocrx_word' id='word_1_1137' title='bbox 2267 2042 2320 2070; x_wconf 85' lang='lat' dir='ltr'>Off.</span> <span class='ocrx_word' id='word_1_1138' title='bbox 2335 2052 2348 2070; x_wconf 92' lang='lat'>2</span> <span class='ocrx_word' id='word_1_1139' title='bbox 2367 2052 2396 2070; x_wconf 85' lang='lat' dir='ltr'>ex</span> 
     </span>
     <span class='ocr_line' id='line_1_78' title="bbox 270 2073 2445 2120; baseline -0.011 -9"><span class='ocrx_word' id='word_1_1140' title='bbox 270 2086 313 2112; x_wconf 87' lang='lat' dir='ltr'>vel</span> <span class='ocrx_word' id='word_1_1141' title='bbox 329 2083 474 2120; x_wconf 83' lang='lat' dir='ltr'>graniffima</span> <span class='ocrx_word' id='word_1_1142' title='bbox 488 2081 612 2107; x_wconf 84' lang='lat' dir='ltr'>domibus</span> <span class='ocrx_word' id='word_1_1143' title='bbox 627 2080 737 2106; x_wconf 83' lang='lat' dir='ltr'>ianitrix</span> <span class='ocrx_word' id='word_1_1144' title='bbox 750 2079 909 2110; x_wconf 77' lang='lat' dir='ltr'>Caesarum,</span> <span class='ocrx_word' id='word_1_1145' title='bbox 924 2078 1143 2112; x_wconf 83' lang='lat' dir='ltr'>Pontificumque.</span> <span class='ocrx_word' id='word_1_1146' title='bbox 1165 2078 1184 2103; x_wconf 89' lang='lat' dir='ltr'>i.</span> <span class='ocrx_word' id='word_1_1147' title='bbox 1197 2086 1220 2103; x_wconf 91' lang='lat' dir='ltr'>e.</span> <span class='ocrx_word' id='word_1_1148' title='bbox 1242 2079 1319 2111; x_wconf 70' lang='lat' dir='ltr'>Qiae</span> <span class='ocrx_word' id='word_1_1149' title='bbox 1381 2077 1430 2104; x_wconf 72' lang='lat' dir='ltr'>bed</span> <span class='ocrx_word' id='word_1_1150' title='bbox 1453 2077 1486 2103; x_wconf 91' lang='lat' dir='ltr'>de</span> <span class='ocrx_word' id='word_1_1151' title='bbox 1522 2093 1568 2097; x_wconf 88' lang='lat'><strong>—</strong></span> <span class='ocrx_word' id='word_1_1152' title='bbox 1603 2077 1769 2112; x_wconf 85' lang='lat' dir='ltr'>quaerenda,</span> <span class='ocrx_word' id='word_1_1153' title='bbox 1789 2077 1822 2110; x_wconf 86' lang='lat' dir='ltr'>de</span> <span class='ocrx_word' id='word_1_1154' title='bbox 1845 2077 1998 2104; x_wconf 90' lang='lat' dir='ltr'>collocanda</span> <span class='ocrx_word' id='word_1_1155' title='bbox 2026 2078 2154 2112; x_wconf 61' lang='lat' dir='ltr'>pecunia,</span> <span class='ocrx_word' id='word_1_1156' title='bbox 2174 2078 2270 2105; x_wconf 67' lang='lat' dir='ltr'>venem</span> <span class='ocrx_word' id='word_1_1157' title='bbox 2293 2079 2374 2106; x_wconf 85' lang='lat' dir='ltr'>etiam</span> <span class='ocrx_word' id='word_1_1158' title='bbox 2402 2073 2445 2108; x_wconf 29' lang='grc' dir='ltr'>ὣς</span> 
     </span>
     <span class='ocr_line' id='line_1_79' title="bbox 271 2111 2381 2155; baseline -0.005 -4"><span class='ocrx_word' id='word_1_1159' title='bbox 271 2122 336 2148; x_wconf 89' lang='lat' dir='ltr'>solet</span> <span class='ocrx_word' id='word_1_1160' title='bbox 348 2118 461 2155; x_wconf 66' lang='lat' dir='ltr'>plantari</span> <span class='ocrx_word' id='word_1_1161' title='bbox 474 2124 532 2143; x_wconf 81' lang='lat' dir='ltr'>ante</span> <span class='ocrx_word' id='word_1_1162' title='bbox 545 2117 640 2143; x_wconf 66' lang='lat' dir='ltr'>domos</span> <span class='ocrx_word' id='word_1_1163' title='bbox 655 2115 797 2142; x_wconf 62' lang='lat' dir='ltr'>Caesarum</span> <span class='ocrx_word' id='word_1_1164' title='bbox 812 2119 838 2139; x_wconf 91' lang='lat' dir='ltr'>et</span> <span class='ocrx_word' id='word_1_1165' title='bbox 852 2113 1019 2139; x_wconf 81' lang='lat' dir='ltr'>Pontificum.</span> <span class='ocrx_word' id='word_1_1166' title='bbox 1048 2113 1122 2147; x_wconf 77' lang='lat' dir='ltr'>Conf-</span> <span class='ocrx_word' id='word_1_1167' title='bbox 1136 2113 1240 2139; x_wconf 86' lang='lat' dir='ltr'>Petron.</span> <span class='ocrx_word' id='word_1_1168' title='bbox 1256 2121 1277 2137; x_wconf 85' lang='lat' dir='ltr'>c.</span> <span class='ocrx_word' id='word_1_1169' title='bbox 1290 2120 1321 2143; x_wconf 84' lang='lat'>39</span> <span class='ocrx_word' id='word_1_1170' title='bbox 1380 2111 1494 2144; x_wconf 83' lang='lat' dir='ltr'>vtenda,</span> <span class='ocrx_word' id='word_1_1171' title='bbox 1511 2113 1679 2139; x_wconf 83' lang='lat' dir='ltr'>commodius</span> <span class='ocrx_word' id='word_1_1172' title='bbox 1693 2122 1708 2139; x_wconf 87' lang='lat' dir='ltr'>a</span> <span class='ocrx_word' id='word_1_1173' title='bbox 1722 2113 1882 2148; x_wconf 88' lang='lat' dir='ltr'>quibusdam</span> <span class='ocrx_word' id='word_1_1174' title='bbox 1895 2114 2004 2148; x_wconf 81' lang='lat' dir='ltr'>optimis</span> <span class='ocrx_word' id='word_1_1175' title='bbox 2024 2114 2090 2140; x_wconf 88' lang='lat' dir='ltr'>viris</span> <span class='ocrx_word' id='word_1_1176' title='bbox 2110 2114 2141 2141; x_wconf 84' lang='lat' dir='ltr'>ad</span> <span class='ocrx_word' id='word_1_1177' title='bbox 2157 2113 2276 2141; x_wconf 81' lang='lat' dir='ltr'>medium</span> <span class='ocrx_word' id='word_1_1178' title='bbox 2288 2116 2381 2142; x_wconf 84' lang='lat' dir='ltr'>Ianum</span> 
     </span>
     <span class='ocr_line' id='line_1_80' title="bbox 272 2146 2441 2190; baseline -0.001 -10"><span class='ocrx_word' id='word_1_1179' title='bbox 272 2164 297 2184; x_wconf 69' lang='lat' dir='ltr'>et</span> <span class='ocrx_word' id='word_1_1180' title='bbox 309 2164 346 2190; x_wconf 78' lang='lat'>55.</span> <span class='ocrx_word' id='word_1_1181' title='bbox 389 2153 542 2187; x_wconf 79' lang='lat' dir='ltr'>Romphaea</span> <span class='ocrx_word' id='word_1_1182' title='bbox 557 2151 669 2179; x_wconf 84' lang='lat' dir='ltr'>Paradifi</span> <span class='ocrx_word' id='word_1_1183' title='bbox 683 2150 793 2177; x_wconf 86' lang='lat' dir='ltr'>ianitrix</span> <span class='ocrx_word' id='word_1_1184' title='bbox 810 2149 928 2175; x_wconf 82' lang='lat' dir='ltr'>Tertull.</span> <span class='ocrx_word' id='word_1_1185' title='bbox 943 2148 975 2174; x_wconf 90' lang='lat' dir='ltr'>de</span> <span class='ocrx_word' id='word_1_1186' title='bbox 989 2148 1085 2174; x_wconf 87' lang='lat' dir='ltr'>Anima</span> <span class='ocrx_word' id='word_1_1187' title='bbox 1097 2157 1118 2173; x_wconf 85' lang='lat' dir='ltr'>c.</span> <span class='ocrx_word' id='word_1_1188' title='bbox 1137 2154 1172 2179; x_wconf 74' lang='lat'>55.</span> <span class='ocrx_word' id='word_1_1189' title='bbox 1247 2148 1320 2186; x_wconf 81' lang='lat' dir='ltr'>Duo·</span> <span class='ocrx_word' id='word_1_1190' title='bbox 1337 2153 1367 2179; x_wconf 74' lang='grc'>55</span> <span class='ocrx_word' id='word_1_1191' title='bbox 1382 2146 1523 2179; x_wconf 83' lang='lat' dir='ltr'>dentibus,</span> <span class='ocrx_word' id='word_1_1192' title='bbox 1542 2156 1620 2181; x_wconf 83' lang='lat' dir='ltr'>quarn</span> <span class='ocrx_word' id='word_1_1193' title='bbox 1634 2147 1666 2174; x_wconf 90' lang='lat' dir='ltr'>ab</span> <span class='ocrx_word' id='word_1_1194' title='bbox 1684 2149 1745 2174; x_wconf 88' lang='lat' dir='ltr'>vllis</span> <span class='ocrx_word' id='word_1_1195' title='bbox 1764 2148 1930 2184; x_wconf 87' lang='lat' dir='ltr'>philosophis</span> <span class='ocrx_word' id='word_1_1196' title='bbox 1944 2150 1998 2176; x_wconf 90' lang='lat' dir='ltr'>vlla</span> <span class='ocrx_word' id='word_1_1197' title='bbox 2011 2149 2040 2176; x_wconf 92' lang='lat' dir='ltr'>in</span> <span class='ocrx_word' id='word_1_1198' title='bbox 2053 2150 2144 2177; x_wconf 83' lang='lat' dir='ltr'>schola</span> <span class='ocrx_word' id='word_1_1199' title='bbox 2162 2149 2317 2185; x_wconf 79' lang='lat' dir='ltr'>disputatur.</span> <span class='ocrx_word' id='word_1_1200' title='bbox 2369 2151 2441 2179; x_wconf 62' lang='lat' dir='ltr'>Simas*</span> 
     </span>
     <span class='ocr_line' id='line_1_81' title="bbox 270 2181 2431 2222; baseline -0.003 -3"><span class='ocrx_word' id='word_1_1201' title='bbox 270 2201 331 2221; x_wconf 76' lang='lat' dir='ltr'>runi</span> <span class='ocrx_word' id='word_1_1202' title='bbox 345 2192 459 2217; x_wconf 78' lang='lat' dir='ltr'>fratrum</span> <span class='ocrx_word' id='word_1_1203' title='bbox 474 2190 574 2215; x_wconf 86' lang='lat' dir='ltr'>onres</span> <span class='ocrx_word' id='word_1_1204' title='bbox 589 2187 725 2214; x_wconf 87' lang='lat' dir='ltr'>Ianitrices</span> <span class='ocrx_word' id='word_1_1205' title='bbox 744 2186 887 2217; x_wconf 87' lang='lat' dir='ltr'>dicuntur,</span> <span class='ocrx_word' id='word_1_1206' title='bbox 905 2183 1056 2210; x_wconf 85' lang='lat' dir='ltr'>Modestino</span> <span class='ocrx_word' id='word_1_1207' title='bbox 1070 2183 1098 2208; x_wconf 90' lang='lat' dir='ltr'>in</span> <span class='ocrx_word' id='word_1_1208' title='bbox 1111 2182 1129 2208; x_wconf 89' lang='lat' dir='ltr'>l.</span> <span class='ocrx_word' id='word_1_1209' title='bbox 1148 2182 1213 2209; x_wconf 89' lang='lat' dir='ltr'>Non</span> <span class='ocrx_word' id='word_1_1210' title='bbox 1233 2181 1320 2208; x_wconf 76' lang='lat' dir='ltr'>facile.</span> <span class='ocrx_word' id='word_1_1211' title='bbox 1375 2184 1481 2217; x_wconf 80' lang='lat' dir='ltr'>pliciter</span> <span class='ocrx_word' id='word_1_1212' title='bbox 1497 2183 1590 2207; x_wconf 88' lang='lat' dir='ltr'>Ianum</span> <span class='ocrx_word' id='word_1_1213' title='bbox 1610 2190 1683 2208; x_wconf 83' lang='lat' dir='ltr'>vocat</span> <span class='ocrx_word' id='word_1_1214' title='bbox 1696 2184 1779 2210; x_wconf 84' lang='lat' dir='ltr'>Ouid.</span> <span class='ocrx_word' id='word_1_1215' title='bbox 1793 2185 1869 2211; x_wconf 84' lang='lat' dir='ltr'>Rem.</span> <span class='ocrx_word' id='word_1_1216' title='bbox 1883 2185 1976 2211; x_wconf 86' lang='lat' dir='ltr'>Amor.</span> <span class='ocrx_word' id='word_1_1217' title='bbox 1992 2187 2037 2217; x_wconf 74' lang='lat'>561</span> <span class='ocrx_word' id='word_1_1218' title='bbox 2069 2186 2125 2219; x_wconf 85' lang='lat' dir='ltr'>Qi</span> <span class='ocrx_word' id='word_1_1219' title='bbox 2137 2186 2226 2213; x_wconf 81' lang='lat' dir='ltr'>Puteal</span> <span class='ocrx_word' id='word_1_1220' title='bbox 2238 2187 2384 2222; x_wconf 86' lang='lat' dir='ltr'>Ianumque</span> <span class='ocrx_word' id='word_1_1221' title='bbox 2397 2181 2431 2214; x_wconf 53' lang='lat' dir='ltr'>ti}</span> 
     </span>
     <span class='ocr_line' id='line_1_82' title="bbox 273 2217 2428 2264; baseline -0.001 -11"><span class='ocrx_word' id='word_1_1222' title='bbox 273 2227 296 2264; x_wconf 85' lang='lat'>§.</span> <span class='ocrx_word' id='word_1_1223' title='bbox 310 2226 416 2254; x_wconf 82' lang='lat' dir='ltr'>Adfines</span> <span class='ocrx_word' id='word_1_1224' title='bbox 431 2226 497 2251; x_wconf 83' lang='lat' dir='ltr'>sunt.</span> <span class='ocrx_word' id='word_1_1225' title='bbox 518 2224 551 2250; x_wconf 88' lang='lat' dir='ltr'>D.</span> <span class='ocrx_word' id='word_1_1226' title='bbox 572 2223 604 2249; x_wconf 93' lang='lat' dir='ltr'>de</span> <span class='ocrx_word' id='word_1_1227' title='bbox 621 2221 754 2249; x_wconf 86' lang='lat' dir='ltr'>Gradibus</span> <span class='ocrx_word' id='word_1_1228' title='bbox 775 2221 972 2255; x_wconf 80' lang='lat' dir='ltr'>cognationum.</span> <span class='ocrx_word' id='word_1_1229' title='bbox 996 2222 1052 2251; x_wconf 81' lang='lat'>(38,</span> <span class='ocrx_word' id='word_1_1230' title='bbox 1065 2227 1103 2250; x_wconf 86' lang='lat'>10,</span> <span class='ocrx_word' id='word_1_1231' title='bbox 1117 2221 1152 2251; x_wconf 90' lang='lat'>4)</span> <span class='ocrx_word' id='word_1_1232' title='bbox 1178 2219 1209 2244; x_wconf 86' lang='lat' dir='ltr'>In</span> <span class='ocrx_word' id='word_1_1233' title='bbox 1223 2217 1320 2252; x_wconf 80' lang='lat' dir='ltr'>quihus·</span> <span class='ocrx_word' id='word_1_1234' title='bbox 1382 2224 1449 2247; x_wconf 82' lang='lat' dir='ltr'>met,</span> <span class='ocrx_word' id='word_1_1235' title='bbox 1474 2218 1625 2251; x_wconf 83' lang='lat' dir='ltr'>celeresque</span> <span class='ocrx_word' id='word_1_1236' title='bbox 1644 2217 1788 2249; x_wconf 83' lang='lat' dir='ltr'>Kalendas,</span> <span class='ocrx_word' id='word_1_1237' title='bbox 1807 2220 1952 2253; x_wconf 75' lang='lat' dir='ltr'>Torqueat</span> <span class='ocrx_word' id='word_1_1238' title='bbox 1972 2219 2041 2245; x_wconf 85' lang='lat' dir='ltr'>hunc</span> <span class='ocrx_word' id='word_1_1239' title='bbox 2061 2222 2129 2247; x_wconf 86' lang='lat' dir='ltr'>aeris</span> <span class='ocrx_word' id='word_1_1240' title='bbox 2149 2229 2242 2248; x_wconf 86' lang='lat' dir='ltr'>mutua</span> <span class='ocrx_word' id='word_1_1241' title='bbox 2260 2223 2360 2249; x_wconf 84' lang='lat' dir='ltr'>summa</span> <span class='ocrx_word' id='word_1_1242' title='bbox 2380 2221 2428 2253; x_wconf 81' lang='lat' dir='ltr'>sui.</span> 
     </span>
     <span class='ocr_line' id='line_1_83' title="bbox 271 2252 2431 2296; baseline -0.003 -7"><span class='ocrx_word' id='word_1_1243' title='bbox 271 2264 327 2290; x_wconf 83' lang='lat' dir='ltr'>dam</span> <span class='ocrx_word' id='word_1_1244' title='bbox 342 2260 520 2296; x_wconf 69' lang='lat' dir='ltr'>exemplaribus</span> <span class='ocrx_word' id='word_1_1245' title='bbox 533 2269 581 2285; x_wconf 89' lang='lat' dir='ltr'>non</span> <span class='ocrx_word' id='word_1_1246' title='bbox 594 2261 687 2294; x_wconf 80' lang='lat' dir='ltr'>legitur</span> <span class='ocrx_word' id='word_1_1247' title='bbox 700 2257 779 2282; x_wconf 69' lang='lat' dir='ltr'>difflo</span> <span class='ocrx_word' id='word_1_1248' title='bbox 792 2257 930 2283; x_wconf 79' lang='lat' dir='ltr'>Ianitrices</span> <span class='ocrx_word' id='word_1_1249' title='bbox 939 2276 947 2287; x_wconf 89' lang='lat'>‚</span> <span class='ocrx_word' id='word_1_1250' title='bbox 961 2254 1008 2290; x_wconf 73' lang='lat' dir='ltr'>sed</span> <span class='ocrx_word' id='word_1_1251' title='bbox 1020 2257 1092 2280; x_wconf 78' lang='lat' dir='ltr'>unico</span> <span class='ocrx_word' id='word_1_1252' title='bbox 1112 2260 1226 2279; x_wconf 82' lang='lat' dir='ltr'>contextu</span> <span class='ocrx_word' id='word_1_1253' title='bbox 1239 2256 1277 2279; x_wconf 76' lang='lat' dir='ltr'>ita</span> <span class='ocrx_word' id='word_1_1254' title='bbox 1289 2253 1321 2279; x_wconf 86' lang='lat' dir='ltr'>le·</span> <span class='ocrx_word' id='word_1_1255' title='bbox 1381 2252 1426 2280; x_wconf 87' lang='lat' dir='ltr'>Ad</span> <span class='ocrx_word' id='word_1_1256' title='bbox 1439 2253 1503 2279; x_wconf 83' lang='lat' dir='ltr'>hunc</span> <span class='ocrx_word' id='word_1_1257' title='bbox 1517 2254 1609 2279; x_wconf 89' lang='lat' dir='ltr'>Ianum</span> <span class='ocrx_word' id='word_1_1258' title='bbox 1623 2253 1732 2280; x_wconf 78' lang='lat' dir='ltr'>alludere</span> <span class='ocrx_word' id='word_1_1259' title='bbox 1751 2254 1851 2280; x_wconf 82' lang='lat' dir='ltr'>videtur</span> <span class='ocrx_word' id='word_1_1260' title='bbox 1865 2255 1958 2280; x_wconf 81' lang='lat' dir='ltr'>Seneca</span> <span class='ocrx_word' id='word_1_1261' title='bbox 1972 2255 2000 2279; x_wconf 90' lang='lat' dir='ltr'>in</span> <span class='ocrx_word' id='word_1_1262' title='bbox 2012 2256 2051 2280; x_wconf 93' lang='lat' dir='ltr'>M.</span> <span class='ocrx_word' id='word_1_1263' title='bbox 2066 2255 2173 2282; x_wconf 83' lang='lat' dir='ltr'>Claudii</span> <span class='ocrx_word' id='word_1_1264' title='bbox 2187 2267 2213 2291; x_wconf 91' lang='lat' dir='ltr'>p.</span> <span class='ocrx_word' id='word_1_1265' title='bbox 2228 2263 2271 2291; x_wconf 76' lang='lat'>832</span> <span class='ocrx_word' id='word_1_1266' title='bbox 2293 2259 2370 2285; x_wconf 75' lang='lat' dir='ltr'>Ianus</span> <span class='ocrx_word' id='word_1_1267' title='bbox 2383 2257 2431 2285; x_wconf 63' lang='lat' dir='ltr'>ho,</span> 
     </span>
    </p>
   </div>
   <div class='ocr_carea' id='block_1_8' title="bbox 272 2288 2441 2364">
    <p class='ocr_par' dir='ltr' id='par_1_12' title="bbox 272 2288 2441 2364">
     <span class='ocr_line' id='line_1_84' title="bbox 272 2288 2430 2335; baseline -0.002 -10"><span class='ocrx_word' id='word_1_1268' title='bbox 272 2303 360 2335; x_wconf 84' lang='lat' dir='ltr'>gitur,</span> <span class='ocrx_word' id='word_1_1269' title='bbox 380 2298 503 2324; x_wconf 86' lang='lat' dir='ltr'>Duorum</span> <span class='ocrx_word' id='word_1_1270' title='bbox 520 2294 632 2320; x_wconf 86' lang='lat' dir='ltr'>fratrum</span> <span class='ocrx_word' id='word_1_1271' title='bbox 649 2301 746 2319; x_wconf 80' lang='lat' dir='ltr'>vxores</span> <span class='ocrx_word' id='word_1_1272' title='bbox 766 2291 890 2318; x_wconf 87' lang='lat' dir='ltr'>dicuntur</span> <span class='ocrx_word' id='word_1_1273' title='bbox 907 2291 976 2325; x_wconf 85' lang='lat' dir='ltr'>apud</span> <span class='ocrx_word' id='word_1_1274' title='bbox 991 2291 1104 2316; x_wconf 79' lang='lat' dir='ltr'>Graecos</span> <span class='ocrx_word' id='word_1_1275' title='bbox 1124 2289 1245 2324; x_wconf 72' lang='grc' dir='ltr'>ἔινοίτερες.</span> <span class='ocrx_word' id='word_1_1276' title='bbox 1281 2289 1321 2315; x_wconf 84' lang='lat' dir='ltr'>Ia·</span> <span class='ocrx_word' id='word_1_1277' title='bbox 1382 2297 1428 2315; x_wconf 86' lang='lat' dir='ltr'>mo</span> <span class='ocrx_word' id='word_1_1278' title='bbox 1442 2288 1533 2328; x_wconf 69' lang='lat' dir='ltr'>vafer,</span> <span class='ocrx_word' id='word_1_1279' title='bbox 1553 2289 1600 2323; x_wconf 91' lang='lat' dir='ltr'>qui</span> <span class='ocrx_word' id='word_1_1280' title='bbox 1613 2289 1714 2323; x_wconf 84' lang='lat' dir='ltr'>semper</span> <span class='ocrx_word' id='word_1_1281' title='bbox 1727 2288 1799 2315; x_wconf 90' lang='lat' dir='ltr'>videt</span> <span class='ocrx_word' id='word_1_1282' title='bbox 1814 2288 1871 2322; x_wconf 67' lang='grc' dir='ltr'>ἅμα</span> <span class='ocrx_word' id='word_1_1283' title='bbox 1889 2288 1982 2323; x_wconf 69' lang='grc' dir='ltr'><em>πρόσσω</em></span> <span class='ocrx_word' id='word_1_1284' title='bbox 1996 2288 2040 2322; x_wconf 57' lang='lat' dir='ltr'>’tw‘</span> <span class='ocrx_word' id='word_1_1285' title='bbox 2061 2288 2155 2318; x_wconf 71' lang='lat' dir='ltr'>0³m&#39;oow.</span> <span class='ocrx_word' id='word_1_1286' title='bbox 2190 2294 2215 2319; x_wconf 85' lang='lat' dir='ltr'>Is</span> <span class='ocrx_word' id='word_1_1287' title='bbox 2227 2294 2310 2319; x_wconf 82' lang='lat' dir='ltr'>multa</span> <span class='ocrx_word' id='word_1_1288' title='bbox 2323 2293 2430 2327; x_wconf 75' lang='lat' dir='ltr'>diserte,</span> 
     </span>
     <span class='ocr_line' id='line_1_85' title="bbox 273 2323 2441 2364; baseline -0.004 -3"><span class='ocrx_word' id='word_1_1289' title='bbox 273 2335 398 2364; x_wconf 87' lang='lat' dir='ltr'>nitrices,</span> <span class='ocrx_word' id='word_1_1290' title='bbox 418 2329 458 2358; x_wconf 71' lang='grc' dir='ltr'>δύο</span> <span class='ocrx_word' id='word_1_1291' title='bbox 476 2328 588 2364; x_wconf 64' lang='grc' dir='ltr'>ἐδελφῶν</span> <span class='ocrx_word' id='word_1_1292' title='bbox 601 2329 726 2363; x_wconf 68' lang='grc' dir='ltr'>γυναῖκες,</span> <span class='ocrx_word' id='word_1_1293' title='bbox 746 2327 878 2361; x_wconf 76' lang='grc' dir='ltr'>σύγνυμφοι</span> <span class='ocrx_word' id='word_1_1294' title='bbox 896 2328 955 2353; x_wconf 89' lang='lat' dir='ltr'>Vet.</span> <span class='ocrx_word' id='word_1_1295' title='bbox 970 2325 1048 2352; x_wconf 83' lang='lat' dir='ltr'>Gloss:</span> <span class='ocrx_word' id='word_1_1296' title='bbox 1083 2325 1157 2361; x_wconf 82' lang='lat' dir='ltr'>Conf.</span> <span class='ocrx_word' id='word_1_1297' title='bbox 1178 2325 1271 2361; x_wconf 83' lang='lat' dir='ltr'>Scalig.</span> <span class='ocrx_word' id='word_1_1298' title='bbox 1293 2327 1321 2350; x_wconf 86' lang='lat' dir='ltr'>in</span> <span class='ocrx_word' id='word_1_1299' title='bbox 1338 2329 1374 2354; x_wconf 86' lang='lat'>60</span> <span class='ocrx_word' id='word_1_1300' title='bbox 1383 2324 1456 2359; x_wconf 85' lang='lat' dir='ltr'>quod</span> <span class='ocrx_word' id='word_1_1301' title='bbox 1472 2332 1501 2349; x_wconf 82' lang='lat' dir='ltr'>in</span> <span class='ocrx_word' id='word_1_1302' title='bbox 1520 2324 1583 2350; x_wconf 90' lang='lat' dir='ltr'>foro</span> <span class='ocrx_word' id='word_1_1303' title='bbox 1598 2323 1687 2356; x_wconf 85' lang='lat' dir='ltr'>viuat,</span> <span class='ocrx_word' id='word_1_1304' title='bbox 1701 2323 1784 2359; x_wconf 85' lang='lat' dir='ltr'>dixit,</span> <span class='ocrx_word' id='word_1_1305' title='bbox 1804 2333 1870 2358; x_wconf 89' lang='lat' dir='ltr'>quae</span> <span class='ocrx_word' id='word_1_1306' title='bbox 1891 2323 2011 2350; x_wconf 79' lang='lat' dir='ltr'>notarius</span> <span class='ocrx_word' id='word_1_1307' title='bbox 2029 2326 2150 2359; x_wconf 84' lang='lat' dir='ltr'>persequi</span> <span class='ocrx_word' id='word_1_1308' title='bbox 2167 2336 2222 2353; x_wconf 87' lang='lat' dir='ltr'>non</span> <span class='ocrx_word' id='word_1_1309' title='bbox 2241 2329 2337 2362; x_wconf 87' lang='lat' dir='ltr'>potuit.</span> <span class='ocrx_word' id='word_1_1310' title='bbox 2394 2323 2441 2356; x_wconf 67' lang='lat' dir='ltr'>Vl</span> 
     </span>
    </p>
   </div>
   <div class='ocr_carea' id='block_1_9' title="bbox 273 2358 2455 3003">
    <p class='ocr_par' dir='ltr' id='par_1_13' title="bbox 273 2358 2428 2402">
     <span class='ocr_line' id='line_1_86' title="bbox 273 2358 2428 2402; baseline 0 -12"><span class='ocrx_word' id='word_1_1311' title='bbox 273 2369 370 2397; x_wconf 60' lang='lat' dir='ltr'>catull,</span> <span class='ocrx_word' id='word_1_1312' title='bbox 391 2370 442 2402; x_wconf 73' lang='lat'>67,</span> <span class='ocrx_word' id='word_1_1313' title='bbox 462 2374 484 2398; x_wconf 83' lang='lat'>3.</span> <span class='ocrx_word' id='word_1_1314' title='bbox 1382 2359 1509 2386; x_wconf 84' lang='lat' dir='ltr'>redeamus</span> <span class='ocrx_word' id='word_1_1315' title='bbox 1521 2358 1554 2385; x_wconf 87' lang='lat' dir='ltr'>od</span> <span class='ocrx_word' id='word_1_1316' title='bbox 1565 2360 1643 2385; x_wconf 87' lang='lat' dir='ltr'>Ianos</span> <span class='ocrx_word' id='word_1_1317' title='bbox 1664 2360 1810 2392; x_wconf 78' lang='lat' dir='ltr'>uniuerfim‚</span> <span class='ocrx_word' id='word_1_1318' title='bbox 1827 2369 1875 2386; x_wconf 84' lang='lat' dir='ltr'>non</span> <span class='ocrx_word' id='word_1_1319' title='bbox 1889 2359 2040 2386; x_wconf 81' lang='lat' dir='ltr'>omittendus</span> <span class='ocrx_word' id='word_1_1320' title='bbox 2052 2362 2120 2386; x_wconf 86' lang='lat' dir='ltr'>locus</span> <span class='ocrx_word' id='word_1_1321' title='bbox 2135 2362 2161 2387; x_wconf 84' lang='grc' dir='ltr'>Ρ.</span> <span class='ocrx_word' id='word_1_1322' title='bbox 2170 2361 2290 2388; x_wconf 70' lang='grc' dir='ltr'>νίἑὶοῐὶε</span> <span class='ocrx_word' id='word_1_1323' title='bbox 2297 2363 2326 2389; x_wconf 87' lang='lat' dir='ltr'>in</span> <span class='ocrx_word' id='word_1_1324' title='bbox 2338 2363 2428 2391; x_wconf 77' lang='lat' dir='ltr'>Deser.</span> 
     </span>
    </p>

    <p class='ocr_par' dir='ltr' id='par_1_14' title="bbox 273 2395 2448 2647">
     <span class='ocr_line' id='line_1_87' title="bbox 311 2395 2427 2434; baseline -0.002 -5"><span class='ocrx_word' id='word_1_1325' title='bbox 311 2413 321 2432; x_wconf 91' lang='lat'>1</span> <span class='ocrx_word' id='word_1_1326' title='bbox 329 2409 439 2432; x_wconf 77' lang='lat' dir='ltr'>ANVA</span> <span class='ocrx_word' id='word_1_1327' title='bbox 448 2409 467 2428; x_wconf 81' lang='lat' dir='ltr'>R</span> <span class='ocrx_word' id='word_1_1328' title='bbox 479 2408 489 2427; x_wconf 94' lang='lat'>1</span> <span class='ocrx_word' id='word_1_1329' title='bbox 500 2408 522 2427; x_wconf 91' lang='lat' dir='ltr'><strong>v</strong></span> <span class='ocrx_word' id='word_1_1330' title='bbox 532 2408 556 2430; x_wconf 85' lang='lat' dir='ltr'>s,</span> <span class='ocrx_word' id='word_1_1331' title='bbox 570 2400 588 2426; x_wconf 90' lang='lat' dir='ltr'>i.</span> <span class='ocrx_word' id='word_1_1332' title='bbox 604 2409 639 2426; x_wconf 89' lang='lat' dir='ltr'>m.</span> <span class='ocrx_word' id='word_1_1333' title='bbox 660 2398 796 2434; x_wconf 40' lang='lat' dir='ltr'>[iumagaus</span> <span class='ocrx_word' id='word_1_1334' title='bbox 810 2397 923 2432; x_wconf 69' lang='grc' dir='ltr'>θυραῖος]</span> <span class='ocrx_word' id='word_1_1335' title='bbox 948 2398 1047 2423; x_wconf 82' lang='lat' dir='ltr'>Primus</span> <span class='ocrx_word' id='word_1_1336' title='bbox 1054 2395 1258 2432; x_wconf 59' lang='lat' dir='ltr'>menliumquem</span> <span class='ocrx_word' id='word_1_1337' title='bbox 1267 2397 1321 2422; x_wconf 83' lang='lat' dir='ltr'>Nu·</span> <span class='ocrx_word' id='word_1_1338' title='bbox 1383 2396 1462 2422; x_wconf 83' lang='lat' dir='ltr'>Rom.</span> <span class='ocrx_word' id='word_1_1339' title='bbox 1479 2405 1504 2430; x_wconf 92' lang='lat' dir='ltr'>p.</span> <span class='ocrx_word' id='word_1_1340' title='bbox 1521 2397 1572 2428; x_wconf 77' lang='lat'>264</span> <span class='ocrx_word' id='word_1_1341' title='bbox 1586 2395 1661 2421; x_wconf 87' lang='lat' dir='ltr'>Labb.</span> <span class='ocrx_word' id='word_1_1342' title='bbox 1684 2395 1741 2421; x_wconf 88' lang='lat' dir='ltr'>Iani</span> <span class='ocrx_word' id='word_1_1343' title='bbox 1755 2403 1802 2429; x_wconf 85' lang='lat' dir='ltr'>per</span> <span class='ocrx_word' id='word_1_1344' title='bbox 1817 2403 1909 2421; x_wconf 86' lang='lat' dir='ltr'>omnes</span> <span class='ocrx_word' id='word_1_1345' title='bbox 1922 2395 2057 2429; x_wconf 77' lang='lat' dir='ltr'>regiones,</span> <span class='ocrx_word' id='word_1_1346' title='bbox 2071 2395 2206 2423; x_wconf 86' lang='lat' dir='ltr'>incrustati</span> <span class='ocrx_word' id='word_1_1347' title='bbox 2219 2402 2244 2423; x_wconf 89' lang='lat' dir='ltr'>et</span> <span class='ocrx_word' id='word_1_1348' title='bbox 2262 2395 2384 2425; x_wconf 81' lang='lat' dir='ltr'>adornati</span> <span class='ocrx_word' id='word_1_1349' title='bbox 2395 2398 2427 2425; x_wconf 81' lang='lat' dir='ltr'>fi-</span> 
     </span>
     <span class='ocr_line' id='line_1_88' title="bbox 273 2429 2425 2474; baseline -0.002 -8"><span class='ocrx_word' id='word_1_1350' title='bbox 273 2450 313 2468; x_wconf 82' lang='lat' dir='ltr'>ma</span> <span class='ocrx_word' id='word_1_1351' title='bbox 327 2441 463 2474; x_wconf 78' lang='lat' dir='ltr'>Pompilius</span> <span class='ocrx_word' id='word_1_1352' title='bbox 481 2446 496 2463; x_wconf 89' lang='lat' dir='ltr'>a</span> <span class='ocrx_word' id='word_1_1353' title='bbox 507 2438 624 2471; x_wconf 80' lang='lat' dir='ltr'>principe</span> <span class='ocrx_word' id='word_1_1354' title='bbox 644 2435 702 2467; x_wconf 74' lang='lat' dir='ltr'>deo,</span> <span class='ocrx_word' id='word_1_1355' title='bbox 720 2434 763 2460; x_wconf 83' lang='lat' dir='ltr'>hoc</span> <span class='ocrx_word' id='word_1_1356' title='bbox 783 2432 817 2464; x_wconf 72' lang='lat' dir='ltr'>esi</span> <span class='ocrx_word' id='word_1_1357' title='bbox 831 2434 895 2460; x_wconf 88' lang='lat' dir='ltr'>Iano</span> <span class='ocrx_word' id='word_1_1358' title='bbox 912 2433 1062 2468; x_wconf 80' lang='lat' dir='ltr'>appellauit,</span> <span class='ocrx_word' id='word_1_1359' title='bbox 1076 2435 1119 2468; x_wconf 85' lang='lat' dir='ltr'>qui</span> <span class='ocrx_word' id='word_1_1360' title='bbox 1132 2436 1242 2467; x_wconf 66' lang='lat' dir='ltr'>primum</span> <span class='ocrx_word' id='word_1_1361' title='bbox 1260 2434 1322 2457; x_wconf 85' lang='lat' dir='ltr'>anni</span> <span class='ocrx_word' id='word_1_1362' title='bbox 1383 2431 1456 2466; x_wconf 86' lang='lat' dir='ltr'>guis:</span> <span class='ocrx_word' id='word_1_1363' title='bbox 1490 2429 1546 2456; x_wconf 88' lang='lat' dir='ltr'>duo</span> <span class='ocrx_word' id='word_1_1364' title='bbox 1577 2431 1713 2465; x_wconf 82' lang='lat' dir='ltr'>praecipui</span> <span class='ocrx_word' id='word_1_1365' title='bbox 1740 2430 1773 2457; x_wconf 85' lang='lat' dir='ltr'>ad</span> <span class='ocrx_word' id='word_1_1366' title='bbox 1801 2440 1892 2457; x_wconf 85' lang='lat' dir='ltr'>arcum</span> <span class='ocrx_word' id='word_1_1367' title='bbox 1915 2431 2076 2462; x_wconf 81' lang='lat' dir='ltr'>Fabianum,</span> <span class='ocrx_word' id='word_1_1368' title='bbox 2101 2432 2220 2465; x_wconf 89' lang='lat' dir='ltr'>superior</span> <span class='ocrx_word' id='word_1_1369' title='bbox 2250 2432 2425 2468; x_wconf 84' lang='lat' dir='ltr'>inferiorque.</span> 
     </span>
     <span class='ocr_line' id='line_1_89' title="bbox 274 2465 2426 2510; baseline -0.002 -9"><span class='ocrx_word' id='word_1_1370' title='bbox 274 2475 317 2510; x_wconf 67' lang='lat' dir='ltr'><em>ff</em></span> <span class='ocrx_word' id='word_1_1371' title='bbox 330 2477 427 2505; x_wconf 83' lang='lat' dir='ltr'>voluit,</span> <span class='ocrx_word' id='word_1_1372' title='bbox 445 2479 569 2506; x_wconf 77' lang='lat' dir='ltr'>tanquam</span> <span class='ocrx_word' id='word_1_1373' title='bbox 583 2470 700 2504; x_wconf 87' lang='lat' dir='ltr'>bicipitis</span> <span class='ocrx_word' id='word_1_1374' title='bbox 720 2469 762 2495; x_wconf 86' lang='lat' dir='ltr'>dei</span> <span class='ocrx_word' id='word_1_1375' title='bbox 776 2470 906 2499; x_wconf 82' lang='lat' dir='ltr'>mensem,</span> <span class='ocrx_word' id='word_1_1376' title='bbox 919 2468 1104 2502; x_wconf 85' lang='lat' dir='ltr'>respicientem</span> <span class='ocrx_word' id='word_1_1377' title='bbox 1119 2475 1144 2494; x_wconf 87' lang='lat' dir='ltr'>et</span> <span class='ocrx_word' id='word_1_1378' title='bbox 1161 2467 1323 2502; x_wconf 88' lang='lat' dir='ltr'>prospicien-</span> <span class='ocrx_word' id='word_1_1379' title='bbox 1383 2469 1494 2502; x_wconf 85' lang='lat' dir='ltr'>Denique</span> <span class='ocrx_word' id='word_1_1380' title='bbox 1515 2468 1589 2491; x_wconf 82' lang='lat' dir='ltr'>etiam</span> <span class='ocrx_word' id='word_1_1381' title='bbox 1608 2466 1685 2492; x_wconf 80' lang='lat' dir='ltr'>libros</span> <span class='ocrx_word' id='word_1_1382' title='bbox 1700 2470 1727 2492; x_wconf 88' lang='lat' dir='ltr'>in</span> <span class='ocrx_word' id='word_1_1383' title='bbox 1740 2468 1801 2493; x_wconf 83' lang='lat' dir='ltr'>Iano</span> <span class='ocrx_word' id='word_1_1384' title='bbox 1821 2468 1919 2493; x_wconf 82' lang='lat' dir='ltr'>venales</span> <span class='ocrx_word' id='word_1_1385' title='bbox 1932 2465 2013 2502; x_wconf 66' lang='lat' dir='ltr'>susse</span> <span class='ocrx_word' id='word_1_1386' title='bbox 2032 2466 2149 2502; x_wconf 75' lang='lat' dir='ltr'>distimus</span> <span class='ocrx_word' id='word_1_1387' title='bbox 2164 2475 2196 2494; x_wconf 67' lang='lat' dir='ltr'>eie</span> <span class='ocrx_word' id='word_1_1388' title='bbox 2213 2466 2255 2493; x_wconf 79' lang='lat' dir='ltr'>illo</span> <span class='ocrx_word' id='word_1_1389' title='bbox 2269 2468 2335 2495; x_wconf 85' lang='lat' dir='ltr'>Hor.</span> <span class='ocrx_word' id='word_1_1390' title='bbox 2345 2468 2426 2504; x_wconf 71' lang='lat' dir='ltr'>Epist.</span> 
     </span>
     <span class='ocr_line' id='line_1_90' title="bbox 275 2501 2426 2540; baseline -0.006 -2"><span class='ocrx_word' id='word_1_1391' title='bbox 275 2519 329 2540; x_wconf 88' lang='lat' dir='ltr'>tem</span> <span class='ocrx_word' id='word_1_1392' title='bbox 352 2508 477 2537; x_wconf 73' lang='lat' dir='ltr'>transaffi</span> <span class='ocrx_word' id='word_1_1393' title='bbox 497 2507 560 2534; x_wconf 87' lang='lat' dir='ltr'>anni</span> <span class='ocrx_word' id='word_1_1394' title='bbox 581 2506 678 2537; x_wconf 87' lang='lat' dir='ltr'>finem,</span> <span class='ocrx_word' id='word_1_1395' title='bbox 699 2505 838 2539; x_wconf 82' lang='lat' dir='ltr'>futurique</span> <span class='ocrx_word' id='word_1_1396' title='bbox 860 2504 1001 2539; x_wconf 85' lang='lat' dir='ltr'>principia.</span> <span class='ocrx_word' id='word_1_1397' title='bbox 1022 2511 1052 2530; x_wconf 78' lang='lat' dir='ltr'>vt</span> <span class='ocrx_word' id='word_1_1398' title='bbox 1071 2505 1181 2538; x_wconf 81' lang='lat' dir='ltr'>loquitur</span> <span class='ocrx_word' id='word_1_1399' title='bbox 1202 2502 1322 2530; x_wconf 84' lang='lat' dir='ltr'>Macrob.</span> <span class='ocrx_word' id='word_1_1400' title='bbox 1336 2506 1368 2540; x_wconf 76' lang='lat'>65</span> <span class='ocrx_word' id='word_1_1401' title='bbox 1384 2512 1404 2535; x_wconf 92' lang='lat'>1,</span> <span class='ocrx_word' id='word_1_1402' title='bbox 1417 2511 1460 2533; x_wconf 86' lang='lat'>20,</span> <span class='ocrx_word' id='word_1_1403' title='bbox 1475 2510 1483 2528; x_wconf 95' lang='lat'>1</span> <span class='ocrx_word' id='word_1_1404' title='bbox 1505 2502 1681 2527; x_wconf 88' lang='lat' dir='ltr'>Vertumnum</span> <span class='ocrx_word' id='word_1_1405' title='bbox 1696 2503 1843 2536; x_wconf 88' lang='lat' dir='ltr'>Ianumque</span> <span class='ocrx_word' id='word_1_1406' title='bbox 1855 2502 1924 2528; x_wconf 89' lang='lat' dir='ltr'>liber</span> <span class='ocrx_word' id='word_1_1407' title='bbox 1937 2502 2053 2536; x_wconf 57' lang='lat' dir='ltr'>spe-&amp;are</span> <span class='ocrx_word' id='word_1_1408' title='bbox 2066 2502 2166 2529; x_wconf 84' lang='lat' dir='ltr'>videris</span> <span class='ocrx_word' id='word_1_1409' title='bbox 2191 2501 2312 2535; x_wconf 85' lang='lat' dir='ltr'>Scilicet,</span> <span class='ocrx_word' id='word_1_1410' title='bbox 2325 2508 2354 2530; x_wconf 76' lang='lat' dir='ltr'>vt</span> <span class='ocrx_word' id='word_1_1411' title='bbox 2365 2512 2426 2538; x_wconf 77' lang='lat' dir='ltr'>pro.</span> 
     </span>
     <span class='ocr_line' id='line_1_91' title="bbox 276 2535 2429 2579; baseline -0.004 -5"><span class='ocrx_word' id='word_1_1412' title='bbox 276 2549 327 2575; x_wconf 83' lang='lat' dir='ltr'>Sat.</span> <span class='ocrx_word' id='word_1_1413' title='bbox 339 2555 359 2579; x_wconf 87' lang='lat'>1,</span> <span class='ocrx_word' id='word_1_1414' title='bbox 373 2555 397 2578; x_wconf 87' lang='grc'>13</span> <span class='ocrx_word' id='word_1_1415' title='bbox 410 2555 435 2571; x_wconf 84' lang='grc' dir='ltr'>υ.</span> <span class='ocrx_word' id='word_1_1416' title='bbox 450 2554 476 2570; x_wconf 87' lang='grc' dir='ltr'>υ.</span> <span class='ocrx_word' id='word_1_1417' title='bbox 497 2550 521 2570; x_wconf 82' lang='lat' dir='ltr'>et</span> <span class='ocrx_word' id='word_1_1418' title='bbox 533 2541 615 2570; x_wconf 89' lang='lat' dir='ltr'>Ouid.</span> <span class='ocrx_word' id='word_1_1419' title='bbox 629 2541 695 2568; x_wconf 84' lang='lat' dir='ltr'>Fast.</span> <span class='ocrx_word' id='word_1_1420' title='bbox 710 2550 728 2572; x_wconf 86' lang='lat'>1,</span> <span class='ocrx_word' id='word_1_1421' title='bbox 742 2538 837 2577; x_wconf 81' lang='lat' dir='ltr'>6&#39;3sqq.</span> <span class='ocrx_word' id='word_1_1422' title='bbox 890 2540 980 2566; x_wconf 89' lang='lat' dir='ltr'>Mense</span> <span class='ocrx_word' id='word_1_1423' title='bbox 994 2540 1117 2566; x_wconf 85' lang='lat' dir='ltr'>Ianuario</span> <span class='ocrx_word' id='word_1_1424' title='bbox 1130 2539 1186 2566; x_wconf 88' lang='lat' dir='ltr'>Cic.</span> <span class='ocrx_word' id='word_1_1425' title='bbox 1195 2540 1247 2565; x_wconf 86' lang='lat' dir='ltr'>Att.</span> <span class='ocrx_word' id='word_1_1426' title='bbox 1265 2547 1284 2569; x_wconf 86' lang='lat'>1,</span> <span class='ocrx_word' id='word_1_1427' title='bbox 1299 2547 1323 2565; x_wconf 86' lang='lat' dir='ltr'>z.</span> <span class='ocrx_word' id='word_1_1428' title='bbox 1384 2538 1431 2565; x_wconf 87' lang='lat' dir='ltr'>stes</span> <span class='ocrx_word' id='word_1_1429' title='bbox 1444 2537 1577 2564; x_wconf 70' lang='lat' dir='ltr'>Sosiorum</span> <span class='ocrx_word' id='word_1_1430' title='bbox 1592 2539 1697 2571; x_wconf 88' lang='lat' dir='ltr'>pumice</span> <span class='ocrx_word' id='word_1_1431' title='bbox 1710 2537 1832 2563; x_wconf 83' lang='lat' dir='ltr'>munduS.</span> <span class='ocrx_word' id='word_1_1432' title='bbox 1904 2538 1961 2564; x_wconf 86' lang='lat' dir='ltr'>Huc</span> <span class='ocrx_word' id='word_1_1433' title='bbox 1979 2537 2078 2572; x_wconf 69' lang='lat' dir='ltr'>referas</span> <span class='ocrx_word' id='word_1_1434' title='bbox 2098 2535 2264 2569; x_wconf 70' lang='lat' dir='ltr'>ministerium</span> <span class='ocrx_word' id='word_1_1435' title='bbox 2284 2545 2299 2564; x_wconf 84' lang='lat' dir='ltr'>a</span> <span class='ocrx_word' id='word_1_1436' title='bbox 2310 2538 2388 2569; x_wconf 71' lang='lat' dir='ltr'>Iano,</span> <span class='ocrx_word' id='word_1_1437' title='bbox 2400 2537 2429 2565; x_wconf 75' lang='lat' dir='ltr'>de</span> 
     </span>
     <span class='ocr_line' id='line_1_92' title="bbox 275 2573 2433 2612; baseline -0.006 -1"><span class='ocrx_word' id='word_1_1438' title='bbox 275 2585 384 2612; x_wconf 86' lang='lat' dir='ltr'>Ineunte</span> <span class='ocrx_word' id='word_1_1439' title='bbox 397 2580 539 2611; x_wconf 82' lang='lat' dir='ltr'>Ianuario,</span> <span class='ocrx_word' id='word_1_1440' title='bbox 559 2577 612 2604; x_wconf 77' lang='lat' dir='ltr'>vicl.</span> <span class='ocrx_word' id='word_1_1441' title='bbox 635 2583 741 2604; x_wconf 82' lang='lat' dir='ltr'>INEO.</span> <span class='ocrx_word' id='word_1_1442' title='bbox 814 2575 870 2610; x_wconf 84' lang='lat' dir='ltr'>Qi</span> <span class='ocrx_word' id='word_1_1443' title='bbox 885 2574 1003 2602; x_wconf 82' lang='lat' dir='ltr'>calendas</span> <span class='ocrx_word' id='word_1_1444' title='bbox 1016 2576 1152 2602; x_wconf 86' lang='lat' dir='ltr'>Ianuarias</span> <span class='ocrx_word' id='word_1_1445' title='bbox 1170 2575 1252 2606; x_wconf 80' lang='lat' dir='ltr'>colit,</span> <span class='ocrx_word' id='word_1_1446' title='bbox 1266 2583 1324 2608; x_wconf 76' lang='lat' dir='ltr'>pec·</span> <span class='ocrx_word' id='word_1_1447' title='bbox 1384 2583 1430 2609; x_wconf 75' lang='lat' dir='ltr'>quo</span> <span class='ocrx_word' id='word_1_1448' title='bbox 1453 2574 1511 2599; x_wconf 88' lang='lat' dir='ltr'>sunt</span> <span class='ocrx_word' id='word_1_1449' title='bbox 1535 2573 1653 2607; x_wconf 90' lang='lat' dir='ltr'>Inscript.</span> <span class='ocrx_word' id='word_1_1450' title='bbox 1676 2573 1752 2600; x_wconf 89' lang='lat' dir='ltr'>Grut.</span> <span class='ocrx_word' id='word_1_1451' title='bbox 1777 2582 1802 2607; x_wconf 87' lang='lat' dir='ltr'>p.</span> <span class='ocrx_word' id='word_1_1452' title='bbox 1825 2580 1890 2607; x_wconf 80' lang='lat'>577,</span> <span class='ocrx_word' id='word_1_1453' title='bbox 1914 2581 1924 2599; x_wconf 91' lang='lat'>1</span> <span class='ocrx_word' id='word_1_1454' title='bbox 1961 2573 2019 2599; x_wconf 89' lang='lat' dir='ltr'>TI.</span> <span class='ocrx_word' id='word_1_1455' title='bbox 2055 2573 2206 2599; x_wconf 87' lang='lat' dir='ltr'>CLAVD.</span> <span class='ocrx_word' id='word_1_1456' title='bbox 2242 2573 2301 2599; x_wconf 89' lang='lat' dir='ltr'>TI.</span> <span class='ocrx_word' id='word_1_1457' title='bbox 2337 2573 2433 2600; x_wconf 84' lang='lat' dir='ltr'>AvG.</span> 
     </span>
     <span class='ocr_line' id='line_1_93' title="bbox 276 2585 2448 2647; baseline -0.005 -1"><span class='ocrx_word' id='word_1_1458' title='bbox 276 2625 317 2647; x_wconf 83' lang='lat' dir='ltr'>cat</span> <span class='ocrx_word' id='word_1_1459' title='bbox 336 2617 458 2644; x_wconf 88' lang='lat' dir='ltr'>Ambros.</span> <span class='ocrx_word' id='word_1_1460' title='bbox 472 2616 556 2641; x_wconf 85' lang='lat' dir='ltr'>Serm.</span> <span class='ocrx_word' id='word_1_1461' title='bbox 571 2623 604 2647; x_wconf 84' lang='lat'>17.</span> <span class='ocrx_word' id='word_1_1462' title='bbox 1383 2611 1407 2636; x_wconf 94' lang='lat' dir='ltr'>V</span> <span class='ocrx_word' id='word_1_1463' title='bbox 1417 2610 1434 2634; x_wconf 90' lang='grc' dir='ltr'>Ε</span> <span class='ocrx_word' id='word_1_1464' title='bbox 1443 2609 1475 2635; x_wconf 84' lang='lat' dir='ltr'>R.</span> <span class='ocrx_word' id='word_1_1465' title='bbox 1512 2611 1587 2643; x_wconf 76' lang='lat' dir='ltr'>(puto</span> <span class='ocrx_word' id='word_1_1466' title='bbox 1596 2610 1700 2640; x_wconf 83' lang='lat' dir='ltr'>Verna)</span> <span class='ocrx_word' id='word_1_1467' title='bbox 1736 2609 1767 2634; x_wconf 93' lang='lat' dir='ltr'>T</span> <span class='ocrx_word' id='word_1_1468' title='bbox 1775 2609 1858 2634; x_wconf 84' lang='lat' dir='ltr'>HRY</span> <span class='ocrx_word' id='word_1_1469' title='bbox 1866 2609 1882 2634; x_wconf 86' lang='lat' dir='ltr'>P</span> <span class='ocrx_word' id='word_1_1470' title='bbox 1892 2608 1927 2634; x_wconf 81' lang='lat' dir='ltr'>H.</span> <span class='ocrx_word' id='word_1_1471' title='bbox 1964 2609 1984 2634; x_wconf 89' lang='lat' dir='ltr'>A</span> <span class='ocrx_word' id='word_1_1472' title='bbox 1994 2609 2005 2635; x_wconf 93' lang='lat'>1</span> <span class='ocrx_word' id='word_1_1473' title='bbox 2014 2609 2034 2634; x_wconf 83' lang='lat' dir='ltr'>A</span> <span class='ocrx_word' id='word_1_1474' title='bbox 2042 2608 2070 2635; x_wconf 90' lang='lat' dir='ltr'>N</span> <span class='ocrx_word' id='word_1_1475' title='bbox 2078 2609 2103 2635; x_wconf 95' lang='lat' dir='ltr'>O</span> <span class='ocrx_word' id='word_1_1476' title='bbox 2140 2609 2162 2634; x_wconf 88' lang='lat' dir='ltr'>A</span> <span class='ocrx_word' id='word_1_1477' title='bbox 2170 2608 2188 2634; x_wconf 76' lang='grc' dir='ltr'>Β</span> <span class='ocrx_word' id='word_1_1478' title='bbox 2196 2609 2218 2634; x_wconf 89' lang='lat' dir='ltr'>A</span> <span class='ocrx_word' id='word_1_1479' title='bbox 2226 2608 2255 2635; x_wconf 91' lang='lat' dir='ltr'>T</span> <span class='ocrx_word' id='word_1_1480' title='bbox 2263 2609 2295 2635; x_wconf 82' lang='lat' dir='ltr'>R.</span> <span class='ocrx_word' id='word_1_1481' title='bbox 2339 2585 2448 2645; x_wconf 72' lang='lat' dir='ltr'>Nempel</span> 
     </span>
    </p>

    <p class='ocr_par' dir='ltr' id='par_1_15' title="bbox 274 2640 2455 3003">
     <span class='ocr_line' id='line_1_94' title="bbox 314 2640 2455 2683; baseline -0.004 -4"><span class='ocrx_word' id='word_1_1482' title='bbox 314 2661 325 2680; x_wconf 90' lang='lat'>1</span> <span class='ocrx_word' id='word_1_1483' title='bbox 338 2658 458 2682; x_wconf 80' lang='lat' dir='ltr'>ANVS,</span> <span class='ocrx_word' id='word_1_1484' title='bbox 475 2651 494 2677; x_wconf 92' lang='lat' dir='ltr'>i.</span> <span class='ocrx_word' id='word_1_1485' title='bbox 521 2659 557 2676; x_wconf 91' lang='lat' dir='ltr'>m.</span> <span class='ocrx_word' id='word_1_1486' title='bbox 593 2647 705 2683; x_wconf 74' lang='grc' dir='ltr'><strong><em>[Ἷανᾶς]</em></strong></span> <span class='ocrx_word' id='word_1_1487' title='bbox 740 2645 933 2682; x_wconf 68' lang='lat' dir='ltr'>Antiquilfimus</span> <span class='ocrx_word' id='word_1_1488' title='bbox 952 2647 1043 2673; x_wconf 87' lang='lat' dir='ltr'>Italiae</span> <span class='ocrx_word' id='word_1_1489' title='bbox 1061 2655 1123 2678; x_wconf 79' lang='lat' dir='ltr'>rex,</span> <span class='ocrx_word' id='word_1_1490' title='bbox 1141 2646 1276 2672; x_wconf 81' lang='lat' dir='ltr'>Saturnum</span> <span class='ocrx_word' id='word_1_1491' title='bbox 1295 2647 1323 2671; x_wconf 84' lang='lat' dir='ltr'>in</span> <span class='ocrx_word' id='word_1_1492' title='bbox 1384 2654 1399 2671; x_wconf 84' lang='lat' dir='ltr'>a</span> <span class='ocrx_word' id='word_1_1493' title='bbox 1417 2645 1498 2676; x_wconf 86' lang='lat' dir='ltr'>Iano,</span> <span class='ocrx_word' id='word_1_1494' title='bbox 1511 2644 1544 2670; x_wconf 87' lang='lat' dir='ltr'>ab</span> <span class='ocrx_word' id='word_1_1495' title='bbox 1563 2645 1632 2670; x_wconf 86' lang='lat' dir='ltr'>atrio</span> <span class='ocrx_word' id='word_1_1496' title='bbox 1648 2643 1791 2679; x_wconf 80' lang='lat' dir='ltr'>legendum:</span> <span class='ocrx_word' id='word_1_1497' title='bbox 1828 2644 1850 2670; x_wconf 92' lang='lat' dir='ltr'>A</span> <span class='ocrx_word' id='word_1_1498' title='bbox 1876 2644 1986 2670; x_wconf 90' lang='lat' dir='ltr'>IANO</span> <span class='ocrx_word' id='word_1_1499' title='bbox 2011 2643 2102 2679; x_wconf 76' lang='lat' dir='ltr'>diserte</span> <span class='ocrx_word' id='word_1_1500' title='bbox 2122 2651 2227 2670; x_wconf 86' lang='lat' dir='ltr'>vocatur</span> <span class='ocrx_word' id='word_1_1501' title='bbox 2251 2640 2455 2676; x_wconf 43' lang='lat' dir='ltr'>Nicomachus.—</span> 
     </span>
     <span class='ocr_line' id='line_1_95' title="bbox 274 2679 2455 2726; baseline -0.005 -11"><span class='ocrx_word' id='word_1_1502' title='bbox 274 2692 348 2726; x_wconf 78' lang='lat' dir='ltr'>regni</span> <span class='ocrx_word' id='word_1_1503' title='bbox 356 2689 501 2725; x_wconf 79' lang='lat' dir='ltr'>societatem</span> <span class='ocrx_word' id='word_1_1504' title='bbox 514 2686 614 2721; x_wconf 58' lang='lat' dir='ltr'>asi-init.</span> <span class='ocrx_word' id='word_1_1505' title='bbox 650 2685 709 2710; x_wconf 83' lang='lat' dir='ltr'>Eum</span> <span class='ocrx_word' id='word_1_1506' title='bbox 721 2685 791 2708; x_wconf 87' lang='lat' dir='ltr'>aiunt</span> <span class='ocrx_word' id='word_1_1507' title='bbox 801 2685 910 2717; x_wconf 82' lang='lat' dir='ltr'>primum</span> <span class='ocrx_word' id='word_1_1508' title='bbox 924 2685 951 2708; x_wconf 81' lang='lat' dir='ltr'>in</span> <span class='ocrx_word' id='word_1_1509' title='bbox 966 2683 1043 2708; x_wconf 78' lang='lat' dir='ltr'>Italia</span> <span class='ocrx_word' id='word_1_1510' title='bbox 1055 2681 1106 2708; x_wconf 85' lang='lat' dir='ltr'>diis</span> <span class='ocrx_word' id='word_1_1511' title='bbox 1120 2683 1210 2716; x_wconf 78' lang='lat' dir='ltr'>templa</span> <span class='ocrx_word' id='word_1_1512' title='bbox 1223 2680 1323 2716; x_wconf 62' lang='lat' dir='ltr'>feciſje,</span> <span class='ocrx_word' id='word_1_1513' title='bbox 1337 2694 1373 2722; x_wconf 81' lang='lat'>70</span> <span class='ocrx_word' id='word_1_1514' title='bbox 1384 2681 1477 2715; x_wconf 81' lang='lat' dir='ltr'>aliquis</span> <span class='ocrx_word' id='word_1_1515' title='bbox 1491 2689 1515 2714; x_wconf 89' lang='lat' dir='ltr'>p.</span> <span class='ocrx_word' id='word_1_1516' title='bbox 1531 2682 1590 2714; x_wconf 74' lang='lat'>576,</span> <span class='ocrx_word' id='word_1_1517' title='bbox 1604 2688 1629 2713; x_wconf 89' lang='lat'>9.</span> <span class='ocrx_word' id='word_1_1518' title='bbox 1657 2686 1680 2705; x_wconf 83' lang='lat' dir='ltr'>et</span> <span class='ocrx_word' id='word_1_1519' title='bbox 1694 2689 1718 2713; x_wconf 91' lang='lat' dir='ltr'>p.</span> <span class='ocrx_word' id='word_1_1520' title='bbox 1732 2687 1792 2713; x_wconf 78' lang='lat'>577,</span> <span class='ocrx_word' id='word_1_1521' title='bbox 1808 2687 1832 2706; x_wconf 83' lang='lat' dir='ltr'>z.</span> <span class='ocrx_word' id='word_1_1522' title='bbox 1869 2680 1901 2705; x_wconf 78' lang='lat' dir='ltr'>Et</span> <span class='ocrx_word' id='word_1_1523' title='bbox 1919 2683 1947 2705; x_wconf 84' lang='lat' dir='ltr'>in</span> <span class='ocrx_word' id='word_1_1524' title='bbox 1965 2679 2046 2705; x_wconf 82' lang='lat' dir='ltr'>eadem</span> <span class='ocrx_word' id='word_1_1525' title='bbox 2060 2679 2148 2706; x_wconf 76' lang='lat' dir='ltr'>tabella</span> <span class='ocrx_word' id='word_1_1526' title='bbox 2167 2689 2191 2714; x_wconf 88' lang='lat' dir='ltr'>p.</span> <span class='ocrx_word' id='word_1_1527' title='bbox 2207 2687 2268 2714; x_wconf 78' lang='lat'>577,</span> <span class='ocrx_word' id='word_1_1528' title='bbox 2282 2689 2293 2707; x_wconf 92' lang='lat'>1</span> <span class='ocrx_word' id='word_1_1529' title='bbox 2312 2679 2345 2713; x_wconf 69' lang='lat' dir='ltr'>est</span> <span class='ocrx_word' id='word_1_1530' title='bbox 2359 2683 2393 2708; x_wconf 76' lang='lat' dir='ltr'>eti</span> <span class='ocrx_word' id='word_1_1531' title='bbox 2436 2706 2437 2710; x_wconf 54' lang='grc'>,</span> <span class='ocrx_word' id='word_1_1532' title='bbox 2452 2694 2455 2701; x_wconf 94' lang='lat'><em>·</em></span> 
     </span>
     <span class='ocr_line' id='line_1_96' title="bbox 276 2715 2440 2759; baseline -0.004 -7"><span class='ocrx_word' id='word_1_1533' title='bbox 276 2729 388 2759; x_wconf 77' lang='lat' dir='ltr'>ritusque</span> <span class='ocrx_word' id='word_1_1534' title='bbox 401 2723 532 2759; x_wconf 84' lang='lat' dir='ltr'>sacrorum</span> <span class='ocrx_word' id='word_1_1535' title='bbox 551 2717 698 2752; x_wconf 58' lang='lat' dir='ltr'>instituiſje,</span> <span class='ocrx_word' id='word_1_1536' title='bbox 714 2727 744 2744; x_wconf 82' lang='lat' dir='ltr'>ac</span> <span class='ocrx_word' id='word_1_1537' title='bbox 757 2717 811 2743; x_wconf 81' lang='lat' dir='ltr'>ideo</span> <span class='ocrx_word' id='word_1_1538' title='bbox 828 2726 879 2743; x_wconf 82' lang='lat' dir='ltr'>eum</span> <span class='ocrx_word' id='word_1_1539' title='bbox 891 2720 919 2743; x_wconf 77' lang='lat' dir='ltr'>in</span> <span class='ocrx_word' id='word_1_1540' title='bbox 933 2717 1072 2752; x_wconf 75' lang='lat' dir='ltr'>sacrificiis</span> <span class='ocrx_word' id='word_1_1541' title='bbox 1086 2718 1264 2752; x_wconf 76' lang='lat' dir='ltr'>praelationem</span> <span class='ocrx_word' id='word_1_1542' title='bbox 1277 2726 1323 2742; x_wconf 85' lang='lat' dir='ltr'>me·</span> <span class='ocrx_word' id='word_1_1543' title='bbox 1383 2717 1445 2742; x_wconf 84' lang='lat' dir='ltr'>talis</span> <span class='ocrx_word' id='word_1_1544' title='bbox 1474 2715 1622 2751; x_wconf 61' lang='lat' dir='ltr'>inscriptio,</span> <span class='ocrx_word' id='word_1_1545' title='bbox 1665 2716 1745 2742; x_wconf 91' lang='lat' dir='ltr'>CLA</span> <span class='ocrx_word' id='word_1_1546' title='bbox 1754 2716 1775 2741; x_wconf 96' lang='lat' dir='ltr'>V</span> <span class='ocrx_word' id='word_1_1547' title='bbox 1785 2715 1827 2741; x_wconf 93' lang='lat' dir='ltr'>DI</span> <span class='ocrx_word' id='word_1_1548' title='bbox 1836 2715 1857 2741; x_wconf 89' lang='lat' dir='ltr'>A</span> <span class='ocrx_word' id='word_1_1549' title='bbox 1867 2716 1886 2741; x_wconf 85' lang='lat' dir='ltr'>E</span> <span class='ocrx_word' id='word_1_1550' title='bbox 1929 2715 2048 2742; x_wconf 84' lang='lat' dir='ltr'>HORA</span> <span class='ocrx_word' id='word_1_1551' title='bbox 2057 2716 2076 2742; x_wconf 85' lang='lat' dir='ltr'>E</span> <span class='ocrx_word' id='word_1_1552' title='bbox 2119 2715 2177 2742; x_wconf 90' lang='lat' dir='ltr'>TI.</span> <span class='ocrx_word' id='word_1_1553' title='bbox 2218 2716 2411 2744; x_wconf 85' lang='lat' dir='ltr'>CLAVDIV</span> <span class='ocrx_word' id='word_1_1554' title='bbox 2436 2719 2440 2723; x_wconf 87' lang='grc'><strong>“</strong></span> 
     </span>
     <span class='ocr_line' id='line_1_97' title="bbox 277 2746 2424 2794; baseline -0.004 -10"><span class='ocrx_word' id='word_1_1555' title='bbox 277 2759 351 2793; x_wconf 73' lang='lat' dir='ltr'>ruifle</span> <span class='ocrx_word' id='word_1_1556' title='bbox 361 2764 513 2794; x_wconf 80' lang='lat' dir='ltr'>perpetuam.</span> <span class='ocrx_word' id='word_1_1557' title='bbox 551 2756 636 2782; x_wconf 82' lang='lat' dir='ltr'>Multa</span> <span class='ocrx_word' id='word_1_1558' title='bbox 650 2754 679 2780; x_wconf 81' lang='lat' dir='ltr'>de</span> <span class='ocrx_word' id='word_1_1559' title='bbox 696 2755 738 2779; x_wconf 84' lang='lat' dir='ltr'>illo</span> <span class='ocrx_word' id='word_1_1560' title='bbox 753 2752 871 2779; x_wconf 78' lang='lat' dir='ltr'>Macrob.</span> <span class='ocrx_word' id='word_1_1561' title='bbox 885 2753 935 2779; x_wconf 87' lang='lat' dir='ltr'>Sat.</span> <span class='ocrx_word' id='word_1_1562' title='bbox 951 2761 971 2784; x_wconf 86' lang='lat'>1,</span> <span class='ocrx_word' id='word_1_1563' title='bbox 984 2761 1010 2787; x_wconf 85' lang='lat'>7.</span> <span class='ocrx_word' id='word_1_1564' title='bbox 1028 2756 1059 2779; x_wconf 82' lang='lat' dir='ltr'>it.</span> <span class='ocrx_word' id='word_1_1565' title='bbox 1074 2758 1087 2782; x_wconf 83' lang='lat'>8</span> <span class='ocrx_word' id='word_1_1566' title='bbox 1100 2759 1124 2779; x_wconf 84' lang='lat' dir='ltr'>et</span> <span class='ocrx_word' id='word_1_1567' title='bbox 1135 2761 1160 2785; x_wconf 90' lang='lat'>9.</span> <span class='ocrx_word' id='word_1_1568' title='bbox 1204 2754 1324 2778; x_wconf 83' lang='lat' dir='ltr'>Ponemus</span> <span class='ocrx_word' id='word_1_1569' title='bbox 1385 2752 1410 2779; x_wconf 95' lang='lat' dir='ltr'>O</span> <span class='ocrx_word' id='word_1_1570' title='bbox 1419 2751 1518 2777; x_wconf 86' lang='lat' dir='ltr'>STIA</span> <span class='ocrx_word' id='word_1_1571' title='bbox 1527 2752 1558 2777; x_wconf 78' lang='lat' dir='ltr'>R.</span> <span class='ocrx_word' id='word_1_1572' title='bbox 1584 2754 1603 2777; x_wconf 83' lang='lat' dir='ltr'>i.</span> <span class='ocrx_word' id='word_1_1573' title='bbox 1624 2751 1747 2778; x_wconf 85' lang='lat' dir='ltr'>ostiarius</span> <span class='ocrx_word' id='word_1_1574' title='bbox 1767 2751 1820 2778; x_wconf 92' lang='lat' dir='ltr'>CO</span> <span class='ocrx_word' id='word_1_1575' title='bbox 1829 2750 1964 2777; x_wconf 88' lang='lat' dir='ltr'>NIVGI.</span> <span class='ocrx_word' id='word_1_1576' title='bbox 2414 2746 2424 2755; x_wconf 59' lang='lat'><strong>⁶</strong></span> 
     </span>
     <span class='ocr_line' id='line_1_98' title="bbox 278 2785 2411 2826; baseline -0.004 -4"><span class='ocrx_word' id='word_1_1577' title='bbox 278 2789 376 2822; x_wconf 67' lang='lat' dir='ltr'>tantum</span> <span class='ocrx_word' id='word_1_1578' title='bbox 389 2803 417 2820; x_wconf 77' lang='lat' dir='ltr'>ex</span> <span class='ocrx_word' id='word_1_1579' title='bbox 430 2802 451 2818; x_wconf 89' lang='lat' dir='ltr'>c.</span> <span class='ocrx_word' id='word_1_1580' title='bbox 462 2801 478 2824; x_wconf 90' lang='lat'><em>9</em></span> <span class='ocrx_word' id='word_1_1581' title='bbox 487 2792 606 2826; x_wconf 75' lang='lat' dir='ltr'>paucula,</span> <span class='ocrx_word' id='word_1_1582' title='bbox 627 2788 703 2823; x_wconf 86' lang='lat' dir='ltr'>Apud</span> <span class='ocrx_word' id='word_1_1583' title='bbox 721 2797 769 2814; x_wconf 88' lang='lat' dir='ltr'>nos</span> <span class='ocrx_word' id='word_1_1584' title='bbox 781 2790 874 2814; x_wconf 89' lang='lat' dir='ltr'>Ianum</span> <span class='ocrx_word' id='word_1_1585' title='bbox 888 2788 1013 2814; x_wconf 87' lang='lat' dir='ltr'>omnibus</span> <span class='ocrx_word' id='word_1_1586' title='bbox 1032 2788 1143 2822; x_wconf 76' lang='lat' dir='ltr'>praecise</span> <span class='ocrx_word' id='word_1_1587' title='bbox 1163 2788 1264 2818; x_wconf 86' lang='lat' dir='ltr'>ianuis,</span> <span class='ocrx_word' id='word_1_1588' title='bbox 1277 2797 1323 2814; x_wconf 86' lang='lat' dir='ltr'>no·</span> <span class='ocrx_word' id='word_1_1589' title='bbox 1424 2795 1433 2813; x_wconf 93' lang='lat'>1</span> <span class='ocrx_word' id='word_1_1590' title='bbox 1443 2788 1527 2813; x_wconf 73' lang='lat' dir='ltr'>ANA’</span> <span class='ocrx_word' id='word_1_1591' title='bbox 1537 2793 1554 2813; x_wconf 86' lang='lat' dir='ltr'>L</span> <span class='ocrx_word' id='word_1_1592' title='bbox 1565 2794 1574 2813; x_wconf 95' lang='lat'>1</span> <span class='ocrx_word' id='word_1_1593' title='bbox 1585 2793 1597 2812; x_wconf 83' lang='lat' dir='ltr'>s</span> <span class='ocrx_word' id='word_1_1594' title='bbox 1607 2807 1615 2819; x_wconf 94' lang='lat'>,</span> <span class='ocrx_word' id='word_1_1595' title='bbox 1638 2795 1661 2813; x_wconf 91' lang='lat' dir='ltr'>e.</span> <span class='ocrx_word' id='word_1_1596' title='bbox 1698 2786 1759 2813; x_wconf 84' lang='lat' dir='ltr'>Adi.</span> <span class='ocrx_word' id='word_1_1597' title='bbox 1795 2785 1951 2820; x_wconf 72' lang='grc' dir='ltr'>[Ἰανιίλιος]</span> <span class='ocrx_word' id='word_1_1598' title='bbox 1987 2786 2070 2820; x_wconf 85' lang='lat' dir='ltr'>Virga</span> <span class='ocrx_word' id='word_1_1599' title='bbox 2088 2785 2186 2812; x_wconf 81' lang='lat' dir='ltr'>Ianalis</span> <span class='ocrx_word' id='word_1_1600' title='bbox 2218 2786 2299 2813; x_wconf 89' lang='lat' dir='ltr'>Ouid.</span> <span class='ocrx_word' id='word_1_1601' title='bbox 2320 2786 2387 2815; x_wconf 82' lang='lat' dir='ltr'>Fast.</span> <span class='ocrx_word' id='word_1_1602' title='bbox 2409 2787 2411 2789; x_wconf 80' lang='grc'><strong>’</strong></span> 
     </span>
     <span class='ocr_line' id='line_1_99' title="bbox 280 2822 1834 2860; baseline -0.006 -2"><span class='ocrx_word' id='word_1_1603' title='bbox 280 2840 341 2858; x_wconf 89' lang='lat' dir='ltr'>men</span> <span class='ocrx_word' id='word_1_1604' title='bbox 353 2828 482 2859; x_wconf 88' lang='lat' dir='ltr'>ostendit,</span> <span class='ocrx_word' id='word_1_1605' title='bbox 500 2825 572 2860; x_wconf 90' lang='lat' dir='ltr'>quod</span> <span class='ocrx_word' id='word_1_1606' title='bbox 582 2825 667 2852; x_wconf 79' lang='lat' dir='ltr'>sunile</span> <span class='ocrx_word' id='word_1_1607' title='bbox 681 2824 781 2859; x_wconf 65' lang='grc' dir='ltr'>θυραίῳ.</span> <span class='ocrx_word' id='word_1_1608' title='bbox 819 2824 888 2850; x_wconf 84' lang='lat' dir='ltr'>Nam</span> <span class='ocrx_word' id='word_1_1609' title='bbox 902 2830 927 2850; x_wconf 90' lang='lat' dir='ltr'>et</span> <span class='ocrx_word' id='word_1_1610' title='bbox 940 2833 999 2850; x_wconf 91' lang='lat' dir='ltr'>cum</span> <span class='ocrx_word' id='word_1_1611' title='bbox 1013 2824 1082 2850; x_wconf 83' lang='lat' dir='ltr'>claui</span> <span class='ocrx_word' id='word_1_1612' title='bbox 1096 2833 1124 2850; x_wconf 88' lang='lat' dir='ltr'>ac</span> <span class='ocrx_word' id='word_1_1613' title='bbox 1139 2824 1213 2857; x_wconf 77' lang='lat' dir='ltr'>virga</span> <span class='ocrx_word' id='word_1_1614' title='bbox 1228 2824 1322 2857; x_wconf 75' lang='lat' dir='ltr'>figura·</span> <span class='ocrx_word' id='word_1_1615' title='bbox 1388 2824 1439 2855; x_wconf 81' lang='lat'>163.</span> <span class='ocrx_word' id='word_1_1616' title='bbox 1477 2822 1552 2858; x_wconf 84' lang='lat' dir='ltr'>Conf.</span> <span class='ocrx_word' id='word_1_1617' title='bbox 1566 2822 1639 2849; x_wconf 84' lang='lat' dir='ltr'>Idem</span> <span class='ocrx_word' id='word_1_1618' title='bbox 1652 2824 1677 2854; x_wconf 88' lang='lat'>6,</span> <span class='ocrx_word' id='word_1_1619' title='bbox 1690 2831 1732 2855; x_wconf 83' lang='lat'>129</span> <span class='ocrx_word' id='word_1_1620' title='bbox 1745 2828 1768 2848; x_wconf 81' lang='lat' dir='ltr'>et</span> <span class='ocrx_word' id='word_1_1621' title='bbox 1782 2824 1834 2854; x_wconf 76' lang='lat'>163.</span> 
     </span>
     <span class='ocr_line' id='line_1_100' title="bbox 279 2855 2424 2899; baseline -0.004 -5"><span class='ocrx_word' id='word_1_1622' title='bbox 279 2873 338 2897; x_wconf 89' lang='lat' dir='ltr'>tur,</span> <span class='ocrx_word' id='word_1_1623' title='bbox 358 2864 428 2899; x_wconf 82' lang='lat' dir='ltr'>quasi</span> <span class='ocrx_word' id='word_1_1624' title='bbox 442 2864 564 2890; x_wconf 81' lang='lat' dir='ltr'>omnium</span> <span class='ocrx_word' id='word_1_1625' title='bbox 578 2867 603 2886; x_wconf 84' lang='lat' dir='ltr'>et</span> <span class='ocrx_word' id='word_1_1626' title='bbox 617 2866 753 2894; x_wconf 81' lang='lat' dir='ltr'>portarum</span> <span class='ocrx_word' id='word_1_1627' title='bbox 766 2859 858 2889; x_wconf 85' lang='lat' dir='ltr'>custos,</span> <span class='ocrx_word' id='word_1_1628' title='bbox 878 2865 903 2885; x_wconf 89' lang='lat' dir='ltr'>et</span> <span class='ocrx_word' id='word_1_1629' title='bbox 916 2859 1006 2886; x_wconf 67' lang='lat' dir='ltr'>reelor</span> <span class='ocrx_word' id='word_1_1630' title='bbox 1017 2860 1130 2885; x_wconf 87' lang='lat' dir='ltr'>viarum.</span> <span class='ocrx_word' id='word_1_1631' title='bbox 1166 2860 1322 2886; x_wconf 84' lang='lat' dir='ltr'>Pronuntia-</span> <span class='ocrx_word' id='word_1_1632' title='bbox 1341 2870 1373 2898; x_wconf 77' lang='lat'>73</span> <span class='ocrx_word' id='word_1_1633' title='bbox 1420 2863 1461 2884; x_wconf 86' lang='grc' dir='ltr'>1Α</span> <span class='ocrx_word' id='word_1_1634' title='bbox 1471 2864 1493 2883; x_wconf 85' lang='grc' dir='ltr'>Ν</span> <span class='ocrx_word' id='word_1_1635' title='bbox 1506 2865 1556 2884; x_wconf 82' lang='grc' dir='ltr'>νΑ</span> <span class='ocrx_word' id='word_1_1636' title='bbox 1566 2866 1599 2891; x_wconf 81' lang='lat' dir='ltr'>L,</span> <span class='ocrx_word' id='word_1_1637' title='bbox 1618 2858 1674 2885; x_wconf 81' lang='lat' dir='ltr'>alis.</span> <span class='ocrx_word' id='word_1_1638' title='bbox 1695 2867 1721 2884; x_wconf 90' lang='lat' dir='ltr'>n.</span> <span class='ocrx_word' id='word_1_1639' title='bbox 1757 2857 1821 2884; x_wconf 90' lang='lat' dir='ltr'>Libi</span> <span class='ocrx_word' id='word_1_1640' title='bbox 1841 2865 1937 2891; x_wconf 83' lang='lat' dir='ltr'>genus,</span> <span class='ocrx_word' id='word_1_1641' title='bbox 1951 2855 2025 2891; x_wconf 91' lang='lat' dir='ltr'>quod</span> <span class='ocrx_word' id='word_1_1642' title='bbox 2044 2857 2110 2883; x_wconf 86' lang='lat' dir='ltr'>Iano</span> <span class='ocrx_word' id='word_1_1643' title='bbox 2129 2856 2316 2883; x_wconf 88' lang='lat' dir='ltr'>tantummodo</span> <span class='ocrx_word' id='word_1_1644' title='bbox 2334 2857 2424 2886; x_wconf 78' lang='lat' dir='ltr'>libaba</span> 
     </span>
     <span class='ocr_line' id='line_1_101' title="bbox 279 2891 2403 2935; baseline -0.002 -9"><span class='ocrx_word' id='word_1_1645' title='bbox 279 2903 320 2930; x_wconf 86' lang='lat' dir='ltr'>vit</span> <span class='ocrx_word' id='word_1_1646' title='bbox 333 2899 478 2935; x_wconf 83' lang='lat' dir='ltr'>Nigidius,</span> <span class='ocrx_word' id='word_1_1647' title='bbox 498 2896 649 2932; x_wconf 87' lang='lat' dir='ltr'>Apollinem</span> <span class='ocrx_word' id='word_1_1648' title='bbox 662 2896 754 2921; x_wconf 87' lang='lat' dir='ltr'>Ianum</span> <span class='ocrx_word' id='word_1_1649' title='bbox 769 2895 827 2927; x_wconf 76' lang='lat' dir='ltr'>else,</span> <span class='ocrx_word' id='word_1_1650' title='bbox 845 2896 1011 2930; x_wconf 89' lang='lat' dir='ltr'>Dianamque</span> <span class='ocrx_word' id='word_1_1651' title='bbox 1024 2896 1114 2921; x_wconf 90' lang='lat' dir='ltr'>Ianam</span> <span class='ocrx_word' id='word_1_1652' title='bbox 1149 2911 1195 2919; x_wconf 59' lang='lat'>.—</span> <span class='ocrx_word' id='word_1_1653' title='bbox 1229 2897 1323 2923; x_wconf 87' lang='lat' dir='ltr'>Ianum</span> <span class='ocrx_word' id='word_1_1654' title='bbox 1384 2899 1435 2920; x_wconf 90' lang='lat' dir='ltr'>tur.</span> <span class='ocrx_word' id='word_1_1655' title='bbox 1457 2893 1552 2919; x_wconf 79' lang='lat' dir='ltr'>Festus.</span> <span class='ocrx_word' id='word_1_1656' title='bbox 1571 2895 1690 2920; x_wconf 84' lang='lat' dir='ltr'>Meminit</span> <span class='ocrx_word' id='word_1_1657' title='bbox 1701 2896 1739 2920; x_wconf 81' lang='lat' dir='ltr'>rei</span> <span class='ocrx_word' id='word_1_1658' title='bbox 1751 2892 1833 2920; x_wconf 89' lang='lat' dir='ltr'>Ouid.</span> <span class='ocrx_word' id='word_1_1659' title='bbox 1849 2892 1915 2919; x_wconf 88' lang='lat' dir='ltr'>Fast.</span> <span class='ocrx_word' id='word_1_1660' title='bbox 1930 2901 1949 2925; x_wconf 91' lang='lat'>1,</span> <span class='ocrx_word' id='word_1_1661' title='bbox 1965 2900 2010 2927; x_wconf 84' lang='lat'>127</span> <span class='ocrx_word' id='word_1_1662' title='bbox 2038 2892 2102 2918; x_wconf 90' lang='lat' dir='ltr'>Inde</span> <span class='ocrx_word' id='word_1_1663' title='bbox 2115 2891 2198 2918; x_wconf 84' lang='lat' dir='ltr'>vocor</span> <span class='ocrx_word' id='word_1_1664' title='bbox 2209 2893 2301 2926; x_wconf 85' lang='lat' dir='ltr'>Ianus,</span> <span class='ocrx_word' id='word_1_1665' title='bbox 2314 2893 2358 2920; x_wconf 87' lang='lat' dir='ltr'>cui</span> <span class='ocrx_word' id='word_1_1666' title='bbox 2371 2903 2403 2922; x_wconf 89' lang='lat' dir='ltr'>cu</span> 
     </span>
     <span class='ocr_line' id='line_1_102' title="bbox 280 2927 2211 2973; baseline -0.006 -9"><span class='ocrx_word' id='word_1_1667' title='bbox 280 2938 391 2973; x_wconf 86' lang='lat' dir='ltr'>quidam</span> <span class='ocrx_word' id='word_1_1668' title='bbox 403 2936 484 2962; x_wconf 89' lang='lat' dir='ltr'>solem</span> <span class='ocrx_word' id='word_1_1669' title='bbox 497 2931 673 2960; x_wconf 87' lang='lat' dir='ltr'>demonstrari</span> <span class='ocrx_word' id='word_1_1670' title='bbox 685 2930 794 2962; x_wconf 90' lang='lat' dir='ltr'>volunt,</span> <span class='ocrx_word' id='word_1_1671' title='bbox 813 2936 839 2956; x_wconf 84' lang='lat' dir='ltr'>et</span> <span class='ocrx_word' id='word_1_1672' title='bbox 851 2931 912 2957; x_wconf 85' lang='lat' dir='ltr'>ideo</span> <span class='ocrx_word' id='word_1_1673' title='bbox 926 2931 1061 2965; x_wconf 87' lang='lat' dir='ltr'>geminum</span> <span class='ocrx_word' id='word_1_1674' title='bbox 1070 2951 1078 2963; x_wconf 82' lang='grc'><em>,</em></span> <span class='ocrx_word' id='word_1_1675' title='bbox 1098 2931 1169 2965; x_wconf 81' lang='lat' dir='ltr'>quali</span> <span class='ocrx_word' id='word_1_1676' title='bbox 1184 2932 1323 2966; x_wconf 86' lang='lat' dir='ltr'>vtriusque</span> <span class='ocrx_word' id='word_1_1677' title='bbox 1385 2929 1486 2956; x_wconf 86' lang='lat' dir='ltr'>cereale</span> <span class='ocrx_word' id='word_1_1678' title='bbox 1501 2929 1618 2957; x_wconf 86' lang='lat' dir='ltr'>sacerdos</span> <span class='ocrx_word' id='word_1_1679' title='bbox 1633 2930 1752 2966; x_wconf 88' lang='lat' dir='ltr'>Imponit</span> <span class='ocrx_word' id='word_1_1680' title='bbox 1765 2929 1852 2957; x_wconf 86' lang='lat' dir='ltr'>libum</span> <span class='ocrx_word' id='word_1_1681' title='bbox 1865 2928 2002 2964; x_wconf 86' lang='lat' dir='ltr'>mixtaque</span> <span class='ocrx_word' id='word_1_1682' title='bbox 2013 2928 2085 2956; x_wconf 86' lang='lat' dir='ltr'>farra</span> <span class='ocrx_word' id='word_1_1683' title='bbox 2096 2927 2153 2962; x_wconf 85' lang='lat' dir='ltr'>sali,</span> <span class='ocrx_word' id='word_1_1684' title='bbox 2165 2934 2211 2953; x_wconf 83' lang='lat' dir='ltr'>etc.</span> 
     </span>
     <span class='ocr_line' id='line_1_103' title="bbox 281 2966 1324 3003; baseline -0.008 -2"><span class='ocrx_word' id='word_1_1685' title='bbox 281 2974 376 3001; x_wconf 86' lang='lat' dir='ltr'>ianuae</span> <span class='ocrx_word' id='word_1_1686' title='bbox 394 2969 511 2998; x_wconf 80' lang='lat' dir='ltr'>caelestis</span> <span class='ocrx_word' id='word_1_1687' title='bbox 529 2973 679 3003; x_wconf 87' lang='lat' dir='ltr'>potentem,</span> <span class='ocrx_word' id='word_1_1688' title='bbox 698 2966 746 3001; x_wconf 90' lang='lat' dir='ltr'>qui</span> <span class='ocrx_word' id='word_1_1689' title='bbox 765 2967 887 2992; x_wconf 80' lang='lat' dir='ltr'>exoriens</span> <span class='ocrx_word' id='word_1_1690' title='bbox 903 2967 1004 3001; x_wconf 86' lang='lat' dir='ltr'>aperiat</span> <span class='ocrx_word' id='word_1_1691' title='bbox 1022 2967 1106 2997; x_wconf 86' lang='lat' dir='ltr'>diem,</span> <span class='ocrx_word' id='word_1_1692' title='bbox 1119 2966 1241 2993; x_wconf 89' lang='lat' dir='ltr'>occidens</span> <span class='ocrx_word' id='word_1_1693' title='bbox 1256 2967 1324 2993; x_wconf 88' lang='lat' dir='ltr'>clau-</span> 
     </span>
    </p>
   </div>
   <div class='ocr_carea' id='block_1_10' title="bbox 282 3000 2471 3328">
    <p class='ocr_par' dir='ltr' id='par_1_16' title="bbox 282 3000 2471 3328">
     <span class='ocr_line' id='line_1_104' title="bbox 282 3000 2192 3038; baseline -0.004 -2"><span class='ocrx_word' id='word_1_1694' title='bbox 282 3009 335 3036; x_wconf 86' lang='lat' dir='ltr'>dat.</span> <span class='ocrx_word' id='word_1_1695' title='bbox 371 3022 417 3028; x_wconf 91' lang='lat'>—</span> <span class='ocrx_word' id='word_1_1696' title='bbox 452 3003 609 3037; x_wconf 80' lang='lat' dir='ltr'>Sedstudiofi</span> <span class='ocrx_word' id='word_1_1697' title='bbox 621 3009 717 3029; x_wconf 85' lang='lat' dir='ltr'>caetera</span> <span class='ocrx_word' id='word_1_1698' title='bbox 728 3001 763 3028; x_wconf 90' lang='lat' dir='ltr'>ibi</span> <span class='ocrx_word' id='word_1_1699' title='bbox 776 3002 927 3037; x_wconf 77' lang='lat' dir='ltr'>cognoscent.</span> <span class='ocrx_word' id='word_1_1700' title='bbox 962 3003 1018 3029; x_wconf 91' lang='lat' dir='ltr'>Cic.</span> <span class='ocrx_word' id='word_1_1701' title='bbox 1031 3003 1063 3029; x_wconf 89' lang='lat' dir='ltr'>de</span> <span class='ocrx_word' id='word_1_1702' title='bbox 1073 3003 1108 3029; x_wconf 90' lang='lat' dir='ltr'>N.</span> <span class='ocrx_word' id='word_1_1703' title='bbox 1124 3003 1155 3029; x_wconf 92' lang='lat' dir='ltr'>D.</span> <span class='ocrx_word' id='word_1_1704' title='bbox 1171 3011 1196 3035; x_wconf 84' lang='lat'>2,</span> <span class='ocrx_word' id='word_1_1705' title='bbox 1210 3006 1244 3038; x_wconf 88' lang='lat'>67</span> <span class='ocrx_word' id='word_1_1706' title='bbox 1259 3011 1324 3038; x_wconf 84' lang='lat' dir='ltr'>c.27</span> <span class='ocrx_word' id='word_1_1707' title='bbox 1627 3004 1639 3035; x_wconf 81' lang='grc' dir='ltr'>Ι</span> <span class='ocrx_word' id='word_1_1708' title='bbox 1696 3005 1724 3035; x_wconf 86' lang='lat' dir='ltr'>A</span> <span class='ocrx_word' id='word_1_1709' title='bbox 1780 3004 1808 3034; x_wconf 94' lang='lat' dir='ltr'>O</span> <span class='ocrx_word' id='word_1_1710' title='bbox 1897 3010 1928 3034; x_wconf 72' lang='lat' dir='ltr'>ct</span> <span class='ocrx_word' id='word_1_1711' title='bbox 2012 3001 2027 3031; x_wconf 92' lang='lat' dir='ltr'>I</span> <span class='ocrx_word' id='word_1_1712' title='bbox 2083 3000 2111 3031; x_wconf 86' lang='lat' dir='ltr'>A</span> <span class='ocrx_word' id='word_1_1713' title='bbox 2169 3001 2192 3032; x_wconf 91' lang='lat' dir='ltr'>P</span> 
     </span>
     <span class='ocr_line' id='line_1_105' title="bbox 282 3037 2436 3073; baseline -0.004 -1"><span class='ocrx_word' id='word_1_1714' title='bbox 282 3046 352 3072; x_wconf 87' lang='lat' dir='ltr'>Cum</span> <span class='ocrx_word' id='word_1_1715' title='bbox 371 3044 399 3070; x_wconf 89' lang='lat' dir='ltr'>in</span> <span class='ocrx_word' id='word_1_1716' title='bbox 417 3041 543 3069; x_wconf 87' lang='lat' dir='ltr'>omnibus</span> <span class='ocrx_word' id='word_1_1717' title='bbox 562 3039 640 3066; x_wconf 86' lang='lat' dir='ltr'>rebus</span> <span class='ocrx_word' id='word_1_1718' title='bbox 661 3038 717 3064; x_wconf 86' lang='lat' dir='ltr'>vim</span> <span class='ocrx_word' id='word_1_1719' title='bbox 735 3037 864 3064; x_wconf 88' lang='lat' dir='ltr'>haberent</span> <span class='ocrx_word' id='word_1_1720' title='bbox 885 3038 1027 3064; x_wconf 85' lang='lat' dir='ltr'>maximam</span> <span class='ocrx_word' id='word_1_1721' title='bbox 1046 3039 1131 3073; x_wconf 90' lang='lat' dir='ltr'>prima</span> <span class='ocrx_word' id='word_1_1722' title='bbox 1156 3045 1181 3065; x_wconf 83' lang='lat' dir='ltr'>et</span> <span class='ocrx_word' id='word_1_1723' title='bbox 1201 3045 1326 3070; x_wconf 79' lang='lat' dir='ltr'>extrema,</span> <span class='ocrx_word' id='word_1_1724' title='bbox 1341 3044 1374 3071; x_wconf 79' lang='lat'>80</span> <span class='ocrx_word' id='word_1_1725' title='bbox 2429 3056 2436 3067; x_wconf 77' lang='grc'>.</span> 
     </span>
     <span class='ocr_line' id='line_1_106' title="bbox 282 3069 2433 3116; baseline -0.003 -9"><span class='ocrx_word' id='word_1_1726' title='bbox 282 3081 429 3116; x_wconf 87' lang='lat' dir='ltr'>principem</span> <span class='ocrx_word' id='word_1_1727' title='bbox 443 3078 471 3104; x_wconf 91' lang='lat' dir='ltr'>in</span> <span class='ocrx_word' id='word_1_1728' title='bbox 484 3074 652 3103; x_wconf 83' lang='lat' dir='ltr'>sacrificando</span> <span class='ocrx_word' id='word_1_1729' title='bbox 663 3075 754 3100; x_wconf 84' lang='lat' dir='ltr'>Ianum</span> <span class='ocrx_word' id='word_1_1730' title='bbox 767 3073 814 3099; x_wconf 80' lang='lat' dir='ltr'>else</span> <span class='ocrx_word' id='word_1_1731' title='bbox 828 3073 984 3100; x_wconf 81' lang='lat' dir='ltr'>voluerunt:</span> <span class='ocrx_word' id='word_1_1732' title='bbox 1003 3074 1075 3108; x_wconf 87' lang='lat' dir='ltr'>quod</span> <span class='ocrx_word' id='word_1_1733' title='bbox 1089 3073 1121 3100; x_wconf 86' lang='lat' dir='ltr'>ab</span> <span class='ocrx_word' id='word_1_1734' title='bbox 1136 3074 1212 3100; x_wconf 84' lang='lat' dir='ltr'>eundo</span> <span class='ocrx_word' id='word_1_1735' title='bbox 1227 3084 1326 3101; x_wconf 86' lang='lat' dir='ltr'>nomen</span> <span class='ocrx_word' id='word_1_1736' title='bbox 1422 3078 1499 3103; x_wconf 85' lang='grc' dir='ltr'>ΙΑΟ,</span> <span class='ocrx_word' id='word_1_1737' title='bbox 1511 3081 1549 3098; x_wconf 79' lang='lat' dir='ltr'>us.</span> <span class='ocrx_word' id='word_1_1738' title='bbox 1569 3081 1605 3098; x_wconf 89' lang='lat' dir='ltr'>m.</span> <span class='ocrx_word' id='word_1_1739' title='bbox 1631 3073 1685 3099; x_wconf 82' lang='lat' dir='ltr'>Vox</span> <span class='ocrx_word' id='word_1_1740' title='bbox 1698 3073 1830 3100; x_wconf 81' lang='lat' dir='ltr'>haereticis</span> <span class='ocrx_word' id='word_1_1741' title='bbox 1842 3071 1942 3107; x_wconf 78' lang='lat' dir='ltr'>usitata.</span> <span class='ocrx_word' id='word_1_1742' title='bbox 1978 3069 2162 3097; x_wconf 86' lang='lat' dir='ltr'>Vid.Tertull.</span> <span class='ocrx_word' id='word_1_1743' title='bbox 2178 3071 2238 3098; x_wconf 87' lang='lat' dir='ltr'>adu.</span> <span class='ocrx_word' id='word_1_1744' title='bbox 2248 3072 2349 3100; x_wconf 70' lang='lat' dir='ltr'>Valent.</span> <span class='ocrx_word' id='word_1_1745' title='bbox 2363 3082 2433 3108; x_wconf 56' lang='lat'>014.</span> 
     </span>
     <span class='ocr_line' id='line_1_107' title="bbox 283 3109 2449 3149; baseline -0.001 -6"><span class='ocrx_word' id='word_1_1746' title='bbox 283 3117 320 3143; x_wconf 87' lang='lat' dir='ltr'>est</span> <span class='ocrx_word' id='word_1_1747' title='bbox 339 3115 463 3144; x_wconf 63' lang='lat' dir='ltr'>dublum,</span> <span class='ocrx_word' id='word_1_1748' title='bbox 482 3121 514 3139; x_wconf 87' lang='lat' dir='ltr'>ex</span> <span class='ocrx_word' id='word_1_1749' title='bbox 534 3120 589 3146; x_wconf 92' lang='lat' dir='ltr'>quo</span> <span class='ocrx_word' id='word_1_1750' title='bbox 602 3109 895 3149; x_wconf 33' lang='lat' dir='ltr'>tranfitioneslperuiae</span> <span class='ocrx_word' id='word_1_1751' title='bbox 910 3111 984 3141; x_wconf 85' lang='lat' dir='ltr'>Iani,</span> <span class='ocrx_word' id='word_1_1752' title='bbox 1003 3109 1127 3149; x_wconf 75' lang='lat' dir='ltr'>foresque</span> <span class='ocrx_word' id='word_1_1753' title='bbox 1147 3110 1174 3135; x_wconf 91' lang='lat' dir='ltr'>in</span> <span class='ocrx_word' id='word_1_1754' title='bbox 1189 3109 1328 3137; x_wconf 87' lang='lat' dir='ltr'>liminibus</span> <span class='ocrx_word' id='word_1_1755' title='bbox 1387 3119 1410 3140; x_wconf 83' lang='lat' dir='ltr'>et</span> <span class='ocrx_word' id='word_1_1756' title='bbox 1423 3111 1454 3138; x_wconf 90' lang='lat' dir='ltr'>de</span> <span class='ocrx_word' id='word_1_1757' title='bbox 1467 3112 1619 3145; x_wconf 88' lang='lat' dir='ltr'>Praescript.</span> <span class='ocrx_word' id='word_1_1758' title='bbox 1639 3121 1661 3138; x_wconf 89' lang='lat' dir='ltr'>c.</span> <span class='ocrx_word' id='word_1_1759' title='bbox 1674 3119 1719 3144; x_wconf 82' lang='lat'>49.</span> <span class='ocrx_word' id='word_1_1760' title='bbox 1758 3112 1840 3147; x_wconf 80' lang='lat' dir='ltr'>Ipfiim</span> <span class='ocrx_word' id='word_1_1761' title='bbox 1851 3121 1935 3138; x_wconf 81' lang='lat' dir='ltr'>nomen</span> <span class='ocrx_word' id='word_1_1762' title='bbox 1954 3116 2015 3136; x_wconf 64' lang='lat' dir='ltr'>nm*</span> <span class='ocrx_word' id='word_1_1763' title='bbox 2034 3110 2076 3136; x_wconf 83' lang='lat' dir='ltr'>hic</span> <span class='ocrx_word' id='word_1_1764' title='bbox 2087 3110 2240 3146; x_wconf 64' lang='lat' dir='ltr'>delmscere,</span> <span class='ocrx_word' id='word_1_1765' title='bbox 2253 3113 2370 3140; x_wconf 80' lang='lat' dir='ltr'>credibile</span> <span class='ocrx_word' id='word_1_1766' title='bbox 2389 3112 2449 3147; x_wconf 62' lang='lat' dir='ltr'>esi:n</span> 
     </span>
     <span class='ocr_line' id='line_1_108' title="bbox 284 3142 2463 3188; baseline -0.002 -9"><span class='ocrx_word' id='word_1_1767' title='bbox 284 3152 456 3188; x_wconf 85' lang='lat' dir='ltr'>profanarum</span> <span class='ocrx_word' id='word_1_1768' title='bbox 477 3147 582 3175; x_wconf 82' lang='lat' dir='ltr'>aedium</span> <span class='ocrx_word' id='word_1_1769' title='bbox 602 3150 690 3173; x_wconf 83' lang='lat' dir='ltr'>ianuae</span> <span class='ocrx_word' id='word_1_1770' title='bbox 708 3151 888 3171; x_wconf 76' lang='lat' dir='ltr'>nominantur.</span> <span class='ocrx_word' id='word_1_1771' title='bbox 957 3146 1014 3170; x_wconf 80' lang='lat' dir='ltr'>Iani</span> <span class='ocrx_word' id='word_1_1772' title='bbox 1034 3154 1118 3171; x_wconf 77' lang='lat' dir='ltr'>nomen</span> <span class='ocrx_word' id='word_1_1773' title='bbox 1132 3146 1213 3183; x_wconf 85' lang='lat' dir='ltr'>Ouid.</span> <span class='ocrx_word' id='word_1_1774' title='bbox 1228 3146 1293 3174; x_wconf 81' lang='lat' dir='ltr'>Fast.</span> <span class='ocrx_word' id='word_1_1775' title='bbox 1308 3156 1329 3180; x_wconf 91' lang='grc'>1,</span> <span class='ocrx_word' id='word_1_1776' title='bbox 1424 3154 1464 3174; x_wconf 81' lang='grc' dir='ltr'>ῙΑ</span> <span class='ocrx_word' id='word_1_1777' title='bbox 1474 3155 1489 3174; x_wconf 84' lang='grc' dir='ltr'><strong>Ρ</strong></span> <span class='ocrx_word' id='word_1_1778' title='bbox 1499 3146 1544 3174; x_wconf 66' lang='grc' dir='ltr'>ΕΤ</span> <span class='ocrx_word' id='word_1_1779' title='bbox 1554 3153 1607 3178; x_wconf 85' lang='lat' dir='ltr'>VS,</span> <span class='ocrx_word' id='word_1_1780' title='bbox 1628 3147 1647 3172; x_wconf 92' lang='lat' dir='ltr'>i.</span> <span class='ocrx_word' id='word_1_1781' title='bbox 1666 3156 1702 3173; x_wconf 89' lang='lat' dir='ltr'>m.</span> <span class='ocrx_word' id='word_1_1782' title='bbox 1738 3146 1885 3182; x_wconf 65' lang='grc' dir='ltr'>[Ἶαπετᾰς]</span> <span class='ocrx_word' id='word_1_1783' title='bbox 1922 3147 1988 3173; x_wconf 84' lang='lat' dir='ltr'>Caeli</span> <span class='ocrx_word' id='word_1_1784' title='bbox 2000 3152 2024 3172; x_wconf 80' lang='lat' dir='ltr'>et</span> <span class='ocrx_word' id='word_1_1785' title='bbox 2036 3146 2129 3172; x_wconf 71' lang='lat' dir='ltr'>Terrae</span> <span class='ocrx_word' id='word_1_1786' title='bbox 2136 3148 2228 3182; x_wconf 78' lang='lat' dir='ltr'>filius,</span> <span class='ocrx_word' id='word_1_1787' title='bbox 2240 3148 2374 3184; x_wconf 83' lang='lat' dir='ltr'>secundum</span> <span class='ocrx_word' id='word_1_1788' title='bbox 2383 3147 2448 3176; x_wconf 45' lang='grc' dir='ltr'><strong><em>[ἴε-ἢ</em></strong></span> <span class='ocrx_word' id='word_1_1789' title='bbox 2462 3142 2463 3148; x_wconf 56' lang='grc'>’</span> 
     </span>
     <span class='ocr_line' id='line_1_109' title="bbox 286 3179 2450 3221; baseline 0 -10"><span class='ocrx_word' id='word_1_1790' title='bbox 286 3196 333 3221; x_wconf 80' lang='lat'>¹24</span> <span class='ocrx_word' id='word_1_1791' title='bbox 352 3185 585 3214; x_wconf 80' lang='lat' dir='ltr'>deducitalanua‚</span> <span class='ocrx_word' id='word_1_1792' title='bbox 604 3191 633 3208; x_wconf 68' lang='lat' dir='ltr'>ex</span> <span class='ocrx_word' id='word_1_1793' title='bbox 646 3191 679 3211; x_wconf 80' lang='lat' dir='ltr'>eo.</span> <span class='ocrx_word' id='word_1_1794' title='bbox 691 3180 756 3221; x_wconf 65' lang='lat' dir='ltr'>qupd</span> <span class='ocrx_word' id='word_1_1795' title='bbox 766 3182 842 3207; x_wconf 68' lang='lat' dir='ltr'>Ianus</span> <span class='ocrx_word' id='word_1_1796' title='bbox 861 3181 923 3221; x_wconf 52' lang='lat' dir='ltr'>cqqll&#39;</span> <span class='ocrx_word' id='word_1_1797' title='bbox 932 3179 1044 3220; x_wconf 38' lang='lat' dir='ltr'>foribus&#39;</span> <span class='ocrx_word' id='word_1_1798' title='bbox 1053 3180 1182 3215; x_wconf 73' lang='lat' dir='ltr'>praeesset,</span> <span class='ocrx_word' id='word_1_1799' title='bbox 1381 3183 1487 3218; x_wconf 81' lang='lat' dir='ltr'>fiodum.</span> <span class='ocrx_word' id='word_1_1800' title='bbox 1532 3184 1605 3209; x_wconf 81' lang='lat' dir='ltr'>Hunc</span> <span class='ocrx_word' id='word_1_1801' title='bbox 1627 3182 1725 3217; x_wconf 79' lang='lat' dir='ltr'>quidam</span> <span class='ocrx_word' id='word_1_1802' title='bbox 1747 3183 1885 3210; x_wconf 79' lang='lat' dir='ltr'>Promethei</span> <span class='ocrx_word' id='word_1_1803' title='bbox 1904 3188 2003 3217; x_wconf 69' lang='lat' dir='ltr'>patrem</span> <span class='ocrx_word' id='word_1_1804' title='bbox 2019 3180 2100 3217; x_wconf 72' lang='lat' dir='ltr'><em>fu&#39;ffi&#39;</em></span> <span class='ocrx_word' id='word_1_1805' title='bbox 2121 3181 2238 3215; x_wconf 64' lang='lat' dir='ltr'>afferunt.</span> <span class='ocrx_word' id='word_1_1806' title='bbox 2275 3184 2331 3212; x_wconf 24' lang='lat' dir='ltr'>,Sic</span> <span class='ocrx_word' id='word_1_1807' title='bbox 2348 3179 2450 3213; x_wconf 73' lang='lat' dir='ltr'>Ouid.&#39;¹</span> 
     </span>
     <span class='ocr_line' id='line_1_110' title="bbox 388 3215 2462 3254; baseline 0.001 -8"><span class='ocrx_word' id='word_1_1808' title='bbox 388 3219 522 3248; x_wconf 82' lang='lat' dir='ltr'>Praefideo</span> <span class='ocrx_word' id='word_1_1809' title='bbox 541 3217 646 3244; x_wconf 85' lang='lat' dir='ltr'>foribus</span> <span class='ocrx_word' id='word_1_1810' title='bbox 666 3216 747 3249; x_wconf 83' lang='lat' dir='ltr'>cael1,</span> <span class='ocrx_word' id='word_1_1811' title='bbox 765 3226 825 3243; x_wconf 91' lang='lat' dir='ltr'>cum</span> <span class='ocrx_word' id='word_1_1812' title='bbox 844 3215 955 3242; x_wconf 81' lang='lat' dir='ltr'>mitibus</span> <span class='ocrx_word' id='word_1_1813' title='bbox 977 3215 1060 3242; x_wconf 79' lang='lat' dir='ltr'>Horis</span> <span class='ocrx_word' id='word_1_1814' title='bbox 1346 3222 1375 3252; x_wconf 82' lang='lat'>85</span> <span class='ocrx_word' id='word_1_1815' title='bbox 1390 3221 1454 3247; x_wconf 87' lang='lat' dir='ltr'>Met.</span> <span class='ocrx_word' id='word_1_1816' title='bbox 1473 3228 1493 3251; x_wconf 92' lang='lat'>1,</span> <span class='ocrx_word' id='word_1_1817' title='bbox 1513 3224 1543 3249; x_wconf 87' lang='lat'>82</span> <span class='ocrx_word' id='word_1_1818' title='bbox 1581 3218 1653 3244; x_wconf 88' lang='lat' dir='ltr'>Satus</span> <span class='ocrx_word' id='word_1_1819' title='bbox 1671 3219 1762 3252; x_wconf 79' lang='lat' dir='ltr'>Iapeto</span> <span class='ocrx_word' id='word_1_1820' title='bbox 1784 3218 1817 3252; x_wconf 83' lang='lat' dir='ltr'>est</span> <span class='ocrx_word' id='word_1_1821' title='bbox 1837 3216 2001 3245; x_wconf 75' lang='lat' dir='ltr'>Prometheus.</span> <span class='ocrx_word' id='word_1_1822' title='bbox 2057 3217 2149 3244; x_wconf 80' lang='lat' dir='ltr'>Audax</span> <span class='ocrx_word' id='word_1_1823' title='bbox 2169 3219 2253 3253; x_wconf 85' lang='lat' dir='ltr'>Iapeti</span> <span class='ocrx_word' id='word_1_1824' title='bbox 2264 3228 2346 3254; x_wconf 83' lang='lat' dir='ltr'>genus</span> <span class='ocrx_word' id='word_1_1825' title='bbox 2361 3221 2439 3248; x_wconf 65' lang='lat' dir='ltr'>Hor.</span> <span class='ocrx_word' id='word_1_1826' title='bbox 2461 3221 2462 3224; x_wconf 69' lang='grc'>’</span> 
     </span>
     <span class='ocr_line' id='line_1_111' title="bbox 423 3247 2471 3289; baseline -0.006 -1"><span class='ocrx_word' id='word_1_1827' title='bbox 423 3257 454 3282; x_wconf 82' lang='lat' dir='ltr'>Et</span> <span class='ocrx_word' id='word_1_1828' title='bbox 472 3254 541 3281; x_wconf 83' lang='lat' dir='ltr'>redit</span> <span class='ocrx_word' id='word_1_1829' title='bbox 560 3252 651 3279; x_wconf 66' lang='lat' dir='ltr'>Officio</span> <span class='ocrx_word' id='word_1_1830' title='bbox 670 3253 791 3287; x_wconf 60' lang='lat' dir='ltr'>IUPPRU&#39;</span> <span class='ocrx_word' id='word_1_1831' title='bbox 808 3253 884 3287; x_wconf 67' lang='lat' dir='ltr'>itque</span> <span class='ocrx_word' id='word_1_1832' title='bbox 902 3260 975 3284; x_wconf 63' lang='lat'><em>“¹²02</em></span> <span class='ocrx_word' id='word_1_1833' title='bbox 1391 3257 1479 3282; x_wconf 84' lang='lat' dir='ltr'>Carm.</span> <span class='ocrx_word' id='word_1_1834' title='bbox 1496 3263 1516 3287; x_wconf 93' lang='lat'>1,</span> <span class='ocrx_word' id='word_1_1835' title='bbox 1530 3263 1552 3287; x_wconf 80' lang='lat'>3,</span> <span class='ocrx_word' id='word_1_1836' title='bbox 1566 3261 1604 3287; x_wconf 87' lang='lat'>27.</span> <span class='ocrx_word' id='word_1_1837' title='bbox 1673 3254 1752 3280; x_wconf 83' lang='lat' dir='ltr'>Trux</span> <span class='ocrx_word' id='word_1_1838' title='bbox 1767 3255 1870 3288; x_wconf 80' lang='lat' dir='ltr'>Iapetus</span> <span class='ocrx_word' id='word_1_1839' title='bbox 1881 3252 1968 3279; x_wconf 81' lang='lat' dir='ltr'>Valcr.</span> <span class='ocrx_word' id='word_1_1840' title='bbox 1983 3253 2081 3287; x_wconf 81' lang='lat' dir='ltr'>Argon.</span> <span class='ocrx_word' id='word_1_1841' title='bbox 2096 3262 2116 3285; x_wconf 82' lang='lat'>1,</span> <span class='ocrx_word' id='word_1_1842' title='bbox 2129 3256 2189 3287; x_wconf 73' lang='lat'>564.</span> <span class='ocrx_word' id='word_1_1843' title='bbox 2386 3280 2387 3286; x_wconf 39' lang='grc'><em>7</em></span> <span class='ocrx_word' id='word_1_1844' title='bbox 2439 3248 2443 3268; x_wconf 73' lang='grc'>-’</span> <span class='ocrx_word' id='word_1_1845' title='bbox 2461 3247 2471 3289; x_wconf 60' lang='lat' dir='ltr'>l</span> 
     </span>
     <span class='ocr_line' id='line_1_112' title="bbox 392 3288 2469 3328; baseline 0 -10"><span class='ocrx_word' id='word_1_1846' title='bbox 392 3291 456 3318; x_wconf 87' lang='lat' dir='ltr'>Inde</span> <span class='ocrx_word' id='word_1_1847' title='bbox 473 3298 556 3316; x_wconf 90' lang='lat' dir='ltr'>vocor</span> <span class='ocrx_word' id='word_1_1848' title='bbox 577 3290 669 3318; x_wconf 81' lang='lat' dir='ltr'>Ianus,</span> <span class='ocrx_word' id='word_1_1849' title='bbox 695 3297 740 3314; x_wconf 77' lang='lat' dir='ltr'>etc.</span> <span class='ocrx_word' id='word_1_1850' title='bbox 1426 3292 1469 3317; x_wconf 74' lang='grc' dir='ltr'>ΙᾸ</span> <span class='ocrx_word' id='word_1_1851' title='bbox 1481 3296 1554 3322; x_wconf 74' lang='lat'>1²18,</span> <span class='ocrx_word' id='word_1_1852' title='bbox 1581 3288 1639 3315; x_wconf 86' lang='lat' dir='ltr'>i&#39;dis.</span> <span class='ocrx_word' id='word_1_1853' title='bbox 1670 3298 1706 3315; x_wconf 84' lang='lat' dir='ltr'>m.</span> <span class='ocrx_word' id='word_1_1854' title='bbox 1742 3290 1754 3323; x_wconf 95' lang='lat'>[</span> <span class='ocrx_word' id='word_1_1855' title='bbox 1768 3289 1866 3322; x_wconf 73' lang='grc' dir='ltr'>Ἰοίπις]</span> <span class='ocrx_word' id='word_1_1856' title='bbox 1910 3289 2004 3314; x_wconf 82' lang='lat' dir='ltr'>Nomen</span> <span class='ocrx_word' id='word_1_1857' title='bbox 2018 3292 2149 3323; x_wconf 80' lang='lat' dir='ltr'>proprium</span> <span class='ocrx_word' id='word_1_1858' title='bbox 2167 3290 2251 3316; x_wconf 80' lang='lat' dir='ltr'>herois</span> <span class='ocrx_word' id='word_1_1859' title='bbox 2268 3292 2370 3323; x_wconf 80' lang='lat' dir='ltr'>Aetoli,</span> <span class='ocrx_word' id='word_1_1860' title='bbox 2389 3293 2445 3328; x_wconf 70' lang='lat' dir='ltr'>qui-</span> <span class='ocrx_word' id='word_1_1861' title='bbox 2461 3291 2469 3313; x_wconf 77' lang='grc' dir='ltr'>’ἶ</span> 
     </span>
    </p>
   </div>
   <div class='ocr_carea' id='block_1_11' title="bbox 286 3322 2462 3397">
    <p class='ocr_par' dir='ltr' id='par_1_17' title="bbox 286 3322 2462 3397">
     <span class='ocr_line' id='line_1_113' title="bbox 289 3322 2462 3362; baseline -0.003 -8"><span class='ocrx_word' id='word_1_1862' title='bbox 289 3329 368 3355; x_wconf 79' lang='lat' dir='ltr'>Totus</span> <span class='ocrx_word' id='word_1_1863' title='bbox 388 3330 450 3353; x_wconf 81' lang='lat' dir='ltr'>enim</span> <span class='ocrx_word' id='word_1_1864' title='bbox 469 3327 511 3352; x_wconf 79' lang='lat' dir='ltr'>illc</span> <span class='ocrx_word' id='word_1_1865' title='bbox 524 3326 590 3351; x_wconf 72' lang='lat' dir='ltr'>locus</span> <span class='ocrx_word' id='word_1_1866' title='bbox 610 3324 638 3350; x_wconf 78' lang='lat' dir='ltr'>de</span> <span class='ocrx_word' id='word_1_1867' title='bbox 649 3325 710 3350; x_wconf 85' lang='lat' dir='ltr'>Iano</span> <span class='ocrx_word' id='word_1_1868' title='bbox 728 3326 792 3359; x_wconf 82' lang='lat' dir='ltr'>agit.</span> <span class='ocrx_word' id='word_1_1869' title='bbox 847 3324 929 3348; x_wconf 85' lang='lat' dir='ltr'>Huius</span> <span class='ocrx_word' id='word_1_1870' title='bbox 946 3323 1059 3358; x_wconf 80' lang='lat' dir='ltr'>templum</span> <span class='ocrx_word' id='word_1_1871' title='bbox 1079 3328 1133 3348; x_wconf 80' lang='lat' dir='ltr'>erat</span> <span class='ocrx_word' id='word_1_1872' title='bbox 1145 3323 1249 3362; x_wconf 69' lang='lat' dir='ltr'>Romae,</span> <span class='ocrx_word' id='word_1_1873' title='bbox 1266 3322 1332 3358; x_wconf 80' lang='lat' dir='ltr'>quod</span> <span class='ocrx_word' id='word_1_1874' title='bbox 1389 3334 1462 3361; x_wconf 73' lang='lat' dir='ltr'>quum</span> <span class='ocrx_word' id='word_1_1875' title='bbox 1476 3326 1510 3352; x_wconf 81' lang='lat' dir='ltr'>ad</span> <span class='ocrx_word' id='word_1_1876' title='bbox 1523 3328 1643 3361; x_wconf 77' lang='lat' dir='ltr'>regionem</span> <span class='ocrx_word' id='word_1_1877' title='bbox 1660 3326 1773 3351; x_wconf 77' lang='lat' dir='ltr'>Venetiae</span> <span class='ocrx_word' id='word_1_1878' title='bbox 1794 3323 1910 3357; x_wconf 69' lang='lat' dir='ltr'>veiziffet,</span> <span class='ocrx_word' id='word_1_1879' title='bbox 1929 3323 2044 3358; x_wconf 78' lang='lat' dir='ltr'>oppidum</span> <span class='ocrx_word' id='word_1_1880' title='bbox 2064 3324 2092 3350; x_wconf 83' lang='lat' dir='ltr'>de</span> <span class='ocrx_word' id='word_1_1881' title='bbox 2104 3324 2151 3360; x_wconf 76' lang='lat' dir='ltr'>fiio</span> <span class='ocrx_word' id='word_1_1882' title='bbox 2170 3329 2266 3351; x_wconf 82' lang='lat' dir='ltr'>nomine</span> <span class='ocrx_word' id='word_1_1883' title='bbox 2278 3326 2406 3358; x_wconf 79' lang='lat' dir='ltr'>condidit,</span> <span class='ocrx_word' id='word_1_1884' title='bbox 2417 3334 2435 3358; x_wconf 66' lang='grc'>4</span> <span class='ocrx_word' id='word_1_1885' title='bbox 2461 3335 2462 3348; x_wconf 60' lang='grc' dir='ltr'>ι</span> 
     </span>
     <span class='ocr_line' id='line_1_114' title="bbox 286 3357 2431 3397; baseline 0 -8"><span class='ocrx_word' id='word_1_1886' title='bbox 286 3369 391 3397; x_wconf 71' lang='lat' dir='ltr'>tempore</span> <span class='ocrx_word' id='word_1_1887' title='bbox 404 3363 461 3388; x_wconf 84' lang='lat' dir='ltr'>belli</span> <span class='ocrx_word' id='word_1_1888' title='bbox 473 3361 592 3397; x_wconf 75' lang='lat' dir='ltr'>patebat,</span> <span class='ocrx_word' id='word_1_1889' title='bbox 611 3366 717 3394; x_wconf 85' lang='lat' dir='ltr'>tempore</span> <span class='ocrx_word' id='word_1_1890' title='bbox 732 3361 803 3393; x_wconf 79' lang='lat' dir='ltr'>pacis</span> <span class='ocrx_word' id='word_1_1891' title='bbox 817 3358 988 3384; x_wconf 78' lang='lat' dir='ltr'>claudebatur:</span> <span class='ocrx_word' id='word_1_1892' title='bbox 1008 3357 1073 3384; x_wconf 77' lang='lat' dir='ltr'>unde</span> <span class='ocrx_word' id='word_1_1893' title='bbox 1087 3357 1218 3384; x_wconf 81' lang='lat' dir='ltr'>Patulcius</span> <span class='ocrx_word' id='word_1_1894' title='bbox 1231 3365 1254 3383; x_wconf 86' lang='lat' dir='ltr'>et</span> <span class='ocrx_word' id='word_1_1895' title='bbox 1268 3359 1329 3384; x_wconf 88' lang='lat' dir='ltr'>Clu·</span> <span class='ocrx_word' id='word_1_1896' title='bbox 1392 3371 1437 3396; x_wconf 78' lang='lat' dir='ltr'>quo</span> <span class='ocrx_word' id='word_1_1897' title='bbox 1459 3371 1486 3388; x_wconf 72' lang='lat' dir='ltr'>m</span> <span class='ocrx_word' id='word_1_1898' title='bbox 1502 3368 1566 3397; x_wconf 76' lang='lat' dir='ltr'>pars</span> <span class='ocrx_word' id='word_1_1899' title='bbox 1588 3359 1631 3385; x_wconf 88' lang='lat' dir='ltr'>vbi</span> <span class='ocrx_word' id='word_1_1900' title='bbox 1650 3361 1769 3386; x_wconf 74' lang='lat' dir='ltr'>Timauus</span> <span class='ocrx_word' id='word_1_1901' title='bbox 1785 3360 1882 3396; x_wconf 77' lang='lat' dir='ltr'>fluuius</span> <span class='ocrx_word' id='word_1_1902' title='bbox 1907 3358 1953 3392; x_wconf 65' lang='lat' dir='ltr'>el),</span> <span class='ocrx_word' id='word_1_1903' title='bbox 1980 3359 2078 3394; x_wconf 85' lang='lat' dir='ltr'>lapidis</span> <span class='ocrx_word' id='word_1_1904' title='bbox 2101 3369 2186 3386; x_wconf 78' lang='lat' dir='ltr'>nomen</span> <span class='ocrx_word' id='word_1_1905' title='bbox 2202 3360 2299 3395; x_wconf 79' lang='lat' dir='ltr'>sumstt.</span> <span class='ocrx_word' id='word_1_1906' title='bbox 2356 3363 2431 3397; x_wconf 71' lang='lat' dir='ltr'>Virg-</span> 
     </span>
    </p>
   </div>
   <div class='ocr_carea' id='block_1_12' title="bbox 288 3393 2453 3715">
    <p class='ocr_par' dir='ltr' id='par_1_18' title="bbox 288 3393 2465 3572">
     <span class='ocr_line' id='line_1_115' title="bbox 288 3393 2432 3434; baseline 0 -11"><span class='ocrx_word' id='word_1_1907' title='bbox 288 3398 354 3424; x_wconf 80' lang='lat' dir='ltr'>smus</span> <span class='ocrx_word' id='word_1_1908' title='bbox 373 3397 598 3434; x_wconf 76' lang='lat' dir='ltr'>cognonnnobaiur.</span> <span class='ocrx_word' id='word_1_1909' title='bbox 641 3394 698 3421; x_wconf 70' lang='lat' dir='ltr'>ls&#39;id·</span> <span class='ocrx_word' id='word_1_1910' title='bbox 715 3395 774 3420; x_wconf 85' lang='lat' dir='ltr'>Liu-</span> <span class='ocrx_word' id='word_1_1911' title='bbox 790 3403 811 3433; x_wconf 32' lang='grc' dir='ltr'>Ι,-</span> <span class='ocrx_word' id='word_1_1912' title='bbox 822 3403 845 3426; x_wconf 89' lang='lat'>9.</span> <span class='ocrx_word' id='word_1_1913' title='bbox 935 3394 991 3420; x_wconf 86' lang='lat' dir='ltr'>Iani</span> <span class='ocrx_word' id='word_1_1914' title='bbox 1012 3393 1139 3428; x_wconf 87' lang='lat' dir='ltr'>templum</span> <span class='ocrx_word' id='word_1_1915' title='bbox 1153 3394 1204 3419; x_wconf 87' lang='lat' dir='ltr'>fuit</span> <span class='ocrx_word' id='word_1_1916' title='bbox 1217 3394 1328 3426; x_wconf 84' lang='lat' dir='ltr'>Romae,</span> <span class='ocrx_word' id='word_1_1917' title='bbox 1340 3402 1376 3426; x_wconf 88' lang='lat'>90</span> <span class='ocrx_word' id='word_1_1918' title='bbox 1393 3398 1490 3431; x_wconf 80' lang='lat' dir='ltr'>Georg.</span> <span class='ocrx_word' id='word_1_1919' title='bbox 1505 3405 1526 3429; x_wconf 82' lang='grc'>3,</span> <span class='ocrx_word' id='word_1_1920' title='bbox 1539 3403 1589 3430; x_wconf 76' lang='grc' dir='ltr'>47ς</span> <span class='ocrx_word' id='word_1_1921' title='bbox 1616 3395 1727 3422; x_wconf 84' lang='lat' dir='ltr'>Castella</span> <span class='ocrx_word' id='word_1_1922' title='bbox 1748 3396 1776 3422; x_wconf 89' lang='lat' dir='ltr'>in</span> <span class='ocrx_word' id='word_1_1923' title='bbox 1794 3394 1916 3425; x_wconf 53' lang='lat' dir='ltr'>tumulo,</span> <span class='ocrx_word' id='word_1_1924' title='bbox 1936 3401 1961 3421; x_wconf 90' lang='lat' dir='ltr'>et</span> <span class='ocrx_word' id='word_1_1925' title='bbox 1981 3395 2078 3431; x_wconf 85' lang='lat' dir='ltr'>lapidis</span> <span class='ocrx_word' id='word_1_1926' title='bbox 2098 3404 2160 3422; x_wconf 81' lang='lat' dir='ltr'>arua</span> <span class='ocrx_word' id='word_1_1927' title='bbox 2173 3396 2299 3423; x_wconf 84' lang='lat' dir='ltr'>Timaui.</span> <span class='ocrx_word' id='word_1_1928' title='bbox 2334 3397 2376 3424; x_wconf 86' lang='lat' dir='ltr'>Sic</span> <span class='ocrx_word' id='word_1_1929' title='bbox 2394 3398 2432 3424; x_wconf 72' lang='lat' dir='ltr'>di·-</span> 
     </span>
     <span class='ocr_line' id='line_1_116' title="bbox 290 3427 2432 3468; baseline 0.001 -10"><span class='ocrx_word' id='word_1_1930' title='bbox 290 3434 361 3467; x_wconf 87' lang='lat' dir='ltr'>quod</span> <span class='ocrx_word' id='word_1_1931' title='bbox 383 3434 445 3459; x_wconf 77' lang='lat' dir='ltr'>belh</span> <span class='ocrx_word' id='word_1_1932' title='bbox 466 3440 583 3466; x_wconf 87' lang='lat' dir='ltr'>tempore</span> <span class='ocrx_word' id='word_1_1933' title='bbox 601 3436 738 3465; x_wconf 85' lang='lat' dir='ltr'>apertum,</span> <span class='ocrx_word' id='word_1_1934' title='bbox 758 3438 826 3463; x_wconf 79' lang='lat' dir='ltr'>pacis</span> <span class='ocrx_word' id='word_1_1935' title='bbox 846 3429 963 3455; x_wconf 83' lang='lat' dir='ltr'>clausurn</span> <span class='ocrx_word' id='word_1_1936' title='bbox 983 3430 1051 3462; x_wconf 85' lang='lat' dir='ltr'>fuit,</span> <span class='ocrx_word' id='word_1_1937' title='bbox 1065 3436 1094 3455; x_wconf 83' lang='lat' dir='ltr'>vt</span> <span class='ocrx_word' id='word_1_1938' title='bbox 1111 3427 1199 3455; x_wconf 66' lang='lat' dir='ltr'>auffor</span> <span class='ocrx_word' id='word_1_1939' title='bbox 1218 3428 1251 3461; x_wconf 81' lang='lat' dir='ltr'>est</span> <span class='ocrx_word' id='word_1_1940' title='bbox 1272 3429 1330 3455; x_wconf 88' lang='lat' dir='ltr'>Ser·</span> <span class='ocrx_word' id='word_1_1941' title='bbox 1392 3429 1448 3458; x_wconf 69' lang='lat' dir='ltr'>Hus</span> <span class='ocrx_word' id='word_1_1942' title='bbox 1462 3431 1495 3466; x_wconf 75' lang='lat' dir='ltr'>est</span> <span class='ocrx_word' id='word_1_1943' title='bbox 1512 3432 1543 3459; x_wconf 88' lang='lat' dir='ltr'>ab</span> <span class='ocrx_word' id='word_1_1944' title='bbox 1559 3431 1638 3457; x_wconf 60' lang='grc' dir='ltr'>ι’ἱέἐᾶαι</span> <span class='ocrx_word' id='word_1_1945' title='bbox 1654 3440 1754 3462; x_wconf 74' lang='lat' dir='ltr'>curare,</span> <span class='ocrx_word' id='word_1_1946' title='bbox 1772 3433 1829 3465; x_wconf 78' lang='lat' dir='ltr'>quia</span> <span class='ocrx_word' id='word_1_1947' title='bbox 1842 3432 1946 3456; x_wconf 68' lang='lat' dir='ltr'>Aeneam</span> <span class='ocrx_word' id='word_1_1948' title='bbox 1961 3431 2061 3467; x_wconf 63' lang='lat' dir='ltr'>friginta</span> <span class='ocrx_word' id='word_1_1949' title='bbox 2073 3429 2150 3457; x_wconf 70' lang='lat' dir='ltr'>iflum</span> <span class='ocrx_word' id='word_1_1950' title='bbox 2163 3435 2263 3458; x_wconf 85' lang='lat' dir='ltr'>curauit</span> <span class='ocrx_word' id='word_1_1951' title='bbox 2277 3432 2345 3467; x_wconf 82' lang='lat' dir='ltr'>apud</span> <span class='ocrx_word' id='word_1_1952' title='bbox 2356 3433 2432 3468; x_wconf 76' lang='lat' dir='ltr'>Virg-</span> 
     </span>
     <span class='ocr_line' id='line_1_117' title="bbox 290 3464 2444 3502; baseline 0.001 -9"><span class='ocrx_word' id='word_1_1953' title='bbox 290 3469 364 3493; x_wconf 83' lang='lat' dir='ltr'>vius:</span> <span class='ocrx_word' id='word_1_1954' title='bbox 398 3468 516 3496; x_wconf 81' lang='lat' dir='ltr'>Constat.</span> <span class='ocrx_word' id='word_1_1955' title='bbox 531 3470 629 3502; x_wconf 82' lang='lat' dir='ltr'>inquit,</span> <span class='ocrx_word' id='word_1_1956' title='bbox 643 3465 771 3499; x_wconf 80' lang='lat' dir='ltr'>templum</span> <span class='ocrx_word' id='word_1_1957' title='bbox 792 3464 841 3491; x_wconf 89' lang='lat' dir='ltr'>hoc</span> <span class='ocrx_word' id='word_1_1958' title='bbox 859 3471 898 3491; x_wconf 86' lang='lat' dir='ltr'>ter</span> <span class='ocrx_word' id='word_1_1959' title='bbox 922 3466 970 3491; x_wconf 78' lang='lat' dir='ltr'>effe</span> <span class='ocrx_word' id='word_1_1960' title='bbox 991 3465 1116 3491; x_wconf 84' lang='lat' dir='ltr'>clausum.</span> <span class='ocrx_word' id='word_1_1961' title='bbox 1158 3465 1276 3491; x_wconf 85' lang='lat' dir='ltr'>Primum</span> <span class='ocrx_word' id='word_1_1962' title='bbox 1290 3474 1330 3491; x_wconf 86' lang='lat' dir='ltr'>rc·</span> <span class='ocrx_word' id='word_1_1963' title='bbox 1392 3469 1457 3494; x_wconf 83' lang='lat' dir='ltr'>Aen.</span> <span class='ocrx_word' id='word_1_1964' title='bbox 1472 3477 1509 3501; x_wconf 88' lang='lat'>12,</span> <span class='ocrx_word' id='word_1_1965' title='bbox 1523 3475 1565 3500; x_wconf 80' lang='lat'>391</span> <span class='ocrx_word' id='word_1_1966' title='bbox 1578 3473 1601 3492; x_wconf 83' lang='lat' dir='ltr'>et</span> <span class='ocrx_word' id='word_1_1967' title='bbox 1613 3475 1675 3499; x_wconf 78' lang='lat'>420.</span> <span class='ocrx_word' id='word_1_1968' title='bbox 1711 3466 1784 3501; x_wconf 85' lang='lat' dir='ltr'>Conf.</span> <span class='ocrx_word' id='word_1_1969' title='bbox 1798 3466 1894 3491; x_wconf 79' lang='lat' dir='ltr'>Auson.</span> <span class='ocrx_word' id='word_1_1970' title='bbox 1909 3466 1982 3501; x_wconf 79' lang='lat' dir='ltr'>Epig.</span> <span class='ocrx_word' id='word_1_1971' title='bbox 1999 3475 2025 3499; x_wconf 90' lang='lat'>19</span> <span class='ocrx_word' id='word_1_1972' title='bbox 2038 3476 2091 3492; x_wconf 87' lang='lat' dir='ltr'>cum</span> <span class='ocrx_word' id='word_1_1973' title='bbox 2107 3468 2168 3492; x_wconf 84' lang='lat' dir='ltr'>Not.</span> <span class='ocrx_word' id='word_1_1974' title='bbox 2187 3469 2269 3494; x_wconf 74' lang='lat' dir='ltr'>Vinet.</span> <span class='ocrx_word' id='word_1_1975' title='bbox 2290 3469 2360 3494; x_wconf 86' lang='lat' dir='ltr'>Hinc</span> <span class='ocrx_word' id='word_1_1976' title='bbox 2441 3472 2444 3495; x_wconf 69' lang='lat'>⁴.</span> 
     </span>
     <span class='ocr_line' id='line_1_118' title="bbox 291 3500 2447 3538; baseline 0.002 -12"><span class='ocrx_word' id='word_1_1977' title='bbox 291 3508 385 3536; x_wconf 81' lang='lat' dir='ltr'>gnante</span> <span class='ocrx_word' id='word_1_1978' title='bbox 398 3504 499 3529; x_wconf 83' lang='lat' dir='ltr'>Numa:</span> <span class='ocrx_word' id='word_1_1979' title='bbox 519 3503 582 3529; x_wconf 87' lang='lat' dir='ltr'>item</span> <span class='ocrx_word' id='word_1_1980' title='bbox 601 3502 656 3536; x_wconf 87' lang='lat' dir='ltr'>post</span> <span class='ocrx_word' id='word_1_1981' title='bbox 670 3501 771 3528; x_wconf 87' lang='lat' dir='ltr'>bellum</span> <span class='ocrx_word' id='word_1_1982' title='bbox 784 3500 911 3526; x_wconf 86' lang='lat' dir='ltr'>Punicum</span> <span class='ocrx_word' id='word_1_1983' title='bbox 925 3500 1079 3526; x_wconf 80' lang='lat' dir='ltr'>secundum:</span> <span class='ocrx_word' id='word_1_1984' title='bbox 1099 3500 1180 3527; x_wconf 84' lang='lat' dir='ltr'>tertio</span> <span class='ocrx_word' id='word_1_1985' title='bbox 1193 3500 1248 3534; x_wconf 83' lang='lat' dir='ltr'>post</span> <span class='ocrx_word' id='word_1_1986' title='bbox 1262 3500 1331 3527; x_wconf 79' lang='lat' dir='ltr'>bella</span> <span class='ocrx_word' id='word_1_1987' title='bbox 1430 3510 1493 3530; x_wconf 74' lang='lat' dir='ltr'>1A1³</span> <span class='ocrx_word' id='word_1_1988' title='bbox 1504 3511 1513 3530; x_wconf 89' lang='lat'>1</span> <span class='ocrx_word' id='word_1_1989' title='bbox 1523 3510 1558 3530; x_wconf 90' lang='lat' dir='ltr'>D1</span> <span class='ocrx_word' id='word_1_1990' title='bbox 1568 3508 1605 3532; x_wconf 87' lang='lat' dir='ltr'>A,</span> <span class='ocrx_word' id='word_1_1991' title='bbox 1624 3510 1661 3527; x_wconf 88' lang='lat' dir='ltr'>ae.</span> <span class='ocrx_word' id='word_1_1992' title='bbox 1690 3501 1710 3527; x_wconf 85' lang='lat' dir='ltr'>f.</span> <span class='ocrx_word' id='word_1_1993' title='bbox 1747 3501 1844 3536; x_wconf 67' lang='lat' dir='ltr'>lapidis</span> <span class='ocrx_word' id='word_1_1994' title='bbox 1857 3505 1933 3538; x_wconf 73' lang='lat' dir='ltr'>regio.</span> <span class='ocrx_word' id='word_1_1995' title='bbox 1969 3502 2077 3528; x_wconf 89' lang='lat' dir='ltr'>Tibull.</span> <span class='ocrx_word' id='word_1_1996' title='bbox 2091 3510 2120 3535; x_wconf 88' lang='lat'>4,</span> <span class='ocrx_word' id='word_1_1997' title='bbox 2135 3511 2181 3536; x_wconf 88' lang='lat'>109</span> <span class='ocrx_word' id='word_1_1998' title='bbox 2207 3503 2294 3530; x_wconf 84' lang='lat' dir='ltr'>Fortis</span> <span class='ocrx_word' id='word_1_1999' title='bbox 2314 3503 2433 3538; x_wconf 85' lang='lat' dir='ltr'>Iapidiae</span> <span class='ocrx_word' id='word_1_2000' title='bbox 2446 3524 2447 3529; x_wconf 61' lang='lat'>,</span> 
     </span>
     <span class='ocr_line' id='line_1_119' title="bbox 293 3536 1793 3572; baseline 0 -10"><span class='ocrx_word' id='word_1_2001' title='bbox 293 3537 406 3566; x_wconf 74' lang='lat' dir='ltr'>Ac&#39;tiaca,</span> <span class='ocrx_word' id='word_1_2002' title='bbox 420 3547 484 3570; x_wconf 86' lang='lat' dir='ltr'>quae</span> <span class='ocrx_word' id='word_1_2003' title='bbox 496 3539 609 3564; x_wconf 85' lang='lat' dir='ltr'>confecit</span> <span class='ocrx_word' id='word_1_2004' title='bbox 624 3536 767 3571; x_wconf 82' lang='lat' dir='ltr'>Augustus:</span> <span class='ocrx_word' id='word_1_2005' title='bbox 786 3545 840 3569; x_wconf 88' lang='lat' dir='ltr'>quo</span> <span class='ocrx_word' id='word_1_2006' title='bbox 854 3542 972 3569; x_wconf 87' lang='lat' dir='ltr'>tempore</span> <span class='ocrx_word' id='word_1_2007' title='bbox 985 3544 1033 3570; x_wconf 84' lang='lat' dir='ltr'>pax</span> <span class='ocrx_word' id='word_1_2008' title='bbox 1047 3536 1155 3571; x_wconf 90' lang='lat' dir='ltr'>quidem</span> <span class='ocrx_word' id='word_1_2009' title='bbox 1169 3536 1237 3569; x_wconf 90' lang='lat' dir='ltr'>fuit,</span> <span class='ocrx_word' id='word_1_2010' title='bbox 1251 3546 1331 3570; x_wconf 89' lang='lat' dir='ltr'>quan·</span> <span class='ocrx_word' id='word_1_2011' title='bbox 1393 3539 1479 3565; x_wconf 89' lang='lat' dir='ltr'>miles.</span> <span class='ocrx_word' id='word_1_2012' title='bbox 1520 3537 1576 3565; x_wconf 79' lang='lat' dir='ltr'>Vid.</span> <span class='ocrx_word' id='word_1_2013' title='bbox 1590 3538 1680 3572; x_wconf 81' lang='lat' dir='ltr'>Scalig.</span> <span class='ocrx_word' id='word_1_2014' title='bbox 1694 3536 1757 3563; x_wconf 87' lang='lat' dir='ltr'>adl.</span> <span class='ocrx_word' id='word_1_2015' title='bbox 1772 3546 1793 3562; x_wconf 85' lang='lat' dir='ltr'>c.</span> 
     </span>
    </p>

    <p class='ocr_par' dir='ltr' id='par_1_19' title="bbox 293 3570 2465 3715">
     <span class='ocr_line' id='line_1_120' title="bbox 293 3570 2453 3609; baseline 0.002 -12"><span class='ocrx_word' id='word_1_2016' title='bbox 293 3577 350 3599; x_wconf 82' lang='lat' dir='ltr'>tum</span> <span class='ocrx_word' id='word_1_2017' title='bbox 366 3571 398 3597; x_wconf 85' lang='lat' dir='ltr'>ad</span> <span class='ocrx_word' id='word_1_2018' title='bbox 417 3578 515 3598; x_wconf 69' lang='lat' dir='ltr'>exteras</span> <span class='ocrx_word' id='word_1_2019' title='bbox 538 3574 651 3607; x_wconf 84' lang='lat' dir='ltr'>pertinet</span> <span class='ocrx_word' id='word_1_2020' title='bbox 664 3578 768 3607; x_wconf 81' lang='lat' dir='ltr'>gentes,</span> <span class='ocrx_word' id='word_1_2021' title='bbox 788 3571 830 3598; x_wconf 87' lang='lat' dir='ltr'>sed</span> <span class='ocrx_word' id='word_1_2022' title='bbox 848 3571 917 3597; x_wconf 87' lang='lat' dir='ltr'>bella</span> <span class='ocrx_word' id='word_1_2023' title='bbox 930 3572 1074 3605; x_wconf 85' lang='lat' dir='ltr'>flagrauere</span> <span class='ocrx_word' id='word_1_2024' title='bbox 1088 3572 1188 3598; x_wconf 90' lang='lat' dir='ltr'>ciuilia.</span> <span class='ocrx_word' id='word_1_2025' title='bbox 1245 3573 1331 3598; x_wconf 87' lang='lat' dir='ltr'>Huius</span> <span class='ocrx_word' id='word_1_2026' title='bbox 1347 3582 1379 3609; x_wconf 74' lang='lat'>95</span> <span class='ocrx_word' id='word_1_2027' title='bbox 1431 3576 1567 3605; x_wconf 77' lang='grc' dir='ltr'>ιᾸΡγΧ,</span> <span class='ocrx_word' id='word_1_2028' title='bbox 1587 3570 1659 3605; x_wconf 75' lang='lat' dir='ltr'>y⁹gis.</span> <span class='ocrx_word' id='word_1_2029' title='bbox 1686 3581 1721 3598; x_wconf 90' lang='lat' dir='ltr'>m.</span> <span class='ocrx_word' id='word_1_2030' title='bbox 1757 3572 1890 3606; x_wconf 78' lang='grc' dir='ltr'>[Ἲοίπυξ]</span> <span class='ocrx_word' id='word_1_2031' title='bbox 1927 3572 2036 3599; x_wconf 88' lang='lat' dir='ltr'>Daedali</span> <span class='ocrx_word' id='word_1_2032' title='bbox 2052 3571 2138 3604; x_wconf 79' lang='lat' dir='ltr'>filius,</span> <span class='ocrx_word' id='word_1_2033' title='bbox 2158 3581 2172 3599; x_wconf 85' lang='lat' dir='ltr'>a</span> <span class='ocrx_word' id='word_1_2034' title='bbox 2186 3581 2240 3607; x_wconf 92' lang='lat' dir='ltr'>quo</span> <span class='ocrx_word' id='word_1_2035' title='bbox 2260 3573 2366 3608; x_wconf 84' lang='lat' dir='ltr'>Iapyges</span> <span class='ocrx_word' id='word_1_2036' title='bbox 2404 3583 2434 3601; x_wconf 87' lang='lat' dir='ltr'>o-</span> <span class='ocrx_word' id='word_1_2037' title='bbox 2452 3593 2453 3597; x_wconf 64' lang='lat'>,</span> 
     </span>
     <span class='ocr_line' id='line_1_121' title="bbox 294 3583 2434 3647; baseline 0 -13"><span class='ocrx_word' id='word_1_2038' title='bbox 294 3614 381 3634; x_wconf 80' lang='lat' dir='ltr'>autem</span> <span class='ocrx_word' id='word_1_2039' title='bbox 400 3606 551 3639; x_wconf 84' lang='lat' dir='ltr'>claudendi,</span> <span class='ocrx_word' id='word_1_2040' title='bbox 571 3609 613 3634; x_wconf 82' lang='lat' dir='ltr'>vel</span> <span class='ocrx_word' id='word_1_2041' title='bbox 629 3608 766 3643; x_wconf 87' lang='lat' dir='ltr'>aperiendi</span> <span class='ocrx_word' id='word_1_2042' title='bbox 785 3607 877 3641; x_wconf 88' lang='lat' dir='ltr'>templi</span> <span class='ocrx_word' id='word_1_2043' title='bbox 896 3607 966 3633; x_wconf 84' lang='lat' dir='ltr'>ratio</span> <span class='ocrx_word' id='word_1_2044' title='bbox 987 3608 1059 3633; x_wconf 86' lang='lat' dir='ltr'>varia</span> <span class='ocrx_word' id='word_1_2045' title='bbox 1079 3607 1123 3633; x_wconf 82' lang='lat' dir='ltr'>est.</span> <span class='ocrx_word' id='word_1_2046' title='bbox 1167 3607 1221 3633; x_wconf 86' lang='lat' dir='ltr'>Alii</span> <span class='ocrx_word' id='word_1_2047' title='bbox 1241 3607 1332 3634; x_wconf 84' lang='lat' dir='ltr'>dicunt</span> <span class='ocrx_word' id='word_1_2048' title='bbox 1393 3610 1451 3644; x_wconf 86' lang='lat' dir='ltr'>puli</span> <span class='ocrx_word' id='word_1_2049' title='bbox 1464 3609 1574 3644; x_wconf 84' lang='lat' dir='ltr'>Apuliae</span> <span class='ocrx_word' id='word_1_2050' title='bbox 1586 3607 1666 3633; x_wconf 84' lang='lat' dir='ltr'>Solin.</span> <span class='ocrx_word' id='word_1_2051' title='bbox 1682 3616 1703 3632; x_wconf 85' lang='lat' dir='ltr'>c.</span> <span class='ocrx_word' id='word_1_2052' title='bbox 1716 3613 1738 3636; x_wconf 85' lang='lat'>8.</span> <span class='ocrx_word' id='word_1_2053' title='bbox 1810 3609 1881 3634; x_wconf 89' lang='lat' dir='ltr'>Arua</span> <span class='ocrx_word' id='word_1_2054' title='bbox 1895 3608 1997 3643; x_wconf 82' lang='lat' dir='ltr'>Iapygis</span> <span class='ocrx_word' id='word_1_2055' title='bbox 2014 3608 2094 3635; x_wconf 88' lang='lat' dir='ltr'>Ouid.</span> <span class='ocrx_word' id='word_1_2056' title='bbox 2110 3608 2175 3634; x_wconf 83' lang='lat' dir='ltr'>Met.</span> <span class='ocrx_word' id='word_1_2057' title='bbox 2191 3617 2225 3641; x_wconf 77' lang='grc' dir='ltr'>ις,</span> <span class='ocrx_word' id='word_1_2058' title='bbox 2240 3616 2277 3641; x_wconf 80' lang='lat'>52.</span> <span class='ocrx_word' id='word_1_2059' title='bbox 2379 3583 2402 3647; x_wconf 55' lang='grc' dir='ltr'>ξ</span> <span class='ocrx_word' id='word_1_2060' title='bbox 2419 3618 2434 3636; x_wconf 77' lang='lat'>2</span> 
     </span>
     <span class='ocr_line' id='line_1_122' title="bbox 293 3642 2431 3683; baseline 0.001 -16"><span class='ocrx_word' id='word_1_2061' title='bbox 293 3642 411 3683; x_wconf 57' lang='lat' dir='ltr'>Romulo</span> <span class='ocrx_word' id='word_1_2062' title='bbox 424 3648 513 3667; x_wconf 84' lang='lat' dir='ltr'>contra</span> <span class='ocrx_word' id='word_1_2063' title='bbox 527 3642 635 3669; x_wconf 82' lang='lat' dir='ltr'>Sabinos</span> <span class='ocrx_word' id='word_1_2064' title='bbox 649 3650 795 3678; x_wconf 75' lang='lat' dir='ltr'>pugnante,</span> <span class='ocrx_word' id='word_1_2065' title='bbox 819 3651 900 3677; x_wconf 89' lang='lat' dir='ltr'>quum</span> <span class='ocrx_word' id='word_1_2066' title='bbox 916 3642 944 3668; x_wconf 92' lang='lat' dir='ltr'>in</span> <span class='ocrx_word' id='word_1_2067' title='bbox 959 3651 991 3668; x_wconf 88' lang='lat' dir='ltr'>eo</span> <span class='ocrx_word' id='word_1_2068' title='bbox 1006 3643 1276 3674; x_wconf 80' lang='lat' dir='ltr'>effet,vtvinceretur‚</span> <span class='ocrx_word' id='word_1_2069' title='bbox 1292 3653 1332 3670; x_wconf 83' lang='lat' dir='ltr'>ca·</span> <span class='ocrx_word' id='word_1_2070' title='bbox 1392 3644 1525 3672; x_wconf 51' lang='lat' dir='ltr'>Adit-Hine</span> <span class='ocrx_word' id='word_1_2071' title='bbox 1538 3644 1556 3670; x_wconf 89' lang='grc' dir='ltr'>Ε</span> <span class='ocrx_word' id='word_1_2072' title='bbox 1576 3651 1623 3669; x_wconf 87' lang='lat' dir='ltr'>uus</span> <span class='ocrx_word' id='word_1_2073' title='bbox 1643 3644 1721 3676; x_wconf 88' lang='lat' dir='ltr'>Iapyx</span> <span class='ocrx_word' id='word_1_2074' title='bbox 1736 3643 1810 3677; x_wconf 73' lang='lat' dir='ltr'>Virg.</span> <span class='ocrx_word' id='word_1_2075' title='bbox 1824 3645 1889 3670; x_wconf 89' lang='lat' dir='ltr'>Aen.</span> <span class='ocrx_word' id='word_1_2076' title='bbox 1906 3653 1938 3675; x_wconf 92' lang='lat'>11,</span> <span class='ocrx_word' id='word_1_2077' title='bbox 1952 3648 2010 3678; x_wconf 80' lang='lat'>678.</span> <span class='ocrx_word' id='word_1_2078' title='bbox 2047 3644 2181 3676; x_wconf 77' lang='lat' dir='ltr'>Garganus</span> <span class='ocrx_word' id='word_1_2079' title='bbox 2197 3653 2266 3670; x_wconf 84' lang='lat' dir='ltr'>mons</span> <span class='ocrx_word' id='word_1_2080' title='bbox 2281 3644 2352 3671; x_wconf 89' lang='lat' dir='ltr'>Idem</span> <span class='ocrx_word' id='word_1_2081' title='bbox 2365 3646 2431 3672; x_wconf 88' lang='lat' dir='ltr'>Aen.</span> 
     </span>
     <span class='ocr_line' id='line_1_123' title="bbox 294 3653 2436 3715; baseline 0.001 -10"><span class='ocrx_word' id='word_1_2082' title='bbox 294 3678 377 3705; x_wconf 88' lang='lat' dir='ltr'>hdam</span> <span class='ocrx_word' id='word_1_2083' title='bbox 392 3686 486 3711; x_wconf 87' lang='lat' dir='ltr'>aquam</span> <span class='ocrx_word' id='word_1_2084' title='bbox 500 3685 529 3701; x_wconf 89' lang='lat' dir='ltr'>ex</span> <span class='ocrx_word' id='word_1_2085' title='bbox 544 3677 633 3703; x_wconf 82' lang='lat' dir='ltr'>eodem</span> <span class='ocrx_word' id='word_1_2086' title='bbox 649 3680 707 3705; x_wconf 87' lang='lat' dir='ltr'>loco</span> <span class='ocrx_word' id='word_1_2087' title='bbox 721 3679 846 3712; x_wconf 81' lang='lat' dir='ltr'>erupiss&#39;e,</span> <span class='ocrx_word' id='word_1_2088' title='bbox 865 3687 933 3713; x_wconf 89' lang='lat' dir='ltr'>quae</span> <span class='ocrx_word' id='word_1_2089' title='bbox 947 3677 1050 3712; x_wconf 81' lang='lat' dir='ltr'>fugauit</span> <span class='ocrx_word' id='word_1_2090' title='bbox 1063 3679 1208 3704; x_wconf 88' lang='lat' dir='ltr'>exercitum</span> <span class='ocrx_word' id='word_1_2091' title='bbox 1223 3679 1332 3706; x_wconf 81' lang='lat' dir='ltr'>Sabino·</span> <span class='ocrx_word' id='word_1_2092' title='bbox 1395 3690 1428 3713; x_wconf 93' lang='lat'>11,</span> <span class='ocrx_word' id='word_1_2093' title='bbox 1441 3688 1495 3715; x_wconf 86' lang='lat'>247</span> <span class='ocrx_word' id='word_1_2094' title='bbox 1520 3653 1613 3706; x_wconf 55' lang='lat' dir='ltr'>Vibio:-</span> <span class='ocrx_word' id='word_1_2095' title='bbox 1626 3677 1741 3712; x_wconf 82' lang='lat' dir='ltr'>Gargani</span> <span class='ocrx_word' id='word_1_2096' title='bbox 1762 3678 1891 3706; x_wconf 79' lang='lat' dir='ltr'>condebat</span> <span class='ocrx_word' id='word_1_2097' title='bbox 1904 3680 2005 3714; x_wconf 81' lang='lat' dir='ltr'>Iapygis</span> <span class='ocrx_word' id='word_1_2098' title='bbox 2022 3679 2099 3714; x_wconf 84' lang='lat' dir='ltr'>agris.</span> <span class='ocrx_word' id='word_1_2099' title='bbox 2161 3679 2229 3705; x_wconf 81' lang='lat' dir='ltr'>Vnde</span> <span class='ocrx_word' id='word_1_2100' title='bbox 2242 3680 2348 3706; x_wconf 88' lang='lat' dir='ltr'>Seruius</span> <span class='ocrx_word' id='word_1_2101' title='bbox 2361 3682 2436 3715; x_wconf 77' lang='lat' dir='ltr'>lapy-</span> 
     </span>
    </p>
   </div>
   <div class='ocr_carea' id='block_1_13' title="bbox 294 3712 2472 3857">
    <p class='ocr_par' dir='ltr' id='par_1_20' title="bbox 294 3712 2472 3857">
     <span class='ocr_line' id='line_1_124' title="bbox 294 3712 2435 3754; baseline 0.001 -13"><span class='ocrx_word' id='word_1_2102' title='bbox 294 3723 363 3742; x_wconf 87' lang='lat' dir='ltr'>rum.</span> <span class='ocrx_word' id='word_1_2103' title='bbox 391 3749 397 3753; x_wconf 38' lang='grc' dir='ltr'>Ι</span> <span class='ocrx_word' id='word_1_2104' title='bbox 410 3712 479 3738; x_wconf 84' lang='lat' dir='ltr'>Hinc</span> <span class='ocrx_word' id='word_1_2105' title='bbox 498 3720 561 3744; x_wconf 84' lang='lat' dir='ltr'>ergo</span> <span class='ocrx_word' id='word_1_2106' title='bbox 579 3713 689 3739; x_wconf 61' lang='lat' dir='ltr'>tranum</span> <span class='ocrx_word' id='word_1_2107' title='bbox 708 3723 826 3754; x_wconf 79' lang='lat' dir='ltr'>morem,</span> <span class='ocrx_word' id='word_1_2108' title='bbox 842 3720 870 3740; x_wconf 92' lang='lat' dir='ltr'>vt</span> <span class='ocrx_word' id='word_1_2109' title='bbox 884 3714 1025 3748; x_wconf 77' lang='lat' dir='ltr'>pugnaturi</span> <span class='ocrx_word' id='word_1_2110' title='bbox 1043 3714 1176 3747; x_wconf 83' lang='lat' dir='ltr'>aperirent</span> <span class='ocrx_word' id='word_1_2111' title='bbox 1195 3715 1332 3749; x_wconf 86' lang='lat' dir='ltr'>templum,</span> <span class='ocrx_word' id='word_1_2112' title='bbox 1394 3717 1465 3750; x_wconf 84' lang='lat' dir='ltr'>giam</span> <span class='ocrx_word' id='word_1_2113' title='bbox 1478 3720 1576 3750; x_wconf 84' lang='lat' dir='ltr'>partem</span> <span class='ocrx_word' id='word_1_2114' title='bbox 1590 3713 1701 3747; x_wconf 88' lang='lat' dir='ltr'>Apuliae</span> <span class='ocrx_word' id='word_1_2115' title='bbox 1714 3715 1761 3740; x_wconf 77' lang='lat' dir='ltr'>effe</span> <span class='ocrx_word' id='word_1_2116' title='bbox 1776 3714 1859 3746; x_wconf 78' lang='lat' dir='ltr'>dixit,</span> <span class='ocrx_word' id='word_1_2117' title='bbox 1878 3715 1906 3741; x_wconf 94' lang='lat' dir='ltr'>in</span> <span class='ocrx_word' id='word_1_2118' title='bbox 1919 3724 1970 3750; x_wconf 85' lang='lat' dir='ltr'>qua</span> <span class='ocrx_word' id='word_1_2119' title='bbox 1985 3714 2020 3740; x_wconf 89' lang='lat' dir='ltr'>est</span> <span class='ocrx_word' id='word_1_2120' title='bbox 2037 3722 2112 3740; x_wconf 88' lang='lat' dir='ltr'>mons</span> <span class='ocrx_word' id='word_1_2121' title='bbox 2125 3714 2275 3749; x_wconf 82' lang='lat' dir='ltr'>Garganus,</span> <span class='ocrx_word' id='word_1_2122' title='bbox 2290 3716 2337 3749; x_wconf 88' lang='lat' dir='ltr'>qui</span> <span class='ocrx_word' id='word_1_2123' title='bbox 2353 3717 2435 3751; x_wconf 89' lang='lat' dir='ltr'>vsque</span> 
     </span>
     <span class='ocr_line' id='line_1_125' title="bbox 295 3746 2437 3789; baseline 0.001 -13"><span class='ocrx_word' id='word_1_2124' title='bbox 295 3748 369 3789; x_wconf 71' lang='lat' dir='ltr'>quod</span> <span class='ocrx_word' id='word_1_2125' title='bbox 390 3757 417 3775; x_wconf 90' lang='lat' dir='ltr'>1n</span> <span class='ocrx_word' id='word_1_2126' title='bbox 436 3756 468 3774; x_wconf 89' lang='lat' dir='ltr'>eo</span> <span class='ocrx_word' id='word_1_2127' title='bbox 485 3746 545 3786; x_wconf 81' lang='lat' dir='ltr'>loco</span> <span class='ocrx_word' id='word_1_2128' title='bbox 564 3746 647 3774; x_wconf 84' lang='lat' dir='ltr'>fuerat</span> <span class='ocrx_word' id='word_1_2129' title='bbox 667 3749 852 3781; x_wconf 79' lang='lat' dir='ltr'>coustitutum,</span> <span class='ocrx_word' id='word_1_2130' title='bbox 870 3749 940 3784; x_wconf 75' lang='lat' dir='ltr'>quasi</span> <span class='ocrx_word' id='word_1_2131' title='bbox 961 3749 993 3775; x_wconf 90' lang='lat' dir='ltr'>ad</span> <span class='ocrx_word' id='word_1_2132' title='bbox 1014 3750 1084 3783; x_wconf 88' lang='lat' dir='ltr'>spem</span> <span class='ocrx_word' id='word_1_2133' title='bbox 1104 3750 1207 3784; x_wconf 86' lang='lat' dir='ltr'>pristini</span> <span class='ocrx_word' id='word_1_2134' title='bbox 1227 3751 1331 3777; x_wconf 82' lang='lat' dir='ltr'>auxilii.</span> <span class='ocrx_word' id='word_1_2135' title='bbox 1340 3753 1423 3778; x_wconf 79' lang='lat' dir='ltr'>moin</span> <span class='ocrx_word' id='word_1_2136' title='bbox 1437 3751 1600 3778; x_wconf 88' lang='lat' dir='ltr'>Adriaticum</span> <span class='ocrx_word' id='word_1_2137' title='bbox 1615 3748 1719 3783; x_wconf 84' lang='lat' dir='ltr'>pelagus</span> <span class='ocrx_word' id='word_1_2138' title='bbox 1737 3750 1864 3778; x_wconf 85' lang='lat' dir='ltr'>tenditur.</span> <span class='ocrx_word' id='word_1_2139' title='bbox 1901 3751 1988 3777; x_wconf 86' lang='lat' dir='ltr'>Huius</span> <span class='ocrx_word' id='word_1_2140' title='bbox 2002 3749 2156 3783; x_wconf 78' lang='lat' dir='ltr'>metropolis</span> <span class='ocrx_word' id='word_1_2141' title='bbox 2169 3750 2206 3776; x_wconf 84' lang='lat' dir='ltr'>est</span> <span class='ocrx_word' id='word_1_2142' title='bbox 2220 3750 2395 3778; x_wconf 73' lang='lat' dir='ltr'>Brundusium</span> <span class='ocrx_word' id='word_1_2143' title='bbox 2409 3756 2437 3778; x_wconf 86' lang='lat' dir='ltr'>et</span> 
     </span>
     <span class='ocr_line' id='line_1_126' title="bbox 295 3782 2470 3821; baseline 0 -9"><span class='ocrx_word' id='word_1_2144' title='bbox 295 3785 351 3812; x_wconf 85' lang='lat' dir='ltr'>Alu</span> <span class='ocrx_word' id='word_1_2145' title='bbox 365 3784 463 3813; x_wconf 86' lang='lat' dir='ltr'>dicunt,</span> <span class='ocrx_word' id='word_1_2146' title='bbox 474 3782 588 3808; x_wconf 83' lang='lat' dir='ltr'>Tatium</span> <span class='ocrx_word' id='word_1_2147' title='bbox 607 3787 635 3821; x_wconf 40' lang='lat' dir='ltr'>et.</span> <span class='ocrx_word' id='word_1_2148' title='bbox 650 3783 791 3810; x_wconf 82' lang='lat' dir='ltr'>Romulum</span> <span class='ocrx_word' id='word_1_2149' title='bbox 809 3785 880 3811; x_wconf 69' lang='lat' dir='ltr'>faeto</span> <span class='ocrx_word' id='word_1_2150' title='bbox 900 3784 1008 3811; x_wconf 88' lang='lat' dir='ltr'>foedere</span> <span class='ocrx_word' id='word_1_2151' title='bbox 1028 3784 1079 3811; x_wconf 92' lang='lat' dir='ltr'>hoc</span> <span class='ocrx_word' id='word_1_2152' title='bbox 1095 3786 1223 3819; x_wconf 87' lang='lat' dir='ltr'>templum</span> <span class='ocrx_word' id='word_1_2153' title='bbox 1242 3786 1333 3813; x_wconf 83' lang='lat' dir='ltr'>aedifi·</span> <span class='ocrx_word' id='word_1_2154' title='bbox 1394 3787 1552 3814; x_wconf 85' lang='lat' dir='ltr'>Tarentum.</span> <span class='ocrx_word' id='word_1_2155' title='bbox 1588 3784 1661 3810; x_wconf 86' lang='lat' dir='ltr'>Hanc</span> <span class='ocrx_word' id='word_1_2156' title='bbox 1681 3785 1816 3820; x_wconf 82' lang='lat' dir='ltr'>regionem</span> <span class='ocrx_word' id='word_1_2157' title='bbox 1836 3786 2002 3820; x_wconf 82' lang='lat' dir='ltr'>Messapiam,</span> <span class='ocrx_word' id='word_1_2158' title='bbox 2023 3790 2049 3811; x_wconf 87' lang='lat' dir='ltr'>et</span> <span class='ocrx_word' id='word_1_2159' title='bbox 2066 3786 2216 3820; x_wconf 82' lang='lat' dir='ltr'>Iapygiam,</span> <span class='ocrx_word' id='word_1_2160' title='bbox 2230 3792 2255 3812; x_wconf 86' lang='lat' dir='ltr'>et</span> <span class='ocrx_word' id='word_1_2161' title='bbox 2273 3786 2443 3818; x_wconf 67' lang='lat' dir='ltr'>Calabriam,</span> <span class='ocrx_word' id='word_1_2162' title='bbox 2468 3799 2470 3801; x_wconf 97' lang='lat'>·</span> 
     </span>
     <span class='ocr_line' id='line_1_127' title="bbox 296 3817 2472 3857; baseline 0.001 -11"><span class='ocrx_word' id='word_1_2163' title='bbox 296 3821 367 3847; x_wconf 72' lang='lat' dir='ltr'>casse.</span> <span class='ocrx_word' id='word_1_2164' title='bbox 402 3818 479 3845; x_wconf 86' lang='lat' dir='ltr'>Vnde</span> <span class='ocrx_word' id='word_1_2165' title='bbox 497 3824 522 3843; x_wconf 88' lang='lat' dir='ltr'>et</span> <span class='ocrx_word' id='word_1_2166' title='bbox 537 3818 612 3843; x_wconf 79' lang='lat' dir='ltr'>Ianus</span> <span class='ocrx_word' id='word_1_2167' title='bbox 629 3818 682 3850; x_wconf 79' lang='lat' dir='ltr'>ipse</span> <span class='ocrx_word' id='word_1_2168' title='bbox 701 3818 762 3844; x_wconf 83' lang='lat' dir='ltr'>duas</span> <span class='ocrx_word' id='word_1_2169' title='bbox 781 3820 859 3846; x_wconf 81' lang='lat' dir='ltr'>facies</span> <span class='ocrx_word' id='word_1_2170' title='bbox 879 3820 973 3852; x_wconf 86' lang='lat' dir='ltr'>habet,</span> <span class='ocrx_word' id='word_1_2171' title='bbox 995 3820 1064 3855; x_wconf 77' lang='lat' dir='ltr'>‘quasi</span> <span class='ocrx_word' id='word_1_2172' title='bbox 1085 3826 1114 3846; x_wconf 89' lang='lat' dir='ltr'>vt</span> <span class='ocrx_word' id='word_1_2173' title='bbox 1133 3822 1250 3848; x_wconf 88' lang='lat' dir='ltr'>ostendat</span> <span class='ocrx_word' id='word_1_2174' title='bbox 1267 3822 1332 3849; x_wconf 90' lang='lat' dir='ltr'>duo·</span> <span class='ocrx_word' id='word_1_2175' title='bbox 1394 3828 1420 3849; x_wconf 89' lang='lat' dir='ltr'>et</span> <span class='ocrx_word' id='word_1_2176' title='bbox 1435 3821 1593 3848; x_wconf 87' lang='lat' dir='ltr'>Salentinam</span> <span class='ocrx_word' id='word_1_2177' title='bbox 1605 3820 1682 3846; x_wconf 81' lang='lat' dir='ltr'>multi</span> <span class='ocrx_word' id='word_1_2178' title='bbox 1695 3822 1842 3848; x_wconf 84' lang='lat' dir='ltr'>nominant.</span> <span class='ocrx_word' id='word_1_2179' title='bbox 1879 3823 1918 3848; x_wconf 81' lang='lat' dir='ltr'>Sic</span> <span class='ocrx_word' id='word_1_2180' title='bbox 1933 3823 2026 3855; x_wconf 84' lang='lat' dir='ltr'>Iapyx,</span> <span class='ocrx_word' id='word_1_2181' title='bbox 2045 3822 2139 3847; x_wconf 82' lang='lat' dir='ltr'>Ventus</span> <span class='ocrx_word' id='word_1_2182' title='bbox 2158 3819 2192 3853; x_wconf 83' lang='lat' dir='ltr'>est</span> <span class='ocrx_word' id='word_1_2183' title='bbox 2209 3830 2238 3847; x_wconf 82' lang='lat' dir='ltr'>ex</span> <span class='ocrx_word' id='word_1_2184' title='bbox 2251 3823 2346 3857; x_wconf 84' lang='lat' dir='ltr'>Apulia</span> <span class='ocrx_word' id='word_1_2185' title='bbox 2357 3821 2436 3857; x_wconf 83' lang='lat' dir='ltr'>profi·</span> <span class='ocrx_word' id='word_1_2186' title='bbox 2470 3817 2472 3822; x_wconf 56' lang='lat'><em>⁷</em></span> 
     </span>
    </p>
   </div>
   <div class='ocr_carea' id='block_1_14' title="bbox 293 3852 2473 3991">
    <p class='ocr_par' dir='ltr' id='par_1_21' title="bbox 294 3852 2437 3896">
     <span class='ocr_line' id='line_1_128' title="bbox 294 3852 2437 3896; baseline 0 -13"><span class='ocrx_word' id='word_1_2187' title='bbox 294 3865 354 3896; x_wconf 77' lang='lat' dir='ltr'>rum</span> <span class='ocrx_word' id='word_1_2188' title='bbox 377 3864 467 3888; x_wconf 78' lang='lat' dir='ltr'>regum</span> <span class='ocrx_word' id='word_1_2189' title='bbox 481 3853 639 3894; x_wconf 77' lang='lat' dir='ltr'>coitionem:</span> <span class='ocrx_word' id='word_1_2190' title='bbox 663 3852 790 3890; x_wconf 24' lang='lat' dir='ltr'>velnquod</span> <span class='ocrx_word' id='word_1_2191' title='bbox 804 3854 836 3880; x_wconf 89' lang='lat' dir='ltr'>ad</span> <span class='ocrx_word' id='word_1_2192' title='bbox 850 3855 948 3881; x_wconf 90' lang='lat' dir='ltr'>bellum</span> <span class='ocrx_word' id='word_1_2193' title='bbox 968 3856 1033 3882; x_wconf 88' lang='lat' dir='ltr'>ituri</span> <span class='ocrx_word' id='word_1_2194' title='bbox 1051 3855 1147 3883; x_wconf 87' lang='lat' dir='ltr'>debent</span> <span class='ocrx_word' id='word_1_2195' title='bbox 1160 3856 1192 3883; x_wconf 88' lang='lat' dir='ltr'>de</span> <span class='ocrx_word' id='word_1_2196' title='bbox 1210 3866 1272 3891; x_wconf 88' lang='lat' dir='ltr'>pace</span> <span class='ocrx_word' id='word_1_2197' title='bbox 1290 3866 1332 3883; x_wconf 87' lang='lat' dir='ltr'>co·</span> <span class='ocrx_word' id='word_1_2198' title='bbox 1394 3857 1500 3893; x_wconf 69' lang='lat' dir='ltr'>ascens,</span> <span class='ocrx_word' id='word_1_2199' title='bbox 1520 3864 1588 3891; x_wconf 72' lang='lat' dir='ltr'>quem</span> <span class='ocrx_word' id='word_1_2200' title='bbox 1601 3856 1699 3881; x_wconf 68' lang='lat' dir='ltr'>eundem</span> <span class='ocrx_word' id='word_1_2201' title='bbox 1714 3857 1830 3884; x_wconf 80' lang='lat' dir='ltr'>Caurum</span> <span class='ocrx_word' id='word_1_2202' title='bbox 1847 3857 1915 3883; x_wconf 89' lang='lat' dir='ltr'>Gell.</span> <span class='ocrx_word' id='word_1_2203' title='bbox 1929 3865 1953 3889; x_wconf 80' lang='lat' dir='ltr'>z,</span> <span class='ocrx_word' id='word_1_2204' title='bbox 1966 3865 1998 3882; x_wconf 90' lang='lat'>22</span> <span class='ocrx_word' id='word_1_2205' title='bbox 2017 3857 2065 3883; x_wconf 81' lang='lat' dir='ltr'>esse</span> <span class='ocrx_word' id='word_1_2206' title='bbox 2077 3856 2182 3882; x_wconf 82' lang='lat' dir='ltr'>iudicat.</span> <span class='ocrx_word' id='word_1_2207' title='bbox 2218 3855 2260 3889; x_wconf 75' lang='lat' dir='ltr'>Est</span> <span class='ocrx_word' id='word_1_2208' title='bbox 2271 3860 2350 3889; x_wconf 78' lang='lat' dir='ltr'>enim,</span> <span class='ocrx_word' id='word_1_2209' title='bbox 2364 3859 2437 3884; x_wconf 83' lang='lat' dir='ltr'>Occi·-</span> 
     </span>
    </p>

    <p class='ocr_par' dir='ltr' id='par_1_22' title="bbox 293 3887 2437 3930">
     <span class='ocr_line' id='line_1_129' title="bbox 293 3887 2437 3930; baseline 0.001 -14"><span class='ocrx_word' id='word_1_2210' title='bbox 293 3898 385 3925; x_wconf 72' lang='lat' dir='ltr'>gnare.</span> <span class='ocrx_word' id='word_1_2211' title='bbox 431 3889 471 3916; x_wconf 87' lang='lat' dir='ltr'>Est</span> <span class='ocrx_word' id='word_1_2212' title='bbox 486 3888 537 3930; x_wconf 72' lang='lat' dir='ltr'>alia</span> <span class='ocrx_word' id='word_1_2213' title='bbox 555 3887 652 3927; x_wconf 68' lang='lat' dir='ltr'>mehor</span> <span class='ocrx_word' id='word_1_2214' title='bbox 663 3893 746 3916; x_wconf 75' lang='lat' dir='ltr'>rano,</span> <span class='ocrx_word' id='word_1_2215' title='bbox 762 3889 834 3928; x_wconf 80' lang='lat' dir='ltr'>quod</span> <span class='ocrx_word' id='word_1_2216' title='bbox 852 3890 883 3915; x_wconf 83' lang='lat' dir='ltr'>ad</span> <span class='ocrx_word' id='word_1_2217' title='bbox 907 3892 1035 3924; x_wconf 81' lang='lat' dir='ltr'>praelium</span> <span class='ocrx_word' id='word_1_2218' title='bbox 1050 3891 1117 3919; x_wconf 87' lang='lat' dir='ltr'>ituri</span> <span class='ocrx_word' id='word_1_2219' title='bbox 1137 3898 1229 3930; x_wconf 83' lang='lat' dir='ltr'>optent</span> <span class='ocrx_word' id='word_1_2220' title='bbox 1240 3901 1331 3920; x_wconf 81' lang='lat' dir='ltr'>reuer-</span> <span class='ocrx_word' id='word_1_2221' title='bbox 1394 3893 1515 3921; x_wconf 82' lang='lat' dir='ltr'>dentalis,</span> <span class='ocrx_word' id='word_1_2222' title='bbox 1530 3897 1553 3917; x_wconf 83' lang='lat' dir='ltr'>et</span> <span class='ocrx_word' id='word_1_2223' title='bbox 1571 3892 1643 3916; x_wconf 77' lang='lat' dir='ltr'>utilis</span> <span class='ocrx_word' id='word_1_2224' title='bbox 1658 3893 1786 3918; x_wconf 76' lang='lat' dir='ltr'>Graeciam</span> <span class='ocrx_word' id='word_1_2225' title='bbox 1803 3892 1943 3927; x_wconf 77' lang='lat' dir='ltr'>petentibus</span> <span class='ocrx_word' id='word_1_2226' title='bbox 1955 3901 1984 3918; x_wconf 82' lang='lat' dir='ltr'>ex</span> <span class='ocrx_word' id='word_1_2227' title='bbox 1998 3892 2090 3921; x_wconf 83' lang='lat' dir='ltr'>Italia,</span> <span class='ocrx_word' id='word_1_2228' title='bbox 2104 3899 2134 3917; x_wconf 76' lang='lat' dir='ltr'>vt</span> <span class='ocrx_word' id='word_1_2229' title='bbox 2151 3889 2256 3924; x_wconf 77' lang='lat' dir='ltr'>testatur</span> <span class='ocrx_word' id='word_1_2230' title='bbox 2267 3893 2334 3920; x_wconf 83' lang='lat' dir='ltr'>Hor.</span> <span class='ocrx_word' id='word_1_2231' title='bbox 2348 3894 2437 3920; x_wconf 87' lang='lat' dir='ltr'>Carm.</span> 
     </span>
    </p>

    <p class='ocr_par' dir='ltr' id='par_1_23' title="bbox 293 3923 2473 3991">
     <span class='ocr_line' id='line_1_130' title="bbox 293 3923 2473 3967; baseline -0.003 -8"><span class='ocrx_word' id='word_1_2232' title='bbox 293 3927 403 3953; x_wconf 68' lang='lat' dir='ltr'>sionem·</span> <span class='ocrx_word' id='word_1_2233' title='bbox 440 3926 508 3952; x_wconf 56' lang='lat' dir='ltr'><em>Haec</em></span> <span class='ocrx_word' id='word_1_2234' title='bbox 523 3925 629 3952; x_wconf 60' lang='lat' dir='ltr'>beffflus</span> <span class='ocrx_word' id='word_1_2235' title='bbox 643 3931 762 3950; x_wconf 64' lang='lat'>²⁷¹‘¹¹“&#39;‘³²²5</span> <span class='ocrx_word' id='word_1_2236' title='bbox 776 3923 841 3950; x_wconf 57' lang='lat' dir='ltr'>‘aad</span> <span class='ocrx_word' id='word_1_2237' title='bbox 856 3925 919 3952; x_wconf 65' lang='lat' dir='ltr'>Aen·</span> <span class='ocrx_word' id='word_1_2238' title='bbox 934 3935 954 3958; x_wconf 74' lang='lat'>¹,</span> <span class='ocrx_word' id='word_1_2239' title='bbox 967 3932 1017 3960; x_wconf 81' lang='lat'>²98</span> <span class='ocrx_word' id='word_1_2240' title='bbox 1338 3935 1415 3962; x_wconf 82' lang='lat'>1051,</span> <span class='ocrx_word' id='word_1_2241' title='bbox 1427 3936 1449 3960; x_wconf 75' lang='lat'>3,</span> <span class='ocrx_word' id='word_1_2242' title='bbox 1460 3935 1480 3960; x_wconf 90' lang='lat'>4</span> <span class='ocrx_word' id='word_1_2243' title='bbox 1506 3925 1649 3954; x_wconf 72' lang='lat' dir='ltr'>Obstriffla</span> <span class='ocrx_word' id='word_1_2244' title='bbox 1672 3927 1732 3955; x_wconf 71' lang='lat' dir='ltr'>aliis</span> <span class='ocrx_word' id='word_1_2245' title='bbox 1755 3934 1860 3962; x_wconf 86' lang='lat' dir='ltr'>praeter</span> <span class='ocrx_word' id='word_1_2246' title='bbox 1876 3928 1979 3963; x_wconf 76' lang='lat' dir='ltr'>Iapyga.</span> <span class='ocrx_word' id='word_1_2247' title='bbox 2050 3927 2124 3962; x_wconf 86' lang='lat' dir='ltr'>Virg.</span> <span class='ocrx_word' id='word_1_2248' title='bbox 2144 3927 2209 3954; x_wconf 81' lang='lat' dir='ltr'>Aen.</span> <span class='ocrx_word' id='word_1_2249' title='bbox 2226 3932 2253 3961; x_wconf 81' lang='lat'>8,</span> <span class='ocrx_word' id='word_1_2250' title='bbox 2271 3935 2324 3962; x_wconf 86' lang='lat'>709</span> <span class='ocrx_word' id='word_1_2251' title='bbox 2358 3928 2434 3967; x_wconf 74' lang='lat' dir='ltr'>Illam</span> <span class='ocrx_word' id='word_1_2252' title='bbox 2471 3931 2473 3934; x_wconf 89' lang='lat'>&#39;</span> 
     </span>
     <span class='ocr_line' id='line_1_131' title="bbox 2368 3969 2473 3991; baseline 0.019 -2"><span class='ocrx_word' id='word_1_2253' title='bbox 2368 3969 2438 3991; x_wconf 69' lang='lat' dir='ltr'>inter</span> <span class='ocrx_word' id='word_1_2254' title='bbox 2464 3973 2473 3980; x_wconf 63' lang='lat'>¹</span> 
     </span>
    </p>
   </div>
   <div class='ocr_carea' id='block_1_15' title="bbox 435 4028 451 4045">
    <p class='ocr_par' dir='ltr' id='par_1_24' title="bbox 435 4028 451 4045">
     <span class='ocr_line' id='line_1_132' title="bbox 435 4028 451 4045; baseline 0 0"><span class='ocrx_word' id='word_1_2255' title='bbox 435 4028 451 4045; x_wconf 73' lang='lat'><em>0</em></span> 
     </span>
    </p>
   </div>
  </div>
 </body>
</html>
