2479 4225
57 181 163 236 χ109
476 168 514 207 D
591 166 625 205 E
705 167 731 207 S

92 255 227 287 miserius,
246 264 323 290 quam
336 256 448 284 alterum
462 255 564 290 plausus
582 255 610 281 in
628 254 754 282 fediffima
773 250 845 280 causa
857 258 998 287 quaerere,
1010 252 1123 293 alterurn

92 296 178 317 autem
190 290 343 317 offensiones
355 291 383 317 in
396 291 496 325 optima
514 292 523 317 3
559 290 669 317 alterum
683 289 827 317 existimari
843 288 1054 328 conseruatorem
1073 297 1124 314 nu-

94 325 242 358 micorum,
261 326 372 353 alterum
386 326 544 352 desertorem
557 326 700 353 amicorum
714 325 723 350 3
793 324 943 349 Desertores
957 322 1043 348 1alut1s
1052 331 1124 350 meae

92 361 149 387 Cic.
162 359 217 394 post
233 361 319 388 Redit.
334 361 362 388 in
375 361 458 388 Senat.
473 370 496 394 13
513 371 534 387 c.
549 369 569 394 5.
650 360 771 387 Desertor
788 358 934 384 communis
953 357 1054 384 salutis.
1073 360 1125 394 Qci

93 396 349 432 communemsizlutcm
361 406 409 422 non
421 403 492 423 curat
512 397 566 423 Cic.
581 396 613 422 de
627 396 683 422 Fin.
697 402 708 426 3
723 403 743 419 e.
765 401 799 426 19.
871 393 943 419 Caes.
958 393 987 418 B.
1001 394 1033 419 G.
1046 396 1061 419 6
1070 414 1077 425 ,
1091 403 1124 420 22

94 431 149 464 Qui
175 439 207 456 ex
226 431 258 458 iis
278 432 380 466 sequuti
399 440 452 458 non
470 433 541 462 sunt,
564 432 592 458 in
610 429 769 456 desertorum
787 436 815 454 ac
830 429 996 462 proditorum
1013 438 1125 456 numero

94 465 232 493 ducuntur.
301 467 360 493 Liu.
374 475 395 498 3,
408 469 443 500 69
462 468 510 494 Pro
522 467 650 494 desertore
662 464 782 490 futurum
794 465 869 490 cuius
883 464 983 489 causam
998 473 1051 490 non
1066 474 1125 499 pro-

92 500 197 527 bass'ent.
268 502 341 538 Conf.
356 502 393 528 Id.
407 510 445 534 23,
459 508 492 533 18.
562 500 628 527 Tac.
642 499 676 525 H.
691 508 710 531 1,
723 506 801 539 7²›.²:
871 499 927 525 Scn.
954 499 985 525 de
999 500 1082 525 Clem.
1103 508 1123 540 1,

93 537 131 562 16.
202 535 363 564 Modestinus
383 537 400 563 l.
420 538 576 565 desertorem
593 535 626 560 D.
649 534 681 560 de.
700 543 728 560 re
742 534 852 560 militar.
871 535 996 560 Emansor
1009 534 1058 565 est,
1077 544 1124 569 qui

92 571 139 596 diu
161 577 283 606 vagatus,
300 572 336 599 ad—
360 573 438 599 castra
459 570 607 601 reuertitur.
645 570 768 596 Desertor
790 569 844 605 est,
861 570 907 604 qui
932 579 976 604 per
991 569 1123 604 prolixum

93 611 196 640 tempus
207 613 327 641 euagatus
340 608 480 635 reducitur.
548 605 671 631 Desertor
685 604 773 636 Asiae,
793 604 857 630 Exul
872 616 877 631 ἒ
924 606 998 639 ἫΙἘ·
1011 606 1075 631 Aen·
1090 615 1125 638 ¹2,

93 649 125 674 ¹4
147 643 198 668 Aut
213 641 259 668 hae
271 643 432 670 Dardanium
446 643 532 669 dextra
545 639 591 666 sub
606 645 701 667 tartara
716 640 820 666 mittam
863 640 1029 666 Desertorem
1042 640 1124 668 Asiae.

91 677 133 704 Sic
146 677 258 703 Seruius.
294 678 341 705 Sed
353 680 446 705 Donat.
465 675 594 703 Proditor.

131 718 361 746 DESERTssrx,
379 714 434 739 icis.
464 712 484 737 f.
519 709 639 737 Tertull.
658 710 690 737 de
708 709 801 737 Habit.
825 711 968 747 Mulier.xc.
983 719 992 736 1
1012 711 1124 738 Diuinae

92 745 156 781 legis
169 747 253 781 prima
266 748 398 775 desertrix.
1096 751 1099 756 “

129 789 192 810 nEs
202 790 218 809 Ε
227 790 243 809 R
253 790 274 809 T
283 791 301 811 o
311 804 319 816 ,
344 788 392 809 ire.
428 781 566 815 Frequent.
602 781 694 807 Accius
703 798 712 813 ‚
743 782 834 815 Quun
852 788 894 807 me
904 780 999 807 -solum
1013 787 1124 816 vterque

88 825 181 852 parens
200 818 367 845 desertass'ent.

128 859 147 878 D
158 860 219 880 EsE
229 861 246 880 R
256 860 277 880 T
287 861 338 886 10,
356 851 421 878 onis.
448 850 468 876 f.
505 849 654 887 [ἐρήμωσις]
689 851 750 878 Liu.
765 860 795 884 41
804 871 812 883 ,
825 859 860 884 24
885 851 940 877 Cur
959 851 1124 878 exsecrabilis

91 887 139 914 ista
154 889 231 915 nobis
242 889 301 916 solis
313 887 394 915 veluti
406 885 519 913 desertio
533 887 634 921 generis
648 887 757 913 humani
773 886 808 912 est
821 887 830 912 ἓ
902 887 1068 913 Desertiones
1090 897 1121 914 ex

90 923 181 955 Festo,
199 923 252 951 vid.
271 928 451 950 mss0RT1o.

129 965 294 986 DESERPO
305 977 314 990 ,
335 959 387 984 ere.
424 957 542 992 Deorfitm
549 957 657 993 strpere.
694 958 803 991 Lanugo
819 956 894 982 malis
908 956 1021 991 deserpit
1046 958 1122 992 Apul.

90 993 169 1028 Apol.
183 1003 208 1029 p.
220 1000 267 1027 315.
306 993 347 1020 Sic
359 993 420 1018 Stat.
428 991 607 1025 Theb.6,586
623 992 793 1027 Deserpitque
812 993 900 1026 genis,
920 1001 966 1018 nec
983 993 1008 1018 se
1028 992 1124 1028 lanugo

89 1029 203 1062 fatetur,
222 1028 339 1055 Intonsae
351 1028 397 1054 sub
410 1026 480 1054 nube
499 1036 596 1054 comae.

132 1071 151 1091 D
162 1070 325 1091 ESERVIO
335 1083 344 1096 ‚
375 1066 424 1090 ire.
459 1063 472 1096 [
486 1061 606 1098 ὑπεργέω,
636 1062 760 1097 θεραπεύω
775 1065 786 1096 ]
823 1062 889 1089 Idem
916 1062 979 1097 quod
1005 1063 1101 1090 seruire
1116 1074 1123 1089 :

90 1098 139 1132 nisi
160 1098 223 1135 quod
245 1098 341 1133 aliquid
360 1104 433 1135 auget
445 1099 594 1133 Praepofitio
614 1104 661 1124 DE.

91 1134 161 1161 Sulla
173 1136 204 1160 26
216 1143 237 1160 c.
253 1142 288 1166 19.
358 1133 395 1160 Id.
411 1133 463 1160 Off.
481 1142 498 1165 1,
513 1142 558 1166 109
572 1142 593 1160 c.
603 1141 633 1165 30
650 1134 768 1168 Itemque
782 1133 838 1165 alii,
853 1133 900 1167 qui
915 1133 1021 1167 quiduis
1034 1144 1123 1169 perpe-

88 1170 201 1201 tiantur,
220 1169 304 1195 cuiuis
318 1168 480 1201 deseruiant,
501 1169 564 1195 dum
576 1168 647 1203 quod
659 1169 743 1195 velint
763 1170 963 1203 consequantur.
1034 1169 1122 1196 Alicui

89 1204 219 1231 deseruire
233 1212 280 1239 per
291 1205 388 1231 multos
402 1214 483 1230 annos
499 1203 579 1231 Ouid.
594 1205 685 1230 Amor.
700 1213 720 1237 1,
733 1213 755 1236 3,
769 1211 790 1237 5.
897 1204 957 1230 Stat.
972 1205 1057 1231 Silua.
1070 1226 1077 1238 ,
1098 1215 1122 1238 2,

90 1248 137 1273 129
170 1254 214 1260 ——
249 1240 306 1266 Nos
331 1240 390 1266 vilis
409 1239 502 1272 turba,
519 1239 622 1266 caducis
657 1240 797 1266 Deseruire
817 1238 902 1265 bonis.
996 1241 1122 1275 Corpori,

87 1274 183 1305 Habere
198 1284 281 1301 curam
299 1278 411 1311 corporis
430 1275 486 1302 Cic.
507 1274 538 1301 de
559 1274 652 1309 chib.
669 1283 689 1307 1,
702 1283 742 1307 39.

87 1310 117 1337 in
137 1310 224 1336 Partit.
251 1319 273 1336 c.
295 1314 333 1343 23'.
404 1311 469 1337 Plin.
493 1311 553 1337 Pan.
568 1319 613 1345 77,
628 1313 644 1336 6
673 1311 740 1343 Qiis
753 1309 818 1336 adeo
831 1311 952 1344 expetitis
965 1311 1120 1342 honoribus,

88 1350 134 1372 aut
145 1344 273 1378 deseruit,
292 1352 335 1372 aut
355 1345 464 1373 sufficit?
553 1347 619 1372 Plin.
632 1346 709 1379 Epist.
725 1354 757 1380 7,
770 1353 787 1380 7
813 1346 858 1372 Te
873 1347 986 1380 negotiis
1000 1347 1121 1374 distineri

85 1380 122 1407 ob
133 1379 184 1407 hoc
196 1381 303 1407 moleste
316 1382 392 1415 fero,
412 1381 484 1416 quod
496 1381 630 1408 deseruire
646 1381 736 1407 studiis
755 1390 809 1407 non
822 1386 903 1415 potes.

120 1418 308 1443 DESERVI‘E
318 1424 339 1443 Ν
349 1424 378 1450 s,
400 1417 475 1444 entis.
499 1417 591 1443 Partic.
633 1418 668 1442 Vt
686 1417 802 1451 Corpori
819 1417 994 1443 deseruicntes
1021 1418 1076 1444 Cic.
1090 1418 1121 1444 de

83 1450 177 1484 Legib.
193 1459 213 1484 1,
226 1459 258 1484 39
269 1461 290 1478 c.
304 1460 336 1484 13.

81 1485 134 1512 tuis
147 1487 298 1521 praeceptis.

119 1527 376 1555 DESERV1T10‚
399 1523 466 1550 onis.
486 1523 506 1550 f.
542 1524 602 1550 Vet.
615 1523 726 1557 Interpr.
739 1523 841 1550 Irenaei
852 1531 882 1555 4,
898 1528 925 1554 28
949 1524 1025 1558 Legis
1045 1523 1121 1550 statu-

82 1565 127 1583 ere
140 1556 353 1585 deseruitionem.
562 1581 563 1584 ,

120 1598 139 1618 D
149 1598 185 1620 Es
194 1601 203 1619 1
212 1600 229 1620 c
238 1599 254 1619 C
264 1600 283 1620 o
292 1614 300 1627 ,
323 1598 376 1620 are.
413 1593 547 1629 [ξηραίνω]
584 1593 650 1620 Idem
662 1593 727 1628 quod
738 1594 841 1620 Sica-are.
860 1594 926 1620 Plin.
941 1602 985 1625 20,
999 1601 1034 1625 19.
1070 1595 1120 1620 Ve-

82 1634 133 1661 get.
148 1636 167 1659 1,
178 1633 218 1658 28.
259 1629 341 1656 Plaut.
355 1629 470 1656 Trucul.
486 1637 506 1660 2,
519 1636 546 1662 7,
560 1637 600 1661 30.
636 1629 709 1663 Conf.
728 1629 834 1655 Turneb.
847 1629 953 1664 Aduers.
968 1637 1013 1660 24,
1027 1635 1064 1661 17.

119 1670 138 1690 D
147 1670 163 1690 E
172 1670 184 1690 S
195 1671 228 1691 Ic
237 1670 253 1690 C
262 1671 313 1692 A'r
323 1671 344 1690 V
353 1671 365 1691 s
374 1684 381 1695 ‚
402 1674 426 1697 a,
445 1673 498 1690 mn.
519 1663 611 1690 Partic.
649 1663 724 1697 Apul.
738 1664 769 1690 de
778 1664 861 1690 Herb.
874 1673 895 1689 c.
908 1672 943 1697 49
959 1671 984 1689 n.
995 1672 1008 1695 3
1029 1662 1119 1690 Herba

83 1697 207 1724 desiccata
220 1705 245 1725 et
259 1700 287 1725 in
300 1700 439 1734 puluerem
452 1698 564 1726 redacta.

118 1739 367 1766 DESICCATIVVS‚
387 1743 412 1766 a,
424 1743 477 1760 uin.
495 1733 554 1760 Adi.
575 1733 689 1759 Virtutis
697 1734 744 1758 esse
752 1733 919 1759 desiccatiuae
938 1733 1037 1758 Macer.
1045 1741 1071 1763 2,
1081 1740 1118 1757 10.

120 1766 208 1794 1>ssss
214 1776 303 1801 nizo,
323 1769 375 1800 edi,
396 1774 448 1796 ere.
469 1769 620 1802 [fasma.
639 1767 762 1800 maenam]
799 1766 1010 1800 orfofitmfidere.
1035 1766 1116 1791 Plaut.

81 1802 172 1827 Pseud.
186 1811 214 1833 4,
228 1812 256 1834 4,
272 1811 290 1835 7
311 1803 382 1835 Quid
396 1810 423 1828 tu
436 1804 505 1827 intus
519 1802 615 1834 quaeso
627 1801 764 1826 desedisti?

81 1835 154 1861 Nam
177 1844 249 1861 meus
271 1836 397 1861 formidat
416 1837 518 1861 animus
545 1835 663 1860 nostrum
683 1834 784 1860 tamdiu
803 1833 842 1860 ibi
871 1834 1000 1865 desidere,
1031 1844 1118 1869 neque

79 1869 168 1897 redire
180 1870 273 1896 filium.
311 1871 378 1899 Ter.
389 1871 452 1896 Hec.
461 1877 483 1903 5,
496 1878 519 1902 3,
530 1878 546 1896 2.
564 1869 669 1895 Frustra
683 1869 729 1895 vbi
742 1874 828 1895 totum
836 1869 923 1896 desedi
932 1869 1011 1896 diem.
1048 1871 1117 1896 Con-

79 1905 183 1940 fragosa
194 1906 306 1932 vitantes
324 1905 523 1932 amoenioribus
535 1905 601 1931 locis
615 1904 729 1931 desident
752 1904 911 1938 Qinffil.5‚
927 1911 949 1935 8.
1019 1907 1049 1931 In
1065 1907 1118 1940 spe-

81 1940 183 1968 &aculo
213 1941 271 1967 Sen.
286 1941 330 1975 Ep.
345 1948 370 1975 7.
441 1941 547 1967 Sueton.
562 1940 590 1966 in
605 1941 676 1966 Caes.
698 1949 719 1966 c.
735 1949 751 1966 2
778 1941 800 1966 A
815 1950 868 1975 quo
888 1940 920 1966 ad
937 1942 1117 1968 accersendam

734 1094 874 1124 Deseruir‘e
892 1098 983 1124 amicis
1006 1099 1061 1125 Cic.
1075 1108 1124 1133 pro
1142 1104 1170 1130 23
1186 1102 1367 1128 tiderabuntur
1399 1104 1454 1129 Cic.
1469 1105 1521 1129 Att.
1536 1110 1563 1136 7,
1577 1105 1616 1129 26.

1569 169 1605 208 D
1701 171 1735 210 E
1826 174 1851 212 S

1190 255 1296 282 deratur
1309 264 1391 290 vapor
1405 257 1489 291 ignis,
1515 261 1533 284 i.
1547 261 1636 284 noxius
1648 256 1680 291 est
1707 259 1812 286 Colum.
1828 266 1864 293 12,
1877 270 1916 295 50,
1933 271 1965 296 13·
2039 263 2120 292 Plaut.
2141 265 2210 292 Stich

1189 300 1217 324 4,
1239 300 1258 323 1,
1279 300 1308 317 10
1336 291 1412 317 Nunc
1427 302 1467 318 mc
1486 293 1596 327 gratiam
1608 293 1652 320 abs
1667 300 1692 320 te
1706 293 1774 320 inire
1789 296 1892 328 verbis,
1916 299 1980 325 nihil
1994 298 2118 327 desidero.
2162 302 2219 327 l'nl.

1190 333 1211 352 N
1223 334 1230 352 1
1242 333 1314 352 H11..
1385 327 1456 353 Caes.
1471 329 1497 354 B.
1513 329 1542 355 C.
1556 338 1578 361 3,
1591 336 1627 363 74
1658 330 1790 356 Exere-itui
1808 331 1914 364 quidem
1931 337 2004 360 omni
2027 342 2112 362 tantus
2125 335 2221 362 inceslit

1190 370 1220 386 ex
1235 360 1403 388 incommodo
1417 362 1509 395 dolor,
1521 370 1672 398 tantumque
1691 364 1803 391 studium
1817 367 1941 393 infamiae
1954 370 2116 404 sarciendae,
2136 379 2163 397 vt
2177 381 2220 397 nc-

1150 397 1163 424 5
1190 405 1233 422 mo
1255 402 1300 423 aut
1318 396 1456 429 Tribuni,
1482 406 1524 424 aut
1544 400 1712 426 centurionis
1725 401 1874 434 imperium
1895 402 2057 432 desideraret.
2081 409 2098 432 ι’.
2120 408 2222 442 Cupcrct

1190 430 1383 467 czspcfsaretue,
1396 433 1443 468 sed
1454 433 1542 468 sponte
1555 435 1603 469 fica
1622 442 1645 461 et
1657 435 1739 470 iniuffi
1753 435 1857 470 officium
1867 437 1991 472 facerent.
2063 442 2118 468 Cic.
2133 442 2164 468 dc
2178 444 2220 468 Se.

1188 468 1255 493 neci.
1270 476 1307 500 44
1320 477 1342 493 c.
1356 476 1379 499 13
1401 469 1481 501 Qiod
1495 478 1523 494 ea
1539 470 1681 504 voluptates
1694 471 1778 497 nullas
1792 481 1949 507 magnopere
1964 474 2097 502 desiderat.
2149 477 2219 504 Adii.

1187 502 1220 528 ib.
1235 512 1255 528 c.
1268 511 1285 536 9
1296 510 1338 537 pr.
1409 504 1464 530 Cic.
1478 503 1508 529 de
1526 504 1560 530 N.
1575 505 1605 531 D.
1643 526 1649 532 .
1688 526 1694 532 .
1728 507 1798 532 Haec
1810 508 1880 533 enim
1895 509 1959 534 scire
1975 508 2105 540 desidero,
2134 515 2152 537 i.
2174 514 2220 538 Cu-

1186 541 1237 572 pio.
1273 539 1341 564 Ter.
1355 539 1383 564 in
1398 540 1461 565 Eun.
1480 547 1500 571 1,
1514 548 1538 570 2,
1554 548 1588 569 113
1617 541 1678 566 Dies
1691 541 1834 576 noe‘kesque
1853 552 1894 569 nie
1915 552 2000 576 ames,
2027 554 2067 570 mc
2081 546 2218 573 desideres.

2163 192 2222 218 ΠΟ

1142 581 1171 600 10
1191 574 1253 599 Non
1268 565 1411 600 defidera're
1429 574 1513 600 solum
1523 594 1530 605 ,
1552 575 1593 600 sed
1607 577 1685 602 ctiam
1699 577 1804 610 poscere
1820 584 1844 604 et
1857 579 1974 612 flagitare
1993 581 2219 615 sfic.X⁷c1·r.3,70.

1188 608 1226 634 ld.
1240 608 1271 634 dc
1286 609 1391 635 Amicit.
1431 629 1437 635 .
1476 629 1482 635 .
1524 609 1644 644 Plerique
1659 613 1792 645 peruerse,
1811 622 1843 639 ne
1863 614 1946 640 dicam
1962 615 2136 649 impudenter,
2154 619 2219 642 ami-

1188 653 1247 669 cum
1269 643 1364 670 habere
1384 644 1462 670 talem
1482 644 1591 677 volunt,
1612 647 1699 679 quales
1719 648 1764 682 ipsi
1778 649 1825 674 esse
1838 657 1892 676 non
1907 651 2019 684 poll'unt:
2039 660 2157 685 quaeque
2171 652 2217 686 ipsi

1189 688 1242 704 non
1255 679 1375 705 tribuunt
1388 680 1478 706 amicis
1488 699 1496 711 ,
1514 679 1576 706 haec
1590 680 1622 706 ab
1635 681 1674 707 his
1689 682 1839 710 dcliderant.
1909 686 1981 711 Idcm
1996 686 2027 712 de
2042 687 2099 712 liin.
2114 695 2135 718 5,
2157 706 2162 712 .
2183 707 2188 712 .
2211 706 2217 713 .

1188 714 1235 739 Sed
1250 722 1288 745 ea,
1301 723 1367 748 quae
1380 714 1545 741 Desideratur
1559 723 1572 740 a
1584 724 1677 750 magno
1692 717 1847 753 philosopho
1860 721 1972 753 grauitas
1981 738 1989 750 ,
2006 723 2032 746 in
2045 730 2077 747 eo
2090 730 2145 748 non
2157 722 2218 748 suit.

1145 756 1169 782 15
1188 751 1237 775 Pro
1252 751 1348 779 Petere,
1372 756 1394 774 et
1410 750 1535 784 pqllulare
1551 754 1577 776 in
1596 753 1701 778 indicio.-
1736 754 1794 787 le.
1816 755 1844 780 in
1861 755 1878 780 l.
1893 755 1919 781 Si
1941 756 2000 790 quis
2016 755 2038 793 ᾗ.
2059 766 2115 790 pen.
2133 757 2163 782 D.
2179 758 2218 783 De

1188 784 1355 818 agnoscendis
1369 785 1411 811 vcl
1425 785 1524 811 alendis
1539 785 1644 817 liberis,
1664 788 1690 813 Si
1705 789 1762 822 quis
1781 798 1793 815 a
1810 790 1900 816 liberti
1914 791 2011 817 liberto
2030 792 2064 817 ali
2085 794 2109 818 se
2123 792 2219 819 defide-

1187 825 1240 846 ret:
1260 828 1313 845 non
1327 819 1404 845 debet
1417 820 1513 846 audiri.
1565 822 1653 852 ,Idem
1668 824 1696 848 in
1710 824 1726 848 l.
1744 832 1752 849 1
1768 822 1790 859 §
1807 833 1815 850 1
1844 826 1874 851 D.
1886 827 1925 852 De
1938 827 2100 861 inspiciendo
2118 834 2219 859 ventre,

1185 854 1242 881 Post
1255 854 1355 880 editum
1367 856 1442 889 plane
1451 864 1551 889 partum
1564 865 1578 882 a
1592 858 1712 889 muliere,
1726 859 1778 884 iam
1791 862 1872 893 potest
1885 863 1994 888 maritus
2003 863 2061 888 iure
2074 864 2119 888 suo
2133 862 2219 889 silium

1186 898 1232 924 per
1244 890 1415 917 interdidmm
1436 891 1579 918 desiderare
1597 893 1717 919 exhiberi
1735 893 1792 919 sibi.
1865 896 1937 922 Idem
1959 897 1986 923 in
2004 898 2020 924 1.
2035 907 2051 924 2
2070 898 2097 924 in
2110 898 2161 924 sine
2185 900 2217 926 D.

1141 934 1173 952 20
1187 925 1242 951 Vbi
1262 925 1375 960 pupillus
1394 926 1500 952 educari
1520 927 1628 960 debeat,
1654 929 1735 954 Tunc
1755 928 1825 955 enim
1845 929 2017 964 imputabitur
2036 934 2076 964 ei,
2099 943 2146 959 cur
2165 942 2219 960 non

1186 960 1258 987 adito
1276 962 1399 987 Praetore
1420 962 1571 988 desiderarit
1589 964 1711 989 alimenta
1726 963 1821 989 minui.
2016 966 2036 1005 ‘j
2065 977 2080 995 2
2116 969 2219 996 Defide.

1186 1005 1245 1023 rare
1259 994 1291 1029 cst
1299 996 1410 1032 flurin-e,
1427 1006 1456 1023 ac
1470 997 1548 1023 dolore
1554 998 1583 1032 se
1595 1007 1642 1023 non
1655 998 1749 1024 habere.
1806 1000 1840 1024 Ea
1854 1002 1916 1025 euim
1930 1007 2035 1034 tantum,
2050 1013 2109 1038 quac
2122 1005 2220 1040 absunt,

1187 1031 1354 1064 dzfidcramus.
1426 1033 1572 1058 Desiderari
1585 1038 1676 1067 coepta
1690 1033 1725 1059 est
1740 1033 1876 1067 diligentia
1886 1035 2079 1068 Epaminondae
2100 1039 2168 1073 Nep.
2185 1049 2220 1073 15,

1187 1074 1213 1108 7,
1229 1075 1246 1092 1.
1282 1067 1355 1102 Conf.
1369 1067 1436 1094 Tac.
1451 1070 1511 1101 Agr.
1533 1077 1572 1100 41,
1586 1077 1607 1100 3.
1680 1068 1724 1094 Sin
1738 1069 1788 1094 erit
1808 1068 1906 1095 bellum
1926 1078 2009 1104 partes
2023 1081 2095 1098 meae
2108 1083 2160 1100 non
2174 1075 2218 1101 de-

1687 1103 1725 1130 Id.
1740 1103 1771 1129 de
1784 1104 1841 1130 Seu.
1852 1113 1882 1136 32
1895 1114 1916 1131 c.
1926 1114 1954 1131 10
1986 1106 2050 1133 Non
2063 1109 2134 1134 curia
2149 1110 2219 1136 vires

1187 1146 1256 1163 meas
1275 1137 1417 1169 desiderat,
1436 1147 1489 1164 non
1511 1138 1608 1170 rostra,
1628 1147 1682 1164 non
1702 1139 1796 1171 amici,
1815 1148 1868 1165 non
1883 1140 1998 1167 clientes.
2053 1143 2129 1178 Qmfi
2143 1145 2220 1176 dicat,

1184 1173 1259 1199 Curia
1277 1173 1411 1208 nonsmtit
1425 1183 1460 1199 me
1467 1174 1537 1209 senio
1557 1173 1723 1206 debilitatum,
1744 1184 1815 1210 quum
1829 1176 1931 1211 fimgar
1949 1186 1997 1202 mro
2010 1186 2105 1203 'nuncsi'
2114 1180 2220 1213 perinde

1185 1208 1245 1242 acsi
1257 1211 1355 1244 integra
1367 1215 1446 1234 aetate
1458 1208 1533 1242 esti-rm
1604 1209 1670 1235 Plin.
1684 1210 1743 1235 Pan.
1759 1218 1797 1242 10,
1811 1214 1826 1236 6
1846 1211 1883 1237 Eo
1898 1212 1954 1245 ipso
1968 1221 2040 1238 carus
2054 1213 2177 1240 omnibus
2190 1223 2220 1241 ac

1185 1242 1382 1275 desiderandus,
1401 1244 1472 1278 quod
1486 1244 1664 1278 prospexerat,
1684 1254 1717 1271 ne
1731 1245 1927 1273 desideraretur.
1990 1248 2045 1282 Cic.
2060 1249 2130 1275 Fam.
2145 1257 2171 1284 7,
2185 1258 2220 1283 29

849 1274 936 1301 Rebus
949 1275 1045 1302 diuinis
1065 1277 1120 1303 Cic.
1138 1287 1170 1312 30
1184 1279 1306 1305 Intellexi
1328 1280 1398 1305 enim
1418 1289 1448 1305 ex
1468 1286 1514 1305 tuo
1529 1281 1647 1306 sermone
1666 1279 1795 1314 quodam,
1820 1290 1901 1315 quum
1918 1282 2075 1309 moestitiam
2095 1291 2120 1310 et
2133 1284 2220 1319 despe-

1183 1315 1313 1341 rationem
1326 1315 1455 1341 accusares
1469 1315 1542 1341 domi
1557 1321 1615 1341 tuae
1624 1335 1632 1347 ,
1649 1315 1736 1342 dicere
1749 1322 1774 1342 te
1786 1325 1819 1342 ex
1834 1318 1897 1344 meis
1911 1317 1986 1344 libris
2001 1319 2117 1345 animum
2130 1329 2219 1348 meum

1184 1350 1337 1377 defiderare.
1407 1350 1531 1376 Desidero
1545 1350 1590 1376 abs
1603 1356 1628 1376 te
1641 1351 1742 1386 aliquid
1777 1352 1849 1378 Idem
1861 1352 1893 1378 ad
1908 1354 1945 1386 Q
1956 1355 2037 1380 Fratr.
2060 1374 2066 1380 .
2088 1375 2093 1380 .
2124 1358 2142 1381 i.
2160 1358 2219 1382 Non

1183 1386 1278 1411 videris
1297 1385 1454 1421 mihifacere
1467 1386 1531 1420 quod
1544 1386 1619 1412 debes.
1692 1388 1723 1412 Et
1737 1387 1790 1413 Att.
1827 1407 1834 1413 .
1872 1408 1878 1414 .
1915 1389 1962 1414 'I'u
1979 1398 2020 1415 me
2032 1390 2161 1417 consolari
2176 1391 2219 1417 de-

1183 1421 1250 1447 sine:
1270 1422 1411 1454 obiurgare
1429 1429 1495 1447 vero
1516 1421 1588 1447 noli:
1607 1421 1679 1455 quod
1697 1431 1779 1456 quum
1798 1423 1875 1454 facis,
1899 1429 1927 1449 vt
1940 1433 1988 1458 ego
2007 1430 2082 1451 tuum
2097 1426 2218 1453 dolorem

408 1453 485 1487 VUlg·
500 1453 611 1487 Interim
632 1452 688 1487 SaP·
710 1461 748 1485 19,
762 1454 779 1478 6
815 1453 942 1479 creatura
972 1452 1121 1479 deserUiessS
1138 1459 1166 1485 35
1183 1465 1354 1492 amoremque
1374 1456 1499 1483 desidero.
1534 1460 1552 1483 i.
1580 1457 1680 1483 Videris
1699 1458 1761 1483 mihi
1780 1468 1827 1484 non
1846 1459 1924 1485 dolere
1945 1463 2021 1486 vicem
2038 1470 2128 1493 meam,
2149 1469 2171 1488 et
2183 1470 2219 1488 me

1182 1501 1272 1518 anmrc.
1345 1492 1401 1518 Cic.
1421 1493 1473 1518 Att.
1494 1500 1528 1523 11,
1545 1500 1563 1526 7
1592 1493 1704 1519 Dicebat·
1723 1493 1837 1519 debuisl'e
1855 1503 1913 1519 cum
1933 1495 2058 1529 Pompeio
2078 1497 2217 1530 proficisci.

1183 1528 1272 1553 Exitus
1285 1527 1356 1554 illius
1369 1528 1467 1553 minuit
1479 1528 1534 1553 eius
1552 1526 1633 1553 officii
1652 1528 1819 1561 praetermilli
1831 1529 2069 1562 reprehensionem.
2125 1532 2172 1558 Sed
2187 1542 2218 1560 ex

1183 1563 1305 1589 omnibus
1317 1562 1386 1588 nihil
1401 1563 1482 1595 inagis
1502 1568 1588 1587 tamen
1602 1562 1774 1595 desideratur,
1804 1573 1882 1597 quam
1899 1565 1970 1598 quod
1989 1566 2016 1591 in
2029 1567 2145 1593 Africam
2166 1577 2220 1594 non

1183 1598 1271 1623 ierim.
1340 1597 1464 1623 Sextilem
1479 1602 1564 1622 totum
1579 1597 1726 1630 defideror,
1744 1598 1768 1624 h.
1782 1608 1801 1624 e.
1818 1599 1909 1633 Abfiam
1944 1600 2011 1625 Hor.
2026 1601 2102 1634 Epist.
2118 1610 2138 1633 1,
2152 1610 2179 1636 7,
2193 1611 2218 1628 2.

1127 1644 1164 1669 40
1183 1634 1249 1658 Hinc
1257 1631 1414 1664 Desiderari,
1424 1640 1471 1667 per
1484 1631 1651 1665 Synecdochcn
1662 1640 1708 1667 pro
1722 1632 1830 1667 Deficere
1842 1635 1880 1658 uel
1886 1634 1966 1665 Mori,
1980 1635 2065 1660 cadere
2078 1639 2103 1660 in
2113 1639 2218 1670 praello,

1176 1671 1270 1702 perire.
1342 1668 1414 1694 Caes.
1433 1668 1460 1693 B.
1476 1668 1508 1692 G.
1531 1674 1554 1698 5,
1571 1675 1600 1699 23
1633 1668 1668 1693 Ac
1683 1667 1716 1692 fic
1730 1667 1839 1698 accidit,
1858 1675 1886 1693 vt
1905 1677 1937 1693 ex
1955 1674 2029 1695 tanto
2044 1671 2151 1696 nauium
2173 1681 2219 1697 nu-

1182 1711 1272 1733 mere,
1295 1707 1335 1728 tot
1357 1701 1586 1736 nauigationibus,
1607 1710 1692 1736 neque
1713 1701 1780 1734 hoc,
1799 1711 1885 1736 neque
1904 1704 2039 1737 superiore
2056 1714 2140 1738 annu,
2165 1707 2219 1734 vlla

1180 1737 1292 1762 omnino
1311 1738 1403 1769 nauis,
1426 1745 1492 1771 quae
1511 1736 1609 1762 milites
1631 1743 1765 1771 portaret,
1791 1737 1988 1765 desideraretur.
2016 1743 2033 1765 i.
2058 1742 2220 1769 anianauis

1176 1774 1296 1804 perierat.
1341 1772 1397 1798 Vid.
1412 1773 1440 1798 B.
1455 1774 1483 1799 C.
1497 1779 1518 1803 1,
1534 1780 1567 1804 51.
1581 1778 1604 1797 et
1616 1780 1639 1803 3,
1653 1779 1719 1804 53st
1735 1773 1808 1798 Curt.
1821 1782 1842 1805 ς,
1858 1781 1890 1806 11,
1908 1782 1947 1808 27.
1985 1777 2025 1801 Ita
2041 1777 2095 1802 Cic.
2105 1778 2178 1804 Verr.
2192 1787 2219 1811 2,

820 1800 886 1826 Idem
900 1799 1020 1825 Bacchid.
1035 1808 1060 1831 2,
1068 1809 1117 1833 3,4
1130 1811 1164 1837 45
1181 1807 1215 1837 96
1230 1815 1251 1831 c.
1265 1814 1302 1837 44
1331 1806 1389 1832 Nec
1404 1807 1547 1842 quidquam
1554 1815 1586 1832 ex
1602 1816 1634 1833 eo
1648 1807 1710 1833 fano
1718 1814 1820 1842 praeter
1833 1817 1913 1835 vnum
1924 1809 2023 1844 lignum
2038 1820 2068 1837 ex
2081 1820 2140 1838 acre
2154 1813 2217 1839 desi.

1180 1840 1299 1866 deratum
1312 1841 1362 1866 est:
1376 1842 1499 1875 sublatum
1514 1849 1595 1876 nempe
1607 1852 1622 1868 a
1640 1844 1724 1869 Verre.

1179 1884 1231 1902 cere
1245 1875 1455 1912 videtui-posteifflb
1475 1877 1606 1904 Columel.
1624 1886 1650 1910 9,
1663 1883 1686 1911 8,
1700 1887 1718 1904 1.
1732 1885 1755 1904 et
1767 1887 1792 1912 9,
1808 1887 1842 1911 13,
1855 1888 1873 1905 1.

1216 1917 1234 1936 D
1244 1918 1259 1937 E
1269 1918 1282 1937 s
1294 1918 1303 1937 1
1315 1918 1333 1937 D
1343 1918 1359 1938 Ε
1367 1919 1386 1938 R
1395 1919 1417 1939 A
1428 1919 1448 1937 N
1459 1919 1471 1938 s
1480 1929 1488 1945 ,
1515 1913 1557 1939 tis.
1584 1914 1675 1939 Partic.
1714 1913 1870 1948 [ἐπιποθῶν]
1911 1915 1958 1945 Vt,
1979 1914 2132 1942 Defiderans
2145 1918 2216 1952 quod

1178 1946 1237 1972 satis
1251 1946 1303 1978 est,
1323 1949 1340 1972 i.
1358 1948 1433 1973 Nihil
1444 1950 1513 1974 vltra
1526 1957 1562 1980 ea,
1576 1957 1634 1983 quac
1647 1951 1713 1974 vitae
1727 1948 1851 1983 ne'cqffitas
1864 1952 1953 1984 exigit,
1973 1951 2040 1976 Hor.
2055 1952 2105 1977 Od.
2120 1961 2217 1984 3,1,2:,.

1920 1842 1940 1882 Ἴ
1960 1854 1973 1877 3
2009 1847 2057 1872 Pro
2075 1850 2218 1883 circumsia

79 1976 181 2003 claffem
195 1976 224 2002 in
236 1975 385 2008 Bithyniam
403 1976 505 2006 miffiiS,
531 1975 630 2002 desedit
649 1975 716 2009 apud
732 1975 918 2002 Nicomedem·
955 1975 1060 2008 Honeste
1067 1984 1117 2011 pro
1134 1988 1165 2014 50
1179 1980 1342 2008 Desideranti
1362 1992 1385 2008 e(
1393 1983 1576 2009 nsuetudinem
1591 1990 1706 2009 veterem
1720 1983 1836 2009 concessit
1850 1987 1937 2010 rursus
1969 1985 2038 2011 Suet.
2051 1987 2116 2020 Aug.
2137 1997 2158 2013 c.
2172 1998 2207 2021 ψ)

975 2011 1048 2037 Idem
1061 2020 1086 2043 2,
1100 2019 1117 2046 7

973 2047 1031 2073 Vid.
1040 2053 1115 2082 prae-

86 2013 202 2038 Ventrem
220 2020 363 2038 exonerare:
391 2018 421 2038 vt
436 2010 577 2038 Desidendi
595 2011 722 2045 cupiditas
755 2011 823 2037 Cels.
842 2016 917 2043 4,18.

81 2046 187 2080 Quibus
199 2055 258 2073 cum
270 2047 391 2073 voluntas
405 2046 537 2073 desidendi
551 2046 601 2076 est,
620 2052 712 2072 venter
726 2046 793 2072 nihil
806 2047 931 2073 reddidit.

72 2084 165 2118 sertim
177 2091 202 2115 2,
216 2091 244 2109 12
257 2089 323 2109 extr.
394 2081 435 2107 Ad
449 2082 536 2108 sellam
548 2080 663 2108 desidere
680 2081 799 2107 Scribon.
814 2089 874 2117 227.

117 2125 246 2150 DESES,
275 2117 334 2144 i'dis.
369 2116 431 2144 Adi.
472 2116 606 2151 [νωθρὸς]
643 2117 695 2151 „Qui
712 2117 779 2143 nihil
797 2120 867 2152 agit,
894 2123 918 2143 et
936 2116 1027 2152 otiofizs
1037 2117 1116 2152 sedet.

81 2153 143 2180 Liu.
158 2154 176 2185 1,
189 2161 219 2185 31.
245 2153 363 2179 Desidem
376 2153 525 2179 Romanum
538 2160 626 2186 regem
640 2152 710 2178 inter
723 2152 812 2178 sacella
824 2158 849 2179 et
863 2161 919 2178 aras
933 2152 1053 2178 aeiurum
1068 2154 1116 2178 effe
1134 2158 1163 2185 55
1180 2156 1318 2183 delefiant,

334 2187 405 2214 Idem
417 2197 439 2221 3,
453 2190 484 2218 68
513 2188 635 2214 Sedemus
649 2187 745 2214 desides
758 2188 831 2214 domi
851 2188 994 2214 mulierum
1009 2188 1064 2214 ritu
1077 2188 1116 2214 in-

81 2197 192 2222 regnum
205 2188 264 2214 rati.

426 2225 517 2259 Nempe
530 2224 606 2249 Deses
620 2223 689 2249 intra
702 2222 769 2250 te&
783 2224 881 2249 femina
902 2223 1007 2249 Colum.
1023 2232 1116 2256 12,1,z.

81 2229 122 2250 ter
134 2232 182 2249 nos
192 2223 353 2250 altercantes.

80 2259 171 2285 Annus
184 2258 254 2285 deses
267 2266 381 2291 vocatur,
401 2262 427 2285 in
440 2259 485 2295 quo'
499 2259 566 2285 nihil
577 2261 682 2295 agimus.
716 2259 777 2285 Stat.
786 2259 850 2285 Silu.
859 2267 882 2291 3,
896 2267 916 2291 1,
930 2267 946 2285 z
971 2260 1116 2285 Intermissa

79 2293 130 2321 tibi
151 2299 277 2327 renouat,
302 2294 464 2326 Tirynthie‚
487 2295 556 2321 sacra
592 2294 706 2326 Pollius,
731 2302 757 2320 et
779 2295 864 2321 causas
887 2294 1000 2328 designat
1021 2294 1114 2321 desidis

78 2329 150 2363 anni.
222 2329 351 2356 Homines
365 2330 455 2364 ignaui
468 2339 496 2356 ac
510 2329 606 2356 desides
623 2330 692 2356 Gell.
706 2338 741 2362 13,
755 2335 777 2360 8.

69 2364 148 2398 .m1ffiz
161 2371 185 2391 et
196 2366 322 2402 negligens
353 2366 414 2392 Stat.
430 2365 523 2392 Theb.
544 2367 570 2398 6,
589 2373 644 2400 147.
716 2366 785 2392 Pasl'u
800 2364 885 2392 deside
900 2365 939 2391 ire
962 2365 1034 2392 Idem
1051 2366 1115 2392 Silu.

77 2408 103 2434 ς,
122 2409 147 2432 2.,
166 2401 206 2426 61.
277 2401 393 2428 Somnus
418 2401 457 2428 Id.
473 2400 566 2427 Theb.
587 2410 624 2431 10,
647 2406 688 2436 87.
758 2401 820 2428 Vita
851 2401 912 2427 Stat.
927 2401 990 2427 Silu.
1004 2410 1026 2433 3,
1042 2408 1064 2433 5,
1078 2407 1115 2435 85.

78 2435 209 2463 Columel.
230 2442 257 2470 7,
277 2444 305 2462 12
336 2436 465 2463 Tertium
483 2445 564 2476 genus
585 2446 677 2463 canum
696 2437 811 2463 venandi
833 2437 915 2471 gratia
936 2443 1114 2470 comparatur:

77 2471 159 2506 idque
179 2479 234 2497 non
246 2471 331 2497 solum
352 2471 421 2498 nihil
440 2472 584 2507 agricolam
603 2472 692 2503 iuuat,
719 2471 762 2498 sed
775 2478 801 2498 et
821 2477 929 2504 auocat,
949 2471 1115 2507 desidemque

78 2506 112 2533 ab
126 2514 205 2540 opere
220 2507 265 2533 suo
280 2507 353 2533 facit.

115 2547 180 2568 DES
191 2548 245 2568 1D1
255 2549 276 2568 A
286 2561 294 2575 ,
310 2550 348 2568 ae.
369 2542 388 2569 f.
425 2541 557 2578 [vaslog
570 2541 704 2578 νωθρότης]
742 2543 827 2569 Otium
839 2548 863 2568 et
879 2545 985 2572 inertia,
1003 2545 1114 2578 ignauia.

79 2577 138 2604 Cic.
151 2577 232 2603 Tusc.
245 2585 268 2610 5,
281 2582 313 2612 78
327 2586 349 2604 c.
363 2585 397 2612 27
416 2578 465 2604 Sed
477 2586 525 2604 nos
540 2577 658 2610 vmbris,
680 2577 797 2609 deliciis,
817 2578 891 2610 otio,
909 2578 1051 2612 languore,
1071 2578 1114 2604 de-

79 2612 143 2638 fidia
160 2613 277 2639 animum
296 2613 453 2645 infecimus,
472 2620 518 2639 etc.
589 2613 714 2640 Socordia
735 2620 812 2648 atque
829 2613 926 2639 desidia
964 2613 1064 2639 Αιιᾶὶοτ
1082 2613 1114 2639 ad

79 2647 177 2673 Heren.
199 2655 224 2679 2,
260 2666 267 2673 .
384 2648 479 2674 Molles
500 2647 610 2675 desidiae
641 2648 732 2674 Claud.
749 2648 781 2674 dc
795 2649 875 2675 Tert.
892 2649 969 2674 Cons.
983 2649 1053 2674 Hon.
1069 2656 1113 2680 40.

78 2682 212 2708 Horridus
226 2681 320 2707 desidia
334 2691 377 2707 rex
390 2689 471 2716 apum,
489 2689 598 2708 contrar.
610 2683 697 2708 rutilis
711 2683 793 2708 clarus
802 2683 915 2721 squamis
929 2684 1006 2716 Virg.
1017 2684 1114 2716 Georg.
1123 2696 1160 2722 70
1177 2686 1236 2711 effes
1245 2705 1253 2717 ,
1276 2684 1435 2719 potiffimum
1453 2687 1538 2712 secum
1558 2688 1606 2713 esse
1625 2687 1744 2714 laetarer.

79 2725 109 2750 4,
124 2725 168 2750 94.
220 2716 277 2742 Cic.
292 2716 343 2742 Off.
357 2725 377 2747 1,
391 2725 432 2748 123
448 2725 469 2742 c.
482 2724 515 2749 34
549 2717 627 2742 Nihil
642 2723 729 2742 autem
742 2726 825 2750 magis
840 2716 984 2742 cauendum
996 2717 1031 2742 est
1045 2719 1115 2744 sene-

79 2753 162 2783 ctuti,
187 2760 266 2785 quam
278 2760 310 2777 ne
323 2752 442 2786 languori
455 2752 481 2777 se
500 2750 664 2785 desidiaeque
677 2751 760 2778 dedat.
830 2751 979 2778 Indormire
993 2751 1115 2785 desidiae,

76 2786 131 2813 vid.
164 2792 205 2812 IN
214 2792 232 2811 D
243 2792 262 2811 O
272 2793 323 2813 ΚΜ
335 2792 385 2813 10.
404 2809 406 2821 ‚
454 2786 582 2812 Animum
601 2786 708 2812 inficere
728 2785 836 2816 desidia,
860 2786 911 2812 vid.
943 2793 951 2811 1
962 2794 983 2812 N
993 2793 1008 2812 F
1018 2795 1026 2812 1
1037 2793 1054 2813 C
1066 2795 1076 2814 1
1085 2794 1112 2813 O.

76 2821 238 2849 Marcescere
257 2821 368 2852 desidia,
393 2821 447 2848 vid.
474 2828 529 2847 MA
538 2827 555 2846 R
567 2827 584 2847 C
595 2828 647 2847 ΕΟ.
720 2822 811 2847 Homo
823 2821 935 2847 desidiae
952 2830 980 2846 ac
993 2821 1113 2848 luxuriae

76 2857 168 2893 plenus
202 2856 369 2883 Pseudo-Cic.
392 2858 420 2883 in
437 2856 537 2883 Sallust.
561 2861 583 2886 8.

76 2893 135 2920 odit
152 2897 255 2926 agentes
286 2892 367 2918 Ouid.
382 2892 414 2918 de
427 2893 501 2918 Rem.
516 2893 607 2919 Amor.
627 2899 683 2924 149.
755 2892 863 2925 Propter
876 2890 998 2917 desidiam
1011 2900 1038 2918 111
1054 2899 1113 2919 otio

77 2929 170 2955 viuere
210 2927 265 2953 Cic.
279 2928 308 2954 Ι..
323 2928 384 2962 Agr.
405 2936 421 2954 2
439 2937 461 2954 c.
479 2936 506 2961 4.
577 2926 690 2954 Vitanda
709 2926 744 2954 est
760 2926 884 2961 improba
899 2927 974 2954 Siren
1009 2928 1114 2955 Desidia

77 2963 289 3026 H‘iiiissaltbqi’gs
298 2972 358 3030 ,¹4ei.
372 2997 391 3024 f.
412 2997 478 3024 Idem
490 2996 555 3032 quod
568 2996 669 3031 Defidia
693 2997 797 3024 Lucret.
813 3005 835 3031 5,
850 3002 882 3031 48
907 2997 1014 3031 Quidue
1028 2999 1115 3034 super-

76 3034 138 3067 bia,
161 3033 300 3068 spurcitia,
323 3043 352 3061 ac
364 3033 526 3068 petulantia,
552 3039 662 3068 quantas
698 3032 819 3060 Effieiunt
839 3033 939 3060 clades3
960 3034 1114 3068 quidvluxus
1128 3044 1160 3069 80
1176 3037 1317 3064 Desidet-iis
1331 3039 1493 3066 naturalibus

78 3069 184 3097 desidies
205 3070 258 3095 ue?

111 3111 129 3131 D
138 3111 154 3132 F.
163 3078 221 3132 3111)
230 3111 240 3131 1
249 3111 270 3131 A
281 3109 297 3130 Β
309 3111 329 3131 v
337 3111 353 3130 1.
365 3110 386 3130 V
396 3112 431 3137 M,
451 3104 478 3130 i„
484 3113 510 3130 11.
538 3104 617 3130 Locus
629 3102 730 3137 desidiae
742 3110 823 3139 aptus.
844 3104 926 3131 Plaut.
935 3104 1025 3132 Bacch.
1038 3115 1061 3138 3,
1070 3114 1090 3138 1,
1098 3115 1115 3139 9

76 3140 113 3167 Vt
126 3140 206 3166 celem
219 3145 318 3174 patrem
327 3146 371 3167 tua
383 3139 551 3166 desidiabula.
587 3139 769 3172 Dispoliabula
780 3138 860 3176 lrgtſjb
874 3140 927 3167 uid.
949 3141 1020 3167 Non.
1035 3150 1060 3173 2,
1073 3150 1114 3175 54.

90 3187 100 3193 -
114 3182 157 3202 DE
166 3183 179 3202 S
187 3183 197 3201 1
205 3181 223 3200 D
233 3183 242 3201 1
251 3177 291 3202 68
300 3183 320 3202 V
329 3183 341 3202 S
350 3195 358 3207 ,
376 3184 401 3208 a,
419 3184 473 3201 um.
509 3174 570 3201 Adi.
605 3175 754 3209 [ῥάθυμος]
791 3177 842 3210 Qui
856 3177 920 3202 nihil
932 3179 995 3212 agit.
1031 3178 1112 3203 Ouid.

81 3209 112 3236 de
131 3211 205 3237 Rem.
224 3211 315 3237 Amor.
333 3213 373 3237 161

80 3244 112 3271 In
124 3251 226 3279 promtu
240 3247 312 3272 causa
325 3246 376 3278 est,
393 3246 533 3272 desidiosus
548 3251 611 3272 erat.
676 3246 731 3272 Cic.
745 3246 777 3272 de
791 3246 866 3273 Orat.
877 3255 899 3278 3,
913 3250 945 3277 86
965 3247 1013 3273 Sed
1026 3247 1043 3273 si
1057 3254 1113 3274 tota

82 3279 138 3305 vita
147 3280 213 3306 nihil
226 3280 291 3307 velis
309 3281 381 3307 aliud
399 3290 492 3316 agere,
520 3281 574 3315 ipsa
589 3281 711 3307 tra&atio
729 3287 755 3307 et
773 3281 892 3316 quaestio
905 3282 1027 3317 quotidie
1043 3292 1074 3310 ex
1088 3283 1113 3310 se

83 3314 364 3351 gignit«aliquid,quod
376 3326 435 3343 cum
443 3316 570 3343 desidiosa
583 3316 757 3343 &lesinione
773 3317 890 3351 vestiges.
925 3317 1039 3344 Auchad
1047 3319 1111 3345 Her.

83 3358 102 3382 4
114 3358 136 3374 c.
151 3357 179 3380 32
204 3351 389 3379 Dei-nominatio
405 3352 456 3384 est,
477 3361 542 3386 quae
556 3361 570 3378 a
584 3353 740 3387 propinquis
759 3358 785 3378 et
799 3352 921 3378 finitimis
934 3352 1016 3379 rebus
1031 3354 1112 3381 trahit

849 2330 920 2356 Cura
932 2330 1020 2362 deses,
1038 2334 1056 2356 i.
1071 2332 1116 2356 Re·
1125 2339 1160 2364 60
1178 2333 1261 2359 Tusc.
1275 2342 1303 2366 4,
1317 2342 1340 2360 21
1364 2333 1479 2366 Libido,
1502 2335 1557 2361 eius
1571 2337 1618 2370 qui
1633 2335 1751 2362 nondum
1764 2337 1843 2370 adsit,
1857 2338 1974 2364 videndi.

654 2855 786 2882 Desidiam
805 2864 870 2889 puer
885 2856 932 2881 ille
947 2856 1022 2896 sequi
1036 2857 1113 2897 solet:
1127 2865 1158 2894 75
1176 2869 1288 2894 porum,
1299 2868 1377 2896 prout
1394 2862 1503 2902 Corpora
1515 2863 1667 2897 diffiderunt,
1680 2864 1734 2898 fine
1745 2872 1803 2900 opus
1815 2866 1911 2893 habent.

410 3210 555 3244 Quaeritur
574 3209 710 3245 Aegisthus
733 3219 815 3245 quare
839 3210 869 3237 sit
891 3211 975 3238 fac'nis
996 3211 1112 3239 adulter:
1130 3218 1159 3246 85
1175 3215 1273 3241 accessit
1285 3215 1413 3243 desiderio
1426 3217 1515 3244 nostro
1534 3218 1590 3244 Cic.

1178 2017 1271 2051 Superi.
1288 2017 1398 2043 Paullin.
1412 2018 1489 2051 Epist.
1503 2027 1521 2051 4
1535 2025 1598 2044 extr.
1612 2019 1644 2044 ad
1652 2018 1788 2052 Augustin.
1807 2020 1899 2045 Frater
1912 2019 2146 2049 desiderantillime.

1214 2058 1232 2076 D
1244 2058 1281 2078 as
1292 2058 1534 2080 IDERANTER.
1556 2053 1624 2079 Adu.
1660 2053 1854 2088 Caffiodor.Ep.
1869 2062 1887 2085 1,
1900 2062 1928 2087 4.

1214 2092 1232 2112 D
1241 2094 1257 2113 E
1266 2095 1278 2113 s
1287 2095 1296 2113 1
1305 2094 1323 2112 D
1332 2094 1348 2113 E
1358 2095 1376 2114 R
1386 2095 1408 2114 A
1417 2095 1438 2114 T
1446 2095 1466 2114 v
1474 2095 1487 2114 s
1496 2107 1502 2118 ,
1528 2097 1557 2119 a,
1579 2097 1632 2113 um.
1669 2088 1763 2114 Partic.
1799 2090 1809 2120 [
1821 2091 2016 2123 ἐπιτεθυμημένος
2030 2093 2041 2124 ]
2086 2093 2141 2119 Cic.
2160 2094 2217 2127 post

1179 2121 1257 2148 redit.
1272 2122 1303 2148 ad
1316 2123 1418 2155 Qiirit.
1431 2133 1450 2154 4
1475 2122 1522 2148 Sed
1531 2123 1620 2149 omnia
1634 2122 1776 2150 desiderata
1789 2125 1871 2159 magis
1886 2134 1964 2159 quam
1977 2126 2070 2153 assidue
2083 2129 2217 2163 perspet'iia

1389 2157 1540 2184 Desiderato
1555 2159 1742 2192 acquiescimus
1754 2159 1824 2186 iee‘to
1848 2161 1945 2187 Catull.
1960 2169 1995 2193 31,
2013 2171 2049 2188 10.
2121 2165 2217 2200 Superl.

1178 2191 1392 2219 Defideratiffima
1414 2193 1535 2226 promissa
1566 2194 1631 2221 Plin.
1650 2203 1691 2227 30,
1713 2203 1731 2220 1.
1804 2196 1876 2232 Conf.
1890 2197 2005 2231 Capitol.
2027 2198 2057 2224 in
2070 2198 2128 2224 Alb.
2148 2209 2169 2226 c.
2191 2208 2216 2235 7.

1179 2224 1199 2264 q
1220 2235 1236 2253 2
1273 2229 1303 2254 In
1316 2229 1376 2254 Vet.
1390 2228 1468 2254 Gloss'.
1506 2229 1669 2260 Desiderata,
1691 2231 1816 2264 λειτεργίσι
1833 2231 1920 2260 τελετή
1929 2250 1936 2262 ,
1963 2230 1995 2265 est
2009 2233 2216 2269 fizcranvzaxis:

1176 2262 1241 2298 quod
1251 2262 1424 2289 (atechumeni
1436 2273 1487 2289 eam
1498 2266 1583 2290 multis
1595 2268 1662 2291 votis
1674 2274 1703 2291 ac
1714 2265 1840 2299 desideriis
1849 2268 2063 2302 prosequerentur.

1215 2304 1233 2323 D
1244 2305 1259 2324 Ε
1268 2306 1280 2325 s
1290 2306 1299 2324 1
1309 2305 1327 2324 D
1337 2299 1353 2325 Ε
1362 2306 1379 2324 R
1389 2305 1398 2323 1
1410 2305 1430 2325 V
1441 2306 1465 2325 M
1475 2319 1483 2331 ,
1500 2299 1529 2326 ii.
1551 2309 1577 2326 n.
1598 2300 1738 2335 [ἐπιθυμία
1746 2321 1755 2333 ,
1774 2301 1839 2328 πόθος
1847 2322 1856 2334 ,
1874 2303 1966 2337 ἵμερος,
1992 2304 2033 2330 Est
2042 2324 2049 2336 ,
2063 2307 2145 2340 inquit
2159 2306 2215 2333 Cic.

2045 2340 2134 2366 Tacit.
2150 2342 2217 2368 Ann-

1179 2376 1214 2401 15,
1227 2371 1257 2401 63
1282 2368 1445 2395 Defiderium
1459 2371 1549 2396 mariti
1569 2372 1640 2405 (iam
1655 2374 1703 2397 iam
1720 2374 1860 2407 morituri)
1881 2373 1996 2400 honestis
2010 2374 2108 2401 solatiis
2122 2377 2215 2403 tolcra-

1176 2408 1226 2431 ret.
1280 2405 1430 2435 Contraria:
1449 2405 1504 2431 Cic.
1520 2407 1574 2432 Att.
1590 2415 1615 2439 z,
1628 2416 1661 2433 20
1682 2408 1768 2442 Cupio
1781 2408 1904 2443 equidem
1917 2415 1942 2436 et
1955 2410 2111 2444 iampridem
2125 2413 2214 2444 cupio,

1176 2439 1363 2466 Alexandriam
1382 2440 1566 2476 reliquamque
1585 2443 1731 2477 Aegyptum
1750 2444 1850 2476 visere,
1877 2451 1902 2471 et
1920 2445 1993 2471 simul
2015 2445 2047 2470 ab
2067 2445 2114 2470 hac
2128 2445 2214 2472 homi-

1177 2484 1241 2501 num
1255 2475 1378 2502 Satietate
1392 2476 1474 2502 nostri
1488 2476 1636 2510 discedere,
1655 2484 1680 2504 et
1693 2487 1752 2504 cuin
1767 2479 1858 2513 aliquo
1872 2479 2000 2505 desiderio
2013 2481 2121 2506 reuerti.
2173 2481 2213 2509 Id.

1129 2510 1160 2543 65
1178 2511 1248 2537 Fam.
1264 2518 1298 2543 15,
1311 2519 1345 2537 20
1362 2512 1424 2544 Qio
1438 2511 1602 2539 tolerabilius
1615 2514 1730 2539 feramus
1742 2514 1889 2546 igniculum
1901 2513 2023 2540 desiderii
2038 2515 2093 2546 tui,
2113 2516 2213 2543 crebris

1176 2555 1225 2572 nos
1239 2546 1324 2572 literis
1345 2547 1483 2581 appellato.

1177 2581 1243 2607 inest
1257 2581 1346 2614 aliqua
1364 2583 1405 2607 vis
1419 2582 1556 2613 desiderii,
1573 2582 1603 2607 ad
1617 2582 1757 2608 sanandum
1771 2582 1866 2612 vulnus
1880 2583 2011 2617 iniuriae,
2030 2591 2058 2611 vt
2069 2586 2156 2613 faueas
2170 2588 2214 2614 ad-

1177 2617 1302 2649 iutorque
1317 2615 1363 2647 fis,
1382 2622 1427 2641 etc.
1454 2616 1623 2643 vehementer
1643 2623 1668 2642 te
1681 2625 1756 2650 rogo.
1828 2618 1883 2644 Cic.
1897 2618 1930 2644 ad
1944 2620 1978 2652 Q.
1991 2621 2032 2646 Fr.
2047 2629 2072 2652 2,
2088 2629 2112 2654 15
2132 2622 2162 2648 Se
2177 2624 2213 2649 esa

1176 2650 1327 2681 fleturum,
1346 2656 1375 2676 vt
1387 2659 1436 2684 ego
1449 2651 1477 2676 in
1490 2651 1580 2678 medio
1597 2651 1691 2678 dolore
1703 2661 1731 2678 ac
1750 2652 1878 2679 desiderio
1893 2655 1946 2685 tui,
1973 2661 1998 2681 te
2016 2665 2075 2682 cum
2088 2666 2102 2682 a
2116 2666 2157 2683 me
2169 2658 2213 2684 aba

1369 2720 1374 2725 .
1816 2690 1882 2715 Hor.
1897 2689 1979 2724 Epod.
2001 2698 2039 2725 17,
2058 2699 2092 2726 79
2121 2693 2212 2720 Possiiu

1178 2726 1306 2747 crematos
1320 2726 1432 2746 excitare
1445 2726 1579 2753 mortuos,
1615 2722 1787 2757 Desiderlque
1798 2729 1943 2759 temperare
1955 2726 2078 2753 Poculum
2088 2747 2096 2759 ,
2117 2730 2134 2754 i.
2145 2730 2214 2763 pail-

1177 2762 1251 2782 trum.
1305 2756 1426 2781 Incutere
1439 2756 1610 2789 desiderium,
1631 2757 1684 2784 vid.
1706 2766 1715 2784 1
1725 2765 1746 2784 N
1756 2765 1772 2785 C
1782 2767 1801 2785 v
1812 2767 1833 2786 T
1845 2767 1852 2785 1
1866 2767 1894 2786 O.
1964 2761 2029 2788 Plin.
2039 2771 2078 2794 22,
2094 2772 2129 2796 24
2148 2765 2213 2790 Fau-

1177 2790 1269 2821 cibus,
1296 2790 1421 2822 tonsillis,
1451 2793 1574 2826 anginae,
1599 2793 1776 2828 omnibusque
1798 2795 1860 2821 Oris
1883 2795 2017 2823 desideriis
2038 2798 2212 2832 vtiliffimmn,

1177 2825 1285 2857 morbis,
1305 2828 1348 2861 qui
1359 2829 1510 2855 curationem
1523 2827 1667 2861 dffiderant.
1705 2830 1746 2856 Sic
1766 2829 1794 2855 dc
1805 2831 1878 2857 melle.
1950 2833 2000 2858 Pro
2013 2832 2142 2860 desiderio
2156 2844 2212 2862 cor-

1965 2868 2031 2894 Plin.
2046 2877 2077 2900 11,
2093 2878 2123 2902 50
2145 2871 2212 2896 Cau-

1176 2896 1223 2922 dae
1241 2903 1343 2930 praeter
1363 2896 1500 2924 hommem
1519 2908 1547 2925 ac
1561 2899 1645 2925 simias
1663 2900 1787 2926 omnibus
1808 2901 1863 2928 fere
1880 2903 2053 2936 animalibus,
2073 2912 2098 2930 et
2111 2914 2160 2931 oua
2175 2906 2213 2937 gi-

1175 2931 1332 2966 gnentibus,
1351 2941 1400 2967 pro
1418 2932 1548 2961 desiderio
1570 2944 1727 2970 corporum:
1750 2936 1834 2963 nudae
1852 2937 1946 2971 hirtis,
1971 2945 1998 2965 vt
2013 2940 2095 2974 apris:
2116 2934 2211 2974 paruae

1175 2967 1292 2998 villosis,
1315 2973 1344 2994 vt
1362 2967 1437 2994 vrsis:
1461 2970 1610 3004 praelongis
1629 2972 1741 3002 setosae,
1765 2978 1794 2998 vt
1812 2974 1895 3006 equis.
1985 2975 2025 3001 Ad
2046 2974 2212 3007 desiderium,

1182 3003 1240 3028 Vid.
1262 3010 1282 3029 A
1294 3009 1312 3028 D
1336 3003 1474 3038 Praeposit.
1520 3006 1662 3033 Naturalia
1676 3006 1818 3040 desideria,
1831 3008 1937 3043 defame
1953 3010 2082 3036 Columel.
2098 3019 2125 3036 10
2133 3020 2176 3046 pr.
2189 3021 2211 3037 2.

1529 3041 1649 3076 (coitus)
1675 3043 1736 3077 angi
1769 3043 1841 3069 Idem
1857 3047 1882 3074 6,
1901 3052 1941 3078 27,
1954 3052 1979 3078 7.
2049 3046 2114 3072 Plin.
2130 3055 2170 3080 27,
2186 3055 2210 3078 13

1176 3074 1340 3108 Exprimitur
1358 3080 1384 3100 et
1402 3075 1490 3102 succus
1514 3077 1614 3109 radici,
1641 3077 1714 3103 vtilis
1739 3078 1845 3104 feminis
1871 3085 1896 3105 et
1915 3080 2028 3106 thoracis
2046 3082 2210 3115 praecordio-

1175 3118 1288 3144 rumque
1302 3109 1458 3137 Delideriis:
1478 3112 1581 3138 calfacit
1594 3113 1666 3139 enim
1679 3119 1704 3140 et
1718 3115 1875 3148 concoquit,
1896 3120 1922 3140 et
1935 3122 2035 3150 purgat.
2082 3118 2119 3142 De
2127 3117 2210 3150 snum

1175 3148 1224 3170 nio.
1296 3145 1422 3172 scabendi
1435 3146 1562 3175 desideria
1573 3148 1669 3175 tollunt
1685 3149 1802 3175 minutae
1816 3156 1840 3175 et
1855 3149 1921 3176 latae
1942 3150 2016 3177 Idem
2036 3160 2076 3183 30,
2097 3160 2135 3184 14.
2172 3153 2210 3177 De

1175 3179 1287 3206 cochleis
1300 3181 1418 3215 loquitur.
1613 3181 1633 3221 fl
1655 3193 1671 3210 2
1712 3185 1843 3211 Verborum
1849 3185 1976 3220 formulae
1983 3197 1990 3210 .-
2018 3187 2104 3212 Annus
2119 3187 2210 3213 tertius

1603 3220 1731 3253 QFratr.
1746 3228 1766 3251 1,
1780 3229 1798 3246 1.
1869 3219 1979 3247 Afficere
1992 3221 2118 3247 desiderio
2136 3221 2210 3249 Idem

1176 3251 1247 3277 Fam.
1262 3259 1284 3283 2,
1298 3259 1321 3284 13
1334 3258 1398 3278 extr.
1469 3253 1520 3287 Agi
1532 3253 1677 3287 desiderio,
1704 3255 1755 3281 vid.
1776 3263 1796 3281 A
1806 3261 1863 3282 Go.
1935 3257 2003 3290 Angi
2018 3255 2150 3283 desideriis
2165 3266 2210 3284 na-

1175 3286 1305 3312 turalibus
1317 3287 1386 3313 modo
1400 3287 1517 3314 vidimus.
1588 3290 1688 3324 Capere
1708 3290 1879 3322 desiderium,
1905 3291 1957 3317 vid.
1971 3292 1995 3326 J:
2015 3293 2031 3317 l.
2097 3293 2211 3319 Effluere

1176 3321 1310 3348 desideriis
1329 3323 1424 3350 nostris
1443 3323 1550 3355 dicitur,
1576 3326 1652 3360 §.Luem
1666 3326 1798 3360 paullatim
1816 3330 1896 3352 minus
1916 3333 1986 3361 atque
2004 3329 2086 3353 minus
2102 3337 2211 3355 amamus

1175 3356 1255 3384 Ouid.
1272 3357 1304 3384 de
1317 3359 1390 3384 Rem.
1405 3359 1496 3385 Amor.
1522 3361 1584 3392 646.
1655 3361 1710 3387 Cic.
1726 3361 1757 3387 de
1765 3362 1838 3388 Orat.
1854 3370 1871 3391 1,
1885 3369 1932 3393 205
1956 3361 2016 3387 Easi
2031 3362 2119 3395 paullo
2131 3363 2209 3390 latius

1554 2549 1585 2574 Et
1598 2549 1668 2574 Fam.
1684 2555 1718 2579 15,
1731 2556 1749 2579 4
1781 2548 1852 2573 Huic
1874 2557 1947 2574 meae
1965 2549 2106 2583 voluntati,
2120 2551 2147 2577 in
2161 2561 2214 2586 qua

81 3384 236 3411 Orationem
268 3401 312 3408 --
347 3394 375 3414 vt
393 3397 453 3414 cum
464 3387 618 3414 desidiosam
642 3394 725 3414 artem
738 3387 873 3420 dicemus,
892 3397 958 3422 quae
970 3388 1156 3429 desidiosos90
1177 3393 1291 3425 dixeris,
1318 3394 1435 3428 Expleris
1458 3403 1566 3421 omnem
1597 3396 1806 3431 expediationem
1830 3396 1949 3422 diuturni
1971 3396 2094 3424 desiderii
2115 3399 2208 3425 nostri.

81 3420 154 3446 facit.
210 3420 293 3447 Varro
306 3422 338 3448 de
350 3423 382 3449 R.
394 3424 425 3450 R.
439 3432 455 3450 2
471 3431 590 3457 prooem.
611 3423 651 3449 Sic
665 3423 713 3458 qui
726 3423 753 3449 in
767 3423 867 3457 oppido
882 3424 1012 3456 sederent,
1033 3434 1112 3459 quam

81 3455 129 3490 qui
142 3462 203 3480 rura
216 3454 341 3493 colerent,
362 3458 540 3485 desidiosiores
553 3458 686 3493 putabant.

81 3490 202 3518 sissimum
213 3495 297 3516 otium
321 3492 374 3519 Cic.
387 3494 418 3520 de
432 3494 499 3528 Lege
513 3495 575 3528 Agr.
589 3503 615 3526 2,
628 3503 663 3527 90
675 3504 696 3520 c.
709 3502 746 3527 33.

80 3561 103 3588 L
117 3532 182 3552 nEs
195 3525 334 3552 1D168E.
367 3529 441 3556 Adu.
468 3531 481 3564 [
489 3529 610 3564 ῥαθύμως
624 3533 635 3563 ]
678 3531 728 3562 Vt,
747 3529 832 3565 Agere
852 3535 964 3557 aetatem
983 3530 1111 3558 desidiose

105 3566 185 3587 ucret.
204 3568 231 3592 4,
246 3567 311 3592 1129.
405 3568 408 3571 ·

44 3624 52 3629 ἱ
117 3602 135 3622 Ι)
145 3603 162 3622 Ε
172 3603 184 3623 S
194 3603 203 3621 1
213 3601 231 3621 D
240 3593 257 3621 Ιῗ
266 3601 283 3621 R
293 3601 312 3621 O
322 3615 329 3626 ,
354 3599 404 3623 5re.
438 3598 578 3632 [ἐπιθυμέω
586 3619 592 3630 ,
619 3598 723 3632 imma,
748 3599 878 3630 ἓπιποθέω,
904 3600 1003 3636 ἱμείρω]
1041 3602 1111 3628 Desi-

79 3631 172 3659 det-are
199 3633 298 3665 (inquit
311 3629 414 3670 Festus)
437 3642 453 3660 a
466 3634 592 3661 sideribus
610 3634 662 3661 dici
681 3641 782 3661 certum
795 3635 847 3668 cst,
875 3642 900 3662 et
914 3636 950 3662 est
963 3636 1032 3671 quasi
1047 3637 1110 3664 side-

80 3677 140 3694 rum
158 3665 286 3692 deliderio
302 3671 396 3691 teneri.
448 3669 598 3696 Defiderare
617 3671 719 3705 aliquid
738 3671 791 3696 dici
803 3670 870 3706 quali
891 3672 1013 3707 consulere
1025 3672 1111 3705 sidera

26 3716 27 3721 =
72 3709 178 3739 propter
190 3700 303 3735 aliquid,
323 3702 376 3726 vult
389 3702 470 3728 Periz.
482 3704 515 3731 ad
526 3704 609 3732 szH.
624 3714 647 3738 3,
662 3715 682 3738 3,
697 3714 724 3732 10
737 3715 761 3740 p.
775 3715 832 3738 309.
891 3707 945 3732 Cic.
961 3707 991 3733 de
1010 3707 1109 3734 Sene&

78 3745 117 3772 47
129 3747 150 3764 c.
166 3745 195 3769 14
214 3737 279 3763 Non
292 3742 361 3762 caret
373 3736 458 3770 is,qui
467 3746 520 3765 non
534 3739 658 3767 desiderat
676 3741 929 3774 Plaut.Trinum.4,
942 3750 967 3774 2,
982 3744 1013 3772 68
1037 3743 1110 3770 Fieri
1118 3754 1166 3773 100
1174 3747 1286 3779 queritis
1301 3755 1346 3782 ea,
1371 3749 1505 3774 Macerent
1523 3746 1659 3773 defiderio-

78 3773 143 3799 istuc
157 3772 239 3804 solet,
260 3771 332 3805 quod
344 3772 373 3797 in
387 3780 465 3797 manu
478 3777 576 3806 teneas,
610 3777 696 3811 Atque
709 3777 794 3803 oculis
808 3776 912 3808 videas,
933 3777 960 3803 id
973 3777 1108 3805 defideres.

43 3823 52 3827 -
80 3808 152 3834 Idem
166 3816 213 3842 pro
222 3807 337 3840 Qiintio
350 3814 376 3839 55
397 3807 453 3846 Qui
465 3807 494 3832 in
506 3808 560 3834 vita
571 3812 700 3838 rationem
714 3812 810 3838 summi
828 3810 911 3838 officii
925 3811 1108 3846 desideremus,

80 3849 107 3868 et
118 3843 233 3870 instituta
248 3843 379 3869 bonorum
396 3850 516 3868 Virorum
528 3845 699 3878 requiramus.
754 3849 785 3874 Et
792 3848 844 3873 Att.
859 3855 882 3879 5,
897 3850 925 3874 16
951 3849 1022 3875 Dum
1035 3848 1107 3883 haec,

79 3885 144 3911 quae
159 3878 306 3913 longiorem
324 3877 467 3904 desiderant
487 3877 648 3913 orationem,
670 3883 819 3910 summatim
838 3883 889 3909 tibi
907 3884 1106 3918 perscriberem,

79 3912 208 3940 Desiderat
219 3912 281 3940 haec
309 3913 428 3941 Scribon.
443 3915 499 3948 256.
510 3915 528 3940 i.
543 3916 672 3950 exigittde
683 3917 862 3946 medicamento.

757 3458 941 3486 Inertiffimum
954 3465 980 3486 et
1000 3459 1112 3487 desidio·
1138 3476 1141 3480 -

1124 3575 1156 3601 93
1173 3569 1282 3596 Incendi
1296 3570 1425 3597 desiderio
1443 3572 1498 3598 Cic.
1514 3572 1541 3597 in
1555 3572 1629 3599 Orat.
1644 3582 1664 3598 c.
1681 3580 1717 3597 10.

918 3919 1032 3946 Minime
1044 3920 1107 3948 desi-
1122 3934 1163 3962 ¹05
1173 3922 1301 3950 desiderio
1320 3922 1393 3949 Idem
1409 3923 1462 3950 Att.
1475 3930 1501 3955 2,
1537 3943 1544 3949 .
1582 3943 1588 3951 .

1174 3429 1317 3462 Explorare
1329 3430 1441 3456 alicuius
1463 3430 1522 3456 Liu.
1537 3439 1557 3463 1,
1570 3439 1596 3463 9.
1665 3432 1734 3458 Ter.
1749 3433 1843 3457 Heaut.
1858 3439 1882 3462 2,
1897 3440 1919 3463 3,
1934 3433 1969 3458 66
1993 3433 2028 3458 Vt
2041 3433 2119 3460 facile
2130 3435 2209 3461 scires

1175 3463 1304 3490 deiiderio
1323 3464 1352 3491 id
1365 3465 1436 3491 Fieri
1450 3470 1506 3491 tuo.
1577 3467 1657 3492 Ferre
1671 3467 1826 3493 desiderium
1841 3475 1893 3491 non
1906 3467 1974 3500 posse
1994 3467 2050 3494 Cic.
2064 3470 2116 3496 Att.
2130 3478 2157 3503 9,
2172 3478 2208 3496 12.

1173 3498 1247 3525 Idem
1262 3501 1314 3525 Att.
1337 3508 1357 3533 5,
1379 3509 1400 3526 11
1416 3507 1461 3534 pr.
1490 3501 1554 3527 Non
1573 3501 1627 3527 dici
1645 3502 1727 3536 potest
1745 3511 1822 3535 quam
1841 3501 1960 3536 Flagrem
1977 3501 2106 3530 desiderio
2126 3505 2210 3532 vrbis.

1173 3534 1228 3560 leta
1242 3535 1363 3561 fidelibus
1383 3536 1532 3568 desideriis,
1556 3537 1667 3569 Qiaerit
1679 3537 1763 3571 patria
1782 3537 1918 3563 Caesarem
1948 3537 2015 3564 Hor.
2030 3538 2080 3564 Od.
2094 3549 2122 3573 4,
2136 3548 2159 3573 5,
2175 3548 2208 3573 15-

1786 3572 1906 3598 incutere
1924 3573 2077 3608 not-‚Epist
2095 3584 2209 3608 1,14,22.

1173 3605 1313 3639 Indulgere
1326 3606 1454 3634 desiderio
1468 3607 1578 3633 alicuius
1586 3627 1594 3639 ,
1614 3607 1665 3633 vid.
1689 3614 1697 3632 1
1708 3614 1728 3632 N
1737 3612 1755 3632 D
1764 3612 1785 3633 V
1794 3613 1809 3632 L
1819 3614 1839 3636 G
1849 3614 1865 3634 E
1874 3615 1903 3634 0.
1966 3609 2061 3636 Inlidet
2075 3609 2152 3637 nobis
2165 3611 2209 3636 de-

1174 3640 1299 3667 siderium
1319 3642 1360 3667 rei
1379 3642 1490 3668 alicuius
1524 3643 1627 3668 Lucret.
1646 3650 1668 3673 3,
1687 3649 1739 3674 931.
1818 3642 1952 3670 Laborare
1970 3643 2100 3671 desiderio
2121 3652 2208 3680 partus

1174 3676 1231 3701 Cic.
1247 3677 1318 3702 Fam.
1333 3678 1370 3709 16,
1384 3686 1420 3703 10.
1490 3678 1586 3703 Lenire
1600 3676 1773 3709 defiderium,
1791 3677 1843 3703 uid.
1864 3685 1878 3704 L
1888 3686 1904 3705 E
1914 3686 1934 3705 Ν
1948 3687 1958 3705 1
1971 3687 1993 3706 s.
2065 3680 2125 3707 Liu.
2141 3689 2164 3715 5,
2176 3690 2210 3714 54

1175 3712 1250 3744 Qiae
1264 3720 1311 3737 vos
1326 3721 1393 3738 nunc
1407 3718 1530 3739 moueant
1545 3712 1630 3745 potius
1650 3712 1757 3738 caritate
1774 3712 1834 3745 sua,
1855 3723 1932 3747 quam
1948 3715 2034 3748 postea
2044 3735 2052 3747 ,
2072 3725 2131 3742 cum
2146 3716 2207 3742 reli-

1731 3748 1833 3775 Mederi
1856 3749 1985 3777 defiderio
2013 3751 2072 3785 le.
2087 3752 2115 3777 in
2130 3751 2146 3776 1.
2160 3751 2205 3776 vlt.

1583 3782 1705 3809 Minuere
1736 3783 1792 3809 Cic.
1808 3785 1878 3811 Fam.
1892 3795 1915 3818 5,
1952 3805 1958 3811 .
1995 3805 2002 3812 .
2056 3787 2130 3812 Mori
2144 3786 2206 3811 deli-

1173 3817 1249 3843 derio
1268 3818 1340 3844 Idem
1356 3819 1407 3844 Att.
1424 3826 1443 3849 1,
1480 3834 1486 3842 .
1525 3835 1531 3842 .
1595 3819 1627 3843 Et
1639 3816 1672 3844 de
1686 3818 1792 3845 Amicit.
1829 3842 1834 3847 .
1871 3840 1877 3847 .
1914 3821 1969 3854 Ego
1982 3820 1999 3846 fi
2015 3820 2143 3854 Scipionis
2160 3821 2203 3846 de-

1171 3852 1268 3879 siderio
1283 3862 1325 3879 me
1339 3852 1446 3878 Moneri
1458 3860 1567 3885 negem,
1592 3862 1669 3887 quain
1684 3853 1753 3880 reete
1768 3854 1795 3880 id
1812 3855 1923 3886 faciam,
1941 3855 2057 3882 viderint
2072 3857 2205 3890 sapientes,

1172 3887 1215 3913 sed
1228 3894 1297 3914 certe
1310 3888 1430 3913 mentiar.
1485 3886 1651 3922 Oblanguere
1666 3888 1794 3916 desiderio
1820 3890 1875 3916 Cic.
1890 3892 1961 3917 Fam.
1976 3893 2013 3921 16,
2027 3899 2062 3916 10.
2119 3890 2205 3916 Premi

1647 3925 1679 3951 Et
1690 3933 1740 3960 pro
1748 3926 1777 3953 C.
1789 3922 1879 3953 Rabir.
1895 3932 1925 3960 14
1945 3926 1976 3952 Et
1989 3933 2035 3959 par
2046 3925 2204 3986 desideriis-m

2175 3968 2204 3987 111

1174 3782 1206 3808 D.
1221 3782 1254 3808 de
1266 3790 1345 3809 mort.
1364 3782 1510 3809 inferendo.

1324 3957 1349 3984 O
1385 3966 1398 3983 2
