2479 4225
285 148 345 187 371
666 122 952 166 ENY

329 229 346 249 1:
355 228 376 248 N
385 220 407 247 x?
414 226 478 247 TR1
490 223 508 244 Ο
518 237 524 248 ,
542 217 582 243 ῖιιὶ
590 236 598 247 ,
616 219 682 242 itum
691 232 700 245 ,
718 216 765 240 ire.
801 214 814 246 [
821 210 944 244 ἒκτρέσω]
979 207 1086 245 Νυενίνς
1100 204 1134 231 ad
1143 203 1220 238 finem
1232 208 1314 238 usque.

294 257 358 283 Plin.
374 265 397 282 1:
423 264 432 280 1
449 254 566 280 Tantum
579 251 666 286 postea
679 249 786 276 honoris
799 245 922 275 increuit,
943 247 970 267 vt
984 250 1058 281 mero
1078 240 1166 267 infuso
1185 243 1317 262 enutr1an-

294 299 345 318 tur.
400 276 544 315 ⁷Colun1el.
559 297 580 319 3,
595 295 607 319 3
628 284 728 312 Deinde
742 285 792 310 sata
806 290 858 307 non
873 280 908 305 ita
928 282 1078 308 enutriunt,
1096 281 1125 301 vt
1144 278 1202 298 ante
1221 277 1316 296 conua-

294 327 399 356 lescant,
415 333 443 350 ac
457 322 605 357 prosiliant,
623 329 700 356 quam
719 317 896 356 retorrescant.

330 368 346 387 Ε
357 367 377 385 Ν
389 367 408 385 ν
417 365 437 384 T
446 365 465 384 R
475 360 486 384 i
495 364 516 384 Τ
526 364 582 389 VS,
601 366 631 389 a,
651 365 703 382 um.
723 355 812 380 Part1c.
846 349 952 387 Vitruu.
967 355 989 378 2,

293 405 351 423 rum
360 414 367 426 ‚
388 393 483 428 quibus
493 392 640 421 rationibus
653 388 779 416 enutritae
792 392 816 411 et
826 383 970 418 progressae
988 382 1055 407 sunt.

666 456 816 491 E‘N
911 454 937 485 Y

330 543 346 563 E
356 543 377 563 N
386 543 406 562 Y
417 543 437 562 A
447 543 463 562 1.
472 543 480 561 1
489 540 528 561 VS
537 552 545 565 ,
564 530 582 557 i,
602 538 636 555 m.
655 524 808 561 [Ἐνυάλιος]
843 523 884 550 Est
898 523 966 550 inter
978 518 1083 556 propria
1094 514 1186 542 Martis
1198 513 1318 545 nomina,
1337 526 1367 544 10
1382 512 1444 538 dum
1458 511 1570 539 anhelet.

293 577 323 598 vt
336 575 372 598 ait
384 571 500 598 Macrob.
513 569 609 594 Saturu.
624 572 642 594 1,
656 571 682 595 19
701 570 745 597 quo
758 563 830 587 etiam
843 558 956 586 Bacchus
968 556 1174 590 cognominatur.
1223 550 1265 576 Sn-
1279 548 1318 574 dt.

295 611 362 633 citur
375 608 403 633 ab
417 607 500 637 Enyo,
520 603 546 627 de
559 609 605 634 qua
617 597 714 630 statim.

332 634 632 668 ENYDR1S‚fdis.f.
667 639 689 657 er
974 662 980 666 Ι
1141 655 1146 660 Ι
1283 653 1288 658 ¹

334 684 349 704 Ε
359 684 379 702 τι
391 684 406 702 r
416 682 433 701 D
444 681 460 699 R
470 680 488 698 v
499 679 510 697 s
520 691 528 702 ,
546 671 564 696 i.
593 678 627 694 m.
663 667 675 700 [
689 663 788 701 ἕιυδρις]
824 662 941 690 Coluber
972 670 1001 687 m
1030 667 1096 694 aqua
1120 663 1213 682 vmens
1251 653 1317 680 le.

296 721 334 746 32,
349 719 373 746 7.
408 716 429 734 et
447 716 486 739 3ο,
502 714 523 737 3.
601 738 607 746 .
662 736 666 744 1

334 753 376 773 FN
388 746 451 773 Y‘O,
471 741 508 767 (15.
529 740 548 766 f.
584 738 686 772 [Erum]

296 785 403 809 vocitata
415 775 455 810 est.
491 773 604 802 Maniai.
619 774 644 804 6,
659 780 696 811 31Ι
812 805 816 809 ἡ
961 803 966 807 ⁴

295 815 360 843 Ibid.
375 811 484 846 Speciac.
498 819 529 843 24
549 809 590 835 Ne
604 813 629 833 te
642 807 755 840 decipiat
770 805 868 832 ratibus
883 802 979 830 naualis
992 802 1070 839 Enyo.

295 852 354 877 Stat.
370 847 460 874 Theb.
473 854 494 879 5,
512 852 550 877 15,-
573 843 614 870 vbi
628 844 713 868 Lutat.
730 842 836 868 Bellona
847 860 854 872 ‚
879 840 952 877 soror
965 837 1057 863 Martis
1071 843 1076 859 z

294 885 374 915 dixit,
399 890 463 916 quae
476 881 520 907 aui
533 887 629 905 nomen
643 886 690 912 pro
706 877 762 902 aem
776 876 830 910 ipso
844 878 954 907 accepit,
967 869 1036 905 quali
1059 904 1064 912 Ι
1196 904 1208 911 ἢ
1303 904 1307 908 Δ

294 920 347 946 dum
360 919 416 945 hacc
431 918 501 943 Auus
515 915 635 942 Bellonae
651 912 749 939 Bellum
758 910 870 948 fiaert'tſs
883 908 998 934 Pnlemus
1008 925 1015 936 ,
1036 907 1147 936 πολεμας,
1191 902 1238 930 „scd
1249 902 1319 928 dubi-

293 961 361 981 tatur
373 953 400 978 dc
413 951 623 978 i2ncar1'tateloci.
660 945 921 980 Barthinsfizsplcutm‘
937 948 986 981 pro
1007 940 1052 966 aui
1072 938 1196 981 legendum
1215 939 1259 964 sua
1281 946 1319 963 νι.

294 990 355 1016 Stat.
369 976 498 1019 Theb.''g,
511 989 557 1019 657
578 985 607 1010 Et
629 984 684 1010 face
705 987 799 1008 mutata
823 978 917 1004 bellum
938 975 1082 1016 integrabat
1101 976 1183 1016 Engo.
1260 974 1319 999 Vet.

294 1024 380 1051 Schol.
399 1024 487 1055 Enyo,
505 1022 624 1051 Bellona,
644 1025 723 1044 mater
746 1021 900 1041 caeterarum
922 1012 1061 1038 furiarum.
1140 1010 1184 1036 bil.
1208 1018 1246 1042 10,
1270 1017 1317 1040 203

293 1059 365 1088 Haec
379 1059 462 1091 inter,
480 1056 563 1083 veluti
574 1053 686 1081 nondum
700 1051 805 1077 satiasset
816 1049 887 1080 Enyo
900 1049 953 1074 Iras
964 1048 1040 1073 saeua
1060 1052 1153 1073 truces.

331 1101 348 1121 F.
358 1101 378 1120 N
389 1101 406 1119 r
417 1101 432 1120 Ρ
441 1100 459 1120 O
468 1100 480 1119 s
492 1098 512 1118 T
523 1090 571 1123 ᾹΤ
580 1098 599 1115 Α
609 1109 616 1120 ,
635 1097 671 1114 ae.
699 1096 732 1113 111.
766 1086 779 1119 [
787 1083 948 1117 ἔνυποςοὲτης]
983 1084 1078 1114 Rcucra
1089 1085 1116 1108 in
1129 1089 1211 1109 rerum
1227 1085 1318 1106 natm-a

294 1128 397 1164 existens
417 1128 526 1156 Hieron.
539 1124 614 1159 Epist.
628 1130 666 1156 23.

705 772 794 804 Qunn
807 769 939 795 dubitaret
955 766 1036 793 adhuc
1050 762 1114 790 belli
1127 761 1218 801 ciuilis
1235 761 1318 792 Enyo.

1140 798 1236 823 Martia
1246 796 1318 827 Enyo

1113 831 1175 859 ideo
1193 831 1319 858 Martiam

718 1194 744 1225 E
860 1193 889 1225 O

331 1277 348 1297 E
359 1276 377 1298 0
387 1288 394 1300 ,
415 1266 553 1297 Particum,
565 1265 667 1299 propris
680 1260 713 1296 2st
726 1262 801 1298 Casiu-
813 1264 920 1289 Darium
930 1267 954 1288 et
966 1260 1024 1288 Abl.
1038 1261 1151 1288 Pronom.
1164 1259 1203 1292 Is,
1216 1266 1245 1285 ea
1254 1278 1261 1291 ,
1275 1256 1318 1284 id:

295 1306 385 1333 Multis
399 1310 474 1328 autem
487 1300 563 1326 modis
576 1299 718 1331 adhibetur,
739 1305 767 1325 vt
781 1300 886 1334 exempla
897 1296 1019 1329 ostendent
1033 1307 1040 1321 :
1077 1297 1169 1322 Datim‘
1181 1297 1221 1321 vel
1237 1296 1317 1321 Accu-

284 1341 365 1376 J‘atsui
377 1338 432 1364 adeo
443 1345 493 1361 cum
508 1333 684 1369 Praepositione
696 1337 747 1360 vim
761 1333 846 1366 habet,
866 1333 897 1360 ad
912 1333 953 1363 id,
973 1332 1000 1358 in
1014 1332 1081 1358 illud
1095 1338 1140 1358 etc.
1247 1330 1317 1363 Nep.

291 1383 316 1405 2,
330 1383 355 1406 4,
367 1382 384 1405 4
403 1373 458 1397 Hoc
471 1380 502 1396 eo
514 1370 630 1400 valebat,
650 1377 686 1397 vt.
763 1370 805 1396 Sic
829 1369 874 1394 vbi
894 1368 928 1394 ad
951 1369 1030 1394 locum
1049 1367 1176 1402 refertur,
1195 1372 1224 1391 vt
1249 1365 1318 1391 Ter.

292 1409 338 1435 Ad.
352 1417 372 1436 ι’,
386 1415 407 1438 2,
422 1414 450 1438 23
471 1406 527 1432 Nisi
553 1414 585 1431 eo
608 1405 638 1430 ad
662 1409 805 1431 mercatum
822 1404 945 1436 veniam,
964 1403 1088 1429 damnum
1108 1402 1251 1428 maximum
1273 1399 1317 1426 est.
1335 1413 1363 1439 33
1382 1400 1452 1434 Nep.
1467 1408 1505 1434 17,
1519 1405 1543 1432 8,
1557 1408 1579 1425 2.
1776 1398 1796 1436 q
1817 1408 1829 1432 3

291 1446 350 1470 Item
362 1441 393 1468 ad
406 1441 514 1473 statum,
534 1440 577 1467 vel
591 1440 786 1474 conditionem,
806 1440 849 1466 vel
864 1439 981 1473 gradum.
1096 1438 1150 1464 Cic.
1166 1438 1237 1463 Fam.
1249 1445 1287 1467 10,
1301 1443 1318 1470 7

290 1478 336 1505 Sed
349 1485 427 1510 vsque
440 1475 507 1501 mihi
524 1476 683 1509 temperaui,
703 1475 764 1500 dum
779 1475 947 1508 perducerem
961 1482 993 1499 eo
1005 1481 1076 1507 rem,
1096 1479 1133 1499 vt.
1206 1471 1244 1498 Ad
1252 1472 1317 1497 Her.

288 1522 308 1544 1,
323 1522 352 1545 14
372 1513 397 1538 Si
413 1520 465 1537 non
480 1511 510 1537 ad
524 1516 687 1542 extremum,
706 1509 748 1535 scd
762 1518 843 1543 vsque
851 1518 892 1540 eo,
907 1517 960 1543 quo
973 1517 1037 1541 opus
1050 1508 1111 1539 erit,
1123 1508 1316 1542 persequemur.

288 1548 355 1582 Nep.
370 1555 404 1579 ις,
418 1556 444 1581 7,
460 1555 468 1572 ῑ
489 1546 570 1573 Cuius
584 1554 674 1572 errore
689 1553 721 1570 eo
732 1545 791 1571 esset
803 1544 915 1570 dedu&a
927 1543 973 1569 illa
984 1543 1129 1568 multitudo
1144 1543 1274 1572 militum,
1291 1547 1319 1566 vt

287 1583 317 1609 dc
332 1583 410 1609 salute
426 1591 515 1608 omnes
529 1581 747 1616 pertimescerent.
994 1613 999 1617 .

287 1627 327 1645 res
340 1618 385 1644 ista
399 1617 474 1651 culpa
489 1617 639 1643 docentium
651 1616 758 1647 recidit,
777 1619 805 1640 vt
819 1621 863 1640 etc.
969 1613 1024 1639 Cic.
1039 1613 1109 1638 Fam.
1124 1620 1145 1645 5,
1160 1620 1188 1638 10
1214 1612 1273 1637 Hoc
1286 1619 1319 1636 eo

286 1654 415 1688 pertinet,
439 1659 466 1679 νε
486 1652 553 1678 nihil
573 1651 719 1677 existiment
738 1657 790 1676 tam
813 1650 859 1675 effe
873 1647 995 1680 difficile,
1014 1647 1095 1682 quod.
1165 1645 1233 1673 Add.
1248 1647 1320 1672 Fam.

287 1698 320 1721 13,
335 1698 361 1721 4.
464 1688 532 1714 Ter.
547 1687 683 1715 Phorm.1,
702 1694 723 1717 3,
742 1688 759 1711 6
798 1686 858 1711 Neu
880 1692 921 1709 me
946 1683 1070 1717 cupidum
1091 1691 1123 1708 eo
1141 1682 1321 1720 compulisset,

287 1723 359 1759 quod
372 1723 439 1750 mihi
454 1723 612 1757 principium
626 1721 661 1748 est
674 1720 746 1747 mali.
849 1719 908 1745 Liu.
923 1719 950 1744 in
964 1719 1045 1752 praef.
1083 1719 1157 1751 Qiae
1172 1717 1204 1744 ab
1218 1717 1320 1749 exigms

288 1760 405 1794 mesech
421 1758 519 1789 initiis,
538 1767 570 1784 eo
586 1757 685 1789 creuit,
708 1762 736 1782 vt
750 1755 802 1781 iam
815 1754 994 1788 magnitudine
1008 1754 1109 1780 laboret
1122 1754 1174 1778 sua.
1208 1785 1214 1790 ι

288 1796 325 1821 Eo
340 1794 494 1820 insolentiae
506 1793 658 1826 furorisque
673 1790 788 1826 processit
807 1791 872 1817 Plin.
888 1790 977 1823 Paneg.
993 1797 1031 1822 29.
1104 1786 1291 1822 Conf.L1u.25,
1300 1789 1322 1813 8.

286 1831 378 1856 Tacit.
391 1839 418 1862 4,
433 1837 471 1860 10,
483 1836 505 1860 3.
576 1835 599 1853 et
614 1827 684 1854 Flor.
699 1835 720 1859 3,
736 1835 771 1858 12,
786 1828 810 1852 6.
883 1826 1013 1859 Propterea
1020 1822 1150 1859 fignificat
1264 1818 1285 1857 ‘fl
1307 1828 1324 1845 2

288 1865 327 1892 Eo
358 1865 410 1891 loci
433 1871 482 1898 pro
514 1871 547 1889 eo
577 1862 636 1888 loco
670 1862 723 1887 Cic.
743 1870 791 1894 pro
804 1861 870 1887 Sext.
884 1862 915 1890 68
930 1869 951 1886 c.
966 1868 988 1891 31
1021 1860 1071 1884 Res
1085 1863 1140 1884 crat
1153 1861 1178 1882 et
1192 1855 1264 1895 causa
1278 1863 1324 1880 no-

289 1901 341 1928 stra
353 1909 384 1926 eo
398 1900 448 1926 iam
465 1898 531 1930 loci,
549 1902 577 1923 νε
591 1898 694 1930 erigere
707 1895 796 1921 oculos
810 1901 835 1920 et
847 1896 940 1921 viuere
954 1894 1097 1920 videretur.
1168 1891 1232 1917 Plln.
1249 1898 1278 1922 11,
1293 1897 1324 1923 37

290 1937 332 1965 vbi
345 1936 372 1962 de
385 1935 499 1967 auribus,
518 1935 549 1960 In
561 1932 671 1959 Oriente
686 1930 794 1964 quidem
808 1935 833 1955 et
846 1929 912 1955 viris
924 1937 1017 1954 aurum
1032 1929 1129 1962 gestare
1141 1935 1173 1952 eo
1191 1925 1243 1950 loci
1255 1945 1261 1955 ‚
1282 1924 1324 1950 de·
1337 1940 1349 1964 5

292 1980 335 1999 cus
348 1971 518 1997 existimatur.
632 1966 735 2000 leian.
750 1964 781 1990 de
794 1963 903 1990 Iudiciis
918 1964 934 1989 l.
950 1970 980 1995 52
993 1963 1035 1988 sed
1050 1962 1094 1988 etsi
1109 1960 1131 1997 ᾗ.
1146 1970 1157 1992 3
1184 1961 1210 1986 Si
1230 1969 1259 1986 ea
1274 1969 1324 1992 res,

293 2015 360 2041 quae
378 2014 423 2040 per
442 2004 504 2030 fidei
524 2002 683 2028 commissum
701 1999 792 2027 reuera
811 1998 862 2031 est,
883 2007 914 2024 eo
932 1997 984 2023 loci
1004 1997 1049 2029 fit,
1069 1997 1207 2023 dicendum
1224 1996 1325 2022 estnon

292 2043 387 2069 debere
401 2038 541 2075 praescribi
554 2045 598 2063 stc.
669 2036 736 2064 Add.
752 2033 774 2072 9.
787 2043 813 2067 4.
851 2035 885 2061 It.
901 2032 916 2059 1.
928 2034 1011 2060 Heres
1023 2041 1051 2066 19
1065 2032 1123 2059 eod.
1137 2030 1160 2069 §.
1174 2039 1199 2058 2.
1236 2032 1326 2066 Nempe

292 2085 322 2104 vt
337 2077 397 2104 Alio
410 2075 478 2108 loci,
495 2075 574 2101 Certo
587 2073 653 2104 loci,
674 2081 732 2108 quae
744 2071 830 2097 ibidem
844 2069 972 2096 habentur.
1167 2066 1187 2104 Ἴ
1209 2076 1220 2099 3
1258 2068 1326 2093 Ter.

1007 355 1015 372 1
1051 342 1172 378 Origines
1183 337 1317 365 aedificio·
1340 352 1355 379 5
1379 335 1460 362 habes
1476 336 1617 370 imperium
1639 346 1668 363 in
1687 337 1794 363 beluas?

1337 699 1362 725 ις
1380 689 1441 715 sella
1459 695 1504 715 aut
1519 688 1610 714 lectica
1629 688 1752 722 vehitur,
1773 690 1830 721 ire,
1854 698 1909 716 non
1922 698 2000 724 agere
2014 689 2120 716 dicitur.

725 737 818 761 Nomen
831 743 876 769 quo
890 732 987 760 Bellona
1001 730 1043 756 dra
1056 727 1123 759 belli,
1137 726 1234 752 Martis
1242 724 1318 760 soror
1339 732 1341 735 ’

1052 868 1117 896 Bello
1130 875 1198 895 nata.
1234 868 1319 894 Secun—
1327 879 1362 897 20
1382 867 1463 894 Ouid.
1478 866 1557 901 Epist.
1573 875 1616 899 20,
1632 874 1685 898 ¹30·

1334 1055 1366 1082 ις
1381 1045 1416 1072 du
1445 1044 1513 1071 Ter.
1528 1043 1634 1070 Phorm.
1645 1051 1668 1076 5,
1682 1046 1708 1076 6,
1720 1051 1770 1083 27..

1334 1238 1367 1263 30
1382 1223 1414 1249 Et
1428 1222 1481 1248 iam
1497 1222 1596 1256 Argiua
1609 1221 1721 1256 phalanx
1735 1221 1871 1247 instructis
1885 1221 2009 1248 Nauibus
2023 1221 2086 1248 ibat.

853 1577 983 1612 Quinetil.
999 1586 1024 1609 2,
1047 1585 1084 1609 10,
1104 1586 1116 1609 3
1154 1577 1191 1602 Eo
1210 1576 1320 1610 quidem
1336 1587 1373 1611 40
1381 1576 1514 1609 Qiincffil.
1529 1583 1554 1608 7,
1568 1584 1579 1601 1
1599 1575 1699 1609 Neque
1709 1574 1807 1601 infitias
1820 1584 1852 1601 eo
1866 1576 1994 1610 quaedam
2008 1577 2073 1609 esse,
2092 1585 2159 1612 quae
2178 1575 2354 1609 demonstrari

1281 1751 1323 1776 sic
1337 1761 1370 1786 43
1385 1759 1399 1775 e
1413 1751 1476 1775 naui
1491 1756 1518 1775 vt
1531 1750 1621 1776 vecitus
1636 1750 1687 1776 huc
1702 1752 1775 1783 sum,
1794 1751 1874 1777 etiam
1886 1761 1955 1777 nunc
1967 1753 2080 1785 nauseo,
2101 1754 2147 1781 vix
2163 1753 2257 1780 incedo
2271 1753 2373 1785 inanis,
2393 1760 2429 1779 ne

1352 1940 1368 1957 0
1386 1926 1426 1952 Ad
1440 1925 1497 1958 saga
1514 1926 1569 1950 Cic.
1585 1924 1698 1959 Philipp.
1713 1927 1739 1957 6,
1754 1933 1791 1950 10.

1825 108 1859 147 E
1946 108 1983 148 O
2350 96 2414 159 372

1379 201 1409 222 vt
1427 203 1513 229 neque
1531 195 1624 222 eodem
1642 195 1696 222 loci
1714 203 1776 230 prae
1790 193 1884 221 ardore
1896 195 2058 228 consisteret,
2079 201 2104 222 et
2117 194 2285 222 exaudiretur
2298 203 2313 221 a
2325 196 2417 229 procul

1378 230 1514 257 stantibus.
1630 231 1743 267 Metaph.
1779 230 1836 256 Cic.
1851 231 1903 257 Att.
1918 239 1937 264 1,
1953 240 1982 258 ιο
2002 232 2052 258 Res
2066 231 2159 258 eodem
2173 230 2343 264 lociest,quo
2356 230 2417 257 reii-

1379 265 1475 301 quisti,
1496 268 1514 291 i.
1532 265 1696 299 eodem-flatu.
1745 265 1806 292 Liu.
1816 273 1833 296 1,
1842 274 1872 298 50
1888 266 2046 301 Haecatque
2056 267 2106 293 alia
2115 267 2207 292 eodem
2215 265 2382 300 pertinentia.
2409 290 2414 297 ,

1417 307 1432 326 ε
1445 307 1464 326 o
1474 307 1519 326 NE
1528 320 1536 332 ,
1554 303 1674 342 interrog.
1682 308 1731 336 pro
1748 300 1842 328 [deone.
1877 301 1945 328 Ter.
1959 302 2023 329 Eun.
2034 309 2124 336 3,1,25
2142 303 2215 328 Eone
2222 310 2249 327 es
2262 300 2347 333 ferox,
2355 300 2416 336 quia

1416 378 1434 397 E
1445 377 1463 397 ο
1472 378 1544 409 QVE
1553 391 1563 403 ,
1583 379 1633 408 pro
1647 372 1756 407 Idcoqua
1792 371 1887 397 Patere.
1902 379 1928 402 2,
1939 373 1984 406 60,
1996 380 2018 405 5.
2055 379 2078 398 ct
2091 375 2134 406 67,
2147 381 2169 404 3.

1415 412 1460 432 ΕΟ
1473 412 1493 432 ν
1506 413 1577 446 sqv
1587 414 1612 434 Ε.
1647 407 1708 441 [ἐπὶ
1720 407 1827 441 voci-ro]
1862 408 1954 434 Donec.
1989 407 2047 435 Val.
2070 408 2141 434 Max.
2165 416 2185 439 1,
2205 414 2223 442 7
2245 406 2289 433 vbi
2302 404 2331 432 de
2344 405 2419 441 ero,
2459 421 2462 429 ι

1380 441 1478 468 Natam
1492 442 1575 468 vitem
1588 451 1704 478 eousque
1715 442 1834 474 creuisse,
1850 442 1933 468 donec
1944 443 2047 470 cunflas
2059 442 2322 470 dominationisfuae
2336 447 2419 475 partes
2462 452 2465 459 ·

1380 476 1565 504 inumbraret:
1670 477 1803 504 Colmnel.
1814 479 1838 509 6,
1847 480 1864 503 6
1883 477 1960 504 Tum
1975 479 2100 505 concitate
2114 479 2201 512 agitur
2214 486 2291 513 pecus
2304 484 2420 510 cousque
2445 489 2454 492 *—

1639 513 1708 539 Acid.
1723 521 1751 546 4,
1766 521 1807 546 24.
1923 511 1996 538 Hirt.
2008 512 2040 539 de
2059 515 2087 540 B.
2106 514 2163 540 Afr.
2184 515 2216 545 56
2248 514 2341 540 Caesar
2361 511 2420 537 bra-

1380 547 1447 574 chiis
1468 547 1608 582 perchtis,
1625 550 1808 583 promotisque
1819 556 1947 583 eousque,
1959 552 1989 574 vt
2007 556 2040 574 ex
2058 549 2156 584 oppido
2170 548 2252 575 abiici
2264 557 2318 574 non
2331 547 2420 582 posset,

1379 590 1424 610 etc.
1496 582 1569 621 Cous.
1585 583 1675 610 Tacit.
1689 592 1712 616 3,
1728 592 1760 616 13,
1773 592 1794 616 3.

1415 624 1475 650 Eo,
1495 627 1533 650 ιε,
1553 618 1593 643 iui
1607 624 1630 643 et
1644 617 1682 650 ii,
1700 620 1780 650 itum,
1801 621 1848 645 ire.

1884 619 1973 652 [ὕψη
1994 614 2061 651 aiffa«,
2079 619 2216 654 πορεύομαι,
2232 620 2323 653 μολὲω,
2337 616 2425 653 {detio}

1380 653 1502 689 Progredi
1509 653 1612 688 pedibus
1619 654 1715 688 velsuis
1723 655 1763 680 vel
1768 655 1866 680 alienis.

1904 654 2008 688 leian.
2019 653 2037 679 l.
2044 662 2060 688 7
2067 653 2098 679 de
2106 655 2192 683 seruit,
2199 655 2287 690 praed.
2295 654 2356 686 rust.
2365 655 2423 688 Qi

2223 690 2339 717 Martial.
2352 692 2381 722 6,
2395 698 2422 716 10

1381 725 1412 761 Et
1426 724 1587 759 Capitolinas
1601 724 1675 758 itque
1688 724 1812 759 reditque
1824 724 1896 757 vias,
1915 725 1944 751 de
1956 726 2110 751 Domitiano.
2147 725 2264 762 Iungitur
2275 725 2424 757 Aduerbz'is,

1379 767 1410 787 vt
1422 760 1570 786 Aduorsum
1585 759 1624 785 ire
1637 759 1901 793 patrice,magnifice,
1909 760 1993 787 amice
2010 760 2091 786 Plaut.
2105 759 2188 786 Cafin.
2202 763 2257 794 3,6,
2271 769 2293 794 5.
2375 760 2422 787 Al-

1380 796 1433 822 tius
1446 796 1538 827 ibunt,
1557 796 1603 830 qui
1616 795 1648 821 ad
1661 795 1762 821 summa
1778 795 1897 822 nitentur
1918 794 2051 829 Quinctil.
2066 796 2095 822 in
2106 804 2226 829 prooem.
2240 807 2258 826 1.
2349 795 2422 823 Cele-

1381 832 1446 858 riter
1465 831 1508 857 isti
1529 837 1553 856 ct
1574 830 1664 857 redisti
1702 829 1758 856 Cic.
1779 830 1889 865 Philipp.
1906 839 1931 862 2,
1944 836 1985 866 78.
2089 829 2283 859 Diffimulanter
2294 831 2346 859 huc
2359 831 2435 858 illuc.

1756 865 1865 891 Leniter
1883 865 1958 892 Idem
1972 866 2063 893 Amor.
2079 875 2098 897 1,
2112 869 2136 897 6,
2151 874 2176 901 7.
2246 868 2353 900 Melius,
2367 866 2422 893 vid.
2444 868 2448 871 '

1362 909 1365 911 ·
1382 903 1480 929 Melius
1499 912 1525 928 ιη
1546 908 1561 928 13
1571 908 1589 927 0
1600 908 1621 927 N
1631 908 1651 927 v
1661 909 1683 928 s.
1799 900 1881 927 Ouid.
1895 901 1974 936 Epist.
1989 910 2023 935 ις,
2036 910 2071 935 99
2089 902 2115 928 Si
2127 908 2181 928 tam
2195 909 2278 929 certus
2292 911 2348 930 eras
2361 901 2426 929 hine
2476 922 2477 926 ,

1381 938 1436 969 ire,
1454 937 1597 964 Modestius
1609 937 1665 964 isses
1679 935 1788 962 obuiam
1802 935 1883 962 Plaut.
1896 937 2013 963 Mostell.
2026 946 2048 969 3,
2062 945 2114 970 1,9.
2152 933 2221 972 Nep:
2229 946 2250 971 1,
2257 942 2313 972 4‚8.
2348 938 2447 969 Brut-,2-

1380 973 1413 999 ad
1426 974 1480 1000 Cic.
1494 974 1565 1000 Fam.
1582 981 1611 1006 11,
1627 981 1648 1005 ¹3
1677 971 1727 999 Ille
1743 971 1815 997 enim
1830 971 1851 997 it
1864 971 1960 1004 Paffim,
1972 981 2022 1007 ego
2036 973 2191 999 ordinatim.
2366 971 2387 1009 fl
2406 969 2451 1000 αἱ

1361 1031 1364 1034 .
1380 1009 1496 1036 Ablatiui
1510 1019 1518 1034 :
1555 1007 1687 1035 Gradibus
1699 1005 1842 1042 grandibus
1860 1006 1942 1034 Plaut.
1956 1008 2032 1042 Epid.
2047 1017 2067 1041 1,
2082 1016 2103 1041 1,
2118 1017 2148 1034 11.
2229 1008 2355 1042 Suspenso
2366 1017 2425 1043 gra·
2442 1009 2447 1012 ”

1837 1042 1951 1078 Metaph.
1987 1044 2041 1072 Cic.
2056 1046 2093 1078 Q
2104 1045 2123 1070 F
2125 1049 2187 1070 ratr.
2200 1051 2224 1075 3,
2237 1051 2249 1075 3
2275 1045 2365 1077 Quare
2377 1053 2425 1070 ne·
2440 1050 2442 1052 '

1382 1088 1434 1115 que
1445 1088 1494 1114 ego
1507 1079 1632 1114 impediri
1647 1079 1785 1106 Ciceronis
1798 1078 1864 1113 iter,
1886 1085 1965 1114 atque
1977 1079 2051 1105 illam
2067 1080 2232 1114 disciplinam
2245 1079 2319 1111 volo,
2333 1080 2423 1115 etipse

1380 1124 1445 1151 puer
1465 1116 1546 1150 magis
1569 1116 1619 1142 illo
1640 1115 1831 1141 declamatorio
1851 1123 1945 1149 genere
1964 1113 2027 1140 duci
2045 1121 2071 1142 et
2084 1114 2208 1141 delcetari
2221 1114 2336 1141 videtur.
2391 1116 2424 1142 In

1382 1160 1436 1187 quo
1449 1152 1575 1186 quoniam
1588 1150 1633 1185 ipsi
1649 1159 1756 1185 quoque
1770 1150 1885 1183 fuimus,
1903 1150 2035 1184 patiamur
2050 1150 2128 1177 illum
2146 1151 2186 1178 ire
2206 1149 2301 1177 nostris
2319 1150 2426 1177 itineri-

1380 1187 1431 1213 bus
1445 1197 1451 1213 ;
1488 1185 1581 1212 eodem
1594 1186 1665 1212 enirn
1679 1191 1869 1220 peruenturum
1884 1187 1932 1212 effe
1945 1185 2112 1213 confidimus.
2182 1185 2259 1219 Virg.
2273 1186 2338 1212 Aen.
2346 1195 2426 1220 2,254

2159 1222 2215 1248 Cic.
2229 1223 2283 1248 Att.
2297 1230 2337 1254 10,
2371 1241 2381 1248 .
2418 1241 2428 1251 ,
2440 1227 2444 1233 ’

1380 1257 1501 1291 Nauigio
1514 1258 1561 1284 esse
1574 1263 1599 1283 te
1612 1258 1714 1284 iturum
1723 1262 1794 1283 trans
1807 1265 1880 1283 mare
1893 1256 2000 1283 credere
2012 1266 2065 1284 non
2079 1257 2188 1292 possum.
2244 1258 2341 1284 Lucan.
2348 1265 2375 1290 2,
2383 1265 2427 1290 223

1381 1294 1440 1320 Hoc
1459 1293 1560 1319 Ordine
1577 1293 1643 1319 belli
1679 1292 1775 1319 Ibitur.
1847 1292 1929 1319 Plaut.
1945 1292 2026 1319 Stich.
2039 1301 2065 1325 2,
2080 1301 2099 1324 1,
2112 1301 2147 1319 20
2173 1292 2245 1319 Nam
2258 1292 2371 1319 Pedibus
2383 1293 2426 1320 ire

1380 1338 1434 1356 non
1448 1337 1526 1363 queo.
1595 1329 1650 1355 Cic.
1665 1327 1778 1362 Philipp.
1793 1336 1827 1360 13,
1863 1348 1870 1355 .
1908 1348 1916 1355 .
1953 1328 1980 1354 Si
1995 1336 2037 1355 me
2052 1328 2132 1355 rcffis
2146 1327 2260 1354 sensibus
2272 1332 2378 1355 euntem
2387 1321 2441 1364 dii,

1380 1364 1562 1396 immortales,
1580 1370 1610 1391 vt
1625 1365 1716 1398 spero,
1735 1364 1894 1390 adiuuerint.
1965 1365 2075 1390 Damus
2088 1362 2122 1396 est
2146 1363 2266 1391 Subsidio
2285 1364 2327 1391 ire
2346 1363 2428 1392 alicui

1864 1399 2014 1435 Acciaefhtiui
2028 1410 2035 1424 :
2072 1400 2148 1434 Virg.
2162 1399 2282 1434 Ecl.1‚65
2303 1400 2426 1426 Sitientes

1382 1436 1480 1463 ibimus
1495 1436 1589 1468 Afros,
1602 1441 1652 1470 pro
1665 1434 1698 1461 ad
1712 1434 1801 1461 Afros.
1871 1435 1954 1461 Plaut.
1967 1434 2035 1468 Rud.
2048 1435 2119 1462 Prol.
2131 1443 2164 1468 43
2196 1434 2354 1462 Adolescens
2369 1435 2429 1471 qui-

1384 1472 1444 1498 dam
1458 1471 1523 1497 ciuis
1539 1471 1618 1496 huius
1631 1470 1748 1502 Atticus,
1763 1478 1821 1496 eam
1833 1470 1904 1497 vidit
1916 1471 1956 1496 ire
1969 1478 1984 1496 e
1997 1470 2061 1497 ludo
2074 1470 2193 1497 fidicinio
2204 1471 2333 1497 Domum.
2384 1472 2438 1499 Iri-⁴

1381 1507 1449 1533 fitias
1463 1507 1519 1539 ire,
1545 1505 1578 1538 est
1591 1507 1691 1541 Negare
1712 1505 1794 1531 Plaut.
1808 1506 1880 1532 Men.
1894 1514 1920 1536 2,
1931 1513 1954 1541 3,
1966 1513 2009 1539 45.
2079 1506 2148 1534 Ter.
2163 1503 2243 1532 Adel:
2252 1515 2273 1538 3,
2285 1514 2311 1536 2,
2319 1511 2353 1539 48
2366 1506 2428 1533 Hoc

1380 1542 1515 1575 reliquum
1529 1541 1582 1574 est,
1601 1540 1619 1565 fi
1633 1539 1729 1566 infitias
1744 1539 1805 1573 ibit,
1824 1540 1895 1567 testis
1908 1550 2010 1567 mecum
2022 1541 2058 1568 est
2071 1541 2190 1572 annulus,
2203 1549 2286 1575 quem
2295 1542 2427 1570 amiserat.

1385 1612 1442 1637 sint.
1515 1611 1594 1644 Virg.
1613 1611 1680 1636 Aen.
1698 1619 1721 1642 3,
1740 1618 1788 1644 254
1811 1609 1888 1637 Ibitis
1906 1611 2025 1645 Italiam,
2045 1618 2188 1647 portusque
2208 1611 2308 1638 intrare
2324 1586 2445 1640 licebit-l

1381 1645 1540 1673 Laodiceam
1568 1646 1623 1673 Cic.
1644 1646 1716 1671 Fam.
1736 1653 1758 1678 3,
1777 1647 1802 1672 6.
1874 1646 1936 1673 Viae
1954 1647 2057 1682 ignotas
2088 1647 2176 1674 Valer.
2201 1647 2300 1681 Argon.
2323 1648 2351 1682 4,
2369 1653 2422 1682 371.

1381 1682 1461 1708 Viam
1475 1682 1581 1715 longam
1598 1681 1673 1716 Virg.
1687 1681 1752 1706 Aen.
1765 1690 1794 1714 4,
1807 1683 1871 1716 467.
2046 1679 2067 1719 q
2085 1691 2104 1716 4
2125 1681 2330 1718 Praepofitiones:
2350 1682 2426 1714 'Cum
2462 1691 2466 1695 ·

1383 1717 1501 1742 exercitu
1515 1717 1555 1742 ire
1579 1717 1650 1750 Nep.
1666 1724 1704 1752 17,
1716 1725 1738 1749 3,
1755 1723 1776 1749 5.
1849 1716 1933 1743 Plaut.
1949 1715 2045 1752 Amph.
2055 1718 2265 1758 1,1,174·Laffus
2275 1718 2332 1744 sum
2339 1716 2428 1748 hercle

1385 1785 1425 1810 ire
1438 1785 1505 1818 poffe
1518 1793 1578 1809 cum
1591 1793 1672 1810 onere
1688 1785 1828 1811 existimes.
1899 1787 1954 1812 Cic.
1970 1788 2046 1813 Verr.
2060 1796 2081 1820 1,
2093 1791 2124 1820 63
2154 1790 2287 1815 Miramur
2304 1788 2336 1815 ad
2356 1795 2431 1817 arma

1387 1826 1477 1845 contra
1491 1819 1568 1846 istum
1583 1818 1720 1845 hominem
1735 1820 1923 1854 Lampsacenos
1937 1821 1982 1846 isse
1995 1822 2006 1846 3
2096 1823 2165 1848 Ter.
2178 1823 2244 1849 Eun.
2261 1831 2288 1856 2,
2302 1831 2327 1853 2,
2338 1831 2366 1855 35
2383 1824 2432 1850 Ea·

1386 1864 1444 1881 mus
1458 1863 1521 1888 ergo
1534 1854 1566 1880 ad
1581 1863 1689 1880 coenam
1700 1874 1707 1886 ,
1729 1855 1795 1889 quid
1809 1855 1857 1881 stas
1870 1856 1880 1881 3
1950 1854 2033 1882 Ouid.
2048 1855 2112 1883 Fast.
2127 1866 2156 1890 4,
2170 1860 2216 1892 167
2234 1856 2434 1892 semustamque

1387 1892 1470 1916 facem
1484 1889 1594 1923 vigilata
1607 1889 1781 1917 noeteviator
1818 1891 1915 1925 Ponet,
1936 1896 1961 1917 et
1974 1889 2007 1917 ad
2028 1891 2136 1918 solitum
2158 1892 2268 1918 rusticus
2286 1891 2338 1918 ibit
2356 1899 2431 1927 opus.

1861 1925 1937 1952 Ibam
1951 1925 1984 1952 ad
1999 1932 2024 1952 te
2039 1926 2107 1953 Ter.
2119 1927 2201 1953 Andr.
2215 1936 2238 1959 3,
2251 1937 2280 1960 4,
2296 1935 2316 1953 1.
2385 1926 2428 1956 Ad

1386 1961 1517 1986 tonsorem
1536 1959 1617 1985 Plaut.
1632 1960 1703 1985 Asin.
1719 1968 1741 1991 ²,
1755 1968 1777 1991 3,
1792 1968 1830 1993 ¹4·
2026 1958 2049 2021 ἓ
2069 1968 2081 1993 5
2121 1963 2242 1996 Frequens
2255 1965 2384 1998 inprimis
2394 1962 2440 1997 est,

1385 1996 1443 2031 usus
1458 2005 1509 2021 cum
1523 1996 1561 2020 In.
1595 1994 1725 2028 Qiinc'til.
1738 2002 1766 2026 9,
1779 2002 1792 2019 2
1809 1994 1864 2027 Qi
1877 1994 2022 2029 aliquando
2047 1996 2261 2030 ortiterfecerat,
2277 2003 2303 2023 et
2314 1993 2427 2028 aliobelr'
2463 2003 2465 2011 ¹

1386 2032 1414 2057 10
1429 2031 1549 2065 petierat,
1561 2035 1589 2056 vt
1602 2030 1700 2057 militia
1712 2035 1816 2056 vacaret
1831 2038 1862 2055 ex
1876 2029 1942 2064 lege,
1961 2030 2032 2064 quod
2043 2032 2285 2066 quinquagenarius
2299 2030 2422 2067 effetfad:

1387 2068 1504 2093 versante
1524 2066 1582 2092 filio
1601 2066 1641 2092 ire
1660 2065 1689 2092 in
1701 2065 1793 2092 Aciem
1807 2064 1912 2100 coactus
1927 2065 2052 2092 deseruit.
2121 2070 2215 2094 Aliter.
2252 2068 2347 2095 Tacit.
2355 2067 2421 2100 Hist.

293 2114 358 2140 Hec.
372 2121 396 2145 2,
412 2121 430 2143 1,
443 2120 472 2144 41
492 2117 513 2137 S.
533 2109 608 2136 Enim
623 2108 707 2135 lassam
720 2105 818 2142 oppido
829 2111 884 2132 tum
899 2104 1003 2131 aiebant
1016 2114 1022 2130 ε
1059 2113 1091 2130 eo
1103 2102 1135 2130 ad
1151 2112 1208 2129 eam
1221 2111 1274 2129 non
1283 2102 1326 2129 ad·
1343 2113 1372 2139 55
1388 2112 1413 2135 2,
1426 2105 1462 2136 46
1482 2104 1524 2129 Ire
1537 2102 1566 2128 in
1577 2102 1684 2134 Acicm,
1703 2101 1818 2127 excitare
1834 2100 1949 2134 partium
1961 2101 2096 2129 fortunam
2108 2102 2201 2130 furore
2212 2103 2336 2138 quodam,
2354 2104 2423 2131 etin-

297 2149 368 2175 mifl'a
383 2149 444 2173 sum.
515 2146 578 2172 Eun.
593 2153 612 2177 1,
626 2153 649 2175 2,
663 2151 699 2179 17.
772 2142 844 2178 Cous.
858 2140 1065 2172 eiusd.l-{eaut.3‚
1079 2148 1099 2172 1,
1113 2147 1155 2172 99.
1191 2145 1213 2165 et
1223 2148 1244 2171 3,
1253 2149 1275 2173 2,
1285 2147 1325 2173 43.

294 2184 378 2211 Plaut.
390 2183 474 2209 Truc.
488 2189 512 2214 2,
526 2190 547 2213 2,
561 2190 592 2215 24
613 2182 635 2206 Is
650 2188 717 2206 nunc
731 2178 828 2204 dicitur
841 2182 964 2204 venturus
979 2184 1102 2211 peregre,
1120 2183 1152 2200 eo
1172 2184 1241 2201 nunc
1256 2184 1326 2201 com-

295 2226 382 2247 menta
394 2218 428 2244 est
443 2217 548 2249 dolum,
567 2216 689 2250 peperiffe
703 2213 803 2241 simulat
816 2214 882 2245 sese,
903 2218 946 2244 vt,
967 2220 1012 2238 etc.
1120 2211 1157 2236 Eo
1171 2216 1212 2240 vt,
1232 2213 1249 2236 i.
1259 2210 1326 2242 Ideo,

298 2256 339 2282 vel
353 2255 389 2281 Ob
401 2254 436 2280 id.
473 2253 527 2279 Cic.
540 2253 609 2278 Fam.
626 2254 662 2283 16,
677 2260 686 2277 1
706 2249 854 2277 Marionem
867 2248 899 2274 ad
915 2254 939 2274 te
953 2257 985 2274 eo
998 2246 1069 2278 misi,
1086 2252 1114 2273 vt
1127 2252 1171 2272 aut
1192 2253 1275 2272 tecum
1294 2246 1325 2272 ad

296 2300 338 2317 me
351 2288 542 2324 quamprimum
555 2288 665 2313 veniret.
838 2320 842 2324 .
1262 2317 1266 2322 .

295 2325 346 2361 pss,
362 2332 389 2351 vt
404 2324 576 2356 intelligeres,
592 2328 637 2348 etc.
724 2321 797 2356 Conf.
812 2321 873 2346 Liu.
887 2328 910 2352 3,
922 2327 960 2353 71.
996 2325 1020 2344 et
1049 2326 1089 2349 23,
1099 2326 1145 2357 .¹9.*
1242 2318 1324 2357 p*.³¹¹‘·

297 2361 364 2388 Afin.
378 2370 398 2393 5,
411 2369 428 2389 1,
442 2362 465 2385 16
485 2359 519 2386 Ea
531 2367 571 2385 res
585 2366 625 2384 me
639 2355 704 2383 male
718 2355 796 2382 habet
811 2366 817 2382 ;
853 2364 882 2381 ac
893 2363 949 2380 non
961 2363 993 2380 eo
1007 2354 1073 2389 quin
1086 2352 1136 2379 tibi
1149 2361 1202 2379 non
1220 2360 1325 2386 cupiam

294 2404 359 2431 quae
375 2396 449 2421 velis.
554 2393 633 2419 Plaut.
651 2392 732 2419 Trin.
747 2400 768 2423 2,
782 2400 808 2423 2,
823 2392 857 2417 60
897 2389 962 2416 Non
975 2398 1007 2415 eo
1020 2389 1069 2415 hoc
1083 2388 1143 2414 dico
1154 2407 1162 2420 ,
1181 2388 1245 2423 quin
1259 2396 1325 2422 quae

292 2438 321 2458 tu
335 2430 373 2457 vis
386 2439 435 2464 ego
446 2428 526 2455 velim
541 2435 565 2455 et
579 2428 672 2454 faciam
685 2426 786 2453 lubens.
893 2425 963 2451 Ter.
976 2426 1072 2452 Heaut.
1088 2433 1110 2456 3,
1123 2433 1147 2456 2,
1161 2433 1192 2457 43
1230 2423 1326 2457 Neque

293 2476 325 2493 co
339 2475 405 2491 nunc
423 2465 481 2491 dico
501 2463 572 2498 quod
593 2462 737 2498 quidquam
751 2463 831 2488 illum
843 2461 977 2487 senserim.

294 2502 356 2530 Nou
369 2509 400 2527 eo
414 2501 488 2531 dico,
508 2508 560 2534 quo
579 2499 647 2525 mihi
666 2498 755 2525 veniat
775 2498 804 2524 in
817 2496 936 2523 dubium.
1051 2495 1132 2522 Plaut.
1148 2495 1206 2521 Aul.
1220 2503 1244 2525 2,
1259 2504 1281 2526 2,
1296 2496 1326 2526 63

293 2538 330 2563 Eo
344 2536 402 2562 dico
411 2557 418 2569 ,
438 2544 469 2561 ne
484 2544 525 2561 me
539 2535 688 2561 thesaurum
700 2534 821 2568 reperisse
834 2532 943 2559 censeas.
1059 2531 1098 2557 Eo
1111 2530 1157 2563 fit,
1178 2530 1240 2565 quia
1257 2531 1326 2556 Ter.

294 2573 386 2598 Heaut.
401 2581 422 2604 3,
440 2580 458 2603 1,
473 2579 515 2603 99.
585 2571 641 2596 Cic.
654 2570 685 2596 de
700 2569 757 2596 Fin.
773 2576 794 2602 5,
809 2577 836 2600 23
857 2568 895 2594 Eo
909 2565 1048 2602 separanda
1060 2567 1113 2592 fuit
1125 2565 1157 2592 ab
1172 2565 1219 2592 hac
1240 2566 1326 2600 dispu-

294 2609 392 2634 tatione
405 2607 466 2641 quia
481 2605 528 2631 ista
540 2604 638 2636 animi,
653 2611 698 2630 etc.
791 2605 828 2630 Eo
841 2603 884 2634 fit,
903 2609 932 2629 vt
956 2604 1022 2629 Hor.
1036 2602 1118 2629 Serm.
1134 2610 1154 2634 1,
1171 2604 1196 2632 6,
1209 2607 1248 2634 89.
1296 2603 1327 2627 In

293 2643 333 2669 his
356 2643 462 2669 omnibus
483 2639 544 2666 idem
566 2637 614 2671 qsl,
635 2639 698 2674 quod
719 2638 754 2664 ob
769 2638 811 2669 id,
831 2644 979 2673 propterea.

294 2679 474 2714 Comparatiuis
487 2675 635 2711 frequenter
655 2675 768 2708 iungitur
792 2673 847 2699 Cic.
863 2674 915 2699 Att.
929 2682 962 2705 11,
976 2682 997 2699 11
1017 2674 1055 2699 Eo
1069 2672 1177 2707 grauior
1190 2672 1225 2698 est
1240 2670 1328 2705 dolor,

296 2722 349 2748 quo
364 2712 437 2747 culpa
449 2711 544 2738 maior.
618 2707 691 2742 Cous.
706 2712 729 2738 8,
744 2713 776 2738 ις.
811 2713 834 2731 et
848 2716 896 2740 pro
909 2708 982 2733 Rosc.
997 2709 1055 2733 Am.
1069 2717 1091 2733 c.
1105 2717 1145 2739 30.
1207 2707 1246 2734 Id.
1256 2708 1328 2733 Fam.

297 2755 323 2782 7,
335 2756 351 2782 7
369 2749 405 2774 Eo
419 2748 469 2773 fuit
482 2744 650 2776 mirabilius,
671 2740 743 2776 quod
755 2740 788 2766 ab
801 2749 833 2766 eo
847 2749 901 2766 non
912 2741 1116 2773 exspe&abatur.
1219 2743 1287 2768 Suet.
1296 2741 1329 2767 de

298 2783 367 2809 Clar.
381 2784 467 2810 Gram.
482 2791 502 2808 c.
516 2790 550 2808 20
570 2780 627 2806 Nec
648 2787 680 2804 eo
701 2775 783 2803 secius
802 2775 930 2810 pluximos
948 2775 1057 2801 docuit:
1092 2775 1198 2809 fuitque
1216 2776 1331 2802 familia-

299 2818 407 2845 riffimus
419 2817 518 2844 Ouidio
530 2817 633 2842 Poetae.
739 2811 821 2837 Plaut.
836 2809 895 2837 Aul.
909 2818 934 2841 2,
947 2814 970 2841 8,
984 2816 996 2842 5
1022 2810 1108 2843 Atque
1125 2818 1157 2835 co
1169 2810 1276 2836 fuerunt
1290 2819 1329 2836 ca-

298 2854 386 2884 riora,
404 2861 445 2879 aes
459 2861 511 2878 non
525 2857 588 2877 erat.
681 2846 755 2874 Idem
769 2847 847 2872 Poen.
861 2855 889 2878 4,
904 2853 929 2877 2,
943 2846 977 2884 ⁶0.
1014 2843 1064 2869 Tu
1084 2850 1172 2883 autem
1193 2845 1210 2869 fi
1224 2844 1288 2878 quid
1302 2852 1330 2871 tu

299 2888 421 2920 adiuuas,
439 2896 470 2914 eo
484 2886 586 2913 facilius
600 2884 685 2911 facere
699 2881 789 2917 potest.
860 2881 898 2907 Eo
910 2888 991 2913 magis
1012 2878 1188 2918 Plaut3Tr2n.
1203 2887 1236 2917 a,
1251 2887 1278 2910 1,
1291 2883 1331 2909 36,

299 2929 323 2949 et
337 2923 404 2957 Nep.
419 2928 452 2954 18,
466 2931 492 2955 4,
512 2931 534 2948 2.
642 2918 698 2945 Cic.
712 2919 764 2944 Att.
778 2925 803 2948 2,
843 2935 849 2942 .
886 2935 892 2942 .
930 2917 1037 2949 Quanto
1056 2922 1128 2940 crum
1141 2922 1224 2948 magis
1239 2919 1333 2947 appro-

299 2958 426 2992 pinquare
440 2956 601 2984 aduersarius
616 2953 718 2987 coepit,
738 2961 769 2978 eo
783 2951 833 2978 tibi
847 2950 957 2978 celerius
971 2949 1098 2984 agendum
1111 2954 1174 2974 erat.
1274 2948 1332 2974 Cic.

299 2994 331 3020 de
360 2994 462 3020 Amicit.
495 2998 507 3023 8
544 2989 688 3018 Meministi
719 2986 789 3013 enim
825 2986 945 3020 profetSto
984 2989 994 3017 (
1009 2990 1037 3011 vt
1067 2984 1186 3019 opinor)
1230 2983 1332 3015 Attice,
1347 2989 1379 3015 80
1396 2988 1447 3009 tor.
1462 2981 1485 3018 §.
1501 2990 1604 3016 §quum
1619 2982 1725 3009 haberes
1741 2984 1771 3010 D.
1781 2984 1812 3010 ad
1826 2985 1953 3011 Senatusc.
1968 2984 2096 3010 Vellcian.

298 3035 324 3055 et
354 3038 384 3055 eo
416 3029 497 3063 magis
515 3026 588 3061 quod
609 3027 634 3051 P.
655 3023 771 3057 Sulpicio
788 3021 895 3048 vtebare
914 3022 1035 3047 multum.
1114 3019 1170 3046 Cic.
1185 3019 1238 3045 Atr.
1253 3027 1274 3050 3,
1296 3037 1302 3044 .
1324 3037 1331 3044 .

298 3064 345 3090 Ille
360 3063 519 3093 confidebat,
539 3067 564 3088 et
576 3069 607 3087 eo
622 3060 704 3093 magis
714 3079 721 3091 ,
739 3056 824 3092 quod,
844 3063 888 3082 cte.
982 3056 1039 3082 Cic.
1052 3055 1084 3082 dc
1097 3055 1204 3080 Amicit.
1219 3058 1232 3083 8
1258 3056 1331 3086 0310-

300 3108 360 3126 nam
380 3099 456 3134 paeto
475 3103 588 3123 mortem
608 3094 726 3121 Africani
741 3094 825 3123 feras,
840 3100 924 3126 eoque
937 3092 1033 3125 magis,
1053 3089 1141 3125 quod,
1161 3096 1206 3115 etc.
1225 3091 1242 3114 i.
1259 3091 1332 3128 Prag-

293 3134 390 3169 svrtim.
506 3132 562 3157 Cic.
575 3132 652 3157 Verr.
667 3138 692 3161 2,
707 3136 740 3163 77
758 3127 883 3160 Idemque
896 3126 945 3152 hoc
960 3127 1050 3153 amicis
1069 3126 1125 3152 cius
1146 3132 1171 3151 ct
1190 3124 1334 3150 defensori-

302 3169 349 3195 bus
362 3168 519 3197 videbatur,
538 3171 614 3199 atque
632 3173 663 3191 eo
682 3165 761 3190 etiam
781 3162 861 3195 magis
882 3161 952 3195 quod
968 3161 1028 3193 iste,
1048 3168 1093 3187 etc.

303 3213 336 3236 11,
352 3213 374 3237 15
412 3203 467 3229 Alii
481 3198 562 3235 capti,
581 3199 626 3225 alii
646 3198 776 3225 interclusi
796 3206 850 3223 non
862 3196 971 3223 veniunt
983 3197 1009 3222 in
1021 3196 1130 3222 dubium
1143 3194 1175 3221 de
1187 3194 1331 3226 voluntate,

301 3249 333 3265 co
347 3241 432 3265 minus
448 3237 562 3266 scilicet,
581 3242 662 3266 quum
676 3233 700 3259 se
712 3230 884 3267 expedierint.
987 3232 1042 3258 Cic.
1055 3232 1126 3258 Fam.
1140 3239 1162 3263 5,
1176 3238 1203 3256 10
1222 3230 1332 3256 DcDio-

303 3274 373 3305 nysio
393 3281 440 3300 tuo
458 3270 541 3298 adhuc
561 3269 628 3294 nihil
648 3268 748 3294 extrico
758 3287 764 3298 ,
785 3273 810 3293 ct
824 3275 856 3292 eo
869 3266 954 3292 minus
968 3267 1039 3301 quod
1053 3275 1095 3292 me
1108 3267 1191 3300 frigus
1205 3265 1332 3291 Dalmati-

304 3318 361 3335 cum
371 3329 378 3340 ,
396 3307 466 3343 quod
485 3306 555 3332 illinc
569 3303 661 3335 ciccit,
679 3302 757 3328 etiam
771 3301 813 3328 hic
826 3301 1002 3335 refrigerauit.
1073 3301 1140 3329 Add.
1155 3300 1194 3327 Ib.
1206 3309 1231 3332 9,
1247 3303 1283 3326 16.
1309 3306 1331 3326 ct

306 3352 340 3375 ις,
356 3354 389 3369 ιο.
461 3340 526 3368 Cels.
542 3348 563 3370 2,
577 3344 599 3367 8.
670 3337 707 3361 Eo
721 3337 792 3370 peius
806 3346 845 3362 res
859 3337 1038 3363 administrata
1056 3337 1125 3371 Nep.
1138 3344 1164 3369 9,
1176 3344 1195 3367 1,
1207 3345 1231 3361 2.

323 3379 359 3404 lus
376 3389 380 3404 :
418 3378 472 3404 Cic.
487 3376 538 3400 Λεε.
556 3375 592 3402 16,
606 3377 629 3401 18
650 3372 727 3397 Nunc
743 3372 890 3405 miCapito,
911 3382 942 3398 co
956 3373 1012 3406 plus
1026 3372 1093 3407 apud
1107 3371 1242 3399 hominem
1257 3371 1330 3397 facil-

303 3388 395 3439 limum
409 3418 485 3445 atque
499 3407 706 3435 humanissiuuuu
719 3407 838 3433 Plancum
853 3407 951 3433 enitere
961 3427 968 3438 ,
990 3415 1033 3433 etc.
1148 3407 1207 3433 Plus
1221 3407 1329 3432 eoTer.

304 3449 367 3474 Ηςς,
383 3455 403 3479 3,
417 3457 444 3480 4,
458 3453 482 3479 7.
550 3443 619 3469 Idem
635 3443 728 3468 llcaut.
746 3450 764 3473 1,
780 3450 797 3472 1,
812 3450 833 3467 11
869 3443 919 3468 Aut
931 3442 995 3477 quid
1010 3442 1112 3476 quaeris
1126 3443 1136 3467 3
1170 3449 1250 3467 annos
1265 3442 1331 3467 sexa-

305 3484 375 3516 ginta
389 3488 463 3507 natus
477 3489 518 3510 cs,
535 3485 576 3504 aut
596 3478 651 3512 plus
670 3486 702 3503 eo
724 3483 751 3502 vt
770 3477 894 3503 coniicio.
971 3477 1026 3503 Cic.
1038 3478 1119 3503 Tusc.
1134 3485 1158 3510 2,
1171 3484 1202 3510 57
1223 3477 1332 3503 Balitlae

306 3518 423 3551 lapidum
435 3523 459 3542 et
474 3515 573 3547 reliqua
589 3520 716 3539 tormenta
733 3512 844 3538 telorum
860 3521 891 3538 co
905 3513 1038 3545 grauiores
1059 3511 1203 3538 cmislioncs
1227 3512 1331 3544 habent,

305 3561 359 3587 quo
374 3553 429 3577 suut
441 3556 559 3576 contenta
573 3555 648 3583 atquc
662 3547 771 3574 adduffta
787 3547 976 3573 vehementius.
1211 3555 1223 3580 ς
1260 3550 1330 3573 μω,-

303 3589 365 3614 aare
377 3585 406 3619 est
426 3586 463 3612 Eo
477 3585 523 3619 ad,
538 3584 598 3610 dum
613 3594 618 3609 τ
648 3591 696 3618 pro
710 3585 801 3609 Donec.
838 3582 914 3616 Apul.
929 3581 1004 3615 Apol.
1016 3592 1039 3616 p.
1054 3587 1103 3614 318,
1117 3591 1146 3615 14
1176 3583 1263 3609 Variis
1276 3584 1331 3610 sru—

303 3621 471 3651 strationibus
485 3620 587 3654 nuptias
601 3619 681 3644 cludit
696 3627 727 3644 eo
739 3618 769 3644 ad
779 3638 787 3649 ,
808 3617 869 3644 dum
884 3626 946 3643 auus
959 3617 1013 3643 sato
1032 3617 1156 3643 concessit.

340 3665 355 3684 13
365 3659 383 3683 (5
394 3663 466 3683 DEM
476 3676 484 3687 ,
500 3663 548 3690 pro
567 3653 609 3680 Ad
626 3654 719 3679 cundem
737 3655 821 3679 Iocum.
858 3653 929 3679 Caes.
944 3653 971 3678 ll.
985 3653 1017 3679 G.
1033 3662 1055 3685 5,
1069 3662 1103 3685 49
1130 3654 1158 3679 In
1174 3652 1246 3678 siluas
1259 3652 1329 3687 palu—

304 3693 400 3727 desque
418 3690 588 3725 confugiunt,
608 3688 701 3724 suaque
720 3689 811 3714 codem
837 3689 984 3714 conferunt.

303 3729 384 3755 Plaut.
397 3728 474 3754 Curc.
486 3736 514 3759 4,
528 3734 550 3757 2,
565 3733 603 3750 eo.
697 3724 794 3750 Eodem
808 3723 874 3749 vnde
887 3729 942 3749 erat
956 3722 1087 3757 profectus
1100 3724 1124 3749 se
1139 3724 1237 3757 recepit
1260 3724 1329 3757 Nep.

305 3773 340 3797 13,
354 3773 377 3796 3,
389 3772 417 3796 4.
523 3760 637 3791 Eodem,
660 3768 707 3793 pro
726 3758 842 3785 indidem
867 3759 984 3785 Scribon.
1001 3766 1047 3792 153.
1153 3759 1250 3785 Eodem
1265 3758 1330 3785 loci:

303 3803 320 3826 i.
334 3801 364 3826 In
377 3798 428 3834 ipfh
441 3799 500 3824 loco.
537 3796 601 3822 Plin.
615 3795 706 3828 Paneg.
720 3803 739 3826 1,
752 3803 763 3827 ς
791 3795 895 3827 Qnippe
910 3795 978 3820 inter
992 3802 1047 3820 aras
1059 3799 1084 3820 et
1100 3793 1207 3825 altaria,
1227 3793 1330 3820 codem·

322 3844 354 3860 uc
368 3834 436 3865 loci,
456 3841 534 3867 quem
548 3831 608 3858 deus
622 3830 666 3855 ille
678 3837 730 3855 tam
744 3829 894 3856 manifestus
906 3837 932 3855 ac
945 3830 1061 3863 praescus
1070 3849 1078 3861 ‚
1098 3838 1174 3863 quam
1189 3830 1286 3855 caelum
1299 3838 1328 3856 ac

312 3870 383 3897 ulcra
396 3868 498 3895 insedit.
1062 3865 1067 3869 “

735 2284 807 2311 Idem
821 2292 898 2319 13,70
917 2285 987 2309 Haec
1001 2282 1033 2310 ad
1049 2289 1073 2308 tc
1087 2290 1119 2307 eo
1131 2281 1251 2316 pluribus
1265 2281 1325 2307 scri·
1344 2283 1380 2307 60
1389 2280 1473 2307 tentio
1488 2288 1546 2305 cum
1560 2278 1692 2310 Seruilio,
1712 2278 1759 2312 qui
1774 2286 1855 2312 quum
1868 2278 1951 2311 gratia
1965 2277 2099 2310 effeciffiet,
2120 2286 2148 2305 vt
2167 2280 2212 2305 sua
2228 2279 2355 2306 sententia
2374 2279 2443 2320 pri,

1085 2460 1141 2486 Cic.
1151 2469 1198 2493 pro
1211 2459 1304 2492 innt.
1314 2468 1325 2491 5
1337 2458 1369 2489 65
1388 2457 1496 2484 transiit.

1173 2636 1194 2674 fl
1216 2645 1234 2670 4
1270 2637 1328 2663 Cum
1341 2645 1376 2672 70
1390 2641 1418 2668 17
1438 2633 1464 2658 Si
1477 2633 1505 2658 in
1520 2630 1669 2657 Articulum
1683 2632 1751 2664 seges
1765 2630 1804 2656 ire
1817 2629 1972 2663 incoeperit.

1208 3159 1263 3185 Cic.
1279 3160 1331 3185 Act.
1348 3164 1376 3192 85
1393 3160 1444 3194 Iege
1458 3160 1598 3190 audiretur,
1618 3159 1700 3192 151,st
1713 3160 1788 3187 denno
1807 3161 1878 3195 causa
1896 3161 2008 3193 cuderet,
2028 3160 2124 3195 duplum
2143 3165 2194 3188 einr
2215 3163 2279 3198 quod
2296 3163 2447 3198 i›1tertffi't,.

1291 3336 1327 3362 Εο
1340 3342 1376 3367 90
1392 3335 1560 3371 heristi-linito
1580 3337 1636 3362 Sen.
1649 3336 1681 3362 de
1694 3337 1782 3362 Benct'.
1797 3346 1816 3365 1,
1851 3357 1858 3362 .
1896 3356 1902 3364 .

1346 3523 1377 3547 95
1392 3512 1477 3542 scidit,
1496 3512 1582 3539 scilam
1597 3511 1722 3544 concidit,
1740 3522 1771 3539 ne
1785 3515 1843 3547 quis
1856 3514 1886 3539 ad
1902 3523 1962 3541 eum
1976 3516 2001 3540 in
2016 3517 2057 3541 ius
2071 3517 2130 3542 iret.

1091 3688 1188 3714 Eodem
1201 3697 1248 3714 vos
1262 3698 1330 3722 pono
1339 3696 1384 3713 100
1393 3699 1449 3716 rem
1474 3691 1555 3715 Plaut.
1569 3691 1646 3716 Poen.
1662 3697 1682 3721 1,
1698 3698 1722 3721 2,
1736 3698 1775 3721 59.

1388 2138 1483 2165 stimi-‘tu
1499 2137 1649 2172 flagrabant.
1720 2137 1762 2162 Ire
1775 2136 1804 2161 in
1817 2135 1877 2162 Alia
1890 2136 1981 2163 omnia
1987 2137 2114 2170 ,dicuntur
2128 2139 2273 2172 Senatores,
2290 2150 2344 2167 cum
2362 2138 2426 2166 inda

1386 2175 1484 2209 cannfi'
1497 2173 1539 2207 affe
1551 2173 1660 2208 diuersae
1675 2171 1705 2198 ab
1718 2172 1760 2197 illo
1769 2191 1777 2204 ,
1787 2180 1853 2206 quem
1859 2171 1900 2205 Jic
1913 2173 2063 2207 relinquunt,
2072 2174 2219 2209 fintenum.
2254 2176 2310 2202 Cic.
2326 2176 2397 2202 Fam.
2406 2182 2428 2209 ι,
2464 2189 2471 2198 s

1387 2219 1400 2237 2
1423 2211 1461 2236 De
1474 2210 1559 2235 tribus
1573 2207 1664 2241 legatis
1673 2227 1681 2239 ‚
1700 2207 1852 2241 frequentes
1866 2207 1954 2234 icrunt
1969 2208 1997 2233 in
2011 2209 2062 2235 alia
2076 2210 2175 2236 omnia.
2258 2212 2297 2236 De
2309 2210 2389 2236 eadem
2400 2217 2429 2236 n

1389 2245 1445 2271 Cic.
1461 2246 1530 2270 Fam.
1547 2253 1585 2275 10,
1600 2252 1623 2269 12
1649 2242 1687 2269 Eo
1699 2248 1786 2269 autem
1798 2242 1840 2268 die
1852 2251 1944 2276 magna
1956 2242 2025 2269 mihi
2038 2244 2092 2270 fuit
2104 2253 2153 2278 pro
2167 2250 2211 2271 tua
2224 2244 2352 2278 dignitate
2366 2252 2429 2271 con-

1389 2325 1432 2342 ma
1454 2315 1687 2349 pronuntiaretur,
1703 2314 1827 2347 frequens
1848 2321 1909 2339 eum
1928 2314 2028 2339 senatus
2047 2313 2173 2348 reliquit,
2194 2320 2219 2340 et
2232 2314 2261 2340 in
2274 2315 2324 2341 alia
2337 2322 2428 2341 omnin

1389 2350 1497 2378 discessit
1511 2361 1516 2375 :
1552 2358 1678 2384 meaeque
1692 2349 1850 2381 sententiae,
1863 2357 1930 2383 quae
1943 2349 2052 2375 secunda
2066 2350 2235 2383 pronuntiata
2256 2355 2327 2381 erat,
2344 2358 2427 2386 quum

1389 2387 1514 2420 frequens
1528 2386 1690 2412 ass’entiretur
1704 2385 1821 2416 senatus,
1837 2391 1882 2410 etc.
1964 2385 2036 2410 Caes.
2051 2384 2078 2410 B.
2093 2385 2125 2410 G.
2137 2389 2159 2417 8,
2174 2392 2202 2416 53
2234 2384 2424 2420 Sententiisque

1389 2422 1481 2452 dicffis,
1503 2421 1678 2447 discessionem
1691 2420 1801 2446 faciente
1814 2419 1960 2451 Marcello,
1974 2420 2075 2445 senatus
2089 2420 2214 2454 frequens
2226 2420 2255 2446 in
2267 2420 2320 2446 alia
2337 2420 2424 2448 omnia

1571 2458 1662 2490 Nempe
1675 2465 1746 2491 quum
1759 2454 1864 2490 dilbcſjt'o
1872 2454 1994 2490 facienda
2008 2453 2079 2488 effic,
2100 2453 2212 2487 mimster
2225 2456 2341 2490 publicus
2355 2461 2426 2491 prae-

1387 2494 1456 2524 ibat,
1477 2501 1548 2526 quum
1562 2494 1598 2517 ita
1612 2491 1719 2521 diceret,
1739 2492 1793 2524 Qui
1808 2489 1858 2515 hoc
1873 2491 1979 2516 censetis
1993 2490 2056 2516 illuc
2072 2490 2191 2521 transite,
2209 2491 2257 2525 qui
2274 2491 2326 2518 alia
2338 2490 2432 2523 omnia

1387 2529 1417 2555 in
1433 2527 1498 2553 hanc
1518 2532 1632 2560 partem,
1652 2525 1740 2551 Festus
1782 2526 1812 2551 V.
1841 2525 1895 2557 Qui
1920 2524 1980 2551 hoc.
2034 2525 2101 2551 Add.
2122 2525 2187 2551 Plin.
2206 2526 2285 2560 Epist.
2300 2531 2322 2557 8,
2340 2526 2367 2559 '4
2386 2526 2429 2553 chi

1383 2565 1484 2600 plenius
1496 2561 1523 2586 αἰ·
1538 2568 1591 2586 tota
1604 2569 1630 2586 rc
1641 2560 1782 2595 disputatur
1797 2570 1805 2584 .·
1841 2566 1863 2585 εε
1875 2567 1900 2594 p.
1912 2567 1939 2594 p.
1952 2561 1993 2586 Ire
2007 2560 2035 2585 in
2048 2561 2214 2587 Sententiam.
2285 2562 2328 2588 Ire
2343 2562 2371 2587 in
2383 2561 2438 2590 ali-e
2466 2577 2468 2584 ι

1389 2606 1482 2633 quem,
1496 2604 1545 2631 pro
1560 2597 1657 2622 Irrucre
1675 2594 1757 2621 Ouid.
1771 2594 1834 2620 Fast.
1849 2603 1871 2626 ς,
1886 2603 1938 2628 713.
1974 2595 2049 2630 Virg.
2064 2596 2128 2621 Aen.
2141 2605 2168 2629 9,
2177 2598 2244 2631 ⁴424.
2314 2596 2380 2623 Plin.
2396 2600 2447 2629 ¹8..

2045 2631 2126 2657 Ouid.
2141 2632 2219 2666 Epist.
2234 2640 2270 2663 10,
2284 2640 2320 2659 121
2349 2632 2439 2667 Spirim

1391 2674 1432 2695 tus
1447 2667 1541 2694 infelix
1555 2666 1704 2701 peregrinas
1719 2665 1771 2692 ibit
1783 2665 1810 2691 in
1825 2666 1916 2691 Ani-as.
1971 2666 2013 2692 Ire
2028 2665 2056 2692 in
2070 2667 2141 2693 Bona
2154 2667 2260 2694 alterius
2274 2667 2431 2695 iubetPrae-

1372 2713 1377 2717 ⁵
1391 2710 1449 2736 tor,
1470 2704 1499 2729 in
1512 2702 1641 2737 principio
1654 2702 1672 2727 1.
1686 2711 1698 2727 2
1711 2702 1742 2727 D.
1757 2700 1839 2734 Qib.
1855 2709 1886 2726 ex
1900 2701 1967 2726 caus.
1982 2701 2010 2727 in
2023 2702 2084 2736 pofl‘.
2098 2709 2148 2728 eat.
2238 2704 2279 2729 Ire
2298 2704 2326 2730 in
2339 2704 2430 2730 Collo—

1392 2739 1485 2773 quium
1497 2738 1527 2764 ad
1537 2738 1686 2763 Celtiberos
1705 2737 1765 2763 Liu.
1780 2746 1821 2770 34,
1836 2744 1871 2769 19.
1927 2737 1968 2762 Ire
1985 2738 2013 2762 in
2030 2738 2175 2764 Consilium
2191 2738 2292 2765 iudices
2303 2739 2431 2771 dicuntur,

1407 2773 1607 2808 uumfi‘ntentias
1615 2772 1689 2807 ferre
1702 2772 1841 2806 incipiunt.
1913 2771 1968 2797 Cic.
1982 2781 2030 2806 pro
2044 2773 2146 2800 Cluent.
2160 2781 2196 2808 74
2210 2783 2231 2800 c.
2248 2784 2278 2800 το
2303 2775 2335 2801 In
2347 2773 2447 2809 confi-¹,

1368 2821 1378 2829 -
1391 2783 1461 2836 iium
1476 2808 1541 2833 ituri
1555 2807 1654 2832 iudices
1668 2807 1776 2839 triginta
1791 2806 1859 2836 duo,
1880 2806 2013 2833 sententiis
2025 2808 2113 2835 decem
2127 2815 2152 2834 et
2168 2809 2210 2835 sex
2221 2808 2353 2836 absolutio
2368 2803 2461 2846 con—ks

1392 2844 1436 2871 fici
1449 2847 1559 2877 poterat.
1630 2843 1660 2867 In
1674 2850 1768 2874 corpus
1783 2841 1838 2874 ire,
1858 2844 1874 2867 i.
1890 2843 2055 2879 pinguescere.
2090 2843 2220 2877 Quine'til.
2236 2853 2258 2876 ι’,
2272 2850 2309 2875 10,
2323 2852 2335 2877 5
2353 2844 2447 2877 The-{⁴

1394 2884 1463 2905 mata
1481 2876 1622 2904 iuuenibus
1643 2877 1801 2910 pertractare
1822 2877 2020 2912 permittemus,
2040 2885 2067 2905 vt
2087 2877 2277 2913 exspatientur,
2296 2885 2322 2906 et
2334 2879 2429 2915 gaude·
2440 2882 2445 2903 ι’
2461 2896 2462 2905 2

1393 2916 1437 2939 *ant
1449 2912 1574 2943 materia,
1592 2917 1616 2937 ct
1630 2911 1699 2945 quali
1713 2912 1741 2937 in
1755 2913 1857 2947 Corpus
1871 2921 1938 2940 eant.
1980 2913 2037 2940 Vid.
2053 2915 2168 2940 Burman.
2183 2923 2207 2948 p.
2221 2916 2272 2947 163.
2343 2917 2386 2942 Ire
2399 2910 2445 2943 in'z
2461 2923 2462 2931 ¹

1394 2948 1548 2978 Creditum,
1569 2950 1586 2972 i.
1600 2953 1705 2973 mutuum
1719 2950 1860 2975 contrahere
1871 2958 1878 2972 :
1895 2948 2093 2984 debitoremfieri
2111 2949 2250 2976 Africanus
2264 2951 2292 2976 in
2306 2950 2324 2977 l.
2339 2959 2367 2985 19
2387 2953 2450 2985 fu-X

2165 2985 2244 3012 Plaut.
2257 2985 2326 3013 Afin.
2335 2994 2358 3020 5,
2366 2995 2388 3022 2,
2395 2995 2445 3021 410

1394 3019 1432 3044 Ite
1448 3018 1565 3044 donuun.
1603 3018 1690 3044 rada
1704 3019 1823 3045 suauium
1835 3020 1915 3045 etiam
1932 3019 2003 3054 prius
2017 3019 2166 3054 quamabis.
2205 3026 2233 3047 C.
2246 3021 2256 3048 i
2269 3022 2297 3048 in
2305 3023 2428 3050 Crucem.
2447 3028 2450 3029 ’

1395 3052 1451 3079 Cic.
1466 3062 1514 3088 pro
1528 3053 1606 3079 Flaccv
1621 3061 1657 3086 49
1675 3055 1764 3080 Frater
1777 3064 1850 3081 meus
1863 3064 1910 3089 pro
1923 3056 1967 3081 sua
1979 3055 2111 3089 aequitate
2131 3055 2321 3092 prudentiaque
2338 3058 2427 3085 decre·
2461 3062 2462 3067 ¹

1394 3089 1447 3114 vit:
1467 3095 1494 3115 vt
1503 3089 1519 3115 ii
1528 3088 1672 3114 iudicatum
1680 3091 1829 3123 negaret,in
1836 3090 1944 3124 duplum
1958 3090 2018 3125 iret,
2026 3091 2089 3125 quod
2099 3090 2162 3117 hanc
2171 3092 2269 3120 videtur
2277 3093 2428 3129 habe-resen-

1393 3127 1510 3155 tentiam,
1530 3131 1558 3150 vt
1571 3127 1603 3156 is,
1612 3127 1656 3159 qm?
1663 3124 1690 3149 de
1703 3134 1728 3150 re
1740 3127 1851 3151 iudicata
1865 3127 1939 3152 denuo
1946 3125 2063 3151 iuda-nan
2069 3125 2117 3159 fibi
2133 3126 2370 3163 ..'u›·1posi1‹laret‚is
2381 3129 2430 3156 bac

1386 3196 1503 3230 Jbtucrrt.
1574 3195 1662 3221 Tacit.
1702 3214 1707 3220 .
1743 3215 1749 3220 .
1786 3216 1791 3222 .
1828 3197 1924 3231 Neque
1937 3195 2090 3222 interfectus
2102 3197 2128 3222 in
2139 3199 2285 3233 exemplum
2298 3198 2358 3226 ibit.
2394 3201 2427 3226 In
2442 3214 2444 3217 v

1393 3230 1471 3256 fodcm
1485 3230 1560 3266 J2·²:Jic
1580 3229 1661 3256 Ouid.
1680 3230 1766 3256 Trist.
1781 3240 1803 3264 ς,
1822 3240 1889 3266 3,27
1923 3232 1950 3257 Si
1972 3231 2009 3257 fas
2032 3232 2067 3257 cst
2094 3234 2218 3268 exemplis
2242 3235 2282 3260 ire
2306 3232 2445 3262 deorum.x

1393 3266 1449 3292 Cic.
1463 3266 1514 3292 Att.
1530 3275 1566 3297 m,
1582 3268 1609 3291 16
1628 3266 1714 3291 Vnum
1729 3266 1793 3292 illud
1808 3266 1948 3294 firmissime
1962 3267 2131 3299 ass'cuerabat,
2152 3269 2169 3294 li
2182 3268 2297 3296 dam'nati
2309 3270 2428 3297 restitue·
2444 3266 2448 3270 Α

1393 3308 1483 3327 rentur
1493 3321 1500 3333 ,
1520 3301 1546 3326 in
1560 3301 1674 3327 Exilium
1688 3301 1712 3326 se
1727 3301 1835 3328 iturum.
1938 3303 1980 3329 Ire
1993 3303 2021 3328 in
2034 3303 2183 3337 fastidium,
2198 3312 2247 3340 pro
2263 3306 2373 3341 Incipere
2384 3306 2428 3332 ha·
2442 3306 2452 3341 J,

1530 3372 1535 3376 θ
1632 3371 1636 3375 .
1745 3373 1749 3376 ῃ
1980 3339 2035 3364 Cic.
2059 3340 2110 3365 Att.
2130 3348 2153 3371 2,
2167 3347 2184 3374 7
2216 3340 2344 3375 Equidem
2357 3341 2451 3376 ante-'4

1393 3381 1471 3405 quam
1486 3372 1537 3405 lcg1
1550 3379 1605 3398 tuas
1619 3371 1722 3403 literas,
1744 3381 1770 3397 ιη
1784 3373 1928 3399 Hominem
1940 3373 1980 3400 ire
1994 3374 2145 3408 cupiebam,
2171 3379 2190 3402 i.
2203 3375 2332 3407 inuadere,
2350 3376 2428 3412 incest
2444 3387 2446 3393 ’
2460 3400 2462 3409 Α

1386 3412 1442 3443 Jcre
1455 3408 1563 3436 Clodium
1580 3411 1605 3432 in
1618 3407 1788 3440 concionibus,
1808 3411 1835 3433 tn
1850 3409 1938 3435 Senatu
1947 3427 1954 3440 ,
1971 3409 2038 3435 ils-*im
2049 3414 2183 3446 exagitare.
2244 3412 2278 3437 Vt
2292 3417 2373 3447 nempe
2385 3412 2428 3439 Ire
2442 3395 2463 3449 &j

1394 3444 1422 3468 in
1434 3441 1531 3468 hosscm
1552 3443 1613 3469 Stat.
1627 3439 1716 3468 Theb.
1734 3451 1772 3474 10,
1789 3448 1839 3475 258.
1910 3443 1981 3470 Vi&
1994 3444 2024 3470 de
2040 3446 2109 3472 Viris
2119 3445 2211 3472 illustr.
2225 3455 2246 3472 c.
2261 3454 2294 3480 72
2313 3446 2427 3475 Decium
2442 3426 2463 3482 i}

1393 3477 1541 3504 Praetorem
1563 3478 1708 3504 transeunte
1727 3478 1801 3511 ipso,
1832 3477 1962 3505 sedentem
1981 3480 2045 3506 iuliit
2063 3482 2204 3516 alliu-gere,
2230 3481 2307 3515 eique
2327 3482 2426 3509 vestem
2443 3473 2463 3519 il

2245 3516 2274 3542 In
2288 3517 2424 3544 iuseamun
2445 3536 2447 3540 .

1392 3548 1459 3575 Ter.
1469 3548 1572 3574 P‘norm.
1582 3558 1602 3579 ς,
1610 3551 1676 3579 8,S8.
1713 3549 1879 3583 Notajmua.
1923 3550 1979 3576 vid.
1990 3551 2093 3584 Briffou.
2102 3551 2130 3577 (le
2140 3552 2308 3586 FormuL5pr.
2363 3554 2425 3580 Stat.
2444 3548 2454 3585 ἦ

1393 3583 1484 3610 Theb.
1500 3592 1529 3611 11.
1546 3593 1586 3616 193
1605 3584 1680 3610 Ibant
1695 3584 1722 3609 in
1737 3584 1883 3616 Lacrimas,
1903 3585 1985 3612 veluti
1999 3595 2079 3620 quum
2093 3596 2156 3613 vere
2166 3588 2273 3613 reuerso
2292 3587 2425 3615 Bistoniae

1392 3625 1498 3653 tepuere
1511 3620 1598 3645 niues:
1619 3619 1705 3654 i.flcrc
1717 3619 1793 3644 ‹lruuo
1807 3620 1955 3654 mesple-bant
1964 3642 1971 3653 ‚
1989 3632 2017 3647 cs<
2026 3623 2098 3656 Virg.
2107 3624 2206 3654 λᾶι-14,
2219 3630 2272 3654 413.
2341 3623 2424 3650 Ouid.
2446 3618 2450 3624 ¹

1392 3655 1457 3681 Fau.
1470 3659 1496 3685 6,
1513 3660 1543 3686 89
1561 3654 1650 3686 Dixit,
1668 3660 1693 3679 et
1707 3654 1733 3679 in
1748 3655 1832 3681 Litem
1846 3655 1932 3682 studio
1946 3658 2094 3684 certaminis
2108 3658 2188 3683 ifl'ent.
2257 3659 2268 3683 1
2281 3657 2309 3684 in
2327 3659 2433 3690 Malam,
2462 3672 2463 3688 ι
2477 3687 2479 3689 ,

1569 3725 1574 3729 ⁵
1882 3692 1961 3718 t’laut.
1975 3693 2057 3719 Trin.
2077 3702 2097 3725 3,
2111 3701 2132 3724 3,
2146 3700 2164 3724 4
2202 3692 2426 3728 Namque-hercle
2462 3692 2474 3719 :f

1393 3724 1500 3751 honeste
1517 3723 1576 3751 fieri
1596 3725 1678 3750 serme
1699 3734 1750 3750 uon
1764 3724 1855 3758 potest,
1869 3733 1897 3752 vt
1916 3736 1971 3753 eam
1985 3728 2116 3763 perpetiar
2128 3727 2167 3753 ire
2181 3727 2208 3752 in
2223 3729 2426 3756 Matrimonium
2462 3732 2463 3735 ’

1392 3760 1445 3786 fine
1459 3760 1529 3785 dote.
1635 3759 1726 3798 Tacit.
1742 3760 1808 3786 Anu.
1823 3769 1858 3794 ιι,
1875 3765 1904 3792 63
1931 3764 2086 3798 Crebroque
2100 3761 2223 3795 vulgabat
2237 3764 2276 3790 ire
2289 3765 2317 3790 in
2330 3763 2441 3797 Melius,
2478 3778 2479 3781 ι

1391 3793 1569 3821 valetudinem
1583 3794 1724 3828 principis,
1744 3804 1797 3829 quo
1815 3797 1891 3823 miles
1910 3797 1980 3824 bona
2000 3799 2028 3824 in
2042 3800 2084 3832 spe
2095 3803 2191 3831 ageret.
2282 3800 2355 3835 Cous.
2370 3800 2425 3827 Cic.

1391 3831 1444 3856 Att.
1459 3836 1497 3862 14,
1513 3837 1546 3861 ¹5.
1640 3830 1706 3856 Ter.
1722 3830 1826 3857 Phor-m.
1840 3842 1867 3866 4,
1882 3842 1908 3866 4,
1922 3842 1946 3865 1,-
1965 3833 2040 3860 Noui
2053 3838 2183 3859 caeterum
2195 3841 2277 3867 quum
2291 3842 2426 3870 argentum
2467 3844 2470 3849 ’

603 3866 672 3892 Suet.
686 3865 714 3892 in
726 3865 809 3899 Calig.
824 3871 845 3892 c.
860 3872 886 3897 53
906 3865 1088 3892 Pronuntiauo
1101 3873 1205 3901 quoque
1224 3871 1249 3892 et
1265 3871 1328 3899 vox,
1338 3878 1380 3904 ¹05
1389 3871 1522 3899 repetent,
1542 3863 1629 3892 nostra
1657 3866 1731 3892 causa
1753 3867 1851 3894 scilicet
1875 3869 1903 3895 in
1917 3869 2040 3897 Ner-uum
2051 3867 2140 3903 potius
2155 3866 2222 3900 ibit,
2241 3872 2260 3895 i.
2275 3873 2302 3895 in
2315 3865 2456 3902 vmcula‚''

2295 3914 2422 3933 carcerem.
