2479 4225
79 205 164 244 ¹109
474 160 617 232 1“”Νμ
694 190 734 231 G
1582 192 1601 234 1
1678 193 1722 235 N
1803 197 1843 240 G
2149 216 2226 245 1110

14 277 16 280 ¹
39 272 47 301 's
78 281 137 310 111111
150 279 279 316 ingemuit
314 278 395 307 Ouid.
408 279 473 307 Met.
489 287 536 315 14,
552 287 615 316 407.
719 276 885 314 Ingemuistis
896 284 963 304 voce
985 275 1065 304 huius
1078 285 1123 305 au-
1184 276 1316 312 Qxiuffil.
1331 287 1363 319 .¹'
1381 289 1403 313 3.
1436 316 1442 321 .
1508 281 1628 311 Medium
1642 303 1649 315 ‚
1685 283 1823 312 Mediocre
1836 306 1845 318 ,
1878 288 2053 318 Memorabile
2065 312 2075 325 ⁵
2110 291 2163 318 vid.
2181 291 2227 320 bb·

82 317 138 344 dita
164 317 224 343 Liu-
239 325 266 349 4,
281 323 325 348 4-9-
901 350 905 354 ,
923 350 928 354 ⁴
1114 347 1121 354 .
1184 323 1227 340 υυ.
1250 350 1260 355 ..
1299 316 1366 355 Mite
1389 315 1470 356 Ouid.
1485 318 1549 345 Met.
1565 328 1597 352 1³,
1611 326 1663 355 ¹87·
1701 321 1793 346 quen.
1808 322 1857 348 Sat.
1872 333 1899 355 4,
1918 330 1956 354 82-
2026 327 2091 352 Plin.
2107 327 2184 361 Epist.
2199 336 2226 359 1,

118 357 313 379 {NGEMISC
325 356 364 383 Ο,
383 352 436 378 gre·
489 349 619 384 [ςῃάχω]
675 349 743 376 Idem
773 349 992 376 uodprimmuum.
1045 349 1124 375 Pueri
1186 357 1208 375 11
1243 349 1283 375 hst
1301 350 1405 386 alioqui
1423 353 1523 386 Regulo
1543 361 1594 380 tam
1617 355 1717 382 mobile
1732 356 1883 390 ingenium,
1910 367 1937 385 vt
1958 361 2102 394 plurimum
2117 363 2226 394 audeat,

81 387 224 422 Spartiatae
238 395 292 412 non
308 386 481 420 ingemiscunt
492 386 633 412 verberum
646 384 740 412 dolore
764 384 845 411 aniati
869 383 1035 415 Cic.Tusc.5
1052 392 1123 418 απτ.
1185 385 1329 418 plurimum
1342 387 1443 413 timeat.
1535 390 1618 416 Molle
1648 391 1729 417 Ouid.
1743 391 1822 426 Epist.
1837 400 1874 423 ις,
1886 397 1928 425 84.
1998 397 2135 431 Multiplcx
2165 398 2224 425 Cic.

82 423 122 452 Id.
135 421 200 449 ibid.
214 430 236 454 2,
249 430 277 448 21
306 424 394 455 Qiem
408 421 477 449 vidit
491 430 570 448 nemo
584 421 632 447 vlu
647 421 862 455 ingemiscentem
875 418 955 444 malo.
991 420 1122 458 Eup-own.
1152 428 1165 455 ς
1187 420 1239 457 titt.
1253 424 1278 451 6,
1291 430 1315 447 2.
1385 422 1540 450 Obnoxium
1550 445 1558 457 ,
1584 426 1636 451 nul.
1660 433 1679 452 ο
1691 433 1706 453 13
1717 434 1737 453 Ν
1750 432 1770 452 0
1781 434 1798 453 x
1808 434 1817 453 1
1826 434 1846 453 V
1855 433 1877 452 s.
1984 430 2039 457 Cic.
2053 432 2081 457 in
2093 434 2164 458 Brut.
2181 441 2225 459 110

88 457 147 485 Vid.
161 457 233 483 Idem
247 458 278 483 de
290 458 364 484 Orat.
373 466 393 490 1,
407 466 464 490 230.
571 457 629 483 sen.
643 457 723 483 Herc.
737 457 796 483 Oet.
811 462 872 490 1732.
897 455 1124 489 lngcuuscitignis
1186 458 1352 491 Qiamquam
1366 457 1399 483 iis
1411 458 1519 492 quidem
1532 469 1584 486 uon
1597 462 1708 488 omnino
1721 461 1917 497 ingenium,sed
1929 466 2074 492 oratorium
2089 467 2228 501 ingenium>

73 491 116 524 “ad
127 492 222 519 durum
241 493 323 519 iecur.
1086 524 1091 530 .
1185 490 1278 529 defuit.
1335 493 1408 526 ‚Quod
1420 495 1541 528 autemJit
1556 497 1711 523 Oratorium
1724 498 1876 532 ingenium,
1895 498 1944 533 ipfi·
1955 498 1987 523 de
2001 500 2073 526 Orat.
2089 511 2109 533 1,
2125 512 2160 535 113
2186 510 2224 529 ita

107 534 129 554 .1
139 534 216 555 ΝΘΕ
227 535 252 554 Μ
264 535 273 554 1
283 535 375 556 ςῦῐ-’,Ν
385 534 471 561 DVS,
490 536 521 561 a,
540 536 595 554 um.
630 527 698 555 Part.
736 524 866 553 Ammian·
878 533 919 557 30,
933 530 950 558 7
980 523 1071 550 Clades
1084 533 1124 551 ΠΙ·
1184 529 1250 587 guast
1270 527 1388 567 d‘fc'f‘l's'
1401 539 1408 553 :
1452 530 1557 562 Animi,
1584 538 1662 566 atquc
1677 534 1775 567 ingenii
1789 534 1885 560 celeres
1899 534 2007 567 quidam
2021 543 2107 561 motus
2121 540 2168 563 cil'e
2182 537 2225 564 de—

37 588 39 590 ·
79 563 257 599 gemiscenda,
275 563 421 590 vindicare„
1055 595 1060 600 .
1204 569 1262 593 ent,
1291 572 1336 596 qui
1356 563 1388 589 ad
1405 565 1606 598 excogitandum
1627 569 1713 600 acuti,
1739 569 1808 595 etad
1823 568 2006 602 explicandum
2025 572 2226 606 ornandumque

120 597 350 632 ιΝσΕΝὲκο,
370 603 424 625 are.
457 597 625 633 [ἓμφῦομαι]
660 598 696 624 Ex
709 595 820 631 Simplici
831 593 989 630 intelligitur.
1029 595 1123 636 Cim-de
1139 604 1168 622 10
1185 597 1232 623 lint
1254 598 1362 630 vberes,
1393 606 1419 625 ct
1438 599 1470 626 ad
1490 602 1645 628 memoriam
1665 604 1734 629 firmi
1756 611 1834 638 atquc
1856 603 1986 631 diuturni.
2089 607 2135 632 Far
2167 609 2224 634 Cic.

82 634 142 662 Fin.
158 642 185 666 ς,
200 643 235 667 24
266 635 297 661 Et
311 634 389 660 illum
402 634 548 668 appetitum
561 641 650 661 rerum
662 641 676 659 a
689 636 781 658 natura
793 629 1066 671 accommodatarum,
1084 639 1123 657 111-
1183 641 1232 667 pro
1252 634 1334 660 Corn.
1356 634 1427 662 Balb.
1445 644 1464 660 1.
1581 638 1691 663 Paruum
1731 640 1796 666 Hor.
1815 640 1893 673 Epist.
1913 648 1940 672 1,
1963 649 1992 673 3,
2012 649 2049 667 22.
2118 643 2225 668 Perat-re

81 676 236 704 generatum
255 676 413 704 putauerunt
434 669 575 702 omnibus,
604 668 650 703 qui
664 667 833 693 continentur
844 673 874 692 ea
894 666 1123 706 commendatione
1185 669 1242 694 Cic.
1255 669 1286 696 de
1299 669 1372 696 Orat.
1386 679 1415 702 3,
1430 678 1484 702 124.
1573 673 1746 707 Fert-legantis
1761 675 1861 709 ingenii
1876 675 1918 701 vir
1932 675 2061 703 Hesiodus
2093 676 2190 702 Patere.
2206 686 2226 708 1,

81 711 210 738 naturae,
242 714 293 740 qua
315 706 340 731 se
355 705 401 738 ipli
420 704 550 738 diligunt.
646 703 792 736 Ingenera:
827 709 896 727 nunc
922 702 977 727 sunt
998 702 1123 735 genitalia
1186 710 1256 738 7pr.
1328 705 1425 738 Pingue
1453 705 1532 732 Ouid.
1546 708 1610 734 Mct.
1626 717 1659 741 11,
1675 714 1727 742 ¹48-
1798 712 1908 737 Prauum
1922 710 2039 737 hominis
2067 711 2132 737 Plin.
2146 712 2226 745 Epist.

81 745 203 774 tempora
216 740 308 767 mundi
340 741 446 767 Colum.
461 741 571 772 10,·196.
607 739 791 765 Generationem
799 738 943 772 plantarum
958 740 983 762 in
996 738 1066 763 horto
1080 744 1122 764 ruo
1184 747 1212 771 3,
1231 748 1256 771 9.
1293 749 1341 766 non
1355 743 1392 766 ita
1402 743 1491 775 procul
1503 742 1586 777 astur.
1681 744 1818 778 Ingenium
1831 745 1963 780 quondam
1981 747 2066 773 suerat
2087 748 2228 774 Pretioliun

75 782 202 812 promoue.
274 776 342 801 Deus
357 776 492 809 ingenerat
505 775 557 801 iras
592 773 653 800 Stat.
667 772 759 799 Theb.
772 782 805 806 4,
820 780 873 804 230.
942 772 997 798 Cic.
1013 773 1041 812 L.
1058 773 1120 813 Agr.
1140 782 1166 809 ις
1182 783 1248 800 auro
1281 776 1361 801 Ouid.
1375 776 1464 802 Amor.
1479 785 1506 809 3,
1525 784 1551 808 8,
1565 787 1585 810 3.
1689 780 1830 806 Probabile
1861 782 1918 807 (310,
1932 782 1960 807 in
1972 782 2044 808 Brut,
2058 786 2111 812 180.
2184 783 2228 809 ln-

80 819 113 842 2,
131 818 168 844 94
199 810 264 838 Non
276 811 462 846 ingenerantur
474 808 628 836 hominibus
642 817 728 835 mores
743 814 795 835 tam
807 816 821 834 a
834 808 911 841 stirpe
931 816 1032 841 generis
1046 809 1121 834 seuu-
1182 810 1289 844 genium
1303 810 1340 837 est
1355 812 1474 837 onmium
1494 813 1632 840 hominum
1653 824 1667 841 a
1682 815 1773 842 labore
1794 817 1916 842 Procliue
1933 817 1964 842 ad
1985 817 2124 844 libidinem
2156 818 2226 845 Ter.

80 847 139 877 nis,
159 854 238 880 quam
254 855 286 872 ex
300 847 341 873 his
354 846 449 878 rebus,
477 853 543 880 quae
554 844 586 870 ab
599 845 652 879 ipsa
666 850 758 870 natura
774 843 841 873 loci,
866 850 891 869 et
905 851 919 868 a
933 844 1001 870 vitae
1014 845 1121 870 consue·
1183 845 1264 871 Andr.
1280 854 1299 878 1,
1314 855 1334 879 1,
1349 855 1388 876 50.
1458 848 1591 875 Promtum
1607 849 1639 876 ad
1653 851 1783 884 asperiora
1797 851 1883 877 Druso
1896 858 1951 877 erat
1975 852 2067 879 Tacit.
2080 855 2148 880 Ann.
2158 862 2178 886 1,
2186 862 2225 887 29·

80 881 172 908 tudine
185 882 399 916 suppeditantur,
419 881 515 916 quibus
529 879 642 911 alimur,
661 885 686 906 et
698 879 794 914 quibus
808 878 934 906 viuimus.
1013 880 1120 913 Ingcne-
1143 901 1147 906 .
1183 880 1311 908 Pudicum
1342 881 1410 908 Ter.
1427 883 1491 910 Hec.
1508 893 1532 916 1,
1546 893 1574 915 2,
1588 893 1631 919 77.
1726 886 1936 913 Pulcherrimum
1968 889 2034 914 Piin.
2047 889 2125 923 Epist,
2140 893 2169 921 8,
2188 897 2226 916 η.

80 922 121 944 rat
133 925 250 944 amorem
265 918 292 946 in
314 926 371 949 eos,
393 923 438 944 etc.
473 916 530 942 Cic.
545 915 597 942 Off.
615 924 641 948 1,
653 923 681 942 12.
701 924 722 941 c.
734 924 760 948 4.
825 945 830 948 μ
848 914 1016 947 Ingcncrauit
1028 921 1120 941 natura
1183 916 1330 948 Martial.9‚
1346 925 1371 949 51
1397 918 1534 952 Ingenium
1548 921 1616 946 nuni
1631 921 1718 946 Gaure
1732 922 1826 955 probas
1840 921 1872 948 fic
1887 923 2073 957 en'cputillum,
2092 924 2227 956 Carmina,

79 951 233 980 societatem
247 954 364 987 vtrisque
378 972 379 976 .
395 952 456 979 Liu.
470 959 499 984 ς,
516 959 560 986 27.
668 951 820 985 ingenerata
833 949 949 976 familiae
963 957 1020 975 tuae
1035 950 1120 984 fruga-
1133 961 1169 979 20
1183 952 1255 986 quod
1272 952 1384 985 faciam,
1415 963 1481 988 quac
1500 955 1630 981 breuitate
1650 957 1760 989 placent.
1849 958 1961 984 Rectum
1980 965 2093 994 vtroque
2117 961 2227 987 vorsum

80 987 141 1014 litas
167 988 222 1014 Cic.
236 997 285 1022 pro
298 989 367 1016 Sext.
376 996 400 1014 21
415 997 436 1013 c.
446 996 471 1021 9.
559 987 623 1013 Non
635 985 708 1013 decet
720 986 792 1013 Tam
806 992 880 1012 vetus
894 985 944 1011 lint:
958 985 1048 1011 liberis
1063 986 1120 1012 No·
1181 987 1264 1014 Plaut.
1280 988 1354 1022 Capt.
1369 997 1394 1020 2,
1408 997 1428 1021 3,
1442 995 1464 1020 8.
1535 991 1610 1017 Rnde
1636 991 1766 1024 QuinCIil.
1781 1000 1801 1023 1,
1813 1000 1838 1017 2.
1933 994 2045 1020 Saeuum
2069 995 2134 1021 Plin.
2145 995 2224 1030 Epist.

80 1031 142 1050 rnen
153 1023 219 1056 else,
240 1023 282 1050 sed
293 1020 411 1050 indidem
426 1024 526 1057 semper
539 1021 691 1056 Ingenerari
724 1020 819 1048 Catull.
834 1023 880 1054 62,
894 1029 947 1047 212.
983 1024 1009 1046 in
1022 1022 1066 1048 ho.-
1079 1030 1119 1057 gc-
1181 1032 1209 1056 4,
1225 1031 1266 1049 22.
1336 1024 1420 1050 Solers
1448 1026 1505 1052 Sen.
1519 1025 1610 1052 Theb.
1628 1034 1654 1058 1,
1689 1045 1696 1052 .
1734 1046 1741 1053 .
1813 1027 1869 1053 Cic.
1882 1027 1914 1053 dc
1926 1030 1999 1056 Orat.
2011 1038 2036 1059 2,
2048 1038 2088 1062 {33
2112 1030 2226 1057 Subacto

80 1067 138 1084 nere
148 1062 274 1093 generari,
294 1062 321 1084 in
333 1059 380 1085 hac
388 1058 504 1093 familia.
1181 1057 1249 1084 mihi
1264 1058 1371 1092 ingenio
1384 1068 1450 1094 opus
1464 1061 1499 1087 est
1514 1071 1520 1087 z
1556 1067 1584 1087 vt
1603 1070 1667 1094 agro
1679 1070 1733 1087 non
1747 1061 1824 1087 semel
1839 1071 1928 1095 arato,
1951 1065 1995 1090 fed
2014 1072 2112 1092 nouato
2131 1073 2158 1091 et
2177 1066 2227 1092 ite-

115 1099 126 1118 1
136 1099 158 1118 N
168 1098 188 1119 G
198 1100 214 1119 Ε
224 1100 244 1118 Ν
254 1100 270 1120 E
279 1101 297 1120 R
307 1101 374 1121 Asc
383 1101 418 1125 0,
437 1096 490 1120 ere.
545 1092 612 1120 Idem
626 1091 690 1127 quod
701 1094 836 1128 Ing-emero,
854 1101 869 1118 a
883 1101 926 1127 quo
941 1091 1072 1127 descendit,
1090 1097 1120 1118 vt
1181 1100 1257 1126 rato,
1276 1103 1330 1128 quo
1344 1095 1470 1122 meliores
1484 1097 1553 1122 setus
1567 1096 1639 1130 potiit
1652 1103 1677 1122 et
1690 1096 1840 1130 grandiores
1855 1098 1942 1124 cdere.
2014 1100 2119 1127 Summa
2143 1101 2226 1127 Plaut..

77 1135 94 1160 ᾳ
110 1127 193 1160 Labo’
216 1129 341 1164 Labasm.
363 1129 406 1157 ⁸„b
428 1131 543 1163 magro,
571 1127 725 1164 liitegrafio,
757 1134 803 1153 etc.
899 1128 1001 1154 Luci-et.
1016 1136 1043 1160 3,
1065 1130 1118 1162 746
1133 1137 1165 1163 25
1182 1130 1256 1164 Capt.
1273 1138 1292 1160 1,
1307 1138 1331 1160 2,
1344 1132 1384 1156 62.
1456 1131 1579 1158 Tardum
1606 1132 1661 1158 Cic.
1675 1131 1708 1158 de
1726 1133 1800 1158 Orat.
1815 1141 1842 1162 2,
1858 1140 1907 1166 117.
2022 1135 2060 1160 Id.
2073 1135 2104 1162 de
2117 1137 2226 1163 Amicit.

76 1161 110 1189 Et
125 1163 177 1189 iam
193 1160 293 1190 caetera
306 1165 337 1190 de
350 1173 445 1198 genere
458 1165 523 1195 hoc,
550 1172 595 1189 cur
609 1164 700 1189 omnia
714 1162 842 1189 membris
878 1163 914 1188 Ex
934 1163 1039 1189 ineunte
1051 1172 1118 1190 aeuo
1181 1167 1217 1190 66
1248 1165 1344 1198 Neque
1357 1166 1428 1193 enim
1442 1166 1523 1193 fidum
1538 1167 1621 1202 potest
1636 1168 1682 1193 effe
1697 1167 1835 1201 multiplex
1851 1168 2002 1202 ingenium,
2022 1177 2048 1195 et
2066 1172 2224 1198 tortuosum.

77 1197 292 1232 ingenerascunt‚
312 1200 393 1233 inque
406 1205 545 1234 genantur.
596 1198 639 1225 Sic
652 1201 701 1230 iam
718 1198 808 1226 editur.
863 1200 920 1224 Alii
932 1200 1014 1225 aliter.
1180 1200 1247 1226 Plin.
1263 1200 1340 1234 Epist.
1354 1210 1373 1233 1,
1389 1204 1416 1227 16
1444 1203 1593 1229 Laudabam
1608 1204 1741 1229 Saturnini
1758 1203 1912 1237 ingenium,
1936 1205 2014 1230 etiarn
2026 1211 2166 1240 antequam
2179 1207 2225 1232 sci-

28 1250 43 1255 ·
116 1240 125 1259 1
138 1239 160 1259 N
175 1239 196 1260 G
207 1240 223 1260 E
234 1242 273 1261 Nx
285 1240 306 1261 T
319 1242 361 1262 vs
371 1255 377 1265 ,
404 1235 456 1261 vid.
478 1242 487 1260 1
497 1241 518 1259 N
529 1240 550 1260 G
559 1240 568 1259 1
578 1239 598 1260 G
610 1240 632 1259 N
643 1239 673 1260 ο.
823 1231 843 1270 ἦ
868 1242 884 1259 2
920 1234 1067 1268 ingenitus,
1085 1242 1118 1267 a,
1181 1244 1249 1268 rem,
1268 1245 1347 1270 quam
1360 1238 1466 1263 varium
1475 1258 1482 1270 ‚
1503 1248 1581 1273 quam
1596 1238 1725 1271 flexibile,
1744 1247 1822 1273 quam
1835 1239 1974 1273 multiplex
1986 1240 2055 1266 effer.
2128 1241 2226 1274 Velox,

76 1275 131 1295 um.
168 1268 227 1298 Adi.
272 1272 331 1297 Non
342 1274 449 1306 genitus.
489 1269 589 1295 Arnob.
599 1277 608 1295 1
623 1277 694 1303 p.17.
1181 1280 1210 1297 ac
1224 1271 1325 1297 mobile
1352 1272 1482 1306 Qiintffil.
1496 1276 1521 1305 6,
1535 1284 1561 1308 4.
1598 1276 1690 1301 quen.
1704 1275 1753 1300 Sat.
1767 1283 1788 1306 3,
1801 1282 1842 1308 73.
1949 1276 2107 1302 Venerabile
2133 1278 2226 1304 lunen.

112 1309 154 1330 ΙΝ
165 1310 285 1332 GEN1c
296 1304 315 1331 ὕ
326 1312 342 1331 1.
352 1313 412 1338 vs,
436 1305 456 1332 i.
496 1313 532 1330 m.
585 1305 635 1339 Qu·
651 1306 753 1331 Graccis
770 1304 904 1340 Engonoifls
916 1304 1017 1335 dicitur,
1034 1306 1119 1331 Nixus
1133 1315 1165 1340 30
1181 1307 1233 1333 Sat.
1247 1314 1282 1339 15,
1298 1314 1351 1340 143.
1547 1307 1567 1346 ff
1588 1319 1607 1343 4
1649 1311 1728 1336 Verba
1743 1320 1751 1335 ι
1788 1309 1928 1336 Abundat-e
1943 1310 2052 1344 ingenio
2085 1312 2140 1339 Cic.
2153 1313 2226 1340 Fam.

31 1369 34 1373 ⁸
72 1339 191 1376 genibus,
210 1339 299 1372 fideris
311 1350 403 1371 nomen.
458 1340 567 1366 Firmic.
580 1345 608 1372 8,
622 1348 658 1375 17.
707 1340 802 1367 Manil.
816 1347 846 1373 5,
860 1344 916 1373 639.
975 1339 1034 1368 Vid.
1055 1346 1073 1367 Β
1085 1347 1120 1366 N·
1181 1352 1219 1376 4,
1233 1348 1255 1371 8.
1322 1343 1424 1369 Acuere
1437 1343 1574 1377 ingenium
1601 1345 1732 1379 Qxinffil.
1749 1354 1775 1377 1,
1794 1354 1821 1378 4.
1865 1345 1922 1372 th.
1941 1353 2055 1374 ACVO.
2127 1349 2226 1382 Aequi-

76 1380 98 1401 G
109 1381 127 1401 o
139 1380 160 1400 N
172 1383 193 1402 Α
203 1383 215 1402 s
224 1377 265 1402 ἰε-
1181 1386 1273 1412 parans
1286 1376 1425 1412 ingenium
1437 1388 1525 1405 mores
1553 1381 1634 1407 Ouid.
1648 1390 1679 1407 ex
1693 1382 1768 1407 Pont.
1783 1389 1811 1413 2,
1821 1389 1842 1413 ς,
1855 1389 1901 1414 44.
1993 1382 2072 1409 Alere
2084 1382 2226 1416 ingenium

110 1416 181 1437 ING
192 1417 239 1437 EN
249 1419 257 1437 1
266 1417 283 1437 c
292 1417 313 1437 v
322 1418 337 1437 L
347 1416 383 1443 o,
401 1414 454 1437 are.
501 1410 601 1444 Hygin.
616 1410 721 1437 Astron.
736 1419 758 1443 2,
773 1412 790 1437 6
807 1409 886 1443 dicit,
905 1410 1039 1445 postquam
1052 1411 1119 1438 Her·
1182 1413 1316 1446 Quinetil..
1330 1422 1349 1445 1,
1363 1418 1385 1443 8.
1457 1415 1562 1449 Affequi
1577 1416 1712 1450 ingenium
1721 1436 1729 1449 ‚
1756 1417 1808 1442 vid.
1824 1424 1846 1443 A
1855 1423 1867 1443 s
1878 1425 1890 1443 s
1899 1423 1915 1443 Ε
1924 1423 1973 1455 qv
1984 1423 2002 1444 ο
2013 1424 2042 1444 R.
2112 1420 2227 1445 Auferre

27 1460 29 1463 »
74 1445 159 1472 tulem
174 1446 224 1472 tela
237 1445 394 1479 deficerent,
413 1447 438 1472 se
451 1446 643 1480 ingeniculaffe.
697 1446 771 1481 Conf.
786 1446 920 1480 Lamprid.
935 1446 1042 1480 Heliog.
1061 1455 1082 1472 c.
1097 1454 1118 1479 ς.
1181 1448 1279 1474 famam
1300 1448 1402 1483 ingenii
1438 1450 1571 1483 Quinctil.
1590 1461 1625 1486 4,
1647 1461 1666 1479 1.
1755 1453 1863 1478 Certare
1882 1452 1990 1486 ingenio
2025 1454 2128 1480 Lucret.
2142 1463 2173 1486 2,
2193 1462 2225 1481 11.

111 1487 121 1508 1
134 1487 156 1506 N
167 1487 263 1507 GENI
274 1487 292 1508 c
304 1488 461 1509 VLATVS
472 1501 482 1515 ,
502 1481 521 1507 i.
540 1490 576 1507 m.
612 1480 757 1515 Idemfidus
771 1482 898 1508 Herculis.
934 1482 1040 1509 Vitruu.
1054 1490 1071 1515 9
1081 1500 1088 1513 ‚
1102 1485 1118 1508 6
1136 1488 1165 1515 35
1181 1484 1320 1510 Claudicat
1338 1484 1474 1519 ingenium
1513 1486 1585 1513 Idem
1604 1495 1632 1519 3,
1657 1495 1718 1520 434.
1810 1488 2000 1514 Commmuere
2027 1489 2096 1514 vires
2121 1489 2226 1524 ingenii

72 1514 120 1543 Pes
138 1516 321 1550 Ingeniculati.
1181 1519 1265 1546 Ouid.
1278 1528 1309 1546 ex
1325 1520 1399 1546 Pont.
1413 1528 1434 1551 3,
1447 1529 1469 1553 3,
1483 1530 1524 1554 34.
1596 1523 1726 1549 Conferre
1738 1522 1891 1557 ingenium,
1912 1524 2073 1550 Cousumere
2086 1525 2226 1557 ingenium

28 1554 30 1556 ’
80 1559 87 1564 “
109 1556 151 1578 ΙΝ
161 1557 206 1578 GE
216 1558 237 1576 N
246 1559 286 1578 lv
296 1559 322 1579 Μ
332 1571 341 1584 ,
358 1551 376 1578 i.
402 1560 429 1578 n.
453 1552 590 1586 «[ἓυφυῖἰιε,
612 1550 730 1583 ἐγχίνκν,
749 1550 799 1585 τὲ]
853 1553 957 1587 P'roprie
971 1554 1071 1579 Natura
1082 1552 1120 1578 di·
1181 1555 1211 1581 in
1223 1555 1342 1587 muficis,
1369 1556 1422 1582 visi.
1436 1554 1478 1582 h'h.
1494 1566 1536 1583 υυ.
1627 1558 1707 1584 Κεάὶει
1721 1559 1827 1592 ingenia
1841 1558 1962 1585 debilitat
1975 1560 2133 1586 verecundia
2143 1580 2149 1591 ‚
2169 1569 2227 1594 per-

27 1604 30 1607 ·
73 1589 142 1614 'citur
155 1590 241 1623 cuique
254 1589 375 1623 ingenita.
447 1588 527 1613 Plaut.
543 1586 633 1613 Bacch.
646 1595 676 1616 2,
691 1596 712 1619 3,
724 1595 759 1619 42
792 1588 879 1613 Immo
894 1588 1031 1622 ingenium
1045 1587 1120 1614 auidi
1180 1591 1256 1617 versa
1275 1590 1414 1617 confirmat
1431 1591 1538 1618 audacia
1568 1593 1636 1620 Plin.
1652 1593 1729 1628 Epist.
1744 1604 1779 1628 4,
1793 1603 1815 1626 7.
1918 1595 2057 1621 Declinare
2069 1596 2102 1621 ab
2116 1595 2227 1629 ingenio

73 1620 144 1649 haud
156 1631 296 1656 pernoram
315 1621 436 1656 hospitis.
506 1623 575 1649 Ter.
589 1622 671 1648 Andr.
686 1630 710 1654 1,
725 1632 748 1654 1,
762 1624 797 1649 66
828 1623 898 1649 Nam
913 1623 1031 1658 quicum
1047 1624 1119 1657 inge·
1180 1625 1308 1658 alicuius,
1335 1626 1388 1652 vid.
1407 1633 1425 1653 D
1435 1633 1450 1652 Ε
1461 1634 1501 1654 CL
1512 1634 1521 1653 1
1532 1635 1591 1655 No.
1686 1629 1782 1655 Deficit
1795 1629 1932 1663 ingenium
1960 1630 2040 1656 Ouid.
2057 1630 2122 1656 Fast.
2139 1640 2161 1662 2,
2176 1640 2226 1662 123.

74 1657 128 1683 niis
145 1658 313 1684 conflic‘htur
332 1657 474 1684 eiusmodi.
553 1658 601 1684 Vbi
626 1658 759 1689 Donatus,
790 1658 924 1691 Ingeniis,
953 1658 1118 1685 hominibus.
1128 1670 1166 1695 40
1181 1661 1314 1687 Detreffiat
1328 1661 1400 1688 liuor
1413 1659 1549 1696 ingenium
1564 1664 1676 1690 Homeri
1704 1664 1775 1690 ldem
1788 1665 1820 1690 de
1833 1662 1907 1690 Rem„
1922 1665 2012 1690 Amor,
2025 1666 2080 1697 365,
2151 1665 2226 1691 Diffi.

72 1692 148 1719 Idem
162 1694 257 1719 Heaut.
273 1701 298 1725 1,
319 1702 346 1725 1,
365 1702 399 1726 99
430 1693 540 1727 Ingenio
557 1698 583 1719 te
604 1694 652 1718 effe
672 1693 700 1718 in
714 1693 813 1720 liberos
826 1694 881 1720 leni
896 1700 968 1728 puto.
1006 1697 1015 1708 ⁰
1044 1696 1119 1728 Inge-
1180 1698 1242 1723 dere
1255 1697 1288 1723 ab
1302 1697 1411 1731 ingenio
1425 1698 1536 1724 alicuius
1562 1699 1599 1725 Id.
1615 1699 1693 1733 Epist.
1708 1707 1734 1733 7,
1746 1701 1784 1729 36.
1890 1699 1958 1724 Dare
1973 1700 2029 1725 vela
2044 1700 2152 1733 ingenio
2185 1700 2226 1727 ld.

71 1727 150 1754 nium
163 1728 242 1762 patris
255 1728 349 1759 habet,
366 1728 438 1763 quod
451 1729 528 1762 sapit:
564 1732 583 1755 i.
600 1728 716 1755 Moribus
728 1735 773 1755 aut
780 1728 917 1764 prudentia
927 1730 1017 1762 similis
1030 1728 1063 1762 est
1072 1737 1118 1764 pa·
1179 1732 1245 1759 Fast.
1266 1741 1291 1763 3,
1312 1740 1374 1766 790.
1479 1734 1606 1759 Exercere
1626 1735 1765 1767 ingenium
1785 1733 1946 1766 multiplici,
1971 1735 2098 1768 variaque
2117 1737 2227 1763 materia

71 1765 126 1795 tri,
143 1763 190 1795 fiue
204 1766 303 1791 Patrem
315 1763 396 1799 refert
410 1764 517 1793 moribus
542 1764 625 1791 Plaut.
638 1765 716 1790 Poen.
732 1772 760 1797 ς,
774 1774 802 1798 4,
818 1770 853 1794 28.
920 1765 980 1791 Liu.
994 1774 1014 1796 3,
1028 1768 1058 1795 36
1076 1773 1118 1799 pr.
1180 1767 1312 1800 Quneul.
1326 1775 1351 1798 2,
1365 1775 1391 1798 4.
1464 1768 1559 1793 Facere
1573 1768 1710 1800 ingenium
1722 1769 1802 1793 alicui
1828 1770 1944 1802 Propert.
1958 1777 1984 1801 2,
2000 1778 2020 1802 1,
2034 1778 2062 1802 4.
2132 1771 2227 1805 Frege-

70 1797 121 1824 Ille
133 1798 194 1825 finis
207 1800 295 1833 Appio
307 1800 410 1826 alienae
427 1800 554 1833 personae
571 1798 696 1825 ferendae
711 1800 780 1831 fuit,
805 1800 852 1825 suo
869 1799 922 1825 iam
943 1799 1005 1825 inde
1023 1800 1118 1825 viuere
1179 1807 1243 1827 runt
1257 1802 1326 1826 mala
1339 1801 1478 1834 ingenium
1494 1811 1582 1827 meum
1610 1802 1693 1828 Ouid.
1707 1803 1792 1829 Trist.
1806 1812 1836 1835 3,
1851 1812 1896 1836 14,
1909 1813 1945 1836 33.
2017 1804 2140 1831 Amicum
2154 1807 2227 1840 inge-

70 1832 182 1867 ingenio
197 1835 293 1868 coepit.
400 1835 444 1861 Ad
461 1837 529 1860 vires
547 1837 626 1859 animi
643 1843 659 1859 a
675 1835 801 1860 voluntate
819 1833 930 1868 diuerfhs
942 1833 1067 1858 interdum
1080 1842 1118 1859 re·
1130 1839 1165 1866 45
1181 1835 1228 1860 nio
1241 1836 1348 1860 Fretum
1357 1855 1366 1867 ‚
1387 1844 1441 1861 non
1454 1837 1500 1862 suo
1532 1837 1601 1863 Ter.
1615 1838 1711 1865 Heaut.
1724 1839 1792 1872 prol.
1807 1847 1832 1864 v.
1841 1848 1882 1864 22.
1972 1840 2076 1866 Habere
2089 1840 2227 1874 ingenium

35 1889 41 1893 .
62 1867 164 1904 fertur.
237 1871 292 1896 Cic.
305 1869 338 1895 de
351 1867 440 1901 Fii1.,-‚
454 1871 485 1900 36
504 1877 526 1893 c.
542 1877 566 1899 ¹3
598 1868 696 1893 Prioris
709 1868 812 1901 generis
839 1868 958 1901 (eorum,
977 1876 1036 1902 quae
1049 1870 1118 1902 inge·
1179 1870 1208 1895 in
1221 1875 1359 1896 numerato
1386 1871 1517 1904 Quinctil.
1533 1873 1559 1904 6,
1571 1881 1594 1904 3.
1666 1873 1770 1899 Habere
1783 1874 1895 1899 multum
1908 1873 2012 1907 ingenii
2029 1876 2059 1900 ad
2073 1875 2227 1910 fingendum

69 1909 191 1929 merantur
197 1905 287 1939 Jiaapte
300 1904 411 1937 natura)
435 1903 472 1928 est
485 1903 623 1935 docilitas,
641 1903 784 1928 memoria:
819 1911 885 1936 quae
900 1902 956 1929 sere
970 1902 1061 1928 omnia
1075 1911 1118 1936 ap·
1178 1905 1235 1931 Cic.
1251 1914 1299 1939 pro
1312 1906 1388 1931 Font.
1407 1916 1438 1938 30
1457 1916 1478 1932 c.
1495 1916 1533 1939 14.
1641 1908 1758 1934 laetandi
1772 1909 1873 1941 ingenii
1884 1911 1968 1942 gratia
2008 1911 2127 1943 Quinctil
2156 1921 2184 1944 3,
2205 1921 2225 1939 1.

68 1937 202 1973 pellantur
215 1947 269 1965 vno
284 1939 385 1972 ingenii
398 1939 526 1971 nomine,
546 1946 641 1972 easque
653 1938 773 1968 virtutes,
787 1939 835 1972 qui
848 1937 945 1964 habent
958 1957 966 1969 ‚
987 1937 1116 1972 ingeniosi
1179 1940 1354 1966 Clarissimum
1367 1941 1462 1967 deinde
1474 1943 1588 1968 Homeri
1602 1942 1693 1968 Illuxit
1709 1943 1860 1977 ingenium,
1879 1945 1932 1970 tine
1945 1948 2067 1979 exemplo
2079 1948 2226 1975 maximum

68 1981 212 2000 vocantur:
239 1974 333 1999 -deimie
345 1973 478 2009 distinguit
489 1974 602 1999 alterum
614 1981 694 2006 genus
706 1982 858 2007 mag-narum
872 1973 1115 2011 verarumque'vir-
1146 1997 1149 1999 ,
1178 1976 1275 2001 Patere.
1290 1984 1310 2007 1,
1324 1984 1338 2008 2·
1348 1981 1390 2009 pr.
1487 1977 1541 2002 Vbi
1556 1978 1702 2004 Intenderis
1717 1979 1870 2013 ingenium,
1888 1980 1960 2006 valet
1984 1980 2044 2006 Sall.
2059 1982 2138 2008 Catil.
2153 1992 2174 2009 c.
2188 1990 2223 2015 51.

68 2013 173 2041 tutum,
199 2018 262 2043 quas
282 2009 442 2042 appellamus
463 2008 626 2043 voluntarias
633 2027 642 2039 ,
670 2013 699 2033 vt
719 2007 885 2041 prudentiam
899 2014 1116 2047 temperantiam,
1135 2015 1167 2042 50
1178 2009 1336 2044 Inuestigata
1350 2011 1466 2044 ingeniis
1482 2012 1587 2038 oracula
1617 2013 1699 2040 Ouid.
1713 2015 1778 2040 Met.
1794 2022 1832 2046 ις,
1852 2017 1904 2044 146.
2010 2016 2133 2043 Imbuere
2153 2018 2225 2052 inge-

69 2043 258 2077 fortitudincm
268 2064 276 2076 ,
293 2044 436 2076 iustitiam,
454 2049 480 2069 et
493 2043 609 2077 reliquas
622 2042 738 2068 ciusdem
753 2043 865 2076 generis.
938 2041 1066 2082 Fcruidus
1076 2050 1117 2068 ln-
1178 2044 1254 2071 nium
1269 2044 1383 2078 artibus,
1409 2046 1462 2072 vid.
1482 2054 1524 2073 1M
1533 2054 1548 2074 B
1558 2055 1577 2073 v
1589 2054 1620 2074 O.
1716 2050 1859 2075 Immutare
1872 2050 2007 2083 ingenium
2021 2052 2150 2086 moribus,
2170 2053 2226 2082 uid.

68 2080 150 2114 genio
183 2080 264 2106 Ouid.
279 2081 343 2105 Met.
359 2088 403 2113 14,
421 2084 477 2112 485.
571 2078 662 2104 Tacit.
680 2077 747 2104 Hist.
763 2086 788 2110 1,
807 2086 842 2111 24
874 2079 897 2104 Is
916 2077 1115 2105 mobilissuuum
1178 2086 1221 2106 1M
1234 2087 1258 2107 Μ
1269 2088 1320 2107 VT
1332 2087 1363 2107 o.
1445 2082 1606 2109 Immutatur
1625 2084 1762 2116 ingenium
1781 2084 1900 2110 coae'uun
1919 2085 2043 2119 egestate,
2079 2089 2133 2114 vid.
2161 2092 2227 2116 1M-'

89 2123 202 2150 nemque
224 2116 347 2150 ingenio,
378 2122 424 2141 etc.
531 2114 642 2140 Saeuior
667 2112 776 2148 ingenio
817 2113 898 2139 Ouid.
920 2114 984 2140 Met.
1009 2122 1037 2145 1,
1063 2115 1115 2152 ¹.²⁶·
1179 2121 1306 2142 MVTO.
1377 2115 1493 2143 Induere
1513 2117 1561 2143 fibi
1580 2119 1719 2151 ingenium
1738 2127 1854 2151 nouum,
1889 2121 1941 2146 vid.
1964 2128 2101 2149 INDvo.
2181 2126 2225 2151 In.

67 2123 90 2189 ᾖ
110 2158 127 2176 2
164 2149 321 2183 Sulstannua
334 2161 341 2176 :
380 2151 455 2176 Acies
468 2149 535 2175 acris
545 2149 662 2183 ingenii,
688 2148 740 2176 vid.
753 2155 776 2175 A
785 2155 801 2175 C
810 2155 826 2174 E
837 2155 866 2175 R.
945 2150 1061 2179 Acumen
1074 2157 1115 2173 m-
1176 2150 1310 2183 gurgitare
1324 2150 1460 2183 ingenium
1475 2152 1594 2185 poculiS‚
1620 2153 1673 2180 uid.
1694 2161 1704 2180 1
1717 2160 1737 2179 N
1751 2161 1772 2185 G
1782 2162 1802 2181 V
1812 2162 1829 2181 R
1840 2161 1860 2182 G
1872 2162 1882 2180 1
1891 2162 1912 2182 Τ
1922 2162 1961 2187 Ο.μ
2037 2158 2172 2185 Laborare
2183 2160 2225 2186 in-

67 2185 209 2220 geniorum
221 2205 228 2217 ,
265 2185 318 2212 vid.
345 2192 367 2212 A
377 2191 393 2211 C
404 2192 423 2210 V
436 2191 484 2211 ΜΕ
494 2191 527 2211 Ν.
625 2186 709 2211 Amor
752 2183 834 2210 Ouid.
856 2184 947 2209 Amor.
970 2193 976 2208 1
990 2202 998 2214 ,
1023 2191 1039 2214 9
1051 2201 1059 2213 ,
1078 2191 1113 2213 33.
1132 2187 1161 2213 55
1177 2184 1272 2223 genio,
1297 2185 1351 2210 vid.
1373 2191 1471 2211 LABO
1481 2193 1537 2214 Ro.
1609 2189 1716 2215 Manent
1731 2191 1836 2224 ingenia
1850 2191 1968 2224 senibus,
1997 2193 2051 2219 vid.
2072 2200 2096 2219 Μ
2107 2201 2223 2222 ΑΝΕΟ.

67 2223 144 2254 Qae
157 2221 234 2247 docta
249 2221 365 2248 Facultas
381 2220 501 2255 Ingenii,
526 2219 683 2253 linguaeque
702 2218 810 2244 modus!
846 2217 966 2250 responsa
986 2222 1114 2242 verentur
1176 2220 1303 2246 Mmuunt
1316 2219 1453 2253 ingenium
1468 2221 1570 2249 labores
1599 2224 1680 2250 Ouid.
1694 2233 1725 2251 ex
1738 2226 1811 2252 Pont.
1826 2234 1848 2258 3,
1862 2236 1891 2260 4,
1907 2235 1939 2252 11.
2048 2228 2172 2255 Mollitur
2184 2231 2225 2256 in-

66 2257 160 2290 Legati
187 2257 278 2283 Claud,
295 2258 373 2283 Cons.
386 2257 491 2282 Honor.
503 2263 535 2288 4,
548 2262 598 2286 513.
635 2257 653 2280 i.
669 2253 805 2289 facundia.
897 2252 986 2291 Ocnus
1000 2260 1112 2285 praecox
1174 2255 1281 2287 genium
1298 2255 1330 2281 ab
1344 2261 1400 2282 arte
1430 2256 1503 2283 Idem
1518 2258 1549 2284 de
1563 2259 1628 2285 Arte
1642 2261 1700 2286 Am.
1714 2269 1740 2292 3,
1756 2269 1807 2294 3⁴5·
1880 2262 1993 2287 Mouent
2006 2261 2142 2297 ingenium
2156 2266 2224 2293 mala

66 2292 240 2323 inaeniorum
270 2291 403 2325 Qinc‘til.
417 2300 443 2323 ¹,
458 2299 478 2322 3-
565 2289 656 2315 Gratia
677 2288 779 2321 ingenii
814 2286 889 2313 Idem
911 2294 939 2313 ¹¹¹
958 2296 1076 2327 Pr002111·
1093 2296 1111 2313 1·
1174 2289 1214 2315 Id·
1228 2289 1329 2322 ibid-2,
1341 2299 1382 2324 43·
1420 2291 1445 2318 b.
1459 2302 1478 2319 e.
1502 2295 1617 2321 Pericula
1629 2295 1736 2321 recidunt
1748 2297 1867 2323 hominem
1881 2296 2034 2332 iniuriosum.
2105 2300 2224 2327 Nostere

65 2320 180 2362 Ignieuli
196 2327 298 2361 ingenii
323 2326 361 2352 Id.
376 2326 444 2352 ibid.
459 2327 484 2350 6.
589 2324 645 2350 Cic.
659 2323 688 2349 in
702 2324 774 2349 Brut.
789 2330 820 2355 59
848 2324 883 2350 Vt
897 2322 1015 2348 hominis
1035 2322 1111 2362 decus
1174 2324 1327 2359 ingenium,
1353 2326 1406 2352 vid.
1423 2334 1445 2353 N
1456 2335 1521 2356 osc
1532 2334 1563 2355 ο.
1631 2330 1735 2357 Offerre
1763 2332 1855 2357 Tacit.
1868 2332 1936 2358 Ann.
1953 2341 1992 2365 14,
2008 2342 2067 2367 3‚4.
2138 2337 2223 2363 Orna-

64 2363 220 2397 ingenium,
238 2362 271 2387 sic
284 2361 386 2395 ingenii
397 2359 480 2395 rpfius
493 2359 583 2385 lumen
596 2359 632 2385 est
646 2359 806 2393 eloquentia.
887 2358 1059 2384 Imbecillitas
1073 2366 1112 2384 111-
1125 2359 1160 2384 60
1173 2365 1213 2386 tus
1228 2361 1301 2387 bono
1314 2361 1438 2395 ingenio,
1464 2364 1518 2390 vid.
1537 2370 1584 2390 OR
1593 2370 1615 2389 N
1624 2372 1676 2391 AT
1687 2373 1707 2392 v
1717 2373 1739 2392 s.
1836 2367 1981 2401 perspicere
1995 2367 2130 2398 ingenium
2146 2378 2171 2398 et
2179 2382 2223 2399 na-

27 2396 38 2400 *
64 2398 138 2433 genii
165 2397 231 2423 Plin.
245 2396 324 2431 Epist.
338 2405 366 2429 4,
382 2402 416 2425 18.
473 2394 630 2428 Magnitudo
644 2394 746 2428 ingenii
770 2395 827 2432 Cic.
843 2393 921 2419 Acad-
937 2403 963 2427 4,
978 2402 997 2419 1·
1052 2394 1112 2433 Mo·
1173 2403 1259 2423 turam
1275 2398 1351 2430 pueri
1385 2398 1517 2429 Qinffil.
1532 2408 1556 2433 1,
1574 2408 1600 2432 4.
1673 2401 1708 2427 At
1720 2409 1773 2426 non
1789 2401 1898 2435 ingenio
1912 2399 2063 2436 Qiaelitum
2077 2415 2174 2433 nomen
2188 2408 2222 2434 ab

26 2434 30 2437 ’
62 2439 189 2460 numenta
202 2433 372 2466 ingeniorum
398 2429 529 2463 Qine‘nl.
544 2438 567 2461 3,
581 2437 608 2463 7.
696 2430 800 2455 Natura
812 2428 914 2462 ingenii
927 2429 1056 2463 praestans
1070 2437 1113 2456 Vir
1172 2440 1240 2457 aeuo
1265 2431 1391 2458 Excidet:
1429 2433 1539 2467 ingenio
1563 2434 1610 2460 stat
1630 2434 1682 2462 fine
1705 2440 1792 2463 morte
1814 2438 1891 2463 decus
1924 2440 2041 2472 Propert.
2066 2450 2098 2473 3,
2124 2451 2134 2468 1
2155 2451 2220 2471 extr.

63 2469 138 2497 Idem
154 2477 189 2500 .¹2‚
205 2477 222 2499 1,
236 2476 273 2500 23.
345 2467 448 2492 Natura
461 2464 570 2491 humani
584 2464 687 2499 ingenii
711 2464 786 2490 Idem
800 2464 828 2491 in
841 2473 959 2498 prooem.
969 2473 987 2491 1.
1051 2464 1111 2490 Suc·
1171 2466 1241 2492 Ter.
1254 2468 1318 2492 Hcc.
1334 2476 1354 2498 1,
1370 2475 1390 2498 2,
1403 2472 1430 2499 38
1456 2469 1483 2495 Si
1496 2469 1566 2496 mihi
1580 2469 1657 2496 fidem
1673 2472 1716 2498 da‘s
1731 2479 1755 2498 te
1768 2473 1923 2505 tacituram,
1944 2473 2039 2501 dicam.
2060 2483 2075 2502 Ρ
2087 2483 2119 2503 1—1.
2138 2478 2170 2504 ad
2180 2479 2221 2505 in.

64 2513 109 2531 cus
122 2504 229 2538 ingeni?
253 2503 292 2528 Id.
308 2501 375 2528 ibid.
481 2500 611 2526 Tarditas
634 2500 672 2527 Id.
687 2509 708 2534 1,
724 2509 741 2525 1.
819 2500 979 2534 Turpitudo
1011 2501 1109 2526 Patere.
1172 2501 1279 2536 genium
1295 2502 1383 2528 Redis.
1458 2505 1506 2531 Vbi
1525 2505 1638 2531 Budaeus
1653 2515 1681 2531 ex
1697 2508 1818 2540 Donato,
1851 2509 1872 2534 A
1887 2509 1912 2534 se
1924 2508 2067 2536 discesserat
2078 2512 2166 2539 seruus
2180 2514 2221 2540 lo-

12 2551 27 2584 Ρ
65 2549 92 2573 2,
105 2542 148 2573 69.
219 2538 285 2564 Plin.
299 2537 377 2572 Epist.
391 2545 425 2569 4,
440 2544 474 2562 20
505 2536 553 2562 Tu
567 2535 669 2570 ingenii
683 2535 758 2561 fimul
773 2534 928 2570 dolorisque
941 2536 1008 2562 velis
1024 2534 1108 2561 111111ῐὶ-
1123 2539 1154 2571 65
1172 2547 1258 2572 quax,
1279 2539 1325 2572 qui
1341 2538 1530 2573 aliquantisper
1544 2546 1629 2567 tacere
1641 2541 1809 2568 abstinuerat.
1864 2544 1931 2570 Add.
1947 2545 2014 2571 Ter.
2029 2546 2140 2581 Adelph.
2155 2558 2178 2580 1,
2191 2558 2220 2582 1,

14 2587 19 2594 -
64 2584 107 2602 me
129 2573 218 2600 venus
239 2582 276 2600 es.
343 2573 417 2599 Vena
438 2571 550 2606 benigna
593 2572 660 2598 Hor.
675 2572 763 2597 Carm.
783 2579 812 2603 2,
834 2576 874 2603 18,
892 2579 918 2603 9.
999 2575 1004 2579 ¹
1023 2572 1110 2603 Vigor
1172 2575 1216 2604 46.
1288 2574 1345 2599 Cic.
1365 2573 1456 2600 Diu1n.
1479 2576 1555 2601 Verr.
1576 2583 1607 2609 57
1646 2577 1736 2603 Rediit
1756 2577 1788 2603 ad
1814 2579 1857 2609 se,
1888 2587 1967 2614 atque
1989 2580 2020 2606 ad
2039 2591 2125 2609 mores
2150 2586 2218 2612 suos.

64 2609 147 2638 Ouid,
161 2609 225 2635 Met,
240 2614 269 2641 g,
282 2615 341 2641 254.
412 2607 530 2633 Virtutes
554 2606 685 2640 Qinffll.
698 2606 727 2633 in
739 2615 858 2641 prooem.
873 2608 897 2634 6.
1054 2605 1074 2644 ff
1095 2615 1108 2638 3
1172 2608 1231 2633 Liu.
1247 2616 1273 2639 2,
1289 2616 1316 2634 22
1352 2609 1392 2634 Ita
1406 2610 1508 2636 Volscis
1523 2611 1597 2637 suum
1612 2611 1702 2638 Rediit
1716 2613 1863 2646 ingenium.
1958 2616 2139 2651 Respondent,
2165 2620 2218 2647 md.

63 2646 179 2682 Epitheta
188 2653 197 2669 :
232 2645 381 2677 Abruptum
395 2642 533 2676 ingenium
542 2661 550 2673 ‚
576 2642 628 2668 vid.
642 2649 664 2668 A
675 2649 691 2669 B
699 2650 718 2669 R
727 2648 747 2667 v
758 2649 784 2668 M
795 2648 810 2669 Β
821 2649 849 2668 0.
923 2641 979 2668 Cic.
993 2641 1022 2667 111
1036 2643 1110 2668 Orat.
1172 2649 1190 2668 R
1201 2649 1217 2668 Ε
1228 2650 1240 2669 s
1250 2650 1264 2668 P
1274 2649 1293 2669 0
1301 2651 1323 2670 N
1332 2650 1350 2670 D
1360 2651 1376 2670 Ε
1386 2651 1415 2671 0.
1486 2646 1591 2672 seruire
1606 2646 1716 2681 ingenio
1748 2649 1864 2683 Propert.
1879 2658 1888 2675 1
1897 2669 1906 2681 ,
1919 2657 1937 2684 7
1945 2670 1952 2682 ,
1969 2659 1994 2685 7.
2101 2655 2219 2682 Subdere

65 2687 91 2710 18
116 2681 182 2706 Item
197 2680 246 2706 Vir
258 2679 390 2706 acerrimo
402 2678 519 2712 ingenio.
561 2677 619 2703 Vid.
640 2684 663 2703 A
674 2683 691 2703 C
704 2680 758 2704 m.
844 2677 975 2708 Acutum,
1001 2680 1042 2702 cui
1054 2686 1109 2702 con-
1170 2678 1289 2704 stimulos
1302 2679 1405 2713 ingenii
1438 2681 1519 2707 Ouid.
1533 2682 1620 2717 Trist.
1636 2690 1665 2715 ς,
1681 2692 1689 2708 1
1699 2704 1707 2716 ,
1721 2687 1764 2718 76.
1857 2685 1977 2712 Substitit
1992 2687 2128 2721 ingenium
2142 2691 2219 2718 malis

62 2718 172 2742 erarium
185 2713 219 2748 est
239 2716 365 2741 Retusum
394 2715 450 2740 Cic.
463 2713 495 2739 de
509 2712 600 2747 Diuin.
617 2721 637 2744 1,
651 2720 695 2746 79.
737 2711 796 2738 Vid.
817 2718 865 2739 Ac
875 2719 894 2737 V
906 2719 934 2752 (3.
1012 2712 1108 2752 Alieno
1122 2718 1158 2745 70
1170 2713 1243 2739 Idem
1258 2714 1335 2748 Epist.
1352 2723 1386 2748 15,
1401 2719 1455 2749 196.
1572 2719 1645 2744 Sum:
1682 2719 1821 2753 Ingenium
1834 2721 1906 2747 Galli
1922 2721 2029 2755 pulchra
2043 2725 2151 2756 Lycoris
2162 2732 2219 2754 erat

63 2750 175 2785 ingenio
188 2751 323 2782 orationes
338 2750 455 2776 formare
486 2749 555 2774 Suet.
568 2749 670 2774 Domit.
684 2755 756 2774 c.20.
845 2747 1009 2781 Ambiguum
1039 2747 1108 2774 le.
1171 2749 1286 2776 Martial.
1301 2755 1322 2781 8,
1336 2760 1369 2783 73.
1478 2751 1559 2778 Plaut.
1574 2753 1662 2781 Cistel.
1676 2763 1700 2786 2,
1717 2763 1734 2785 1,
1749 2763 1766 2790 7
1799 2757 1837 2782 Ita
1844 2756 1918 2783 inihi
1932 2758 2037 2792 ingenia
2048 2761 2122 2793 sunt,
2142 2763 2216 2796 quod

63 2786 143 2820 Epist,
156 2795 191 2819 4,
205 2794 229 2812 2,
300 2785 394 2819 Aptius
406 2784 544 2818 ingenium
566 2783 678 2809 flammis
708 2781 790 2809 Ouid.
804 2782 868 2809 Met.
885 2791 930 2816 14,
945 2784 987 2809 26.
1059 2783 1108 2809 Bo·
1171 2784 1258 2816 lubet,
1283 2795 1337 2812 non
1352 2785 1426 2812 lubet
1437 2786 1490 2813 iam
1507 2787 1534 2814 id
1547 2789 1685 2815 continuo.
1727 2793 1746 2817 i.
1768 2792 1809 2817 Ita
1829 2794 1955 2823 ingenium
1973 2796 2036 2820 mihi
2055 2800 2152 2822 uarium
2172 2796 2214 2825 esi.

62 2830 127 2847 num
137 2841 144 2853 ,
161 2821 215 2855 vid.
232 2826 248 2847 Β
258 2826 277 2846 o
288 2828 310 2847 N
321 2827 340 2845 v
351 2827 374 2847 s.
445 2819 561 2846 Caeleste
588 2818 668 2845 Ouid.
682 2817 714 2844 de
731 2819 791 2844 Arte
804 2819 863 2844 Am.
881 2827 901 2850 1,
920 2824 967 2851 185.
1041 2819 1108 2844 Can-
1169 2820 1281 2854 Ingenio
1295 2821 1389 2848 diuino
1403 2822 1451 2848 effe
1481 2823 1538 2849 Cic.
1553 2823 1632 2850 Acad.
1646 2834 1681 2857 4,
1695 2833 1745 2860 ¹¹7-
1816 2822 1950 2854 Tfaffiare
1968 2829 2073 2863 ingenia
2104 2833 2214 2867 Qun&

63 2856 155 2883 didum
188 2858 255 2883 Hor.
271 2856 352 2890 Epod.
368 2857 455 2885 11,16.
525 2855 612 2888 Capax
643 2853 724 2881 Ouid.
739 2855 804 2881 Met.
818 2859 846 2884 8,
865 2861 914 2886 333.
1007 2854 1106 2881 Coa&a
1171 2864 1197 2887 1,
1220 2865 1245 2882 z.
1318 2858 1415 2884 Valere
1429 2858 1537 2891 ingenio
1566 2859 1641 2886 Idem
1655 2869 1681 2893 1,
1694 2868 1716 2890 g.
1773 2861 1854 2888 Ouid.
1868 2865 1957 2891 Amor.
1973 2872 1999 2896 1,
2015 2868 2056 2897 16,
2070 2875 2095 2899 4.
2169 2869 2215 2896 Vti

63 2892 123 2919 Sen.
135 2891 167 2918 de
180 2892 285 2925 Tranq.
306 2893 354 2918 An.
376 2899 396 2917 c.
412 2893 437 2916 6.
554 2889 748 2917 Confirmatum
761 2895 787 2916 et
800 2888 1019 2921 corroboratum,
1053 2889 1107 2916 vid.
1125 2892 1158 2920 75
1169 2891 1277 2917 alterius
1293 2891 1402 2926 ingenio
1428 2893 1495 2920 Tac.
1509 2894 1578 2921 Hist.
1593 2905 1616 2925 1,
1631 2905 1673 2927 90.
1710 2899 1728 2922 i.
1749 2898 1892 2932 eloquentia.
1946 2896 2130 2938 Alnmisenfhm
2142 2903 2215 2931 habet

23 2937 29 2944 ⁸
65 2932 114 2955 co
125 2934 148 2954 N
162 2933 178 2952 F
190 2933 261 2953 IRM
271 2933 300 2954 0.
373 2926 519 2953 Contusum
550 2926 615 2951 Plin.
629 2925 707 2960 Epist.
719 2930 750 2957 8,
766 2934 805 2958 14.
826 2960 831 2964 Ι
857 2960 863 2965 ·
883 2925 1107 2965 Copiolifflmum,
1170 2934 1209 2961 ap.
1225 2928 1329 2954 Petron.
1346 2937 1367 2953 c.
1380 2937 1429 2955 112.
1605 2928 1625 2966 ff
1647 2939 1660 2964 ς
1696 2932 1753 2968 Obfi
1789 2934 1927 2967 Ingenium
1941 2936 2024 2962 animi
2043 2936 2071 2962 dt,
2081 2939 2215 2972 pecudibus

16 2961 22 2985 ξ’
62 2963 117 2990 vid,
139 2969 206 2989 COP
216 2969 225 2987 1
237 2970 267 2988 A.
336 2962 417 2988 Diues
446 2960 527 2988 Ouid.
541 2961 627 2988 Trist.
643 2969 666 2993 2,
679 2968 729 2994 335.
799 2961 929 2987 Diuinum
956 2961 1011 2987 Cic.
1026 2960 1106 2988 Acad.
1170 2962 1276 2988 Colum.
1289 2965 1322 2994 6,
1336 2971 1361 2995 1,
1375 2972 1395 2990 1.
1463 2964 1576 2998 Ingenio
1590 2966 1693 2993 arbusta
1707 2974 1767 2994 nata
1780 2969 1853 3001 sunt,
1873 2978 1927 2995 non
1941 2971 2036 2997 confisa
2072 2973 2156 3000 Nacu.
2171 2983 2213 3010 ap.

62 3007 91 3032 4,
104 3007 152 3029 117.
224 2997 403 3024 Dulciffimum
437 2997 501 3023 Plin.
518 2997 596 3030 Epist.
609 3002 638 3028 8,
650 3005 684 3023 12.
773 2996 876 3022 Durum
900 2997 967 3023 Hor.
981 2997 1070 3023 Carm.
1084 3005 1107 3029 3,
1169 2997 1243 3024 Non.
1258 3007 1285 3031 4,
1298 3007 1353 3030 235.
1460 3000 1555 3026 Crines
1570 3002 1679 3036 ingenio
1699 3003 1745 3029 suo
1760 3004 1823 3030 flexi
1842 3006 1946 3031 Petron.
1961 3015 1981 3031 c.
1992 3010 2044 3033 126.
2117 3010 2213 3044 Campi

15 3032 17 3036 ⁴
39 3065 42 3067 .
64 3042 102 3065 21,
115 3027 163 3066 13s
219 3033 343 3060 Eminens
370 3032 500 3067 QinGtil.
515 3033 542 3058 in
558 3040 676 3067 prooem.
690 3033 715 3057 6.
806 3031 871 3058 Plin.
886 3031 962 3066 Epist.
978 3041 1000 3064 ε,
1016 3041 1039 3064 13
1065 3034 1106 3058 In-
1169 3034 1260 3065 suopte
1273 3034 1382 3068 ingenio
1394 3032 1532 3061 humentes
1555 3037 1623 3063 Tac.
1638 3037 1704 3064 Hist.
1718 3046 1745 3071 ς,
1761 3047 1798 3072 14.
1878 3064 1880 3067 .
1905 3041 1969 3067 Plin.
1986 3050 2029 3075 14,
2045 3051 2054 3068 1
2084 3044 2212 3079 Suc-cique

61 3070 172 3103 genium
184 3069 329 3100 excelsum,
349 3068 460 3099 subtile,
479 3067 569 3099 dulce,
587 3067 681 3100 facile,
700 3066 836 3108 eruditum
853 3067 880 3094 in
898 3068 977 3108 causis
991 3068 1105 3101 agendis.
1121 3070 1154 3096 80
1168 3069 1367 3110 tantuingratia
1380 3078 1410 3096 ex
1430 3069 1471 3096 his
1489 3071 1610 3111 pluribus
1628 3073 1714 3100 modis
1733 3074 1765 3100 ad
1786 3074 1850 3101 caeli
1870 3084 1955 3102 mores
1976 3077 2077 3111 solique
2098 3080 2212 3114 ingenia.

63 3105 215 3131 Exercitum
231 3104 382 3130 adulatione
409 3104 499 3130 Tacit.
514 3104 580 3130 Hist.
593 3112 621 3136 4,
634 3112 679 3138 40.
748 3103 884 3129 Exunmm
916 3104 970 3130 Cic.
984 3104 1067 3129 Tusc.
1082 3111 1106 3136 ς,
1168 3104 1255 3131 Lacihs
1269 3112 1373 3139 ingenia
1387 3111 1413 3131 et
1427 3114 1599 3141 proprietates
1620 3109 1687 3135 Gen.
1701 3118 1737 3142 12,
1750 3119 1769 3135 1.
1823 3110 1902 3144 Ligni
1929 3111 2001 3137 Idem
2015 3121 2036 3144 3,
2052 3115 2076 3139 6.
2133 3117 2211 3142 Mon-

26 3164 28 3168 ,
62 3142 104 3170 68.
175 3140 315 3173 Expertum
346 3139 437 3166 Tacit.
456 3139 524 3166 Hist.
544 3148 576 3172 4,
595 3148 639 3173 42.
743 3139 800 3165 cic.
820 3138 849 3165 in
867 3140 941 3166 Orat.
956 3144 989 3172 48
1025 3138 1105 3165 Nihil
1166 3140 1202 3166 tis
1227 3141 1318 3167 Tacit.
1335 3141 1402 3167 Hist.
1419 3150 1440 3172 2„
1453 3150 1495 3175 45.
1568 3144 1633 3170 Loci
1659 3144 1730 3171 Flor.
1744 3153 1769 3176 2,
1782 3147 1808 3177 6,
1824 3147 1860 3171 16.
1928 3146 1996 3172 Situs
2023 3148 2096 3174 Idem
2112 3159 2210 3184 κηδ-

16 3169 33 3197 ’4
62 3175 135 3202 enim
152 3173 264 3201 feracius
276 3175 405 3209 ingeniis,
424 3175 464 3201 his
479 3174 648 3209 praesertim,
675 3182 741 3209 quae
758 3174 901 3209 disciplinis
917 3174 1017 3200 exculta
1036 3175 1102 3200 sunt.
1166 3175 1335 3209 Herbarum,
1361 3177 1476 3210 Mundi,
1501 3179 1618 3211 Metalli,
1642 3187 1686 3206 etc.
1748 3180 1806 3206 ls'id.
1822 3180 1909 3208 Barth.
1923 3182 1956 3207 ad
1970 3182 2063 3209 Claud.
2081 3185 2113 3211 de
2131 3186 2209 3220 Rapt.

61 3209 173 3245 Ingenia
185 3209 283 3236 feracia
296 3218 370 3237 vocat
381 3211 492 3243 Cicero,
511 3212 579 3246 Quae
591 3212 668 3236 multa
673 3210 755 3245 facile
762 3210 845 3245 soient
858 3214 1014 3245 excogitare,
1035 3211 1105 3245 quale
1166 3211 1283 3245 Proserp.
1298 3220 1308 3238 1
1320 3231 1326 3242 ,
1343 3220 1395 3245 143.
1451 3213 1575 3240 Drakenb.
1590 3215 1624 3241 ad
1634 3216 1678 3241 Sil.
1692 3224 1725 3248 4,
1739 3223 1782 3247 90.
1818 3223 1841 3242 ct
1855 3218 1897 3248 16,
1912 3219 1949 3250 46
2125 3215 2129 3219 ’
2151 3220 2171 3259 q
2190 3223 2210 3248 6

34 3273 36 3275 ,
56 3246 119 3283 fuit
131 3248 257 3281 ingenium
272 3246 380 3272 Archiae
398 3247 501 3279 Portae,
535 3246 563 3275 de
585 3255 631 3281 quo
655 3248 693 3271 ita
715 3245 777 3271 idem
796 3246 890 3272 Cicero
910 3254 959 3279 pro
977 3245 1056 3272 Arch.
1078 3250 1103 3275 18
1120 3246 1150 3276 85
1165 3247 1302 3280 Ingenium
1311 3255 1360 3283 pro
1374 3251 1527 3285 excogitato,
1548 3250 1672 3284 rxqmfito.
1738 3251 1876 3285 Ingenium
1888 3253 2114 3286 magnificentiae,
2132 3259 2151 3284 i.
2169 3261 2208 3283 [n.

21 3274 39 3317 ζ,
64 3281 177 3316 Qoties
192 3288 241 3314 ego
255 3279 324 3306 hunc
336 3281 402 3313 vidi,
415 3291 498 3317 quum
516 3282 620 3309 literam
634 3280 766 3315 scripfitset
778 3281 894 3313 nullam,
919 3289 1042 3314 magnum
1055 3290 1103 3306 nu·
1165 3282 1263 3318 geniofiz
1277 3283 1462 3319 magnificentia
1486 3284 1551 3310 Plin.
1565 3286 1658 3319 Paneg.
1673 3295 1709 3318 25,
1724 3294 1744 3319 ς.
1814 3287 1963 3321 Nepotinus
1981 3289 2109 3316 sumtibus
2121 3292 2209 3319 omni-

17 3320 21 3323 ’
38 3315 43 3323 '
64 3325 167 3343 merum
178 3315 340 3349 optimorum
354 3318 491 3350 versuum,
517 3316 548 3343 de
563 3317 596 3344 iis
610 3316 668 3351 ipfis
680 3315 775 3351 rebus,
799 3326 866 3352 quae
880 3323 936 3343 tum
948 3321 1103 3350 agerentur,
1165 3327 1211 3343 um
1233 3319 1404 3353 prodigorum
1432 3320 1537 3353 ingenia
1563 3321 1712 3354 superauit,
1744 3329 1906 3349 commentus
1930 3332 2029 3351 nouum
2054 3325 2207 3356 balnearum

48 3364 50 3367 ’
65 3352 152 3379 dicere
164 3360 196 3377 ex
209 3352 347 3384 tempore?
377 3353 485 3386 quoties
497 3357 666 3385 reuocatum,
685 3352 794 3379 eandem
805 3361 862 3379 rem
881 3351 967 3378 dicere
987 3360 1104 3378 commu-
1163 3353 1254 3385 vsum,
1275 3354 1489 3388 portentosissima
1502 3363 1596 3388 genera
1609 3355 1733 3382 ciborum
1765 3356 1834 3384 Suet.
1850 3358 1935 3393 Calig.
1949 3369 1971 3385 c.
1982 3368 2018 3394 37.
2111 3364 2208 3398 Exqui.

0 3403 9 3425 ..¹
24 3401 25 3406 ¹
54 3387 125 3416 ,tatis
138 3386 227 3413 verbis
239 3392 317 3420 atque
332 3386 483 3415 sententiis?
589 3387 744 3428 Fer-uentius
762 3389 834 3415 amni
853 3388 946 3422 rapido
963 3387 1102 3428 ingenium
1164 3388 1210 3414 fita
1223 3389 1330 3430 ingenia
1345 3398 1485 3430 coenarum
1511 3390 1575 3416 Plin.
1590 3392 1681 3432 Paneg.
1694 3400 1768 3425 c.49.
1853 3395 1976 3427 Qonarn
1990 3396 2071 3423 modo
2085 3398 2207 3427 notstium

19 3439 27 3448 .
63 3424 131 3450 Hor.
146 3423 228 3449 Semi.
242 3430 262 3454 1,
279 3429 317 3453 10,
331 3423 370 3453 63.
462 3424 566 3450 Fortius
590 3423 671 3450 Ouid.
685 3423 763 3457 Epist.
775 3432 804 3456 19
815 3443 822 3455 ,
836 3425 862 3450 6.
933 3423 1102 3450 Fortunatius
1115 3429 1152 3453 90
1164 3425 1269 3452 suarum
1284 3433 1390 3459 ingenia
1401 3426 1564 3452 notescerent
1591 3427 1683 3454 Tacit.
1697 3429 1766 3454 Ann.
1779 3430 1816 3460 16,
1830 3437 1860 3454 :²0
1870 3448 1877 3460 ‚
1892 3438 1911 3455 1.
2013 3432 2123 3459 Decori's
2137 3435 2208 3469 inge.

21 3461 33 3493 ¹.
62 3464 118 3485 arte
131 3457 269 3492 ingenium
290 3457 358 3483 Hor.
371 3455 404 3482 de
417 3457 479 3485 Arte
491 3460 562 3486 Poet.
575 3467 630 3493 295.
705 3458 828 3486 Fraetum
841 3465 866 3485 et
879 3459 1016 3485 contusum
1035 3459 1102 3485 Plin.
1163 3461 1208 3486 nia
1234 3458 1264 3486 T
1265 3461 1354 3487 ertull.
1369 3461 1401 3486 de
1413 3461 1480 3486 Hab.
1495 3461 1561 3488 Mul.
1576 3470 1597 3488 c.
1613 3471 1636 3490 2.
1742 3463 1850 3490 Ati-ocia
1864 3473 2010 3499 poenarum
2022 3468 2129 3502 ingenia
2164 3470 2205 3498 Id.

23 3491 142 3528 {ifl'Epist
157 3499 185 3524 8,
199 3501 244 3525 ,14.
348 3492 469 3519 Gnauum
498 3494 560 3521 Liu.
576 3503 606 3527 3,
641 3514 648 3522 .
686 3514 694 3520 .
735 3514 737 3517 .
769 3495 872 3521 Grande
886 3494 985 3520 doloris
1019 3494 1101 3520 Ouid.
1164 3495 1196 3521 de
1212 3495 1316 3522 Resurr.
1331 3505 1353 3522 c.
1365 3501 1388 3525 8.

17 3527 45 3556 ἶέ
62 3530 128 3556 Met.
144 3530 176 3561 6,
189 3535 249 3562 574.
341 3527 456 3553 Martial.
471 3536 487 3554 2
497 3547 506 3560 ,
526 3538 564 3562 44
600 3531 624 3556 O
652 3529 749 3564 grande
771 3530 908 3564 ingenium
930 3529 984 3556 mei
998 3529 1101 3556 sodalis.
1199 3537 1240 3557 IN
1250 3538 1296 3558 GE
1306 3539 1327 3557 N
1337 3538 1347 3556 1
1358 3530 1402 3557 61.
1413 3537 1483 3563 VM,
1499 3530 1519 3558 i.
1550 3541 1578 3559 n.
1631 3532 1709 3569 Apud
1719 3532 1818 3560 Arnob.
1834 3541 1848 3567 ς
1866 3544 1890 3569 p.
1901 3542 1954 3570 157.
1989 3543 2012 3563 et
2020 3538 2131 3566 Hieron.
2146 3539 2206 3570 adu.

23 3571 46 3597 ‚01
61 3564 240 3596 Hebetatum,
260 3561 391 3594 fratrum,
409 3565 559 3595 cantuum,
572 3566 677 3592 'tardum
708 3565 773 3592 Plin.
788 3566 866 3600 Epist.
882 3571 910 3597 8,
927 3573 951 3597 9.
1023 3566 1100 3598 Igno·
1162 3565 1226 3593 Ruf.
1241 3575 1261 3598 3,
1276 3575 1295 3598 4
1307 3573 1371 3593 extr.

29 3600 37 3623 J
48 3617 50 3621 ,
62 3606 121 3632 tum
153 3599 241 3627 Tacit.
256 3597 324 3624 Hist.
339 3607 374 3630 4,
393 3606 430 3630 42-
521 3599 624 3627 Illustre
654 3601 728 3627 Idem
741 3601 807 3628 ibid.
862 3602 918 3627 Cic.
934 3608 981 3634 pro
993 3600 1064 3626 Cael.
1080 3609 1099 3626 1.
1116 3605 1148 3631 95
1198 3608 1206 3626 1
1220 3608 1242 3627 Ν
1256 3608 1276 3628 G
1287 3609 1302 3628 E
1315 3609 1335 3627 N
1346 3603 1405 3629 168
1415 3608 1436 3628 v
1447 3608 1476 3633 s,
1496 3611 1525 3634 a,
1550 3611 1605 3629 um.
1660 3602 1721 3629 Adi.
1776 3603 1789 3637 [
1802 3603 1902 3638 ἐυφυῆς,
1927 3605 2043 3640 inan,
2069 3606 2205 3644 δαίδαλα]

61 3635 229 3662 Imbecillum
261 3633 393 3667 Qinffil.
405 3641 437 3665 ι,
455 3639 478 3662 8.
581 3636 786 3663 Immansuetum
819 3637 901 3664 Ouid.
921 3637 985 3662 Met.
1006 3644 1045 3667 ις,
1063 3641 1101 3668 83.
1161 3637 1264 3671 Ingenio
1276 3641 1366 3673 optimo
1378 3644 1402 3664 et
1414 3639 1493 3664 alacri
1503 3638 1644 3673 praeditur.
1701 3639 1756 3665 Cic.
1770 3639 1804 3665 de
1817 3640 1874 3666 Fin.
1887 3648 1917 3675 ς,
1929 3645 1961 3674 36
1974 3652 1994 3669 c.
2009 3652 2033 3676 13
2060 3645 2203 3676 Docilitas,

22 3674 23 3677 ’
63 3670 208 3697 Immemor
240 3669 294 3696 Cic.
308 3669 336 3695 in
352 3669 423 3694 Brut.
441 3675 497 3702 174.
583 3671 774 3707 Imperspicua,
799 3672 916 3704 incerta,
942 3671 1099 3705 fallaciaque
1161 3673 1304 3699 memoria:
1338 3687 1384 3693 —--
1403 3673 1566 3707 appellantur
1578 3682 1631 3699 vno
1646 3673 1748 3707 ingenii
1761 3675 1885 3702 nomine:
1919 3686 2013 3713 easque
2028 3679 2202 3714 virtutes,qui

63 3707 121 3732 sunt
132 3706 252 3732 iudicum
277 3705 342 3731 Plin.
355 3704 433 3738 Epist.
446 3712 472 3733 1,
485 3712 525 3730 20.
589 3707 781 3742 'importunum
790 3728 799 3740 ,
820 3708 871 3735 vid.
884 3708 908 3735 h.
923 3717 949 3732 υ.
1021 3707 1099 3733 Indo·
1160 3705 1273 3739 habent,
1292 3708 1418 3742 ingenioli
1431 3716 1566 3735 vocantur.
1638 3709 1711 3734 Idem
1726 3718 1775 3744 pro
1788 3711 1893 3737 Cluent.
1907 3719 1935 3745 52
1963 3714 2054 3741 Homo
2066 3716 2092 3741 in
2109 3715 2201 3748 primis

61 3741 113 3769 tile
137 3739 344 3772 Sen,Thyest.3.
448 3739 522 3766 Iners
544 3740 625 3768 Ouid.
641 3744 730 3770 Amor.
746 3753 765 3776 1,
781 3753 815 3777 ις,
831 3753 852 3770 2.
922 3742 1028 3772 Infelix,
1045 3742 1099 3769 vid.
1160 3741 1327 3776 ingeniosus,
1347 3750 1373 3770 et
1386 3745 1413 3770 in
1427 3744 1539 3770 dicendo
1553 3744 1720 3770 exercitatus.
1834 3747 1947 3783 Compar.
1993 3750 2048 3776 Cic.
2063 3758 2110 3782 pro
2122 3750 2200 3777 Rose.

56 3776 82 3813 fi
95 3778 113 3803 1·
181 3777 277 3810 Ingens
308 3776 376 3801 ΗΟΓ·
389 3774 470 3801 Serm-
483 3783 510 3806 1,
524 3783 551 3806 3,
563 3783 604 3808 34-
629 3774 633 3778 ⁵
709 3780 884 3806 Inhumanum
917 3778 984 3804 Ter.
997 3778 1062 3804 Eun.
1076 3777 1238 3809 5,100Com.
1252 3786 1277 3810 31
1295 3788 1316 3804 c.
1330 3787 1352 3805 11
1394 3781 1456 3813 Qio
1477 3780 1588 3813 quisque
1600 3779 1635 3805 est
1649 3779 1787 3812 solertior,
1811 3787 1837 3808 et
1858 3782 2034 3817 ingeniosior,
2058 3784 2108 3810 hoc
2122 3784 2200 3811 docet

63 3816 140 3845 334¹·
210 3811 378 3847 Inquietum,
412 3810 575 3841 Insauabile,
600 3811 653 3837 vid.
667 3812 708 3839 hh.
720 3824 764 3841 υυ.
881 3814 1001 3841 Insanum
1032 3812 1098 3840 Plin.
1160 3813 1311 3839 iracundius
1325 3821 1350 3840 et
1367 3814 1532 3841 laboriosius.
1626 3815 1791 3849 Ingeniofior
1810 3817 1846 3844 est
1860 3818 1892 3845 ad
1912 3819 2076 3853 cogitandum
2089 3819 2200 3846 Simula-

23 3841 45 3859 “’
61 3847 142 3882 Epist.
157 3856 190 3880 4,
214 3855 240 3883 7.
335 3847 484 3879 Integrum‚
510 3846 735 3880 Inuerecundurn‚
763 3850 816 3876 vid.
829 3850 871 3877 hb.
891 3860 933 3875 nv.
1005 3848 1100 3874 Iucun-
1160 3848 1199 3873 tio
1218 3849 1332 3875 veritate
1365 3850 1430 3875 Pliu.
1443 3851 1501 3875 Pan.
1521 3859 1543 3875 c.
1560 3856 1596 3882 33.
1703 3852 1797 3885 Superi.
1853 3854 1908 3880 Cic.
1924 3862 1972 3888 pro
1992 3854 2110 3879 Muraen.
2131 3863 2152 3880 c.
2165 3863 2198 3887 30

62 3880 125 3908 dum
137 3888 163 3909 et
175 3883 277 3916 elegans
313 3881 444 3915 Quinetil.
461 3889 490 3913 ς,
512 3889 546 3913 13.
653 3882 722 3918 Lene
767 3885 835 3912 Ter.
852 3887 945 3912 Heaut.
966 3893 990 3916 1,
1012 3893 1037 3916 1,
1057 3892 1099 3916 99.
1159 3883 1250 3909 Homo
1264 3884 1477 3917 ingenioliffimus
1492 3886 1526 3910 M.
1541 3885 1618 3911 Cato.
1696 3887 1766 3920 Ager
1779 3887 1928 3922 ingeniosus
1940 3888 1972 3914 ad
1985 3889 2082 3921 segetes
2115 3889 2196 3915 Ouid.

60 3917 199 3951 Liberale,
225 3916 309 3953 vid.s
324 3918 341 3943 Ι.
446 3916 587 3948 Liberius,
608 3926 687 3951 quam
699 3918 828 3951 virginem
842 3922 915 3947 decet
941 3921 999 3949 Liu.
1013 3930 1041 3952 4,
1064 3939 1070 3945 .
1092 3939 1099 3945 .
1158 3918 1222 3944 Fast.
1238 3929 1267 3954 4,
1283 3922 1342 3953 684.
1377 3924 1394 3945 ι’.
1407 3922 1515 3956 frugum
1524 3920 1635 3956 fertilis.
1706 3922 1808 3955 Egestas
1839 3923 1931 3950 Claud.
1946 3923 1977 3948 de
1990 3923 2063 3957 Rapt.
2078 3924 2195 3959 Proserp.

56 3946 190 3982 limatius
212 3953 279 3982 Plin.
291 3952 372 3988 Epist.
387 3960 415 3985 1,
427 3960 471 3980 20.
540 3953 668 3987 Magnum
699 3953 756 3980 Cic.
768 3955 846 3983 Acad.
860 3964 894 3990 4,
907 3965 926 3984 1.
997 3955 1099 3984 Malum
1106 3958 1180 3986 1053,
1191 3963 1228 3986 31·
1324 3955 1534 4025 GpllaAMartial.
1548 3963 1591 3989 13,
1610 3958 1651 3983 62.
1720 3958 1772 3985 Res
1785 3958 1823 3987 est
1859 3957 1939 3985 Ouid.
1957 3958 2048 3985 Amor.
2060 3967 2085 3991 1,
2104 3962 2196 4022 810162.

1446 3999 1464 4017 z
2146 4004 2195 4021 lra-
