2479 4225
4 2525 7 2527 “
45 2529 106 2548 rum
125 2520 246 2546 Tertull.
258 2519 317 2546 adu.
329 2520 418 2546 Gnost.
434 2529 455 2546 c.
471 2530 491 2546 ε.

39 175 199 229 585ᾏ
356 166 702 206 =FAC

41 254 167 284 {afflonen
179 252 263 280 aurati
277 253 456 288 purpureique
468 254 547 288 pauni
560 254 591 281 ad
607 260 721 290 quatuor
734 254 852 290 pristinas
867 251 976 279 addidit.
1032 251 1075 277 Et-

2 295 3 299 ’
41 295 90 319 iam
102 289 156 316 illae
169 294 272 324 quatuor
284 287 428 321 nonstatim
441 292 466 315 in
482 291 621 326 ujiafucrc,
633 292 681 326 fid
691 292 752 317 duae
765 298 868 317 tantum.
908 285 1026 313 'seruili
1042 285 1074 312 de

0 327 7 337 ’”
41 325 150 361 Spec‘lac.
164 332 180 356 9
198 323 309 358 Aurigas
321 324 455 351 coloribus
468 326 635 353 idololatriae
649 327 800 352 vestierunt.
835 324 904 351 Nam
918 323 979 357 equi
996 321 1076 347 initio

2 374 6 390 ι
42 362 94 389 duo
106 359 156 387 soli
173 359 295 391 fuerunt,
314 359 390 385 albus
408 366 434 386 et
447 362 552 388 tullens.
589 362 670 388 Albus
683 361 781 393 hiemi,
802 359 837 386 ob
850 359 924 384 niues
938 357 1075 388 candidas,

0 401 13 409 ’·
43 395 136 425 russeus
148 394 237 421 aestati
251 394 286 421 ob
300 394 367 421 Solis
381 396 507 423 ruborem
520 397 578 423 voti
591 404 674 424 erant.
714 396 761 423 Sed
773 394 859 430 postea
874 400 926 420 tam
940 393 1075 426 voluptate
1099 397 1113 421 5

43 439 120 468 quam
133 429 313 464 superstitione
326 431 467 465 prouecta,
486 434 599 459 russeum
611 433 657 459 alii
669 432 763 464 Marti,
784 430 832 456 alii
846 429 937 455 album
950 428 1076 462 Zephyris

0 480 7 499 ι
43 467 257 495 consecrauerunt
271 476 277 497 ;
311 465 443 500 prasinum
458 477 522 495 vero
537 469 642 495 Terrae
655 467 742 498 matri,
763 465 806 492 vel
820 474 916 494 verno3
953 470 1076 489 venetum

43 501 113 530 caelo
124 506 149 527 et
163 501 246 532 mari,
264 500 308 527 vel
321 507 457 529 autumno.
533 504 574 531 Sic
588 502 695 530 Cassiud.
710 503 771 528 Var.
785 509 812 533 3,
827 509 851 533 >¹1
871 500 981 526 Colores
996 500 1023 525 in
1039 500 1077 525 vi-

5 542 11 555 ¹.
41 547 99 574 cem
120 542 269 570 temporum
292 537 457 572 quadrifaria
482 538 611 566 diuisione
638 537 787 564 funduntur
801 547 806 562 ι
842 536 956 570 prasinus
978 535 1077 560 virenti

1139 287 1322 313 commodiore
1347 285 1379 312 ad
1404 286 1444 312 ius
1468 286 1541 312 suum
1556 284 1695 321 peruenire
1713 284 1770 310 Cic.
1787 291 1836 317 pro
1850 284 1952 310 Caecin.
1968 291 1989 314 8.

1539 160 1817 200 FAC

1140 261 1158 282 1,
1179 259 1229 286 173.
1249 251 1396 284 ὀξυῧνμίοιι,
1416 250 1554 277 irritabiles
1578 254 1650 277 erant
1672 248 1789 276 homines.

2107 162 2180 211 586

1882 249 1988 275 Iudicio
2012 248 2135 276 faciliore
2156 252 2183 273 et

2107 283 2183 317 Virg.

1142 324 1239 357 Georg.
1254 332 1273 355 1,
1287 331 1321 357 79
1341 321 1388 348 Sed
1401 326 1486 347 tamen
1501 322 1607 348 alternis
1621 319 1707 347 facilis
1719 318 1816 346 Labor.
1895 319 2003 345 Tibull.
2018 328 2037 351 1,
2053 328 2072 351 1,
2087 325 2100 349 8
2127 319 2183 353 lpse

1143 359 1224 384 serani
1240 366 1340 384 teneras
1355 362 1459 383 maturo
1474 363 1593 391 tempore
1606 356 1675 382 vites
1711 353 1847 385 Rusticus,
1866 358 1891 378 et
1905 355 1977 381 facili
1991 355 2098 389 grandia
2106 362 2184 389 poma

1143 394 1234 419 Manu.
1253 392 1343 420 affine.
1376 413 1381 418 .
1459 392 1570 418 Maritus
1584 391 1695 418 blandus
1709 389 1848 424 facilisque
1862 388 1907 414 Sil.
1925 396 1962 423 17,
2000 409 2007 415 .
2044 410 2050 415 .
2102 392 2184 416 Mate.

1143 430 1182 455 ria
1206 429 1290 455 facilis
1317 427 1350 455 ad
1369 426 1589 454 exardescendum
1609 428 1664 454 Cic.
1678 426 1709 453 de
1724 427 1798 453 Orat.
1813 433 1840 457 2,
1856 432 1911 458 190.
2018 426 2091 451 Maza
2112 426 2185 452 Grat.

1142 466 1240 499 Cyneg.
1256 473 1312 499 307.
1333 467 1350 490 i.
1362 463 1497 499 parabilis.
1604 464 1678 489 Meus
1692 461 1794 493 facilis,
1815 465 1840 486 et
1853 465 1911 494 apta
1925 459 1983 493 capi
2002 459 2081 485 Ouid.
2098 459 2128 486 de
2137 461 2185 487 Ar-

1142 506 1168 526 te
1181 502 1240 526 Am.
1257 509 1277 532 ι,
1290 505 1345 532 958.
1417 498 1499 524 Ouid.
1513 497 1578 523 Fast.
1593 507 1618 529 2,
1633 507 1645 530 3
1663 499 1718 531 lpse
1730 505 1780 531 ego
1792 504 1839 523 vos
1852 495 1933 521 habui
1951 494 2042 521 faciles
2055 495 2082 520 in
2098 504 2187 522 amore

1143 536 1289 562 Ministros.
1326 533 1472 568 Alloquitur
1487 535 1563 568 elegos
1573 533 1639 567 filos.
1677 534 1756 566 Potest
1774 535 1847 558 etiam
1861 531 1902 557 hic
1915 529 1996 557 afflue
2009 533 2079 564 capi,
2097 530 2187 563 nistre-

0 572 11 606 ¹,
41 580 140 604 verne,
154 577 264 599 venetus
277 572 384 599 nubilae
398 573 498 608 hiemi,
518 575 607 601 roseus
630 573 736 607 (melius
757 573 872 603 russeus)
892 571 981 597 aestati
1006 571 1078 596 flam·
1098 580 1125 598 10
1136 572 1218 606 spicit
1231 571 1264 596 ad
1275 572 1371 606 ingenii
1376 570 1420 604 Jui
1426 570 1582 603 facilitatem
1594 571 1679 603 potius
1689 589 1695 600 ,
1716 578 1786 603 quam
1801 566 1834 593 ad
1847 564 1980 600 efficaciam
1986 565 2087 600 suorum
2101 569 2188 592 carmi·

9 624 11 633 v,
42 616 132 640 meac,
151 606 225 634 albus
240 608 368 643 pruinoso
381 616 508 637 autumno
523 610 621 636 dicatus
637 608 680 634 est.

42 643 130 672 Sidon.
151 643 238 678 Apoll.
262 644 349 670 Carm.
375 653 411 677 23,
425 654 466 678 323
496 645 577 672 Albus
599 644 641 670 vel
653 649 776 676 venetus,
796 652 901 674 vtrens,
920 642 1078 676 rubensque.

42 678 178 708 Audiamus
190 682 263 705 etiam
276 680 341 706 Plin.
355 680 434 715 Epist.
447 689 473 714 9,
486 683 502 707 6
531 679 665 706 Circenses
681 684 769 711 erant,
790 687 844 713 quo
866 686 961 713 genere
985 677 1081 712 specla-

567 714 645 741 Nihil
660 722 773 747 nouum,
792 713 862 741 nihil
875 714 991 744 varium,
1012 712 1081 739 nihil

589 751 652 783 Qio
665 752 748 785 magis
760 751 846 777 miror
858 755 898 775 tot
911 748 997 775 millia
1009 749 1080 775 viro·
1101 759 1125 785 15
1146 749 1273 782 cilisque,
1294 755 1439 780 veniaeque
1454 750 1557 780 paratus
1578 745 1658 772 Ouid.
1674 754 1704 772 ex
1719 747 1792 771 Pont.
1807 753 1830 776 2,
1844 754 1867 776 2,
1880 751 1929 778 117.

0 794 3 795 ⁷
43 794 120 817 rum,
141 791 194 812 tam
213 787 353 820 pueriliter
372 786 517 813 identidem
537 794 647 820 cupere,
665 792 800 812 currentes
821 794 919 820 equos,
939 783 1082 811 insistentes

464 821 490 847 Si
503 827 590 847 tamen
602 828 647 848 aut
659 822 798 848 velocitate
811 829 942 856 equorum
951 840 959 852 ,
978 826 1022 846 aut
1036 819 1082 845 ho-

774 857 853 883 Nune
871 856 961 882 fauent
982 864 1082 889 panno:

43 901 160 927 pannum
174 899 270 919 amant.
305 894 337 920 Et
349 892 367 918 si
382 893 410 918 in
423 892 479 926 ipso
493 892 586 924 cursu,
607 892 752 928 medioque
763 892 923 924 certamine,
943 891 985 917 hic
1006 891 1082 917 color

41 927 122 960 illuc,
142 928 188 954 ille
207 928 258 955 huc
276 927 461 960 transferatur,
484 927 599 954 studium
613 928 744 963 fauorque
757 927 877 956 transibit
893 938 898 954 z
932 933 958 953 et
977 933 1083 961 repente
1102 938 1137 956 20
1147 930 1166 952 i.
1179 923 1410 961 Adfiihiugandum
1432 924 1527 949 Lucan.
1541 932 1565 955 2,
1579 932 1630 956 314.

41 964 183 998 agitatores
197 964 274 996 illos,
293 971 375 997 equos
388 963 458 995 illos,
470 972 537 998 quos
551 964 642 998 procul
657 965 803 996 nescitam,
821 972 935 998 quorum
949 963 1084 990 clamitant

42 999 168 1032 nomina,
188 1000 346 1034 relinquent.
383 998 474 1025 Tanta
488 1001 588 1033 gratia,
606 1005 676 1026 tanta
687 999 831 1026 auctoritas
845 999 873 1024 in
892 1007 944 1024 vna
961 998 1083 1025 vilissima

44 1035 142 1061 tunica.
177 1035 226 1061 Iul.
241 1033 383 1068 Capitolin.
395 1034 424 1060 in
431 1036 502 1060 Vero
515 1043 537 1060 c.
552 1044 570 1068 4
591 1035 698 1062 Amauit
712 1041 738 1061 et
750 1034 973 1069 aurigas,Pralino
985 1035 1083 1060 fauens.

45 1070 129 1097 Paullo
139 1068 193 1104 post
205 1079 226 1095 c.
241 1071 258 1095 6
294 1069 456 1096 Circensium
469 1075 569 1097 tantam
582 1080 670 1098 curam
684 1071 791 1101 habuit,
811 1075 840 1096 vt
854 1070 1008 1105 frequenter
1024 1079 1084 1104 pro-

74 1140 80 1146 .
964 1106 1084 1140 Denique
1102 1114 1132 1141 25
1150 1112 1199 1136 313.

40 1147 124 1175 ,etiam
137 1141 254 1174 praesens
268 1146 294 1166 et
309 1150 368 1166 cum
387 1142 480 1167 Marco
501 1142 604 1174 sedens,
626 1142 721 1168 multas
740 1151 753 1168 a
773 1141 928 1168 Venetianis
950 1142 986 1168 est
1005 1142 1086 1176 passus

43 1176 169 1206 iniurias,
189 1175 261 1210 quod
273 1176 417 1210 turpissime
431 1183 522 1204 eontra
535 1186 579 1203 eos
594 1178 706 1204 faueret.
743 1178 805 1205 Sunt
816 1177 852 1203 ibi
861 1179 937 1213 plura
956 1177 1023 1203 illius
1036 1177 1084 1213 ju-

43 1214 110 1240 roris
124 1211 273 1238 documenta.
310 1212 448 1239 Fafflones
462 1212 624 1240 stabulorum
638 1222 729 1249 quoque
742 1214 859 1239 dicuntur
871 1212 889 1239 l.
902 1223 914 1239 2
928 1214 958 1239 C.
973 1212 1083 1239 Theod.

426 1249 612 1284 Descriptiones·
631 1249 719 1276 harum
738 1249 894 1276 Facffionum
915 1247 1086 1281 “studiorum

0 1293 6 1302 ·
46 1285 108 1313 circi
131 1281 224 1309 dabunt
239 1282 366 1318 sequioris
387 1284 484 1319 quidem
501 1287 606 1316 aetatis,
621 1284 668 1320 sed
680 1285 769 1321 diserti
780 1291 861 1311 tamen
875 1285 976 1315 Poetae,
996 1284 1086 1310 Sidon.
1100 1296 1132 1320 30
1149 1282 1171 1308 Ie
1183 1284 1317 1316 contingit.

1012 1319 1086 1355 Cous.

44 715 98 742 culi
111 723 143 741 ne
154 714 281 740 lenissime
293 715 400 750 quidem
413 723 510 742 teneor.

43 749 116 785 quod
127 758 181 776 non
194 749 272 776 semel
287 751 406 785 spefiasl'e
419 749 535 778 sufficiat.

43 820 163 848 curribus
177 821 298 848 homines
311 822 410 849 videre.

22 883 31 887 ,
42 857 146 883 minum
159 863 215 883 arte
230 857 409 889 traherentur,
430 857 489 883 ess'et
500 857 570 883 ratio
583 857 720 883 nonnulla.

41 1105 201 1133 vincialibus
213 1105 303 1131 literas
316 1106 389 1131 causa
404 1105 566 1132 Circensium
580 1113 607 1133 et
617 1107 719 1133 miserit
732 1113 757 1133 et
772 1106 911 1140 acceperit.

46 1247 80 1275 de
89 1247 162 1282 equis
176 1247 322 1273 curulibus.

49 1317 131 1383 sspoll.
145 1325 183 1349 23,
197 1326 241 1350 310
248 1318 307 1380 ζῇ.
343 1321 374 1345 it.
389 1319 519 1354 Corippus
533 1319 702 1361 derlandibus
714 1320 808 1347 Iustiui
822 1330 842 1352 1,
856 1320 966 1356 314J21q.

65 1363 102 1387 φ.
114 1353 228 1390 Gothofi·.
241 1362 254 1380 a
298 1374 303 1380 .
317 1363 345 1380 10
360 1355 390 1381 C.
403 1354 500 1381 Th.de
514 1364 589 1390 equis
602 1356 746 1382 curulibus.

741 609 794 635 Vno
808 608 878 643 versit
897 606 1079 642 comprehcndit

207 1388 213 1392 ἢ
819 1357 944 1382 Caeterum
957 1355 991 1381 ad
1002 1355 1089 1381 harum

45 1386 377 1430 saflioriumjimilitudinem
390 1391 468 1417 Nero
479 1392 547 1427 apud
560 1392 630 1418 Suet.
639 1401 660 1418 c.
669 1401 703 1418 20
721 1391 849 1426 Qiinque
862 1391 948 1417 millia
960 1391 1089 1417 iuuenum

0 1445 2 1449 .
51 1424 143 1460 elegit,
160 1425 203 1459 qui
218 1424 296 1452 diuisi
310 1426 337 1452 in
351 1426 495 1459 faftiones,
515 1427 651 1462 plausuum
664 1437 759 1462 genera
774 1427 963 1453 condiscerent.
1038 1427 1090 1452 Nec

5 1468 8 1470 ·
49 1460 143 1493 dathum
154 1457 200 1501 gli,
220 1464 262 1496 qui
274 1465 437 1488 recentiorum
447 1462 487 1488 illi
500 1463 569 1495 ludi,
588 1470 612 1489 et
621 1470 724 1499 pompae
742 1470 814 1499 atque
826 1462 1015 1497 commistiones,
1036 1461 1092 1488 illa·
1109 1469 1134 1495 35
1154 1459 1271 1485 quenal.
1287 1467 1321 1491 ις,
1337 1465 1380 1492 47.

45 1504 99 1521 rum
129 1495 286 1524 Fachonum
313 1499 419 1534 exemplo
450 1500 478 1524 in
507 1498 661 1531 Qadrillas
692 1499 718 1525 h.
732 1508 751 1525 e.
784 1500 933 1532 Quaternas
962 1497 1093 1524 faffiones

1143 616 1207 633 uum.
1302 608 1358 632 Cic.
1372 606 1403 630 de
1418 604 1525 630 Amicit.
1543 612 1570 630 zo
1609 604 1681 636 Qud
1701 604 1785 629 dicam
1806 603 1837 629 de
1851 601 1972 628 moribus
1987 601 2139 632 facillimis,
2156 601 2187 626 de

1144 643 1239 677 pietate
1253 641 1281 667 in
1296 647 1406 667 matrem
1422 641 1430 666 ἓ
1521 638 1616 670 Oculi,
1633 643 1651 665 ι’.
1665 641 1761 675 Agiles.
1796 638 1872 672 Virg.
1889 639 1951 663 Aen.
1966 642 1988 667 8,
2003 645 2045 668 310
2059 636 2188 662 Miratur:

1145 677 1289 711 facilesque
1319 676 1417 702 Oculos
1449 674 1501 700 fert
1533 675 1625 700 onmia
1651 675 1751 700 circum
1794 674 1909 705 Aeneas,
1930 674 2031 707 capitur
2050 680 2083 698 ue
2115 671 2189 697 locis.

1146 714 1219 748 Conj.
1235 711 1324 738 Manil.
1339 720 1358 743 1,
1373 713 1403 740 68
1415 710 1458 745 sq.
1567 711 1656 736 Partus
1675 710 1740 736 Plin.
1753 712 1809 743 7,6.
1913 709 2007 735 Parcus
2023 717 2038 742 p
2049 706 2138 734 acidus
2152 706 2189 732 fa-

1349 747 1353 750 ”
2007 745 2081 770 Pater
2094 741 2191 775 facilis,

1144 786 1296 810 contrarium
1310 781 1342 815 ‹st
1368 782 1442 808 Duro
1457 789 1478 806 ct
1493 781 1712 813 inexorabilifiue
1724 780 1840 806 moroso.
1897 780 1964 806 Ter.
1979 780 2076 805 Heaut.
2091 787 2114 809 2,
2128 786 2148 810 1,
2161 786 2191 810 43

1147 819 1217 846 Mihi
1231 818 1247 845 si
1263 826 1378 851 vnquam
1392 817 1463 842 filius
1477 817 1543 848 erit,
1561 826 1609 842 nae
1624 817 1663 842 illi
1679 816 1751 842 facili
1766 824 1807 841 me
1821 821 1910 841 vtetur
1927 816 2009 841 Patre.
2117 814 2192 840 Patet

1147 855 1232 881 facilis
1250 860 1276 880 et
1297 852 1427 883 liberalis,
1446 855 1486 877 cui
1498 859 1629 887 opponitur
1647 850 1786 882 Difficilis,
1803 859 1895 877 auarus
1909 856 1934 876 et
1948 848 2070 884 illepidus
2090 849 2145 876 Cic.
2160 847 2192 874 de

1148 892 1184 918 N.
1198 890 1230 917 D.
1246 900 1265 921 3,
1279 897 1319 924 73.
1403 888 1493 914 Penus
1517 892 1573 913 Sen.
1590 888 1699 922 Hippol.
1715 888 1732 914 s.
1747 897 1774 920 4.
1869 886 1961 920 Populi
1978 886 2009 912 ad
2022 886 2082 919 iuga
2095 883 2194 915 faciles,

1736 921 1876 948 Prouincia
1903 922 1990 948 facilis
2012 921 2127 950 diuisui,
2145 928 2193 955 pro

1147 961 1191 988 Ad
1203 961 1361 988 diuidendum
1381 960 1441 985 Liu.
1456 966 1498 992 45,
1536 979 1542 985 .
1579 978 1586 985 .
1657 958 1769 984 Ratione
1782 956 1855 982 facili
1869 962 1894 982 et
1907 957 1987 982 celeri
2002 962 2129 990 geruntur
2144 957 2194 982 Lu-

1426 995 1474 1020 Res
1490 1001 1549 1020 tuae
1562 993 1682 1027 quotidie
1695 993 1829 1019 faciliores
1842 991 1911 1017 mihi
1925 999 1950 1017 et
1963 992 2089 1017 meliores
2102 991 2195 1017 viden-

1462 1030 1535 1064 Conj'.
1551 1030 1610 1055 Liu.
1626 1038 1662 1060 23,
1676 1037 1707 1054 11.
1743 1028 1823 1063 ibique
1834 1025 1939 1052 Gronau.
1954 1027 2052 1053 Faciles
2073 1035 2195 1061 opponun-

1453 1066 1515 1091 Risu
1532 1064 1606 1090 facili
1620 1064 1771 1090 mollescere
1796 1061 1890 1088 Claud.
1906 1062 1936 1087 de
1950 1062 2024 1096 Rapt.
2040 1063 2156 1096 Proscrp.
2171 1069 2196 1094 2,

1812 1097 1928 1123 Martial.
1945 1106 1964 1129 1,
1978 1105 1995 1129 9
2019 1097 2092 1123 Nolo
2106 1098 2196 1123 virum

1785 1133 1895 1160 Somnus
1913 1133 1980 1159 Hor.
1995 1133 2117 1164 Carnuz,
2129 1141 2160 1164 11,
2174 1137 2196 1162 8.

2008 1168 2097 1194 Terra
2112 1167 2199 1194 facilis

1148 1004 1210 1024 eret.
1223 1005 1317 1029 4‚144.

1148 1039 1192 1059 tur
1210 1032 1264 1058 Cic.
1279 1033 1352 1058 Fam.
1364 1032 1389 1061 6,
1403 1038 1423 1063 ς.

1147 1075 1190 1094 tur
1210 1067 1346 1103 impeditis.

1296 1101 1414 1128 Saeuitia
1428 1102 1496 1127 Hor.
1511 1102 1598 1127 Carni.
1614 1108 1635 1129 2,
1651 1107 1688 1131 12,
1702 1101 1742 1125 26.

1150 1137 1224 1165 facili
1238 1137 1350 1164 redimit
1365 1137 1412 1170 qui
1427 1137 1557 1170 Sanguine
1571 1135 1677 1161 famam.

1150 1173 1308 1208 Suffragatio
1322 1173 1424 1204 facilis,
1445 1181 1493 1206 pro
1507 1172 1587 1198 salute
1626 1171 1682 1197 Cic.
1696 1177 1745 1205 pro
1759 1169 1847 1195 Domo
1861 1176 1900 1201 45.

1149 1210 1257 1244 frugum
1278 1208 1370 1236 Claud.
1385 1207 1417 1234 dc
1430 1206 1512 1234 Laud.
1527 1207 1614 1233 Seren.
1630 1214 1670 1239 54.
1774 1203 1857 1231 Ouid.
1873 1205 1938 1230 Met.
1954 1211 1991 1236 10,
2005 1207 2052 1229 602
2073 1203 2147 1237 Quid
2162 1203 2199 1229 fa-

1151 1246 1230 1272 cilem
1245 1245 1374 1272 Titulum
1387 1243 1532 1278 superando
1545 1242 1651 1277 quaeris
1665 1242 1762 1267 inertes
1776 1240 1785 1266 3
1805 1244 1823 1266 i.
1838 1241 1956 1269 Gloriam,
1969 1248 2028 1274 quae
2041 1238 2199 1275 citiuisfaci-

1434 1279 1559 1305 Tramite
1572 1278 1647 1304 facili
1660 1286 1708 1303 vos
1721 1275 1803 1302 sistam
1823 1276 1897 1310 Virg.
1911 1276 1976 1301 Aen.
1992 1277 2017 1307 6,
2031 1277 2092 1309 676.
2148 1274 2199 1300 Ve-

1151 1318 1197 1343 nia
1212 1315 1403 1351 deprecationis
1419 1314 1527 1340 facilior
1546 1313 1713 1346 Qiinciil.iu
1727 1313 1846 1337 Prooem.
1862 1321 1877 1336 1.
1971 1311 2060 1336 Venus
2073 1309 2200 1344 parabilis

1153 1352 1292 1386 facilisque
1320 1352 1388 1377 Hor.
1411 1350 1492 1376 Serm.
1507 1358 1526 1381 1,
1541 1358 1565 1380 2,
1581 1358 1628 1381 119.
1723 1348 1798 1381 Virg.
1812 1347 1910 1381 Georg.
1925 1354 1945 1379 1,
1959 1349 2008 1372 266
2044 1359 2089 1365 -——
2124 1343 2200 1372 l'ater

1152 1389 1223 1423 ipse,
1243 1386 1349 1414 colendi
1390 1385 1469 1412 Haud
1482 1385 1587 1411 facilem
1601 1385 1649 1410 else
1656 1384 1734 1409 Viam
1750 1382 1845 1409 voluit.
1952 1381 2034 1408 Plaut.
2049 1381 2131 1408 Trin.
2146 1389 2200 1413 3,2,

1153 1433 1181 1456 19
1199 1423 1270 1450 Tibi
1283 1429 1409 1458 paterque
1423 1430 1540 1455 auosque
1553 1421 1660 1446 facilem
1673 1418 1737 1445 facit
1750 1425 1775 1444 et
1786 1419 1887 1452 planam
1899 1417 1980 1443 viam.
2075 1416 2200 1443 Vicioria

1472 1457 1580 1483 Viflum
1591 1456 1697 1482 facilem
1709 1455 1797 1480 fundit
1811 1453 1886 1479 tellus
1905 1453 1979 1487 Virg.
1995 1452 2093 1486 Georg.
2105 1461 2130 1485 2,
2137 1455 2200 1485 460.

1155 1496 1245 1521 Vitam
1259 1494 1364 1520 facilem
1380 1492 1475 1519 ducere
1491 1492 1537 1518 Sil.
1552 1494 1579 1525 6,
1617 1511 1623 1517 .
1660 1510 1667 1517 .
1754 1491 1866 1519 vrci-tw,
1886 1489 2025 1524 Qifacilc
2039 1492 2117 1525 egerit
2129 1487 2201 1522 quid-

7 1535 9 1538 '
40 1529 195 1558 diuiduntur.
1152 1531 1216 1566 quid
1226 1533 1335 1556 continet
1356 1529 1421 1555 Plin.
1437 1533 1462 1560 Β,
1476 1536 1512 1559 32.
1710 1523 1730 1561 fl
1756 1534 1768 1551 2
1808 1526 1932 1551 formula?
1954 1525 2017 1550 alsat*
2031 1534 2038 1548 -'
2075 1523 2162 1550 Fffl'ile
2176 1527 2203 1549 et

80 1572 127 1593 ΡΑ
138 1572 155 1592 C
166 1573 188 1592 T
197 1575 206 1593 1
217 1574 267 1594 ΟΝ
276 1574 324 1595 AR
337 1574 347 1593 1
359 1573 380 1592 V
391 1575 413 1598 s,
422 1569 484 1594 i.m.
498 1566 626 1595 Fuflionis
633 1572 784 1605 agitatorum
792 1567 1043 1604 dominus,quomod0
1050 1577 1093 1593 vo·
1155 1575 1269 1601 pronum
1291 1567 1383 1592 quen.
1397 1564 1447 1589 Sat.
1462 1572 1488 1596 9,
1502 1571 1543 1595 43.
1637 1560 1798 1593 Minimum,
1820 1559 2030 1592 facillimumque
2051 1559 2147 1584 Catuli.
2162 1560 2202 1590 36,

43 1607 132 1628 cantur
145 1602 252 1629 Sueton.
264 1603 367 1630 Neron.
375 1612 439 1630 c.22.
475 1610 497 1629 et
512 1604 646 1638 Lamprid.
661 1604 812 1630 Commodo
828 1606 855 1630 16
874 1610 938 1630 extr.
990 1602 1092 1629 factio·
1155 1611 1182 1634 4.
1273 1601 1331 1628 Cic.
1345 1601 1416 1626 Fam.
1432 1607 1464 1630 13,
1478 1606 1493 1632 7
1526 1597 1670 1624 Hominum
1686 1596 1868 1627 Facillimum,
1886 1593 2148 1627 liberalissimumque
2160 1601 2201 1618 co-

44 1632 182 1663 suariorum
200 1644 279 1664 autem
297 1641 387 1664 mentio
405 1638 421 1664 l.
441 1648 450 1665 1
472 1639 502 1665 C.
517 1639 628 1666 Theod.
649 1640 681 1665 de
694 1641 770 1674 equis
785 1639 939 1672 curulibus,
958 1639 1002 1665 vbi
1015 1638 1135 1670 datur4o
1154 1637 1269 1672 gnoseos.
1385 1635 1464 1660 Lenis
1479 1633 1602 1659 etfacilis
1615 1631 1698 1658 homo
1723 1632 1778 1657 Cic.
1791 1631 1861 1657 Fam.
1877 1638 1905 1661 ς,
1921 1638 1941 1654 2.
1977 1663 1983 1667 Π
1999 1662 2005 1667 ⁴
2050 1629 2098 1654 Vir
2116 1627 2203 1667 facilis

44 1672 97 1698 illis
109 1673 183 1706 copia
196 1673 287 1704 solita,
306 1673 439 1700 vendendi
451 1683 534 1708 equos
552 1675 638 1701 debiles
657 1675 768 1709 Hispani
790 1675 932 1709 sanguinis.
1002 1675 1044 1701 Sic
1063 1677 1091 1699 in
1154 1673 1248 1699 mirari
1262 1680 1331 1697 noua
1350 1669 1443 1696 Claud.
1458 1670 1536 1695 Cons.
1552 1670 1621 1693 Hon.
1638 1675 1665 1699 4,
1679 1674 1732 1698 514.
1849 1664 1922 1690 Bello
1934 1662 2019 1689 facilis
2037 1663 2104 1690 Tac.
2113 1664 2202 1702 Agric.

47 1707 108 1733 Vet.
122 1708 201 1734 Inscr.
216 1709 292 1734 Grut.
305 1714 356 1741 338,
370 1718 382 1741 3
403 1709 444 1735 Cl.
461 1710 572 1736 Aurelio
592 1710 755 1745 Polyphemo
774 1711 893 1736 Domino
912 1715 939 1736 et
959 1708 1092 1743 Agitatori
1155 1717 1177 1734 c.
1194 1716 1230 1733 21.
1303 1705 1398 1731 Facilis
1411 1703 1565 1738 capessendis
1586 1701 1738 1728 inimicitiis
1768 1699 1807 1725 Id.
1823 1700 1891 1724 Anu.
1906 1708 1934 1731 ς,
1948 1707 1978 1730 11,
1994 1706 2011 1723 1.
2108 1697 2203 1724 Facilis

45 1741 172 1769 factionis
185 1744 293 1770 rull‘atae
327 1759 373 1764 --
409 1745 448 1770 sui
463 1747 589 1779 temporis
604 1747 692 1780 primo
704 1751 731 1772 et
744 1746 802 1772 solo
815 1746 985 1771 faEtionario.
1011 1743 1091 1769 Gloff.
1155 1741 1336 1774 impetrandae
1351 1739 1443 1765 veniae
1458 1737 1601 1767 claudius,
1618 1736 1707 1761 Fuluii
1724 1735 1818 1760 durior
1830 1734 1957 1760 sententia
1970 1739 2025 1759 erat
2045 1732 2104 1759 Liu.
2120 1735 2164 1764 :6‚
2179 1741 2204 1766 ¹5

45 1778 92 1803 Gr.
107 1778 163 1804 Lat.
179 1777 191 1803 ὅ
204 1778 334 1811 τάγματος
346 1779 474 1813 ἧγέμενσς,
493 1781 675 1806 factionarius.

81 1818 130 1838 ΡΑ
142 1815 265 1839 c'r16s
278 1820 337 1845 vs,
356 1823 384 1844 a,
404 1823 458 1840 um.
479 1815 539 1840 Adi.

43 1852 69 1873 et
79 1849 188 1881 inquieto
196 1866 205 1878 ‚
223 1854 247 1872 et
253 1847 384 1882 faHionis
388 1848 440 1881 fibi
446 1848 575 1882 parandae
579 1847 703 1908 ιΙῖιιείιῐέζο.

45 1881 142 1908 &iosus
156 1881 303 1916 audaxque.
407 1882 481 1908 Idem
494 1890 532 1916 17,
549 1891 568 1914 1,
582 1891 595 1915 5
615 1884 647 1909 Fa
680 1882 748 1908 iosus
761 1889 786 1908 et
801 1889 902 1916 potens.

45 1988 110 2015 mali
121 1993 207 2014 mores
221 1986 399 2014 stimulabant.

295 2059 368 2094 Conf.
387 2059 459 2085 ldem
480 2061 561 2087 Trin.
576 2069 605 2093 2,
620 2071 647 2094 4,
661 2068 682 2093 ς.
718 2066 741 2086 ct
754 2060 817 2086 (111.
832 2068 857 2091 2,
872 2068 892 2091 1,
907 2067 945 2094 17.

53 2095 158 2123 Turneb.
170 2094 238 2121 Adu.
254 2104 277 2126 2,
289 2104 326 2126 30.
399 2096 494 2122 Mum.
515 2097 574 2122 isar.
588 2096 667 2123 Lehi‘t.
684 2106 719 2130 17,
730 2105 754 2127 3.

52 2130 191 2168 &iosi'olim
205 2129 270 2155 dim
289 2132 398 2165 impigri
415 2134 514 2167 aptique
526 2131 560 2158 ad
572 2141 611 2158 res
627 2131 761 2166 gerendas,
782 2133 825 2166 qui
844 2130 947 2156 Graecis
967 2126 1093 2163 δραςῆςιιοι,

5 2168 10 2172 ”
53 2171 83 2194 vt
102 2166 180 2192 Plaut.
201 2165 292 2192 Bacch.
316 2174 339 2198 3,
363 2168 389 2198 6,
405 2175 427 2198 13
458 2167 561 2201 Lingua
574 2167 686 2194 faeliofi.
724 2167 766 2199 (i.
786 2167 836 2201 Qui
849 2162 1093 2200 multasejlzbiuros
1108 2172 1136 2198 ςς
1156 2170 1236 2189 ventu
1252 2171 1298 2196 0111
1312 2161 1457 2188 descendat.

478 2203 536 2229 Μαί.
554 2203 657 2229 Taubm.
671 2201 706 2228 ad
716 2204 762 2227 loc.
773 2209 800 2236 p.
814 2210 870 2235 57⁰·
905 2207 929 2226 et
940 2199 1094 2262 Egil{;sgfiffi:

49 2202 216 2238 promittunt)
235 2201 333 2228 inertes
347 2211 435 2235 opera.

53 2236 138 2271 gurth.
160 2246 180 2263 c.
203 2242 224 2266 8.
320 2237 464 2264 Faffiofior
490 2240 554 2265 Aur.
570 2238 640 2265 Vici.
653 2238 682 2264 in
694 2237 836 2265 Caracalla.

12 2279 13 2298 1
48 2280 105 2300 mus
121 2271 185 2298 Plin.
200 2272 278 2307 Epist.
292 2282 318 2306 4,
331 2282 355 2305 9.
774 2281 776 2284 >

55 2313 199 2345 '.FACT¹
213 2315 232 2334 o
245 2315 291 2334 813.

47 2343 205 2371 recusantem
218 2343 329 2371 factiose
341 2344 439 2378 ligasset
454 2345 553 2371 ciuicus
566 2353 650 2371 amor.

84 2384 156 2406 FAC
170 2385 192 2405 'r
204 2380 340 2413 (suffiae.
361 2380 381 2406 f.

40 2412 165 2450 faciendi,
178 2415 297 2449 parandi.

692 2344 826 2370 Trihmmr
840 2346 897 2369 item
911 2342 1002 2368 Liuio.

44 2485 155 2512 bonitate
162 2482 243 2520 ferri.
280 2485 358 2511 Gloss.
371 2487 473 2516 ποίησις,
488 2485 606 2511 Factum.

46 2555 171 2584 Prudeut.
185 2554 283 2589 Apoth.
297 2555 324 2580 de
336 2557 430 2582 Anima
444 2565 469 2582 v.
482 2563 534 2591 792
552 2556 662 2583 Factum
671 2557 721 2583 Dei
733 2556 778 2583 est.

35 2590 132 2618 Sedul.
146 2591 229 2624 princ.
243 2590 447 2625 Opusculorum.

83 2633 129 2653 ΓΛ
139 2631 155 2651 c
166 2633 187 2667 ”f
196 2633 216 2652 v
225 2633 244 2652 R
254 2633 264 2652 1
277 2632 296 2653 o
307 2630 382 2688 ‚Aige
418 2627 509 2653 Plauto
520 2634 649 2662 perperam
663 2627 786 2654 tribuitur
797 2638 804 2652 :
840 2626 894 2653 vid.
913 2631 1039 2652 FACTO.

84 2668 300 2694 FAC1L1s‚e.
362 2670 379 2689 1.
731 2662 735 2670 '

845 2557 920 2583 Idem
935 2562 986 2589 853.

25 2768 142 2799 meanis,
155 2768 254 2794 Ceruix
263 2788 271 2801 ,
285 2768 362 2799 Dies,
375 2770 470 2795 Manus
484 2774 507 2794 et
519 2778 545 2794 n.
554 2777 569 2794 2
584 2767 679 2794 Facilis
692 2767 782 2794 Viciu.

20 2794 81 2838 vloest
92 2802 228 2835 Difficilis.

25 2839 167 2874 “dumque
180 2839 286 2874 ignores
303 2850 309 2865 τ
345 2840 393 2866 vbi
407 2839 529 2874 cognoris
539 2859 547 2871 ‚
566 2838 665 2865 facilia.

47 2881 92 2902 tur
112 2876 187 2910 Virg.
201 2876 266 2902 Aen.
280 2877 306 2908 6,
321 2879 378 2910 146.

42 2912 93 2938 cite
106 2914 193 2944 aures,
217 2914 339 2942 animum,

5 2955 7 2957 ·
51 2951 94 2972 tus
113 2946 218 2973 Tibull.
233 2954 257 2977 2,
271 2955 298 2979 4,
313 2955 349 2979 19.

0 2983 3 3001 ¹³
53 2980 145 3007 Aditus
158 2981 247 3008 faciles
262 2988 288 3009 et
299 2982 401 3009 liberae
415 2982 616 3017 quaerimoniae
643 2981 700 3008 Cic.
713 2989 762 3015 pro
776 2981 805 3007 L.
819 2980 913 3007 Manil.
926 2988 965 3014 41.

55 3051 178 3091 Amicitia
194 3052 293 3080 Sallust.
308 3054 428 3089 Iugurth.
441 3062 472 3087 95
485 3061 550 3080 extr.

55 3085 118 3112 bilis
131 3091 204 3126 aetas,
217 3087 246 3120 dg
258 3092 347 3116 vitulis
359 3090 489 3116 domandis
516 3089 592 3123 Virg.
602 3089 698 3122 Georg.
707 3097 729 3121 3,
740 3090 789 3120 165.
810 3110 813 3112 .

54 3127 82 3148 et
95 3120 227 3161 prodigus*
237 3124 302 3152 Suet.
315 3125 407 3153 Vitell.
421 3135 442 3153 c.
457 3133 482 3159 7.

54 3157 170 3184 Martlal.
184 3156 214 3183 de
226 3158 303 3193 Spe&
317 3164 352 3188 26
375 3162 406 3187 Et
418 3162 495 3187 vario
510 3160 600 3187 faciles
613 3160 708 3186 ordine
721 3160 806 3194 pinxit
819 3161 914 3193 Aquas.

55 3193 114 3219 Sen.
127 3191 218 3218 oetan.
231 3194 250 3219 s.
262 3203 282 3220 2.

55 3228 160 3255 mesian.
176 3229 272 3264 Cyneg.
283 3238 354 3263 v.5o.
374 3233 418 3259 vbi
430 3233 483 3259 vid.
498 3234 582 3259 Burni.

55 3273 105 3299 pro
118 3263 203 3290 Plane.
216 3271 228 3296 ς
242 3273 263 3290 c.
278 3273 319 3291 2.-

54 3301 124 3364 gera
137 3299 236 3335 figuris.
272 3301 353 3337 HeinJI
372 3304 492 3338 Fragilis.

81 3346 142 3362 urm.

54 3381 153 3400 vencos
162 3392 170 3404 ‚
182 3374 207 3404 ,1.
215 3369 295 3407 facile
307 3373 378 3404 tulit,
394 3380 547 3402 ceruiceuon
561 3378 636 3401 nimis
651 3376 786 3402 laborante.

54 3417 148 3445 quoque
171 3406 252 3433 aHiue
269 3409 386 3441 ponitur,
401 3414 442 3445 qui
457 3411 546 3447 facere
564 3409 653 3446 porc-sl.

53 3443 245 3480 comparabiles,
264 3442 304 3467 vel
315 3442 405 3470 paratu
415 3446 508 3481 faciles
529 3447 585 3472 Sen.
601 3446 711 3482 Hippol.
725 3446 742 3471 s.
757 3455 784 3479 4.

56 3516 142 3551 Copia
167 3516 283 3548 Propert.
299 3521 318 3544 1,
331 3520 398 3545 9,15.

56 3560 108 3579 nue
122 3550 223 3584 coeptis
239 3549 313 3583 Virg.
327 3548 421 3582 Georg.
435 3558 455 3582 ι,
467 3560 510 3584 40,

20 3611 22 3613 ,
56 3586 89 3614 de
102 3588 176 3614 Orat.
191 3595 211 3619 1,
226 3592 280 3619 237.
438 3584 444 3589 ⁶

59 3631 95 3655 13,
116 3628 165 3655 831.
238 3619 379 3647 Descensus
408 3620 481 3654 Virg.
504 3623 567 3650 Aen.
586 3626 611 3657 6,
632 3627 684 3652 126.

57 3657 138 3685 Ouid.
160 3658 223 3684 Met.
250 3665 272 3689 ς,
285 3664 337 3689 559.
366 3658 383 3681 i.
402 3655 686 3694 placabiles,-fau2‚2tes‚

56 3693 135 3728 Epist.
149 3695 187 3725 16,
200 3697 255 3722 280.

57 3764 153 3791 adiuuit
163 3767 190 3790 in
196 3762 317 3798 [αι-[01110
330 3769 353 3788 et
367 3761 520 3797 impetrando
533 3761 621 3790 aHiue.

10 3817 12 3838 5
61 3799 115 3826 Cic.
128 3800 160 3826 de
171 3800 233 3827 Fin.
247 3807 267 3831 1,
280 3806 315 3830 33.
386 3798 477 3824 Exitus
499 3796 574 3830 Virg.
588 3799 651 3826 Aen.
666 3803 691 3832 6,
704 3807 765 3836 894,

61 3869 131 3904 Virg.
145 3872 208 3898 Aen.
222 3879 254 3902 4,
269 3878 318 3903 430
344 3870 480 3905 Exspe&et
501 3868 661 3903 facilemque
679 3870 777 3905 Fugam
799 3880 946 3906 ventosque
968 3872 1091 3898 ferentes.

58 3904 166 3933 Haustus
181 3905 265 3933 facilis
278 3914 407 3939 aquarum
428 3906 531 3932 Lucret.
546 3912 569 3935 2,
605 3923 611 3930 .
648 3923 656 3931 .
694 3907 751 3932 Non
763 3907 851 3934 habent
865 3909 968 3934 indices.

58 3940 122 3989 ‘³5¹¹'
134 3950 160 3975 2,
175 3943 228 4004 646y
238 3941 341 4006 gzcilisl
347 3942 455 4006 1Iati‘tura
468 3939 579 3975 sepulcri
594 3938 639 3966 est.

1016 2057 1090 2092 Conf.

951 2090 972 2130 ff
996 2102 1008 2119 2
1045 2094 1092 2119 Fa-

329 2308 397 2335 Adu.
433 2308 522 2339 Sidon.
543 2306 620 2343 Epist.
643 2317 669 2342 4,
690 2317 722 2341 24
749 2307 903 2335 Sacerdotio
925 2306 1018 2339 fungi,
1039 2314 1094 2340 quo

1100 2347 1136 2371 60
1155 2343 1187 2367 lis
1205 2342 1301 2367 Lucan.
1316 2349 1341 2372 2,
1355 2341 1412 2373 656.

419 2381 540 2414 [rt-olnam,
560 2380 693 2414 σκευασία]
732 2377 772 2412 Est
780 2380 887 2405 Rarior!
901 2378 985 2403 modus
997 2375 1094 2412 aliquid

337 2416 404 2441 Plin.
419 2425 461 2448 34,
477 2425 506 2447 14
527 2415 620 2441 Aliubi
633 2424 700 2441 vena
720 2414 865 2441 bonitatem
886 2413 951 2439 hanc
972 2412 1093 2447 praestat,

47 2454 76 2476 vt
95 2451 124 2476 in
144 2451 275 2476 Noricis:
309 2450 393 2477 aliubi
415 2451 532 2482 factura,
552 2456 580 2476 vt
597 2449 721 2476 Sulmone
734 2455 818 2484 aqua',
840 2450 879 2475 vti
892 2449 1018 2475 diximus.
1056 2449 1094 2474 De

715 2485 824 2512 Factum
840 2491 865 2511 et
884 2485 987 2511 cultura
1006 2483 1094 2509 idolo-

563 2522 643 2547 Etiam
657 2520 853 2556 Opus-fastum,
870 2528 985 2547 creatura
998 2530 1008 2549 ;
1027 2518 1096 2554 apud
1106 2517 1137 2548 65
1158 2519 1239 2553 Qiod
1253 2528 1306 2545 non
1318 2518 1401 2544 modo
1415 2517 1492 2543 facile
1505 2517 1537 2542 ad
1550 2516 1707 2543 credendum
1722 2515 1772 2545 est,
1793 2514 1850 2545 sed,
1870 2521 1914 2540 etc.

1135 2561 1137 2567 “
1158 2557 1280 2582 Verterat
1300 2553 1447 2588 periculum
1469 2552 1496 2578 in
1516 2553 1666 2582 Romanos,
1687 2556 1786 2576 temere
1807 2550 1835 2575 111
1854 2549 1908 2575 loca
1930 2549 2038 2584 iniqua,
2055 2559 2101 2576 nec
2114 2550 2204 2576 faciles

1023 2554 1092 2582 Add.

418 2663 555 2696 [sia'xokog
576 2660 830 2697 §aldios‚rn90xflfos‚
848 2661 959 2691 εἷὶκαπος,
979 2657 1094 2693 ‘'Just-<⁷²5⁵-

46 2698 107 2724 Vet.
122 2697 201 2723 Gloss.
215 2696 331 2733 εὖχερὴς]
367 2698 440 2733 Quid
445 2697 534 2733 facere
546 2707 602 2732 quis
611 2695 688 2731 potest
698 2717 706 2728 ,
726 2706 785 2731 quae
792 2697 952 2732 frequentior
966 2698 1032 2721 ratio
1046 2691 1095 2726 <st
1102 2699 1138 2727 70
1160 2703 1173 2720 a
1195 2693 1342 2720 doctissimo
1360 2701 1468 2727 quoque
1488 2692 1621 2718 dicuntur.

41 2733 92 2770 fid
113 2737 187 2759 etiam
208 2732 292 2759 afflue
318 2736 416 2768 capitur
441 2732 581 2764 interdum,
601 2739 629 2758 vt
642 2731 790 2764 facilis-sit,
811 2734 853 2766 qui
859 2730 949 2765 facere
955 2727 1052 2765 potest,
1067 2734 1097 2754 vt

823 2785 826 2786 .
854 2767 928 2792 Cuius
941 2767 1096 2791 contrarium

300 2804 368 2831 Ter.
382 2805 476 2830 Heaut.
489 2812 511 2836 ς,
526 2812 547 2836 ς,
562 2812 586 2835 ις
615 2804 686 2829 Haec
700 2802 763 2829 dum
777 2800 902 2836 incipias,
923 2800 1014 2835 grauia
1028 2800 1095 2830 sunt,

743 2837 840 2864 Volens
855 2837 994 2872 facilisque
1007 2836 1096 2870 seque-

348 2911 427 2946 fidem
438 2911 552 2937 adhibeat
564 2910 634 2936 rebus
648 2912 736 2940 vanis,
755 2910 823 2935 homo
836 2907 958 2935 credulus.
1031 2906 1094 2939 Adi·-

422 2946 517 2973 Aditus
532 2946 565 2972 ad
579 2945 710 2972 confidem
721 2945 829 2972 facilior
847 2944 907 2971 Sall.
921 2943 999 2970 Catil.
1014 2951 1093 3004 1ἰάἒέ

53 3016 131 3042 Acad.
144 3025 162 3048 4
188 3018 287 3052 Pugnas
307 3019 436 3050 omnino,
462 3017 505 3045 sed
527 3026 587 3044 cum
603 3016 763 3043 Aduersario
783 3016 873 3048 facili,
892 3015 916 3042 h.
930 3025 948 3041 c.
966 3014 1093 3050 superatu.

574 3124 703 3159 Appulsus
716 3123 805 3150 faciles
835 3123 927 3150 Tacit.
945 3124 1011 3149 Ann.
1027 3130 1051 3152 2,
1067 3124 1092 3148 6.

989 3158 1094 3184 Bonum

351 3197 381 3224 Et
395 3197 482 3224 varias
494 3197 615 3231 cupimus
629 3196 704 3222 facili
716 3197 787 3222 Cane
800 3196 902 3221 sumere
916 3193 1024 3228 praedas
1039 3193 1094 3219 Ne-

654 3232 736 3258 Causa
749 3231 836 3258 facilis
850 3237 875 3256 et
890 3229 1017 3264 explicata
1036 3228 1093 3255 Cic.
1108 3230 1137 3259 85
1156 3230 1217 3263 Agr.
1232 3238 1259 3262 9,
1275 3237 1299 3254 2.
1322 3231 1340 3254 i.
1347 3227 1403 3262 fine
1415 3225 1531 3260 molestia.

385 3268 466 3295 Ouid.
482 3269 546 3295 Met.
562 3276 595 3300 ις,
610 3270 656 3300 169
681 3268 770 3302 thue
788 3267 866 3293 nouis
881 3266 966 3292 facilis
979 3265 1094 3298 signatur

528 3303 602 3339 Qiod
614 3306 734 3334 retinuit,
753 3303 801 3339 sed
810 3306 897 3329 merito
911 3310 959 3326 mm
974 3300 1094 3335 probauit

257 3336 368 3365 Martias
382 3339 412 3366 de
425 3340 507 3374 Spe&
524 3348 550 3372 23
571 3339 619 3365 Ille
632 3339 695 3365 tulit
707 3339 828 3373 geminos
841 3337 914 3364 facili
929 3337 1040 3362 Ceruice
1053 3336 1092 3361 in-

844 3376 935 3408 Nempe
956 3371 1041 3398 facilis
1052 3371 1094 3397 hic

761 3409 826 3436 Cibi
846 3409 951 3437 faciles,
971 3410 989 3434 i.
1012 3408 1092 3433 Facile
1105 3410 1141 3435 90
1156 3417 1175 3439 1,
1189 3416 1241 3441 ¹50·

853 3445 920 3471 Plin.
936 3452 963 3478 7,
978 3445 1004 3469 16
1025 3443 1092 3469 Inci-

0 3514 1 3519 ,
19 3503 26 3505 μ
54 3481 143 3517 Piesste
156 3484 243 3505 autem
257 3476 307 3504 hoc
320 3477 400 3511 statua
417 3487 461 3508 aut
472 3482 619 3514 desinente,
639 3488 778 3516 conceptus
798 3480 921 3506 facillimi
942 3478 1091 3505 traduntur.

50 3523 54 3526 ”
489 3518 601 3545 Cursum
614 3517 646 3545 da
660 3518 782 3550 facilem,
802 3524 880 3551 atque
893 3514 1034 3542 audacibus
1048 3523 1091 3540 an-

616 3553 740 3580 Defensio
756 3552 843 3579 facilis
865 3558 890 3578 et
910 3557 1012 3586 promta
1033 3551 1090 3576 Cic.

387 3584 501 3612 Deliciae
512 3587 616 3621 faciles,
631 3590 790 3624 vulgataque
802 3596 914 3614 munera
928 3586 1009 3614 Ouid.
1027 3587 1091 3611 Met.
1105 3585 1135 3611 95
1155 3595 1203 3620 pro
1216 3585 1288 3612 Cael.
1302 3594 1344 3612 22.

789 3624 859 3650 Deos
879 3623 971 3650 faciles
993 3620 1091 3647 habere

496 3691 502 3696 ι
754 3658 787 3685 Di
812 3660 840 3685 in
862 3665 906 3685 tua
928 3663 989 3684 vota
1017 3656 1091 3682 Idem

362 3690 443 3717 Plaut-
457 3691 529 3724 Epid.
543 3701 565 3724 32
578 3704 603 3726 2,
614 3697 631 3722 6
656 3697 706 3723 Pro
720 3692 745 3721 di
762 3695 925 3721 immortales
940 3691 1009 3719 mihi
1023 3691 1092 3718 hune

57 3729 135 3756 Diem
149 3727 255 3755 dedistis
269 3726 445 3757 luculentum,
464 3734 493 3752 vt
510 3726 614 3756 facilem
630 3736 708 3766 atque
725 3730 920 3764 impetrabilem
930 3749 938 3761 ‚
962 3731 980 3754 i.
1001 3731 1044 3763 qui
1056 3737 1092 3753 mc
1798 3751 1805 3762 ι

677 3766 819 3793 Distinfflo
832 3766 918 3792 facilis
933 3770 959 3791 et
972 3762 1146 3798 expedita100
1155 3771 1177 3795 3,
1193 3771 1212 3794 1,
1226 3769 1258 3796 57
1290 3762 1447 3788 Iamdudum
1467 3762 1508 3787 illi
1528 3759 1606 3786 facile
1623 3758 1666 3785 Fit
1678 3758 1749 3792 quod
1769 3757 1865 3785 doleat.

873 3806 953 3827 ircmt
988 3807 1013 3826 et
1044 3807 1092 3825 uae

60 3833 90 3860 sit
110 3835 225 3862 Fortuna
246 3833 391 3866 facillima,
411 3839 492 3861 tentat
521 3832 597 3866 Virg.
621 3834 685 3861 Aen.
702 3845 733 3868 11,
745 3839 799 3871 761.
815 3803 981 3873 degongrqff’ic
992 3809 1094 3870 prgam,

1016 3907 1092 3940 Virg.

744 3941 802 3968 Irae
814 3942 876 3970 hinc
890 3943 980 3970 faciles
994 3943 1137 3976 Lucan.105
1153 3940 1238 3968 nefico
1252 3941 1261 3965 ἓ

1173 1785 1196 1801 r.
1268 1774 1359 1799 Mollis
1372 1774 1401 1798 in
1415 1773 1584 1806 obsequium,
1604 1770 1743 1804 facilisque
1756 1769 1911 1804 rogantibus
1932 1769 2013 1795 Ouid.
2024 1769 2114 1795 Amor.
2123 1778 2145 1798 2.
2154 1778 2173 1800 3,
2182 1777 2204 1801 ς.

576 1812 718 1847 [ςασιώδηῃ
737 1812 869 1845 exoratrix]
901 1818 951 1846 pro
971 1809 1090 1844 Seditiofh
1099 1819 1133 1844 45
1156 1808 1237 1835 Ouid.
1250 1808 1382 1845 Epist316,
1396 1816 1437 1839 195
1458 1808 1496 1832 Da
1509 1805 1589 1831 modo
1605 1812 1629 1831 te
1642 1805 1763 1837 facilem,
1783 1814 1829 1831 nec
1843 1804 1985 1838 dedignare
2001 1805 2125 1831 maritum
2152 1805 2204 1830 Ru.

741 1848 809 1881 Nep.
822 1850 848 1878 6,
864 1855 884 1878 1,
898 1855 909 1878 3
928 1847 1038 1879 Semper
1056 1845 1107 1870 fa·-

988 1879 1092 1907 Sallust.

43 1916 75 1951 γ111
88 1916 165 1943 Catil.
179 1925 201 1942 c.
215 1921 239 1946 18
267 1917 328 1942 Erat
340 1915 433 1943 eodem
448 1918 495 1943 Cn.
510 1918 569 1944 Piso
588 1917 736 1944 adolescens
755 1918 855 1944 nobilis
878 1918 992 1943 summae
1012 1915 1091 1942 auda-

46 1953 117 1985 ciae,
135 1960 228 1986 egens,
251 1951 376 1979 factiosus
391 1963 396 1978 :
432 1962 511 1988 quem
525 1953 557 1979 ad
570 1953 779 1988 perturbandum
793 1954 885 1987 Remp.
900 1952 992 1986 inopia
1011 1958 1091 1985 atque

496 1990 633 2024 Opulentus
645 1996 667 2015 et
680 1989 758 2015 diues.
793 1988 875 2014 Plaut.
890 1988 978 2014 Aulul.
993 1996 1017 2017 2,
1026 1995 1051 2018 2,
1062 1995 1091 2018 30
1099 1996 1131 2021 50

46 2024 125 2087 geni-t
145 2023 194 2049 hoc
213 2023 281 2049 mihi
295 2023 322 2049 iu
335 2029 451 2049 mentem
467 2024 627 2058 Megadore,
646 2031 671 2051 te
685 2025 733 2051 csl'e
748 2024 886 2050 hominem
901 2023 1029 2054 diuitem,
1054 2022 1092 2047 fa-

3 2070 6 2075 ·
77 2068 103 2086 to
115 2068 159 2085 um
176 2065 221 2085 etc.

1155 1852 1184 1870 re
1197 1843 1378 1876 Therapnaeo
1392 1848 1452 1868 nata
1466 1842 1552 1876 puella
1566 1841 1703 1876 Phrygem.
1774 1840 1847 1867 Idem
1863 1841 1927 1866 Fast.
1941 1848 1959 1870 1,
1976 1848 2012 1873 17.
2097 1840 2202 1866 Habere

1155 1879 1283 1914 populum
1296 1879 1402 1904 facilem
1421 1878 1476 1904 Cic.
1491 1878 1562 1903 Fam.
1575 1884 1602 1911 7,
1616 1886 1634 1903 1.
1738 1877 1844 1902 Habere
1857 1876 1961 1910 aliquos
1981 1874 2071 1900 faciles
2088 1875 2120 1901 ad
2142 1884 2205 1901 con-

1156 1915 1301 1941 cedendum
1322 1914 1378 1940 Cic.
1393 1914 1424 1939 dc
1439 1914 1530 1939 Diuin.
1544 1921 1569 1944 2,
1605 1931 1610 1937 .
1648 1931 1654 1937 .
1743 1912 1871 1937 Praebere
1886 1913 1910 1937 se
1923 1910 2028 1937 facilem
2044 1911 2072 1936 in
2087 1910 2204 1936 homini-

1156 1950 1204 1976 bus
1226 1949 1366 1976 audiendis
1385 1948 1610 1981 admittendisque
1638 1946 1694 1972 Cic.
1716 1947 1750 1980 Q
1765 1947 1806 1972 Fr.
1822 1955 1840 1977 1,
1858 1955 1875 1972 1.
1980 1946 2076 1972 Facilis
2090 1947 2204 1979 decusin,

1155 1986 1208 2012 vid.
1225 1991 1377 2012 DECVTio.
1414 1985 1469 2015 Sic,
1490 1983 1576 2009 Facile
1592 1982 1656 2008 tritu
1677 1982 1742 2008 Plin.
1758 1991 1793 2014 12,
1810 1991 1843 2014 13.
1880 1982 1937 2008 Cic.
1952 1982 2023 2008 Fam.
2042 1990 2061 2013 1,
2075 1989 2100 2016 7.
2156 1983 2203 2008 ra-

1155 2021 1233 2047 cilius
1248 2020 1327 2046 Dicin
1341 2019 1409 2045 nihil
1424 2019 1459 2044 est
1478 2019 1547 2045 Ter.
1562 2017 1666 2043 Phorm.
1687 2026 1750 2050 1,5,
1770 2025 1813 2052 70.
1910 2017 1947 2043 Id.
1965 2018 2061 2044 Heaut.
2083 2026 2115 2050 4,
2130 2026 2158 2050 3,
2173 2019 2204 2043 26

1155 2057 1271 2087 Bonam,
1291 2061 1371 2089 atque
1385 2055 1478 2082 iustam
1492 2063 1548 2080 rem
1562 2054 1661 2087 oppido
1677 2054 1799 2087 imperas,
1820 2059 1845 2079 et
1857 2052 1938 2079 Faetu
1952 2053 2066 2079 facilem.
2146 2054 2204 2080 cic.

1156 2092 1187 2118 de
1203 2092 1310 2117 Amicit.
1326 2101 1347 2117 c.
1364 2098 1392 2124 17
1412 2090 1486 2124 Quid
1500 2089 1580 2121 (haec
1595 2095 1622 2115 vt
1637 2089 1778 2120 omittam)
1796 2097 1874 2123 quam
1888 2098 1994 2123 graues,
2013 2098 2091 2123 quam
2110 2087 2206 2115 diffici-

1157 2128 1192 2154 les
1215 2127 1349 2161 plerisque
1367 2125 1492 2152 videntur
1511 2125 1687 2151 calamitatum
1711 2126 1845 2151 societates
1853 2134 1864 2155 ‚¹
1879 2126 1910 2150 ad
1924 2133 1988 2159 quas
2003 2133 2056 2150 non
2071 2124 2149 2150 facile
2164 2126 2205 2151 ln-

1291 2163 1296 2166 ’
1575 2161 1650 2194 Virg.
1668 2161 1732 2186 Aen.
1753 2169 1782 2192 3,
1804 2165 1846 2185 ⁶21
1879 2160 1937 2187 Nec
1959 2161 2022 2186 Visu
2036 2160 2140 2192 facilis,
2156 2169 2205 2187 nec

1157 2198 1230 2225 diem
1243 2197 1356 2224 effabilis
1371 2196 1428 2223 vlli.
1545 2196 1638 2222 Facilis
1652 2195 1741 2228 victu,
1760 2196 1891 2231 quifacile
1904 2196 1988 2222 vincit
2010 2196 2086 2230 Virg.
2100 2196 2164 2223 Aen.
2186 2205 2205 2227 1,

1156 2242 1209 2269 443
1229 2234 1269 2260 Sic
1283 2242 1343 2259 nam
1357 2233 1417 2259 fore
1429 2231 1501 2258 bello
1513 2232 1650 2266 Egregiani
1665 2238 1690 2257 et
1704 2232 1808 2257 facilem
1822 2231 1901 2257 Victa
1918 2241 1964 2265 per
1980 2231 2079 2258 saecula
2094 2238 2206 2265 gentem.

1155 2270 1202 2298 sed
1215 2270 1272 2296 Sen.
1288 2270 1332 2304 Ep.
1340 2277 1368 2301 91
1389 2268 1494 2302 Sapiens
1506 2267 1592 2293 facilis
1604 2267 1655 2293 fuit
1665 2267 1756 2299 Viciu,
1774 2267 1877 2302 i.facile
1889 2270 1994 2299 inuenit,
2008 2276 2067 2303 quae
2082 2267 2115 2293 ad
2126 2271 2206 2293 vitam

1148 2304 1320 2342 sustinendam
1331 2307 1478 2340 pertinent,
1497 2313 1545 2329 non
1559 2302 1676 2338 quaesiuit
1691 2303 1785 2338 operose
1797 2304 1946 2337 voluptates.
2062 2303 2128 2337 Capi
2143 2303 2207 2329 faci-

1521 2339 1612 2365 Tacit.
1622 2338 1688 2364 ffist.
1703 2348 1731 2372 4,
1741 2347 1771 2370 39
1790 2338 1833 2364 Nc
1846 2338 1941 2372 paratis
1956 2337 2064 2372 quidem
2077 2339 2205 2365 Corrum-

1156 2378 1184 2412 pi
1199 2376 1301 2408 facilis,
1320 2375 1386 2402 adeo
1402 2380 1521 2401 metuens
1535 2375 1643 2400 incerta.
1737 2374 1804 2400 Gell.
1819 2382 1856 2408 17,
1871 2382 1887 2405 9
1913 2375 2093 2407 lncorruptam
2108 2374 2205 2409 episto-

1156 2414 1225 2444 lam,
1244 2418 1269 2438 et
1280 2411 1385 2438 facilem
1401 2411 1465 2444 Legi
1479 2409 1649 2443 praestabant.
1760 2409 1903 2443 Nunquam
1921 2409 1957 2435 est
1983 2409 2028 2434 ille
2044 2409 2139 2441 miser,
2159 2409 2203 2436 cui

1157 2448 1236 2475 facile
1251 2448 1287 2474 est
1302 2447 1374 2473 Mori
1396 2446 1541 2472 Sen.Herc.
1555 2446 1616 2472 Oet.
1631 2454 1655 2471 2.
1748 2445 1844 2471 Facilis
1858 2445 1959 2470 saeuire
1978 2444 2038 2470 Stat.
2051 2451 2074 2469 et
2085 2445 2204 2478 Propert.

1157 2484 1210 2511 vid.
1232 2483 1321 2510 Barth.
1343 2482 1378 2509 ad
1401 2482 1464 2508 Stat.
1488 2481 1553 2507 Silu.
1577 2490 1600 2515 p.
1627 2489 1665 2513 14.
1773 2480 1868 2506 Facilis
1887 2480 1918 2505 ad
1934 2491 1939 2505 :
1976 2479 2032 2505 Cic.
2048 2479 2130 2506 Tufc.
2147 2489 2204 2512 1,13

1987 2516 2028 2540 sic
2049 2515 2109 2540 Liu.
2124 2524 2162 2547 32,
2177 2523 2206 2542 12

1157 2591 1188 2617 ad
1204 2596 1337 2624 receptum
1353 2587 1481 2621 angustias
1496 2586 1647 2620 progressos.
1720 2586 1770 2611 Vir
1783 2585 1868 2611 facilis
1883 2591 1908 2611 et
1921 2584 2056 2618 expeditus
2071 2585 2102 2611 ad
2117 2585 2205 2612 dicen.

1158 2625 1221 2651 dum
1241 2626 1296 2650 Cic.
1312 2624 1344 2650 de
1355 2623 1425 2648 Clar.
1440 2623 1514 2648 Orat.
1553 2641 1559 2647 .
1596 2640 1602 2646 .
1709 2620 1839 2653 Quinctil.
1856 2629 1878 2650 2,
1893 2629 1903 2652 3
1927 2620 2002 2653 Qiid
2016 2620 2032 2646 li
2047 2621 2204 2656 plerumque

1157 2659 1270 2691 accidit,
1289 2664 1319 2684 vt
1333 2657 1455 2683 faciliora
1468 2656 1516 2682 siut
1528 2655 1560 2682 ad
1575 2655 1795 2690 intelligendum,
1816 2662 1841 2682 et
1861 2655 1991 2687 lucidiora
2015 2657 2118 2688 multo,
2137 2666 2204 2691 quae

1725 2692 1820 2717 Facilis
1833 2691 1860 2717 in
1875 2702 1881 2717 τ
1916 2691 2048 2724 Qxinffll.
2067 2701 2085 2723 1,
2103 2701 2111 2718 1
2133 2693 2204 2720 Nam

1158 2736 1249 2756 contra
1260 2730 1349 2765 plures
1361 2729 1476 2763 reperias
1489 2734 1514 2753 ct
1529 2727 1619 2753 faciles
1633 2726 1661 2752 in
1676 2726 1851 2761 excogitando
1863 2733 1888 2753 et
1900 2727 1931 2753 ad
1946 2728 2098 2753 discendum
2118 2738 2205 2762 prom-

1158 2771 1209 2792 tos.
1326 2765 1381 2791 Cic.
1395 2763 1427 2790 de
1441 2763 1510 2789 Clar.
1525 2763 1598 2789 Orat.
1613 2767 1640 2794 85
1660 2763 1690 2788 In
1704 2763 1779 2788 suum
1793 2763 1889 2797 cuique
1902 2763 2046 2789 tribuendo
2059 2763 2148 2789 faciles
2161 2773 2204 2790 an-

1158 2801 1237 2836 tiqui.
1346 2801 1385 2826 De
1402 2799 1491 2830 facili,
1505 2805 1554 2833 pro
1571 2799 1652 2824 Facile
1664 2798 1731 2824 Adu.
1784 2799 1892 2825 Firmic.
1907 2807 1929 2831 ς,
1944 2801 1960 2825 6
1984 2799 2066 2826 Tunc
2080 2799 2205 2826 inimicos

1158 2838 1218 2863 suos
1232 2836 1356 2867 timeant,
1366 2844 1426 2861 nam
1440 2834 1472 2860 de
1486 2834 1559 2860 facili
1573 2834 1681 2868 quidem
1694 2833 1727 2859 ab
1743 2834 1780 2860 eis
1794 2834 1994 2869 superabuntur.
2067 2835 2103 2861 Ex
2119 2836 2203 2868 facili,

449 2875 574 2902 inanibus
586 2874 673 2901 facilis
690 2873 782 2900 Tacit.
797 2873 865 2899 Ann.
879 2881 905 2904 2,
916 2880 960 2907 27.
973 2871 1094 2907 i.quifa-
1106 2877 1138 2904 73
1156 2871 1446 2906 aduerbialitrrpolirnm
1457 2877 1505 2906 pro
1522 2871 1601 2895 Facile
1614 2870 1654 2895 vel
1668 2870 1835 2904 fanumst
1851 2869 1996 2904 dietpostet.
2035 2871 2165 2897 Columel.
2179 2874 2204 2902 6,

1159 2917 1168 2935 1
1189 2910 1264 2942 Qiae
1277 2907 1385 2934 vitanda
1398 2915 1452 2932 non
1467 2914 1496 2931 ex
1513 2905 1586 2931 facili
1600 2905 1725 2931 dixerim.
1832 2906 1924 2932 Tacit.
1938 2905 2026 2940 Agric.
2041 2915 2075 2939 ις,
2091 2915 2103 2932 2
2124 2906 2204 2933 Nihil

1156 2943 1250 2979 profici
1264 2943 1390 2978 patientia
1399 2962 1407 2975 ,
1426 2941 1473 2968 nisi
1489 2946 1516 2967 vt
1529 2941 1654 2975 grauiora
1666 2946 1790 2975 tanquam
1803 2949 1834 2967 ex
1847 2941 1920 2968 facili
1935 2942 2109 2968 tolerantibus
2121 2944 2205 2976 impe·

1157 2986 1257 3007 rentur.
1328 2980 1407 3005 Plura
1420 2978 1527 3012 exempla
1534 2976 1680 3012 suppeditat
1697 2978 1726 3003 cl.
1749 2976 1829 3010 Waffi’
1844 2977 1877 3004 ad
1889 2977 1988 3003 Sallust.
2005 2977 2082 3003 Catil.
2097 2987 2116 3003 c.
2124 2986 2166 3013 27.
2180 2987 2203 3004 a.

1157 3017 1187 3042 In
1201 3014 1275 3041 facili
1294 3015 1354 3041 Liu.
1368 3023 1391 3046 3,
1406 3018 1419 3043 8
1433 3020 1498 3040 extr.
1541 3012 1599 3038 ls'nl.
1617 3019 1653 3038 IN
1673 3013 1760 3047 Praep.
1775 3019 1798 3038 et
1811 3014 1833 3039 1.
1852 3014 1877 3039 F.
1895 3014 2000 3039 Gronau.
2014 3013 2048 3038 ..vd
2058 3014 2076 3038 Ι.

619 3052 709 3079 Animi
726 3053 853 3078 iuuenum
867 3051 973 3114 f‘ffilffi’
993 3056 1020 3112 ef
1036 3059 1093 3111 mlo-
1114 3048 1147 3074 80
1194 3057 1348 3077 FACILE.
1370 3049 1438 3076 Adu.
1474 3046 1577 3083 [ρᾳδίως
1597 3047 1720 3082 εὐχερῶς]
1755 3048 1812 3074 Sine
1834 3049 1923 3074 labore.
1961 3049 2045 3082 Agere
2068 3047 2163 3079 facile,
2183 3049 2202 3073 i.

904 3096 991 3113 nunus
1017 3095 1057 3112 aci
1072 3094 1094 3111 is

1163 3087 1250 3113 Viuere
1265 3095 1294 3111 ex
1307 3088 1386 3112 animi
1392 3085 1436 3121 sui
1443 3084 1579 3120 sententia,
1593 3083 1774 3118 impedimentis
1787 3083 1862 3109 nulls:
1884 3093 1898 3109 a
1919 3089 2070 3118 paupertate
2092 3083 2203 3109 obre-His.

1157 3122 1227 3149 Ter.
1240 3120 1314 3147 Adel.
1328 3130 1351 3154 3,
1364 3130 1390 3154 4,
1404 3122 1435 3153 56
1473 3119 1522 3146 Sed
1544 3120 1643 3146 Demea
1665 3118 1715 3145 hoc
1742 3124 1769 3144 tu
1791 3119 1872 3145 facito
1889 3125 1972 3144 tecum
1988 3118 2077 3144 animo
2092 3118 2202 3152 cogites,

1157 3167 1235 3193 quam
1252 3166 1299 3183 vos
1312 3156 1439 3183 facillime
1446 3155 1546 3189 Agitis,
1564 3164 1642 3190 quam
1657 3154 1716 3181 estis
1729 3155 1843 3180 maxime
1863 3160 1990 3188 potentes.
2080 3153 2203 3188 Agricola

1157 3193 1272 3220 naturali
1286 3192 1439 3227 prudentia,
1459 3191 1580 3225 quamuis
1594 3192 1663 3218 inter
1678 3196 1790 3224 togatos,
1798 3190 1875 3216 facile
1887 3189 2004 3224 iusteque
2015 3189 2114 3222 Agebat
2132 3190 2200 3216 Tae.

1599 3227 1666 3261 Capi
1681 3226 1807 3252 facillime
1820 3226 1941 3252 oratione
1954 3224 2064 3254 subdola
2078 3230 2123 3251 aut
2136 3225 2201 3251 ami-

1156 3265 1218 3291 citia
1236 3265 1309 3291 Caes.
1324 3264 1352 3290 B.
1366 3264 1397 3290 G.
1412 3271 1438 3298 7,
1454 3271 1488 3295 31.
1569 3263 1666 3289 Carere
1679 3262 1769 3296 aliqua
1782 3270 1810 3287 re
1826 3261 1919 3294 facile,
1938 3265 1978 3286 cui
1992 3270 2030 3286 res
2043 3259 2201 3287 desiderabi-

1155 3301 1187 3327 lis
1205 3303 1336 3336 opponitur
1354 3300 1410 3327 Cic.
1424 3300 1452 3325 111
1465 3299 1539 3332 Top.
1554 3300 1597 3330 69.
1669 3297 1769 3324 Cedere
1790 3297 1860 3323 Suet.
1876 3298 1940 3330 Aug.
1960 3305 2026 3325 c.21‚
2042 3301 2063 3325 8.
2131 3296 2200 3323 Ter.

1156 3335 1236 3363 Andr.
1247 3341 1347 3369 1,1‚108
1369 3336 1446 3362 Tum
1460 3334 1549 3365 illa,vt
1564 3334 1717 3359 consuetum
1731 3333 1809 3359 facile
1822 3341 1941 3359 amorem
1955 3333 2091 3363 Cerneres,
2105 3331 2201 3358 reiecit

1155 3373 1180 3399 se
1194 3372 1221 3398 in
1235 3381 1294 3398 eum
1304 3391 1312 3405 ,
1331 3378 1377 3398 etc.
1457 3369 1592 3403 consequi
1605 3368 1733 3395 facillime
1747 3369 1868 3403 peruerse
1880 3368 1990 3394 dicendo
2011 3367 2066 3392 Cic.
2080 3366 2112 3393 dc
2125 3368 2200 3394 Orat.

1321 3408 1404 3434 Plaut.
1420 3405 1488 3432 Rud.
1503 3414 1525 3437 ς,
1539 3414 1560 3437 3,
1573 3414 1601 3430 10
1621 3404 1705 3431 Isshuc
1718 3405 1795 3430 facile
1809 3413 1862 3430 non
1877 3402 1965 3429 Credo
1979 3402 2039 3427 tibi.
2130 3403 2199 3430 Ter,

1155 3444 1238 3470 Andr.
1251 3452 1276 3475 2,
1290 3451 1309 3475 1,
1325 3451 1347 3469 11
1368 3442 1454 3469 Facile
1467 3449 1557 3467 omnes
1571 3450 1652 3476 quum
1668 3440 1798 3472 valemus,
1817 3440 1887 3465 recta
1901 3438 2008 3464 consilia
2020 3439 2135 3472 aegrotis
2150 3439 2199 3465 Da-

1155 3488 1222 3506 mus,
1312 3479 1368 3505 Cic.
1384 3478 1415 3504 de
1431 3478 1488 3504 Fin.
1506 3485 1528 3509 2,
1564 3496 1570 3502 .
1609 3496 1614 3502 .
1652 3476 1716 3503 Non
1736 3475 1772 3501 est
1787 3475 1863 3500 facile
1879 3473 2036 3499 Defendere.
2127 3474 2198 3501 Ter,

1155 3515 1223 3541 Prol.
1237 3515 1303 3540 Hec.
1318 3522 1349 3549 37
1369 3512 1557 3540 Deterruissem
1571 3511 1664 3542 facile,
1683 3521 1715 3537 ne
1730 3511 1792 3536 alias
1806 3509 1938 3535 scriberet.
2017 3507 2112 3543 Effingi
2126 3510 2200 3536 facil-

1155 3550 1234 3581 lime,
1255 3550 1330 3576 nullo
1349 3550 1459 3584 negotio
1478 3548 1549 3574 flecti
1573 3557 1601 3574 ac
1621 3546 1774 3580 detorqueri
1788 3545 1908 3571 voluntas
1922 3544 2026 3571 testium
2039 3545 2121 3579 potest
2142 3546 2198 3572 Cic.

1416 3585 1484 3611 Ter.
1500 3583 1580 3610 Andr.
1595 3592 1615 3615 3,
1630 3592 1654 3614 3,
1671 3591 1699 3613 30
1721 3581 1821 3607 Dehinc
1836 3581 1914 3607 facile
1929 3588 1961 3606 ex
1976 3580 2029 3606 illis
2044 3581 2095 3606 sese
2109 3582 2198 3608 Emer-

1155 3622 1243 3647 surum
1256 3621 1341 3647 malis.
1448 3620 1563 3646 Euadere
1576 3618 1681 3644 facilius
1705 3616 1759 3643 Cic.
1774 3616 1856 3643 Tusc.
1870 3625 1889 3649 1,
1902 3625 1942 3649 43.
2039 3617 2135 3643 Euenit
2159 3617 2197 3643 eis

1154 3656 1232 3682 facile
1258 3662 1284 3682 et
1312 3657 1448 3683 fortunate
1481 3656 1561 3681 Plaut.
1576 3653 1648 3688 Epid.
1663 3661 1687 3683 2,
1699 3661 1723 3682 2,
1737 3659 1776 3684 59.
1892 3652 1987 3678 Facere
2006 3651 2088 3678 Plaut.
2102 3652 2197 3687 Amph.

1154 3691 1222 3717 Prol.
1239 3700 1291 3724 139.
1398 3691 1466 3717 Ter.
1481 3692 1577 3716 Heaut.
1594 3698 1613 3720 3.
1628 3697 1651 3718 2,
1661 3689 1690 3718 36
1711 3687 1798 3713 Facile
1811 3687 1936 3722 equidem
1951 3688 2045 3714 Facere
2059 3687 2194 3721 posiinu,ti

1155 3727 1238 3753 iubes.
1277 3730 1280 3732 “
1310 3727 1390 3753 Ferre
1402 3726 1579 3760 tempestatem
1593 3724 1698 3749 facilius
1715 3723 1787 3749 Caes.
1801 3723 1829 3749 B.
1844 3723 1875 3750 G.
1890 3731 1910 3755 3,
1927 3731 1960 3755 13.
2048 3724 2116 3750 Ter.
2131 3724 2194 3748 Eun.

1972 3758 2102 3784 Iudicabit
2116 3758 2196 3783 facile

1156 3799 1210 3832 lpsa
1225 3804 1319 3824 natura
1333 3798 1389 3823 vim
1404 3798 1490 3828 suam,
1510 3804 1592 3829 quum
1607 3793 1728 3820 homines
1741 3795 1814 3829 quod
1825 3794 1912 3821 facere
1926 3793 1972 3828 ipsi
1987 3803 2040 3820 non
2053 3794 2159 3826 pollent,
2167 3792 2194 3818 id

1155 3833 1227 3860 rec'te
1243 3832 1302 3859 fieri
1315 3834 1345 3860 in
1360 3833 1445 3860 altero
1459 3831 1606 3858 iudicarent
1628 3830 1683 3856 Cic.
1699 3830 1731 3856 de
1744 3831 1851 3857 Amicit.
1867 3838 1904 3862 19.
1995 3828 2144 3861 Intelligere
2158 3828 2194 3853 fa-

1154 3869 1256 3896 cillime
1273 3869 1329 3895 Cic.
1352 3878 1400 3903 pro
1422 3868 1496 3894 Rosc.
1521 3867 1578 3892 Am.
1603 3875 1625 3892 c.
1646 3875 1673 3892 12
1694 3873 1758 3892 extr.
1866 3866 1935 3891 Ter.
1951 3865 2015 3890 Eun.
2032 3874 2054 3892 4·
2068 3871 2089 3894 3,
2105 3871 2117 3895 ς
2139 3863 2194 3895 Qui

1154 3914 1222 3931 nunc
1238 3904 1254 3930 si
1268 3904 1345 3931 detur
1357 3903 1426 3930 mihi
1440 3915 1444 3928 :
1480 3908 1508 3927 vt
1522 3910 1571 3935 ego
1585 3901 1716 3936 vnguibus
1729 3901 1806 3928 facile
1820 3901 1860 3927 illi
1875 3901 1903 3927 in
1916 3900 2007 3926 oculos
2022 3898 2143 3923 Inuolem
2153 3906 2194 3923 ve.

1350 3940 1431 3966 Plaut.
1446 3938 1519 3999 Cgpt.
1536 3946 1561 3970 2,
1574 3945 1596 3970 3,
1612 3946 1639 3970 33
1659 3937 1745 3964 Isthuc
1759 3945 1814 3964 non
1825 3935 1985 3973 praecipias,
2003 3933 2081 3959 facile
2094 3941 2195 3972 memo-

1500 3982 1514 3999 e
1534 3982 1548 3999 e
1569 3981 1584 3999 e
2151 3976 2195 3995 ria

1744 4034 1751 4046 l
