<?xml version="1.0" encoding="UTF-8"?>
<!DOCTYPE html PUBLIC "-//W3C//DTD XHTML 1.0 Transitional//EN"
    "http://www.w3.org/TR/xhtml1/DTD/xhtml1-transitional.dtd">
<html xmlns="http://www.w3.org/1999/xhtml" xml:lang="en" lang="en">
 <head>
  <title>
</title>
<meta http-equiv="Content-Type" content="text/html;charset=utf-8" />
  <meta name='ocr-system' content='tesseract 3.04.00' />
  <meta name='ocr-capabilities' content='ocr_page ocr_carea ocr_par ocr_line ocrx_word'/>
</head>
<body>
  <div class='ocr_page' id='page_1' title='image "./novuslinguaeeter02gesn/novuslinguaeeter02gesn_0122.png"; bbox 0 0 2479 4225; ppageno 0'>
   <div class='ocr_carea' id='block_1_1' title="bbox 285 157 2402 249">
    <p class='ocr_par' dir='ltr' id='par_1_1' title="bbox 285 157 2402 249">
     <span class='ocr_line' id='line_1_1' title="bbox 285 157 2402 249; baseline -0.009 -23"><span class='ocrx_word' id='word_1_1' title='bbox 285 211 351 249; x_wconf 86' lang='lat'>2¹9</span> <span class='ocrx_word' id='word_1_2' title='bbox 670 185 708 225; x_wconf 92' lang='lat' dir='ltr'><strong>D</strong></span> <span class='ocrx_word' id='word_1_3' title='bbox 785 184 804 224; x_wconf 90' lang='lat'>1</span> <span class='ocrx_word' id='word_1_4' title='bbox 883 184 911 222; x_wconf 88' lang='lat' dir='ltr'>S</span> <span class='ocrx_word' id='word_1_5' title='bbox 1400 157 1404 159; x_wconf 28' lang='lat'><em>⁴</em></span> <span class='ocrx_word' id='word_1_6' title='bbox 1760 170 1798 211; x_wconf 92' lang='lat' dir='ltr'>D</span> <span class='ocrx_word' id='word_1_7' title='bbox 1885 165 1912 212; x_wconf 68' lang='lat'>1&#39;</span> <span class='ocrx_word' id='word_1_8' title='bbox 1990 170 2018 212; x_wconf 91' lang='lat' dir='ltr'>S</span> <span class='ocrx_word' id='word_1_9' title='bbox 2328 178 2402 212; x_wconf 74' lang='lat'>220</span> 
     </span>
    </p>
   </div>
   <div class='ocr_carea' id='block_1_2' title="bbox 290 254 2405 586">
    <p class='ocr_par' dir='ltr' id='par_1_2' title="bbox 374 254 2402 308">
     <span class='ocr_line' id='line_1_2' title="bbox 374 254 2402 308; baseline -0.013 1"><span class='ocrx_word' id='word_1_10' title='bbox 374 289 386 308; x_wconf 73' lang='lat' dir='ltr'>s</span> <span class='ocrx_word' id='word_1_11' title='bbox 394 288 406 308; x_wconf 89' lang='lat' dir='ltr'>s</span> <span class='ocrx_word' id='word_1_12' title='bbox 414 288 432 307; x_wconf 77' lang='grc' dir='ltr'><strong>γ</strong></span> <span class='ocrx_word' id='word_1_13' title='bbox 440 285 456 305; x_wconf 84' lang='lat'>1.</span> <span class='ocrx_word' id='word_1_14' title='bbox 466 284 482 304; x_wconf 72' lang='grc' dir='ltr'><strong>ι</strong></span> <span class='ocrx_word' id='word_1_15' title='bbox 491 284 511 304; x_wconf 73' lang='grc' dir='ltr'><strong>Λ</strong></span> <span class='ocrx_word' id='word_1_16' title='bbox 521 283 537 304; x_wconf 79' lang='lat'>1³</span> <span class='ocrx_word' id='word_1_17' title='bbox 545 281 566 301; x_wconf 87' lang='lat' dir='ltr'>v</span> <span class='ocrx_word' id='word_1_18' title='bbox 574 281 587 303; x_wconf 85' lang='lat' dir='ltr'>s</span> <span class='ocrx_word' id='word_1_19' title='bbox 622 280 665 301; x_wconf 77' lang='lat' dir='ltr'>aut</span> <span class='ocrx_word' id='word_1_20' title='bbox 681 281 699 301; x_wconf 81' lang='lat' dir='ltr'>n</span> <span class='ocrx_word' id='word_1_21' title='bbox 707 281 717 300; x_wconf 95' lang='lat'>1</span> <span class='ocrx_word' id='word_1_22' title='bbox 726 279 738 299; x_wconf 87' lang='lat' dir='ltr'>s</span> <span class='ocrx_word' id='word_1_23' title='bbox 747 280 765 299; x_wconf 76' lang='grc' dir='ltr'>γ</span> <span class='ocrx_word' id='word_1_24' title='bbox 772 278 788 297; x_wconf 83' lang='grc' dir='ltr'><strong>ι</strong></span> <span class='ocrx_word' id='word_1_25' title='bbox 797 278 813 298; x_wconf 65' lang='grc'>1.</span> <span class='ocrx_word' id='word_1_26' title='bbox 822 277 843 297; x_wconf 86' lang='grc' dir='ltr'>Α</span> <span class='ocrx_word' id='word_1_27' title='bbox 852 276 867 296; x_wconf 77' lang='grc' dir='ltr'>Β</span> <span class='ocrx_word' id='word_1_28' title='bbox 875 276 896 295; x_wconf 84' lang='grc' dir='ltr'><strong><em>ν</em></strong></span> <span class='ocrx_word' id='word_1_29' title='bbox 904 275 917 295; x_wconf 86' lang='lat' dir='ltr'>s</span> <span class='ocrx_word' id='word_1_30' title='bbox 925 286 934 299; x_wconf 84' lang='lat'><em>‚</em></span> <span class='ocrx_word' id='word_1_31' title='bbox 951 274 974 297; x_wconf 83' lang='lat' dir='ltr'>a,</span> <span class='ocrx_word' id='word_1_32' title='bbox 993 273 1048 292; x_wconf 88' lang='lat' dir='ltr'>um.</span> <span class='ocrx_word' id='word_1_33' title='bbox 1083 264 1143 293; x_wconf 78' lang='lat' dir='ltr'>Adi.</span> <span class='ocrx_word' id='word_1_34' title='bbox 1178 261 1308 296; x_wconf 69' lang='lat' dir='ltr'>Qine‘til.</span> <span class='ocrx_word' id='word_1_35' title='bbox 1402 266 1422 288; x_wconf 81' lang='lat' dir='ltr'>n</span> <span class='ocrx_word' id='word_1_36' title='bbox 1432 267 1443 287; x_wconf 84' lang='lat'>1</span> <span class='ocrx_word' id='word_1_37' title='bbox 1453 266 1467 288; x_wconf 81' lang='lat' dir='ltr'>s</span> <span class='ocrx_word' id='word_1_38' title='bbox 1475 265 1496 288; x_wconf 81' lang='lat' dir='ltr'>‘r</span> <span class='ocrx_word' id='word_1_39' title='bbox 1505 266 1516 287; x_wconf 85' lang='lat'>1</span> <span class='ocrx_word' id='word_1_40' title='bbox 1527 267 1542 288; x_wconf 82' lang='lat' dir='ltr'>L</span> <span class='ocrx_word' id='word_1_41' title='bbox 1553 267 1569 287; x_wconf 83' lang='lat' dir='ltr'><strong>L</strong></span> <span class='ocrx_word' id='word_1_42' title='bbox 1580 266 1600 288; x_wconf 73' lang='grc' dir='ltr'>Α</span> <span class='ocrx_word' id='word_1_43' title='bbox 1608 267 1627 287; x_wconf 77' lang='lat' dir='ltr'>R</span> <span class='ocrx_word' id='word_1_44' title='bbox 1637 266 1647 286; x_wconf 89' lang='lat'>1</span> <span class='ocrx_word' id='word_1_45' title='bbox 1656 265 1678 286; x_wconf 89' lang='lat' dir='ltr'>v</span> <span class='ocrx_word' id='word_1_46' title='bbox 1687 265 1700 286; x_wconf 88' lang='lat' dir='ltr'>s</span> <span class='ocrx_word' id='word_1_47' title='bbox 1709 278 1718 292; x_wconf 85' lang='lat'>‚</span> <span class='ocrx_word' id='word_1_48' title='bbox 1737 258 1767 285; x_wconf 85' lang='lat' dir='ltr'>ii.</span> <span class='ocrx_word' id='word_1_49' title='bbox 1781 267 1817 285; x_wconf 86' lang='lat' dir='ltr'>m.</span> <span class='ocrx_word' id='word_1_50' title='bbox 1836 258 2008 291; x_wconf 77' lang='lat' dir='ltr'>Concinnaeor,</span> <span class='ocrx_word' id='word_1_51' title='bbox 2014 257 2068 293; x_wconf 81' lang='lat' dir='ltr'>fiue</span> <span class='ocrx_word' id='word_1_52' title='bbox 2080 257 2200 285; x_wconf 69' lang='lat' dir='ltr'>venditor</span> <span class='ocrx_word' id='word_1_53' title='bbox 2206 254 2402 290; x_wconf 76' lang='lat' dir='ltr'>distillationum.</span> 
     </span>
    </p>

    <p class='ocr_par' dir='ltr' id='par_1_3' title="bbox 328 290 2402 345">
     <span class='ocr_line' id='line_1_3' title="bbox 328 290 2402 345; baseline -0.013 -3"><span class='ocrx_word' id='word_1_54' title='bbox 328 290 382 342; x_wconf 49' lang='lat'>131}</span> <span class='ocrx_word' id='word_1_55' title='bbox 459 313 536 339; x_wconf 89' lang='lat' dir='ltr'>Mart.</span> <span class='ocrx_word' id='word_1_56' title='bbox 550 295 655 345; x_wconf 63' lang='lat' dir='ltr'>Capella</span> <span class='ocrx_word' id='word_1_57' title='bbox 668 317 680 341; x_wconf 87' lang='grc'>3</span> <span class='ocrx_word' id='word_1_58' title='bbox 694 318 718 342; x_wconf 92' lang='lat' dir='ltr'>p.</span> <span class='ocrx_word' id='word_1_59' title='bbox 731 310 758 333; x_wconf 80' lang='lat'>61</span> <span class='ocrx_word' id='word_1_60' title='bbox 772 313 795 332; x_wconf 77' lang='lat' dir='ltr'>et</span> <span class='ocrx_word' id='word_1_61' title='bbox 810 313 822 337; x_wconf 77' lang='grc' dir='ltr'><em>ς</em></span> <span class='ocrx_word' id='word_1_62' title='bbox 835 314 859 338; x_wconf 89' lang='lat' dir='ltr'>p.</span> <span class='ocrx_word' id='word_1_63' title='bbox 873 306 926 334; x_wconf 83' lang='lat'><strong>¹69·</strong></span> <span class='ocrx_word' id='word_1_64' title='bbox 1369 295 1497 323; x_wconf 84' lang='lat' dir='ltr'>Laudatur</span> <span class='ocrx_word' id='word_1_65' title='bbox 1520 297 1577 323; x_wconf 87' lang='lat' dir='ltr'>Sen.</span> <span class='ocrx_word' id='word_1_66' title='bbox 1591 296 1669 330; x_wconf 84' lang='lat' dir='ltr'>Epist.</span> <span class='ocrx_word' id='word_1_67' title='bbox 1683 298 1713 328; x_wconf 76' lang='lat'>56</span> <span class='ocrx_word' id='word_1_68' title='bbox 1738 295 1792 321; x_wconf 83' lang='lat' dir='ltr'>lam</span> <span class='ocrx_word' id='word_1_69' title='bbox 1807 293 1911 321; x_wconf 88' lang='lat' dir='ltr'>librarii</span> <span class='ocrx_word' id='word_1_70' title='bbox 1924 296 2010 321; x_wconf 86' lang='lat' dir='ltr'>varias</span> <span class='ocrx_word' id='word_1_71' title='bbox 2022 294 2240 326; x_wconf 76' lang='lat' dir='ltr'>exclamationeS,</span> <span class='ocrx_word' id='word_1_72' title='bbox 2260 298 2285 319; x_wconf 87' lang='lat' dir='ltr'>et</span> <span class='ocrx_word' id='word_1_73' title='bbox 2299 291 2402 318; x_wconf 88' lang='lat' dir='ltr'>botula-</span> 
     </span>
    </p>

    <p class='ocr_par' dir='ltr' id='par_1_4' title="bbox 292 325 2401 378">
     <span class='ocr_line' id='line_1_4' title="bbox 292 325 2401 378; baseline -0.014 -1"><span class='ocrx_word' id='word_1_74' title='bbox 292 328 313 352; x_wconf 70' lang='lat' dir='ltr'>k,</span> <span class='ocrx_word' id='word_1_75' title='bbox 325 325 414 378; x_wconf 45' lang='lat' dir='ltr'>⁵D&#39;13s·&#39;1·</span> <span class='ocrx_word' id='word_1_76' title='bbox 423 354 466 375; x_wconf 79' lang='lat' dir='ltr'>AB</span> <span class='ocrx_word' id='word_1_77' title='bbox 475 354 518 374; x_wconf 79' lang='lat' dir='ltr'>Eo</span> <span class='ocrx_word' id='word_1_78' title='bbox 561 350 612 372; x_wconf 73' lang='lat' dir='ltr'>ere.</span> <span class='ocrx_word' id='word_1_79' title='bbox 634 351 658 370; x_wconf 78' lang='lat' dir='ltr'>et</span> <span class='ocrx_word' id='word_1_80' title='bbox 678 350 695 369; x_wconf 86' lang='lat' dir='ltr'>D</span> <span class='ocrx_word' id='word_1_81' title='bbox 705 351 713 369; x_wconf 94' lang='lat'>1</span> <span class='ocrx_word' id='word_1_82' title='bbox 724 349 736 368; x_wconf 87' lang='lat' dir='ltr'>s</span> <span class='ocrx_word' id='word_1_83' title='bbox 746 348 794 367; x_wconf 77' lang='grc' dir='ltr'>ΤΑ</span> <span class='ocrx_word' id='word_1_84' title='bbox 804 346 862 366; x_wconf 80' lang='lat' dir='ltr'>BES</span> <span class='ocrx_word' id='word_1_85' title='bbox 874 344 890 363; x_wconf 85' lang='lat' dir='ltr'>C</span> <span class='ocrx_word' id='word_1_86' title='bbox 903 343 922 362; x_wconf 91' lang='lat' dir='ltr'>O</span> <span class='ocrx_word' id='word_1_87' title='bbox 931 355 940 368; x_wconf 88' lang='lat'>‚</span> <span class='ocrx_word' id='word_1_88' title='bbox 965 336 1018 362; x_wconf 66' lang='lat' dir='ltr'>ere.</span> <span class='ocrx_word' id='word_1_89' title='bbox 1060 334 1206 371; x_wconf 68' lang='lat' dir='ltr'>Liquescere.</span> <span class='ocrx_word' id='word_1_90' title='bbox 1243 333 1310 358; x_wconf 86' lang='lat' dir='ltr'>Cato</span> <span class='ocrx_word' id='word_1_91' title='bbox 1370 331 1457 363; x_wconf 87' lang='lat' dir='ltr'>rium,</span> <span class='ocrx_word' id='word_1_92' title='bbox 1478 338 1502 358; x_wconf 88' lang='lat' dir='ltr'>ct</span> <span class='ocrx_word' id='word_1_93' title='bbox 1516 331 1682 358; x_wconf 81' lang='lat' dir='ltr'>distillariurn</span> <span class='ocrx_word' id='word_1_94' title='bbox 1692 350 1700 363; x_wconf 85' lang='lat'>,</span> <span class='ocrx_word' id='word_1_95' title='bbox 1724 336 1748 356; x_wconf 89' lang='lat' dir='ltr'>et</span> <span class='ocrx_word' id='word_1_96' title='bbox 1763 338 1853 356; x_wconf 89' lang='lat' dir='ltr'>omnes</span> <span class='ocrx_word' id='word_1_97' title='bbox 1867 330 2023 363; x_wconf 79' lang='lat' dir='ltr'>popinarum</span> <span class='ocrx_word' id='word_1_98' title='bbox 2036 329 2168 356; x_wconf 72' lang='lat' dir='ltr'>institores</span> <span class='ocrx_word' id='word_1_99' title='bbox 2177 348 2185 361; x_wconf 79' lang='lat'>‚</span> <span class='ocrx_word' id='word_1_100' title='bbox 2200 336 2314 354; x_wconf 74' lang='lat' dir='ltr'>mercem</span> <span class='ocrx_word' id='word_1_101' title='bbox 2328 328 2401 353; x_wconf 76' lang='lat' dir='ltr'>suam</span> 
     </span>
    </p>

    <p class='ocr_par' dir='ltr' id='par_1_5' title="bbox 291 361 2404 415">
     <span class='ocr_line' id='line_1_5' title="bbox 291 361 2404 415; baseline -0.012 -2"><span class='ocrx_word' id='word_1_102' title='bbox 291 388 323 413; x_wconf 88' lang='lat' dir='ltr'>de</span> <span class='ocrx_word' id='word_1_103' title='bbox 335 387 356 411; x_wconf 80' lang='lat' dir='ltr'>R</span> <span class='ocrx_word' id='word_1_104' title='bbox 380 385 401 410; x_wconf 78' lang='lat' dir='ltr'>R</span> <span class='ocrx_word' id='word_1_105' title='bbox 423 392 434 408; x_wconf 87' lang='lat' dir='ltr'>c</span> <span class='ocrx_word' id='word_1_106' title='bbox 457 391 492 415; x_wconf 87' lang='lat'>24</span> <span class='ocrx_word' id='word_1_107' title='bbox 516 367 600 408; x_wconf 69' lang='lat' dir='ltr'>S’inito</span> <span class='ocrx_word' id='word_1_108' title='bbox 613 388 670 405; x_wconf 90' lang='lat' dir='ltr'>cum</span> <span class='ocrx_word' id='word_1_109' title='bbox 684 376 767 403; x_wconf 86' lang='lat' dir='ltr'>musto</span> <span class='ocrx_word' id='word_1_110' title='bbox 780 372 935 400; x_wconf 83' lang='lat' dir='ltr'>distabescat.</span> <span class='ocrx_word' id='word_1_111' title='bbox 955 370 1051 406; x_wconf 77' lang='lat' dir='ltr'>desale.</span> <span class='ocrx_word' id='word_1_112' title='bbox 1120 368 1225 402; x_wconf 87' lang='lat' dir='ltr'>August.</span> <span class='ocrx_word' id='word_1_113' title='bbox 1239 368 1309 393; x_wconf 89' lang='lat' dir='ltr'>Con·</span> <span class='ocrx_word' id='word_1_114' title='bbox 1371 365 1483 400; x_wconf 88' lang='lat' dir='ltr'>quadam</span> <span class='ocrx_word' id='word_1_115' title='bbox 1501 367 1621 401; x_wconf 82' lang='lat' dir='ltr'>insignita</span> <span class='ocrx_word' id='word_1_116' title='bbox 1640 365 1822 392; x_wconf 80' lang='lat' dir='ltr'>modulatione</span> <span class='ocrx_word' id='word_1_117' title='bbox 1841 364 1990 392; x_wconf 86' lang='lat' dir='ltr'>vendentes.</span> <span class='ocrx_word' id='word_1_118' title='bbox 2042 364 2090 393; x_wconf 74' lang='lat' dir='ltr'>Sed</span> <span class='ocrx_word' id='word_1_119' title='bbox 2109 365 2181 390; x_wconf 83' lang='lat' dir='ltr'><em>Libri</em></span> <span class='ocrx_word' id='word_1_120' title='bbox 2194 364 2302 390; x_wconf 76' lang='lat' dir='ltr'>meliores</span> <span class='ocrx_word' id='word_1_121' title='bbox 2313 361 2404 388; x_wconf 76' lang='lat' dir='ltr'>habene</span> 
     </span>
    </p>

    <p class='ocr_par' dir='ltr' id='par_1_6' title="bbox 291 398 2404 482">
     <span class='ocr_line' id='line_1_6' title="bbox 291 398 2404 450; baseline -0.012 -3"><span class='ocrx_word' id='word_1_122' title='bbox 291 421 343 447; x_wconf 78' lang='lat' dir='ltr'>sess.</span> <span class='ocrx_word' id='word_1_123' title='bbox 359 404 374 450; x_wconf 41' lang='grc'>’3</span> <span class='ocrx_word' id='word_1_124' title='bbox 399 403 410 434; x_wconf 45' lang='lat'>“-</span> <span class='ocrx_word' id='word_1_125' title='bbox 437 402 634 450; x_wconf 77' lang='lat' dir='ltr'>IuIniquitates</span> <span class='ocrx_word' id='word_1_126' title='bbox 653 410 772 438; x_wconf 84' lang='lat' dir='ltr'>distabui.</span> <span class='ocrx_word' id='word_1_127' title='bbox 808 409 838 434; x_wconf 82' lang='lat' dir='ltr'>Et</span> <span class='ocrx_word' id='word_1_128' title='bbox 851 405 1003 432; x_wconf 70' lang='lat' dir='ltr'>Distabuiss&#39;e</span> <span class='ocrx_word' id='word_1_129' title='bbox 1023 406 1050 432; x_wconf 90' lang='lat' dir='ltr'>in</span> <span class='ocrx_word' id='word_1_130' title='bbox 1069 403 1221 439; x_wconf 86' lang='lat' dir='ltr'>coquendo,</span> <span class='ocrx_word' id='word_1_131' title='bbox 1248 403 1311 428; x_wconf 81' lang='lat' dir='ltr'>dicit</span> <span class='ocrx_word' id='word_1_132' title='bbox 1333 414 1347 440; x_wconf 82' lang='lat'>5</span> <span class='ocrx_word' id='word_1_133' title='bbox 1372 400 1576 440; x_wconf 77' lang='lat' dir='ltr'>Crustularium:</span> <span class='ocrx_word' id='word_1_134' title='bbox 1601 402 1694 428; x_wconf 72' lang='lat' dir='ltr'>necilli</span> <span class='ocrx_word' id='word_1_135' title='bbox 1706 402 1813 437; x_wconf 81' lang='lat' dir='ltr'>liquores</span> <span class='ocrx_word' id='word_1_136' title='bbox 1825 398 1943 433; x_wconf 68' lang='lat' dir='ltr'>destinati</span> <span class='ocrx_word' id='word_1_137' title='bbox 1955 400 2001 427; x_wconf 82' lang='lat' dir='ltr'>huc</span> <span class='ocrx_word' id='word_1_138' title='bbox 2013 403 2174 431; x_wconf 73' lang='lat' dir='ltr'>conueniunt,</span> <span class='ocrx_word' id='word_1_139' title='bbox 2192 399 2267 425; x_wconf 85' lang='lat' dir='ltr'>multo</span> <span class='ocrx_word' id='word_1_140' title='bbox 2285 399 2404 425; x_wconf 73' lang='lat' dir='ltr'>recentia-</span> 
     </span>
     <span class='ocr_line' id='line_1_7' title="bbox 291 435 1595 482; baseline -0.015 0"><span class='ocrx_word' id='word_1_141' title='bbox 291 435 414 482; x_wconf 56' lang='lat' dir='ltr'>Festus’in</span> <span class='ocrx_word' id='word_1_142' title='bbox 426 452 579 479; x_wconf 86' lang='lat' dir='ltr'>Monstrum.</span> <span class='ocrx_word' id='word_1_143' title='bbox 633 448 668 473; x_wconf 84' lang='lat' dir='ltr'>Vt</span> <span class='ocrx_word' id='word_1_144' title='bbox 680 443 828 471; x_wconf 81' lang='lat' dir='ltr'>distabescat</span> <span class='ocrx_word' id='word_1_145' title='bbox 839 442 978 476; x_wconf 83' lang='lat' dir='ltr'>suspirium</span> <span class='ocrx_word' id='word_1_146' title='bbox 991 442 1019 468; x_wconf 90' lang='lat' dir='ltr'>in</span> <span class='ocrx_word' id='word_1_147' title='bbox 1032 449 1099 476; x_wconf 85' lang='lat' dir='ltr'>aqua</span> <span class='ocrx_word' id='word_1_148' title='bbox 1122 441 1184 474; x_wconf 81' lang='lat' dir='ltr'>Veg.</span> <span class='ocrx_word' id='word_1_149' title='bbox 1196 438 1309 464; x_wconf 85' lang='lat' dir='ltr'>Mulom.</span> <span class='ocrx_word' id='word_1_150' title='bbox 1370 440 1409 463; x_wconf 84' lang='lat' dir='ltr'>ris</span> <span class='ocrx_word' id='word_1_151' title='bbox 1420 437 1522 471; x_wconf 73' lang='lat' dir='ltr'>quiJmt</span> <span class='ocrx_word' id='word_1_152' title='bbox 1532 439 1595 463; x_wconf 83' lang='lat' dir='ltr'>aeui.</span> 
     </span>
    </p>

    <p class='ocr_par' dir='ltr' id='par_1_7' title="bbox 290 465 2403 519">
     <span class='ocr_line' id='line_1_8' title="bbox 290 465 2403 519; baseline -0.005 -16"><span class='ocrx_word' id='word_1_153' title='bbox 290 500 302 517; x_wconf 49' lang='grc' dir='ltr'>ι</span> <span class='ocrx_word' id='word_1_154' title='bbox 339 498 360 516; x_wconf 70' lang='lat' dir='ltr'>u</span> <span class='ocrx_word' id='word_1_155' title='bbox 397 496 419 519; x_wconf 80' lang='lat'>13</span> <span class='ocrx_word' id='word_1_156' title='bbox 1407 479 1444 498; x_wconf 81' lang='lat' dir='ltr'>DI</span> <span class='ocrx_word' id='word_1_157' title='bbox 1456 477 1468 496; x_wconf 87' lang='lat' dir='ltr'>s</span> <span class='ocrx_word' id='word_1_158' title='bbox 1480 477 1653 503; x_wconf 75' lang='lat' dir='ltr'>Tivao,</span> <span class='ocrx_word' id='word_1_159' title='bbox 1682 474 1736 498; x_wconf 66' lang='lat' dir='ltr'>are.</span> <span class='ocrx_word' id='word_1_160' title='bbox 1763 471 1803 497; x_wconf 85' lang='lat' dir='ltr'>vel</span> <span class='ocrx_word' id='word_1_161' title='bbox 1819 469 1977 502; x_wconf 85' lang='lat' dir='ltr'>Destimulo,</span> <span class='ocrx_word' id='word_1_162' title='bbox 1997 470 2065 497; x_wconf 83' lang='lat' dir='ltr'>valde</span> <span class='ocrx_word' id='word_1_163' title='bbox 2076 468 2193 504; x_wconf 85' lang='lat' dir='ltr'>stimulo,</span> <span class='ocrx_word' id='word_1_164' title='bbox 2210 474 2241 495; x_wconf 83' lang='lat' dir='ltr'>vt</span> <span class='ocrx_word' id='word_1_165' title='bbox 2260 465 2403 500; x_wconf 81' lang='lat' dir='ltr'>Exstimulo.</span> 
     </span>
    </p>

    <p class='ocr_par' dir='ltr' id='par_1_8' title="bbox 310 502 2404 550">
     <span class='ocr_line' id='line_1_9' title="bbox 310 502 2404 550; baseline -0.008 -6"><span class='ocrx_word' id='word_1_166' title='bbox 310 507 446 550; x_wconf 55' lang='lat' dir='ltr'>⁷D1’STiti</span> <span class='ocrx_word' id='word_1_167' title='bbox 453 510 567 550; x_wconf 61' lang='lat' dir='ltr'>EDET,</span> <span class='ocrx_word' id='word_1_168' title='bbox 591 517 631 542; x_wconf 92' lang='lat' dir='ltr'>uit</span> <span class='ocrx_word' id='word_1_169' title='bbox 647 521 670 541; x_wconf 80' lang='lat' dir='ltr'>ct</span> <span class='ocrx_word' id='word_1_170' title='bbox 688 514 774 541; x_wconf 87' lang='lat' dir='ltr'>aesum</span> <span class='ocrx_word' id='word_1_171' title='bbox 792 511 836 538; x_wconf 86' lang='lat' dir='ltr'>est.</span> <span class='ocrx_word' id='word_1_172' title='bbox 872 511 1069 546; x_wconf 66' lang='grc' dir='ltr'>[ἓξοιπιιρέμαι]</span> <span class='ocrx_word' id='word_1_173' title='bbox 1139 509 1248 535; x_wconf 84' lang='lat' dir='ltr'>Multum</span> <span class='ocrx_word' id='word_1_174' title='bbox 1266 514 1312 534; x_wconf 78' lang='lat' dir='ltr'>aut</span> <span class='ocrx_word' id='word_1_175' title='bbox 1372 507 1418 534; x_wconf 86' lang='lat' dir='ltr'>Te</span> <span class='ocrx_word' id='word_1_176' title='bbox 1431 506 1463 533; x_wconf 91' lang='lat' dir='ltr'>ad</span> <span class='ocrx_word' id='word_1_177' title='bbox 1480 506 1530 532; x_wconf 91' lang='lat' dir='ltr'>hoc</span> <span class='ocrx_word' id='word_1_178' title='bbox 1547 506 1660 532; x_wconf 86' lang='lat' dir='ltr'>studium</span> <span class='ocrx_word' id='word_1_179' title='bbox 1680 506 1804 542; x_wconf 81' lang='lat' dir='ltr'>religiosa</span> <span class='ocrx_word' id='word_1_180' title='bbox 1822 505 2007 540; x_wconf 69' lang='lat' dir='ltr'>exhortatione</span> <span class='ocrx_word' id='word_1_181' title='bbox 2025 505 2160 532; x_wconf 87' lang='lat' dir='ltr'>distimulo</span> <span class='ocrx_word' id='word_1_182' title='bbox 2192 502 2337 537; x_wconf 86' lang='lat' dir='ltr'>Symmach.</span> <span class='ocrx_word' id='word_1_183' title='bbox 2351 503 2404 536; x_wconf 80' lang='lat' dir='ltr'>Ep.</span> 
     </span>
    </p>

    <p class='ocr_par' dir='ltr' id='par_1_9' title="bbox 295 537 2405 586">
     <span class='ocr_line' id='line_1_10' title="bbox 295 537 2405 586; baseline -0.011 0"><span class='ocrx_word' id='word_1_184' title='bbox 295 559 371 586; x_wconf 80' lang='lat' dir='ltr'><em>Valde</em></span> <span class='ocrx_word' id='word_1_185' title='bbox 383 557 470 584; x_wconf 68' lang='lat' dir='ltr'>taedet.</span> <span class='ocrx_word' id='word_1_186' title='bbox 537 553 615 579; x_wconf 86' lang='lat' dir='ltr'>Plaut.</span> <span class='ocrx_word' id='word_1_187' title='bbox 629 549 721 583; x_wconf 85' lang='lat' dir='ltr'>Amph.</span> <span class='ocrx_word' id='word_1_188' title='bbox 742 556 762 580; x_wconf 89' lang='lat'>1,</span> <span class='ocrx_word' id='word_1_189' title='bbox 777 555 799 579; x_wconf 82' lang='grc'>3,</span> <span class='ocrx_word' id='word_1_190' title='bbox 813 554 826 580; x_wconf 81' lang='lat'>5</span> <span class='ocrx_word' id='word_1_191' title='bbox 860 547 906 573; x_wconf 90' lang='lat' dir='ltr'>Pol</span> <span class='ocrx_word' id='word_1_192' title='bbox 920 546 988 573; x_wconf 89' lang='lat' dir='ltr'>haud</span> <span class='ocrx_word' id='word_1_193' title='bbox 1008 545 1079 580; x_wconf 91' lang='lat' dir='ltr'>quod</span> <span class='ocrx_word' id='word_1_194' title='bbox 1098 544 1138 571; x_wconf 87' lang='lat' dir='ltr'>tui</span> <span class='ocrx_word' id='word_1_195' title='bbox 1151 552 1207 575; x_wconf 87' lang='lat' dir='ltr'>me,</span> <span class='ocrx_word' id='word_1_196' title='bbox 1226 552 1312 576; x_wconf 89' lang='lat' dir='ltr'>neque</span> <span class='ocrx_word' id='word_1_197' title='bbox 1373 550 1396 575; x_wconf 80' lang='grc' dir='ltr'>ς,</span> <span class='ocrx_word' id='word_1_198' title='bbox 1407 551 1447 575; x_wconf 87' lang='lat'>92.</span> <span class='ocrx_word' id='word_1_199' title='bbox 1502 541 1643 567; x_wconf 77' lang='lat' dir='ltr'>Exercendi</span> <span class='ocrx_word' id='word_1_200' title='bbox 1657 541 1711 568; x_wconf 85' lang='lat' dir='ltr'>stili</span> <span class='ocrx_word' id='word_1_201' title='bbox 1729 550 1820 569; x_wconf 85' lang='lat' dir='ltr'>amore</span> <span class='ocrx_word' id='word_1_202' title='bbox 1834 540 1984 568; x_wconf 88' lang='lat' dir='ltr'>distimulor</span> <span class='ocrx_word' id='word_1_203' title='bbox 2013 539 2053 567; x_wconf 89' lang='lat' dir='ltr'>Id.</span> <span class='ocrx_word' id='word_1_204' title='bbox 2073 549 2101 574; x_wconf 86' lang='lat'>4,</span> <span class='ocrx_word' id='word_1_205' title='bbox 2120 543 2163 568; x_wconf 86' lang='lat'>26.</span> <span class='ocrx_word' id='word_1_206' title='bbox 2188 541 2222 567; x_wconf 81' lang='lat' dir='ltr'>al.</span> <span class='ocrx_word' id='word_1_207' title='bbox 2242 537 2405 567; x_wconf 85' lang='lat' dir='ltr'>destimulor.</span> 
     </span>
    </p>
   </div>
   <div class='ocr_carea' id='block_1_3' title="bbox 291 576 1726 621">
    <p class='ocr_par' dir='ltr' id='par_1_10' title="bbox 291 576 1726 621">
     <span class='ocr_line' id='line_1_11' title="bbox 291 576 1726 621; baseline -0.006 -10"><span class='ocrx_word' id='word_1_208' title='bbox 291 594 364 621; x_wconf 67' lang='lat' dir='ltr'>domi</span> <span class='ocrx_word' id='word_1_209' title='bbox 378 591 523 619; x_wconf 62' lang='lat' dir='ltr'>distaedeat.</span> <span class='ocrx_word' id='word_1_210' title='bbox 591 586 658 612; x_wconf 83' lang='lat' dir='ltr'>Ter.</span> <span class='ocrx_word' id='word_1_211' title='bbox 674 584 776 610; x_wconf 83' lang='lat' dir='ltr'>Phorm.</span> <span class='ocrx_word' id='word_1_212' title='bbox 792 589 814 615; x_wconf 77' lang='grc' dir='ltr'>ς,</span> <span class='ocrx_word' id='word_1_213' title='bbox 828 588 849 614; x_wconf 76' lang='lat'>8,</span> <span class='ocrx_word' id='word_1_214' title='bbox 862 590 898 617; x_wconf 86' lang='lat'>42</span> <span class='ocrx_word' id='word_1_215' title='bbox 933 581 1065 616; x_wconf 83' lang='lat' dir='ltr'>Demipho</span> <span class='ocrx_word' id='word_1_216' title='bbox 1077 586 1102 607; x_wconf 92' lang='lat' dir='ltr'>te</span> <span class='ocrx_word' id='word_1_217' title='bbox 1116 579 1234 614; x_wconf 80' lang='lat' dir='ltr'>appelle,</span> <span class='ocrx_word' id='word_1_218' title='bbox 1252 587 1312 605; x_wconf 83' lang='lat' dir='ltr'>nam</span> <span class='ocrx_word' id='word_1_219' title='bbox 1332 587 1360 607; x_wconf 84' lang='lat'>10</span> <span class='ocrx_word' id='word_1_220' title='bbox 1373 577 1439 606; x_wconf 79' lang='lat' dir='ltr'>Add.</span> <span class='ocrx_word' id='word_1_221' title='bbox 1455 576 1493 603; x_wconf 93' lang='lat' dir='ltr'>Id.</span> <span class='ocrx_word' id='word_1_222' title='bbox 1508 585 1545 609; x_wconf 87' lang='lat'>10,</span> <span class='ocrx_word' id='word_1_223' title='bbox 1558 581 1600 609; x_wconf 84' lang='lat'>48.</span> <span class='ocrx_word' id='word_1_224' title='bbox 1619 577 1668 607; x_wconf 84' lang='lat' dir='ltr'>(al.</span> <span class='ocrx_word' id='word_1_225' title='bbox 1681 580 1726 611; x_wconf 78' lang='lat'>35)</span> 
     </span>
    </p>
   </div>
   <div class='ocr_carea' id='block_1_4' title="bbox 289 607 2408 760">
    <p class='ocr_par' dir='ltr' id='par_1_11' title="bbox 289 607 2408 760">
     <span class='ocr_line' id='line_1_12' title="bbox 291 607 2406 657; baseline -0.011 -1"><span class='ocrx_word' id='word_1_226' title='bbox 291 638 333 657; x_wconf 80' lang='lat' dir='ltr'>me</span> <span class='ocrx_word' id='word_1_227' title='bbox 346 638 403 655; x_wconf 77' lang='lat' dir='ltr'>cuin</span> <span class='ocrx_word' id='word_1_228' title='bbox 418 627 466 653; x_wconf 91' lang='lat' dir='ltr'>hoc</span> <span class='ocrx_word' id='word_1_229' title='bbox 478 624 532 657; x_wconf 88' lang='lat' dir='ltr'>ipso</span> <span class='ocrx_word' id='word_1_230' title='bbox 546 620 669 648; x_wconf 84' lang='lat' dir='ltr'>distaedet</span> <span class='ocrx_word' id='word_1_231' title='bbox 682 617 766 652; x_wconf 85' lang='lat' dir='ltr'>loqui.</span> <span class='ocrx_word' id='word_1_232' title='bbox 1408 620 1467 639; x_wconf 81' lang='lat' dir='ltr'>DIS</span> <span class='ocrx_word' id='word_1_233' title='bbox 1476 619 1497 639; x_wconf 89' lang='lat' dir='ltr'>T</span> <span class='ocrx_word' id='word_1_234' title='bbox 1507 611 1520 638; x_wconf 72' lang='grc' dir='ltr'><strong><em>ἲ</em></strong></span> <span class='ocrx_word' id='word_1_235' title='bbox 1528 619 1549 638; x_wconf 99' lang='grc' dir='ltr'>Ν</span> <span class='ocrx_word' id='word_1_236' title='bbox 1559 618 1574 637; x_wconf 87' lang='grc' dir='ltr'><strong><em>Ε</em></strong></span> <span class='ocrx_word' id='word_1_237' title='bbox 1585 617 1603 637; x_wconf 95' lang='lat'>0</span> <span class='ocrx_word' id='word_1_238' title='bbox 1613 630 1621 644; x_wconf 91' lang='lat'>,</span> <span class='ocrx_word' id='word_1_239' title='bbox 1647 611 1686 644; x_wconf 89' lang='lat' dir='ltr'>ui,</span> <span class='ocrx_word' id='word_1_240' title='bbox 1711 617 1811 645; x_wconf 83' lang='lat' dir='ltr'>entum,</span> <span class='ocrx_word' id='word_1_241' title='bbox 1829 615 1881 638; x_wconf 67' lang='lat' dir='ltr'>ere.</span> <span class='ocrx_word' id='word_1_242' title='bbox 1919 609 2075 646; x_wconf 67' lang='grc' dir='ltr'>[περισποίω]</span> <span class='ocrx_word' id='word_1_243' title='bbox 2091 607 2095 609; x_wconf 51' lang='grc'><strong>’</strong></span> <span class='ocrx_word' id='word_1_244' title='bbox 2111 612 2141 636; x_wconf 85' lang='lat' dir='ltr'>In</span> <span class='ocrx_word' id='word_1_245' title='bbox 2154 610 2264 648; x_wconf 74' lang='lat' dir='ltr'>diuersas</span> <span class='ocrx_word' id='word_1_246' title='bbox 2272 614 2360 645; x_wconf 75' lang='lat' dir='ltr'>partes</span> <span class='ocrx_word' id='word_1_247' title='bbox 2370 614 2406 634; x_wconf 80' lang='lat' dir='ltr'>te-</span> 
     </span>
     <span class='ocr_line' id='line_1_13' title="bbox 326 642 2407 691; baseline -0.01 -1"><span class='ocrx_word' id='word_1_248' title='bbox 326 671 385 691; x_wconf 83' lang='lat' dir='ltr'>D1s</span> <span class='ocrx_word' id='word_1_249' title='bbox 395 669 415 688; x_wconf 88' lang='lat' dir='ltr'>T</span> <span class='ocrx_word' id='word_1_250' title='bbox 425 665 512 687; x_wconf 78' lang='lat' dir='ltr'>isVM</span> <span class='ocrx_word' id='word_1_251' title='bbox 538 663 563 682; x_wconf 90' lang='lat' dir='ltr'>et</span> <span class='ocrx_word' id='word_1_252' title='bbox 577 655 701 683; x_wconf 86' lang='lat' dir='ltr'>Pertisum</span> <span class='ocrx_word' id='word_1_253' title='bbox 720 652 823 687; x_wconf 75' lang='lat' dir='ltr'>antiqui</span> <span class='ocrx_word' id='word_1_254' title='bbox 836 652 973 684; x_wconf 82' lang='lat' dir='ltr'>dicebant,</span> <span class='ocrx_word' id='word_1_255' title='bbox 996 651 1068 687; x_wconf 84' lang='lat' dir='ltr'>quod</span> <span class='ocrx_word' id='word_1_256' title='bbox 1085 659 1153 677; x_wconf 89' lang='lat' dir='ltr'>nunc</span> <span class='ocrx_word' id='word_1_257' title='bbox 1167 648 1313 678; x_wconf 80' lang='lat' dir='ltr'>Distaesum</span> <span class='ocrx_word' id='word_1_258' title='bbox 1373 656 1445 680; x_wconf 81' lang='lat' dir='ltr'>mre,</span> <span class='ocrx_word' id='word_1_259' title='bbox 1463 654 1492 674; x_wconf 88' lang='lat' dir='ltr'>vt</span> <span class='ocrx_word' id='word_1_260' title='bbox 1505 646 1667 680; x_wconf 84' lang='lat' dir='ltr'>Distringere</span> <span class='ocrx_word' id='word_1_261' title='bbox 1679 647 1706 673; x_wconf 78' lang='lat' dir='ltr'>de</span> <span class='ocrx_word' id='word_1_262' title='bbox 1718 648 1789 674; x_wconf 79' lang='lat' dir='ltr'>valde</span> <span class='ocrx_word' id='word_1_263' title='bbox 1801 649 1925 682; x_wconf 82' lang='lat' dir='ltr'>occupatis</span> <span class='ocrx_word' id='word_1_264' title='bbox 1937 653 1961 673; x_wconf 80' lang='lat' dir='ltr'>et</span> <span class='ocrx_word' id='word_1_265' title='bbox 1973 647 2040 672; x_wconf 81' lang='lat' dir='ltr'>velut</span> <span class='ocrx_word' id='word_1_266' title='bbox 2053 642 2190 678; x_wconf 57' lang='lat' dir='ltr'>distractis.</span> <span class='ocrx_word' id='word_1_267' title='bbox 2226 645 2282 672; x_wconf 82' lang='lat' dir='ltr'>Cic.</span> <span class='ocrx_word' id='word_1_268' title='bbox 2291 643 2407 677; x_wconf 86' lang='lat' dir='ltr'><strong>Philipp.</strong></span> 
     </span>
     <span class='ocr_line' id='line_1_14' title="bbox 289 678 2407 726; baseline -0.007 -7"><span class='ocrx_word' id='word_1_269' title='bbox 289 705 315 726; x_wconf 57' lang='lat' dir='ltr'>gg</span> <span class='ocrx_word' id='word_1_270' title='bbox 328 697 485 726; x_wconf 63' lang='lat' dir='ltr'>pertaesum,</span> <span class='ocrx_word' id='word_1_271' title='bbox 509 691 602 718; x_wconf 80' lang='lat' dir='ltr'>Festus.</span> <span class='ocrx_word' id='word_1_272' title='bbox 1375 690 1397 710; x_wconf 84' lang='grc'>11</span> <span class='ocrx_word' id='word_1_273' title='bbox 1412 693 1434 710; x_wconf 89' lang='lat' dir='ltr'>c.</span> <span class='ocrx_word' id='word_1_274' title='bbox 1453 691 1469 709; x_wconf 86' lang='lat'>2</span> <span class='ocrx_word' id='word_1_275' title='bbox 1497 683 1555 709; x_wconf 88' lang='lat' dir='ltr'>Nos</span> <span class='ocrx_word' id='word_1_276' title='bbox 1568 682 1621 708; x_wconf 87' lang='lat' dir='ltr'>alio</span> <span class='ocrx_word' id='word_1_277' title='bbox 1640 680 1712 707; x_wconf 93' lang='lat' dir='ltr'>bello</span> <span class='ocrx_word' id='word_1_278' title='bbox 1733 682 1852 709; x_wconf 88' lang='lat' dir='ltr'>distineri</span> <span class='ocrx_word' id='word_1_279' title='bbox 1871 687 1952 716; x_wconf 86' lang='lat' dir='ltr'>putat.</span> <span class='ocrx_word' id='word_1_280' title='bbox 1989 681 2046 708; x_wconf 88' lang='lat' dir='ltr'>Alii</span> <span class='ocrx_word' id='word_1_281' title='bbox 2061 680 2150 715; x_wconf 84' lang='lat' dir='ltr'>legunt</span> <span class='ocrx_word' id='word_1_282' title='bbox 2162 681 2291 708; x_wconf 80' lang='lat' dir='ltr'>Detineri.</span> <span class='ocrx_word' id='word_1_283' title='bbox 2344 678 2407 704; x_wconf 89' lang='lat' dir='ltr'>Liu.</span> 
     </span>
     <span class='ocr_line' id='line_1_15' title="bbox 326 713 2408 760; baseline -0.005 -10"><span class='ocrx_word' id='word_1_284' title='bbox 326 740 345 760; x_wconf 87' lang='lat' dir='ltr'>D</span> <span class='ocrx_word' id='word_1_285' title='bbox 355 741 363 758; x_wconf 58' lang='grc' dir='ltr'><em>ι</em></span> <span class='ocrx_word' id='word_1_286' title='bbox 373 740 385 759; x_wconf 75' lang='lat' dir='ltr'>S</span> <span class='ocrx_word' id='word_1_287' title='bbox 394 738 414 757; x_wconf 92' lang='lat' dir='ltr'>T</span> <span class='ocrx_word' id='word_1_288' title='bbox 423 737 443 755; x_wconf 75' lang='grc' dir='ltr'>Α</span> <span class='ocrx_word' id='word_1_289' title='bbox 454 735 474 754; x_wconf 90' lang='lat' dir='ltr'>N</span> <span class='ocrx_word' id='word_1_290' title='bbox 487 734 509 754; x_wconf 86' lang='lat' dir='ltr'>T</span> <span class='ocrx_word' id='word_1_291' title='bbox 522 734 561 753; x_wconf 76' lang='lat' dir='ltr'>1A</span> <span class='ocrx_word' id='word_1_292' title='bbox 570 746 578 759; x_wconf 87' lang='lat'>‚</span> <span class='ocrx_word' id='word_1_293' title='bbox 603 724 656 751; x_wconf 84' lang='lat' dir='ltr'>vid.</span> <span class='ocrx_word' id='word_1_294' title='bbox 688 728 706 749; x_wconf 87' lang='lat' dir='ltr'>D</span> <span class='ocrx_word' id='word_1_295' title='bbox 715 729 725 749; x_wconf 90' lang='lat'>1</span> <span class='ocrx_word' id='word_1_296' title='bbox 735 730 747 750; x_wconf 83' lang='lat' dir='ltr'>s</span> <span class='ocrx_word' id='word_1_297' title='bbox 757 728 816 749; x_wconf 88' lang='grc' dir='ltr'>ΤΟ.</span> <span class='ocrx_word' id='word_1_298' title='bbox 1374 727 1412 751; x_wconf 85' lang='lat'>21,</span> <span class='ocrx_word' id='word_1_299' title='bbox 1426 723 1439 748; x_wconf 87' lang='lat'>8</span> <span class='ocrx_word' id='word_1_300' title='bbox 1459 717 1593 752; x_wconf 80' lang='lat' dir='ltr'>Oppidani</span> <span class='ocrx_word' id='word_1_301' title='bbox 1609 715 1640 742; x_wconf 91' lang='lat' dir='ltr'>ad</span> <span class='ocrx_word' id='word_1_302' title='bbox 1654 717 1744 743; x_wconf 87' lang='lat' dir='ltr'>onmia</span> <span class='ocrx_word' id='word_1_303' title='bbox 1757 718 1869 750; x_wconf 87' lang='lat' dir='ltr'>tuenda,</span> <span class='ocrx_word' id='word_1_304' title='bbox 1881 723 1961 752; x_wconf 90' lang='lat' dir='ltr'>atque</span> <span class='ocrx_word' id='word_1_305' title='bbox 1974 715 2113 748; x_wconf 87' lang='lat' dir='ltr'>obeunda,</span> <span class='ocrx_word' id='word_1_306' title='bbox 2131 715 2286 743; x_wconf 86' lang='lat' dir='ltr'>multimoda</span> <span class='ocrx_word' id='word_1_307' title='bbox 2299 719 2355 741; x_wconf 92' lang='lat' dir='ltr'>arte</span> <span class='ocrx_word' id='word_1_308' title='bbox 2368 713 2408 739; x_wconf 84' lang='lat' dir='ltr'>di-</span> 
     </span>
    </p>
   </div>
   <div class='ocr_carea' id='block_1_5' title="bbox 287 748 2411 934">
    <p class='ocr_par' dir='ltr' id='par_1_12' title="bbox 290 748 2410 869">
     <span class='ocr_line' id='line_1_16' title="bbox 325 748 2408 796; baseline -0.008 -5"><span class='ocrx_word' id='word_1_309' title='bbox 325 775 343 796; x_wconf 85' lang='lat' dir='ltr'>D</span> <span class='ocrx_word' id='word_1_310' title='bbox 353 775 361 793; x_wconf 95' lang='lat'>1</span> <span class='ocrx_word' id='word_1_311' title='bbox 370 770 435 792; x_wconf 79' lang='lat' dir='ltr'>sTE</span> <span class='ocrx_word' id='word_1_312' title='bbox 445 768 462 789; x_wconf 88' lang='lat' dir='ltr'>c</span> <span class='ocrx_word' id='word_1_313' title='bbox 472 770 493 789; x_wconf 92' lang='lat' dir='ltr'>T</span> <span class='ocrx_word' id='word_1_314' title='bbox 502 768 559 792; x_wconf 83' lang='lat' dir='ltr'>vs,</span> <span class='ocrx_word' id='word_1_315' title='bbox 580 769 594 786; x_wconf 86' lang='lat' dir='ltr'>a</span> <span class='ocrx_word' id='word_1_316' title='bbox 603 779 610 791; x_wconf 88' lang='lat'>‚</span> <span class='ocrx_word' id='word_1_317' title='bbox 633 768 686 785; x_wconf 90' lang='lat' dir='ltr'>nm.</span> <span class='ocrx_word' id='word_1_318' title='bbox 725 759 792 784; x_wconf 83' lang='lat' dir='ltr'>velut</span> <span class='ocrx_word' id='word_1_319' title='bbox 824 766 840 783; x_wconf 83' lang='lat' dir='ltr'>a</span> <span class='ocrx_word' id='word_1_320' title='bbox 878 765 916 785; x_wconf 81' lang='lat' dir='ltr'>ni</span> <span class='ocrx_word' id='word_1_321' title='bbox 925 765 992 785; x_wconf 74' lang='lat' dir='ltr'>STE</span> <span class='ocrx_word' id='word_1_322' title='bbox 1002 763 1022 784; x_wconf 84' lang='lat' dir='ltr'>G</span> <span class='ocrx_word' id='word_1_323' title='bbox 1031 764 1066 789; x_wconf 86' lang='lat' dir='ltr'>o,</span> <span class='ocrx_word' id='word_1_324' title='bbox 1104 756 1222 782; x_wconf 77' lang='lat' dir='ltr'>Alcimus</span> <span class='ocrx_word' id='word_1_325' title='bbox 1251 755 1314 781; x_wconf 87' lang='lat' dir='ltr'>Aui-</span> <span class='ocrx_word' id='word_1_326' title='bbox 1332 761 1357 787; x_wconf 77' lang='grc'>15</span> <span class='ocrx_word' id='word_1_327' title='bbox 1375 753 1466 780; x_wconf 80' lang='lat' dir='ltr'>stineri</span> <span class='ocrx_word' id='word_1_328' title='bbox 1479 753 1566 788; x_wconf 85' lang='lat' dir='ltr'>coepti</span> <span class='ocrx_word' id='word_1_329' title='bbox 1580 752 1646 778; x_wconf 90' lang='lat' dir='ltr'>sunt.</span> <span class='ocrx_word' id='word_1_330' title='bbox 1718 752 1852 779; x_wconf 84' lang='lat' dir='ltr'>Cic.Fam.</span> <span class='ocrx_word' id='word_1_331' title='bbox 1862 761 1898 786; x_wconf 85' lang='lat'>12,</span> <span class='ocrx_word' id='word_1_332' title='bbox 1912 761 1944 785; x_wconf 83' lang='grc' dir='ltr'>3ο</span> <span class='ocrx_word' id='word_1_333' title='bbox 1962 751 2087 786; x_wconf 79' lang='lat' dir='ltr'>Negotiis</span> <span class='ocrx_word' id='word_1_334' title='bbox 2101 756 2126 777; x_wconf 86' lang='lat' dir='ltr'>ct</span> <span class='ocrx_word' id='word_1_335' title='bbox 2139 750 2353 785; x_wconf 82' lang='lat' dir='ltr'>occupationibus</span> <span class='ocrx_word' id='word_1_336' title='bbox 2368 748 2408 775; x_wconf 84' lang='lat' dir='ltr'>di-</span> 
     </span>
     <span class='ocr_line' id='line_1_17' title="bbox 291 784 2409 834; baseline -0.008 -5"><span class='ocrx_word' id='word_1_337' title='bbox 291 808 330 830; x_wconf 75' lang='lat' dir='ltr'>tus</span> <span class='ocrx_word' id='word_1_338' title='bbox 341 811 366 834; x_wconf 87' lang='lat'>4,</span> <span class='ocrx_word' id='word_1_339' title='bbox 379 804 438 832; x_wconf 80' lang='lat'>408.</span> <span class='ocrx_word' id='word_1_340' title='bbox 453 798 481 824; x_wconf 79' lang='lat' dir='ltr'>de</span> <span class='ocrx_word' id='word_1_341' title='bbox 493 797 595 826; x_wconf 87' lang='lat' dir='ltr'>Chamo,</span> <span class='ocrx_word' id='word_1_342' title='bbox 614 794 711 821; x_wconf 84' lang='lat' dir='ltr'>Noachi</span> <span class='ocrx_word' id='word_1_343' title='bbox 724 793 858 820; x_wconf 83' lang='lat' dir='ltr'>nuditatem</span> <span class='ocrx_word' id='word_1_344' title='bbox 865 793 1001 828; x_wconf 74' lang='lat' dir='ltr'>prodente,</span> <span class='ocrx_word' id='word_1_345' title='bbox 1021 791 1167 820; x_wconf 65' lang='lat' dir='ltr'>Disteaum</span> <span class='ocrx_word' id='word_1_346' title='bbox 1178 791 1254 827; x_wconf 84' lang='lat' dir='ltr'>petiit</span> <span class='ocrx_word' id='word_1_347' title='bbox 1267 791 1315 817; x_wconf 86' lang='lat' dir='ltr'>mi·</span> <span class='ocrx_word' id='word_1_348' title='bbox 1375 789 1475 815; x_wconf 86' lang='lat' dir='ltr'>stineri.</span> <span class='ocrx_word' id='word_1_349' title='bbox 1532 790 1563 815; x_wconf 86' lang='lat' dir='ltr'>Et</span> <span class='ocrx_word' id='word_1_350' title='bbox 1576 796 1624 823; x_wconf 90' lang='lat' dir='ltr'>pro</span> <span class='ocrx_word' id='word_1_351' title='bbox 1641 786 1724 813; x_wconf 80' lang='lat' dir='ltr'>Plane.</span> <span class='ocrx_word' id='word_1_352' title='bbox 1739 794 1773 821; x_wconf 89' lang='lat'>79</span> <span class='ocrx_word' id='word_1_353' title='bbox 1788 788 1915 815; x_wconf 83' lang='lat' dir='ltr'>Distineri</span> <span class='ocrx_word' id='word_1_354' title='bbox 1927 785 2145 822; x_wconf 78' lang='lat' dir='ltr'>occupationibus</span> <span class='ocrx_word' id='word_1_355' title='bbox 2158 791 2183 812; x_wconf 84' lang='lat' dir='ltr'>et</span> <span class='ocrx_word' id='word_1_356' title='bbox 2196 786 2296 813; x_wconf 90' lang='lat' dir='ltr'>dolore.</span> <span class='ocrx_word' id='word_1_357' title='bbox 2350 784 2409 811; x_wconf 83' lang='lat' dir='ltr'>cic.</span> 
     </span>
     <span class='ocr_line' id='line_1_18' title="bbox 290 819 2410 869; baseline -0.008 -7"><span class='ocrx_word' id='word_1_358' title='bbox 290 839 345 866; x_wconf 85' lang='lat' dir='ltr'>sero</span> <span class='ocrx_word' id='word_1_359' title='bbox 358 832 512 869; x_wconf 73' lang='lat' dir='ltr'>spectamine</span> <span class='ocrx_word' id='word_1_360' title='bbox 526 836 635 865; x_wconf 88' lang='lat' dir='ltr'>patrem.</span> <span class='ocrx_word' id='word_1_361' title='bbox 1374 824 1488 859; x_wconf 84' lang='lat' dir='ltr'>Philipp.</span> <span class='ocrx_word' id='word_1_362' title='bbox 1505 832 1542 857; x_wconf 67' lang='grc' dir='ltr'>ιι,</span> <span class='ocrx_word' id='word_1_363' title='bbox 1556 828 1587 854; x_wconf 88' lang='lat'>28</span> <span class='ocrx_word' id='word_1_364' title='bbox 1599 832 1621 849; x_wconf 88' lang='lat' dir='ltr'>c.</span> <span class='ocrx_word' id='word_1_365' title='bbox 1636 830 1663 849; x_wconf 89' lang='lat'>12</span> <span class='ocrx_word' id='word_1_366' title='bbox 1683 822 1781 849; x_wconf 85' lang='lat' dir='ltr'>Nonne</span> <span class='ocrx_word' id='word_1_367' title='bbox 1794 823 1963 850; x_wconf 86' lang='lat' dir='ltr'>metuendum</span> <span class='ocrx_word' id='word_1_368' title='bbox 1976 823 2020 854; x_wconf 86' lang='lat' dir='ltr'>est,</span> <span class='ocrx_word' id='word_1_369' title='bbox 2033 832 2066 849; x_wconf 85' lang='lat' dir='ltr'>ne</span> <span class='ocrx_word' id='word_1_370' title='bbox 2078 821 2201 856; x_wconf 87' lang='lat' dir='ltr'>imperita</span> <span class='ocrx_word' id='word_1_371' title='bbox 2214 821 2330 848; x_wconf 84' lang='lat' dir='ltr'>militum</span> <span class='ocrx_word' id='word_1_372' title='bbox 2341 819 2410 847; x_wconf 81' lang='lat' dir='ltr'>mul-</span> 
     </span>
    </p>

    <p class='ocr_par' dir='ltr' id='par_1_13' title="bbox 287 856 2411 934">
     <span class='ocr_line' id='line_1_19' title="bbox 323 856 2410 899; baseline -0.007 -4"><span class='ocrx_word' id='word_1_373' title='bbox 323 878 341 897; x_wconf 87' lang='lat' dir='ltr'><em>D</em></span> <span class='ocrx_word' id='word_1_374' title='bbox 350 878 359 896; x_wconf 90' lang='grc'>1</span> <span class='ocrx_word' id='word_1_375' title='bbox 368 876 380 894; x_wconf 85' lang='lat' dir='ltr'>s</span> <span class='ocrx_word' id='word_1_376' title='bbox 390 875 433 895; x_wconf 68' lang='grc' dir='ltr'>ΤΡ,</span> <span class='ocrx_word' id='word_1_377' title='bbox 442 874 462 894; x_wconf 86' lang='lat' dir='ltr'>G</span> <span class='ocrx_word' id='word_1_378' title='bbox 471 874 492 893; x_wconf 82' lang='lat' dir='ltr'>A</span> <span class='ocrx_word' id='word_1_379' title='bbox 511 873 535 892; x_wconf 77' lang='lat' dir='ltr'>et</span> <span class='ocrx_word' id='word_1_380' title='bbox 553 865 687 899; x_wconf 85' lang='lat' dir='ltr'>Tristega.</span> <span class='ocrx_word' id='word_1_381' title='bbox 717 861 829 898; x_wconf 71' lang='grc' dir='ltr'>[δι’ςεγοι,</span> <span class='ocrx_word' id='word_1_382' title='bbox 845 862 963 898; x_wconf 50' lang='lat' dir='ltr'>epicura]</span> <span class='ocrx_word' id='word_1_383' title='bbox 999 863 1031 889; x_wconf 81' lang='lat' dir='ltr'>In</span> <span class='ocrx_word' id='word_1_384' title='bbox 1037 859 1138 896; x_wconf 72' lang='lat' dir='ltr'>fhnfl&#39;is</span> <span class='ocrx_word' id='word_1_385' title='bbox 1150 862 1232 888; x_wconf 79' lang='lat' dir='ltr'>literis</span> <span class='ocrx_word' id='word_1_386' title='bbox 1244 861 1315 888; x_wconf 86' lang='lat' dir='ltr'>Bica—</span> <span class='ocrx_word' id='word_1_387' title='bbox 1376 859 1462 887; x_wconf 86' lang='lat' dir='ltr'>titudo</span> <span class='ocrx_word' id='word_1_388' title='bbox 1480 869 1525 894; x_wconf 85' lang='lat' dir='ltr'>per</span> <span class='ocrx_word' id='word_1_389' title='bbox 1538 868 1579 885; x_wconf 88' lang='lat' dir='ltr'>me</span> <span class='ocrx_word' id='word_1_390' title='bbox 1593 866 1681 892; x_wconf 82' lang='lat' dir='ltr'>pacem</span> <span class='ocrx_word' id='word_1_391' title='bbox 1693 857 1813 884; x_wconf 84' lang='lat' dir='ltr'>distineri</span> <span class='ocrx_word' id='word_1_392' title='bbox 1828 860 1917 892; x_wconf 77' lang='lat' dir='ltr'>putet?</span> <span class='ocrx_word' id='word_1_393' title='bbox 1935 861 1954 885; x_wconf 85' lang='lat' dir='ltr'>i.</span> <span class='ocrx_word' id='word_1_394' title='bbox 1969 858 2097 894; x_wconf 76' lang='lat' dir='ltr'>Impediri,</span> <span class='ocrx_word' id='word_1_395' title='bbox 2111 856 2219 883; x_wconf 81' lang='lat' dir='ltr'>tardari.</span> <span class='ocrx_word' id='word_1_396' title='bbox 2272 857 2332 883; x_wconf 89' lang='lat' dir='ltr'>Liu.</span> <span class='ocrx_word' id='word_1_397' title='bbox 2346 864 2369 888; x_wconf 89' lang='lat'>2,</span> <span class='ocrx_word' id='word_1_398' title='bbox 2383 860 2410 887; x_wconf 75' lang='lat'>15</span> 
     </span>
     <span class='ocr_line' id='line_1_20' title="bbox 287 892 2411 934; baseline -0.007 -3"><span class='ocrx_word' id='word_1_399' title='bbox 287 911 384 933; x_wconf 86' lang='lat' dir='ltr'>merata</span> <span class='ocrx_word' id='word_1_400' title='bbox 398 910 423 929; x_wconf 88' lang='lat' dir='ltr'>et</span> <span class='ocrx_word' id='word_1_401' title='bbox 435 903 620 929; x_wconf 86' lang='lat' dir='ltr'>Tricamerata</span> <span class='ocrx_word' id='word_1_402' title='bbox 631 904 808 934; x_wconf 78' lang='lat' dir='ltr'>interpretatur</span> <span class='ocrx_word' id='word_1_403' title='bbox 820 898 998 929; x_wconf 87' lang='lat' dir='ltr'>Hieronymus</span> <span class='ocrx_word' id='word_1_404' title='bbox 1011 897 1132 924; x_wconf 84' lang='lat' dir='ltr'>aduersus</span> <span class='ocrx_word' id='word_1_405' title='bbox 1144 896 1315 924; x_wconf 83' lang='lat' dir='ltr'>Iouinianum</span> <span class='ocrx_word' id='word_1_406' title='bbox 1377 895 1467 922; x_wconf 85' lang='lat' dir='ltr'>Alium</span> <span class='ocrx_word' id='word_1_407' title='bbox 1485 895 1563 927; x_wconf 87' lang='lat' dir='ltr'>hinc,</span> <span class='ocrx_word' id='word_1_408' title='bbox 1588 895 1632 920; x_wconf 86' lang='lat' dir='ltr'>scu</span> <span class='ocrx_word' id='word_1_409' title='bbox 1650 892 1721 919; x_wconf 87' lang='lat' dir='ltr'>bello</span> <span class='ocrx_word' id='word_1_410' title='bbox 1741 902 1806 927; x_wconf 86' lang='lat' dir='ltr'>opus</span> <span class='ocrx_word' id='word_1_411' title='bbox 1820 892 1870 924; x_wconf 85' lang='lat' dir='ltr'>est,</span> <span class='ocrx_word' id='word_1_412' title='bbox 1892 895 1936 920; x_wconf 90' lang='lat' dir='ltr'>seu</span> <span class='ocrx_word' id='word_1_413' title='bbox 1949 894 2054 929; x_wconf 88' lang='lat' dir='ltr'>quiete,</span> <span class='ocrx_word' id='word_1_414' title='bbox 2074 892 2157 919; x_wconf 82' lang='lat' dir='ltr'>exilio</span> <span class='ocrx_word' id='word_1_415' title='bbox 2175 898 2299 927; x_wconf 77' lang='lat' dir='ltr'>quaerant</span> <span class='ocrx_word' id='word_1_416' title='bbox 2311 892 2411 922; x_wconf 74' lang='lat' dir='ltr'>locum,</span> 
     </span>
    </p>
   </div>
   <div class='ocr_carea' id='block_1_6' title="bbox 288 928 2416 1078">
    <p class='ocr_par' dir='ltr' id='par_1_14' title="bbox 288 928 2416 1078">
     <span class='ocr_line' id='line_1_21' title="bbox 288 928 2413 976; baseline -0.007 -10"><span class='ocrx_word' id='word_1_417' title='bbox 288 941 388 976; x_wconf 88' lang='lat' dir='ltr'>primo:</span> <span class='ocrx_word' id='word_1_418' title='bbox 406 948 421 965; x_wconf 82' lang='lat' dir='ltr'>a</span> <span class='ocrx_word' id='word_1_419' title='bbox 433 940 644 973; x_wconf 66' lang='lat' dir='ltr'>contignatiomtm</span> <span class='ocrx_word' id='word_1_420' title='bbox 654 944 760 966; x_wconf 74' lang='lat' dir='ltr'>numero,</span> <span class='ocrx_word' id='word_1_421' title='bbox 774 942 834 970; x_wconf 82' lang='lat' dir='ltr'>quae</span> <span class='ocrx_word' id='word_1_422' title='bbox 853 934 921 965; x_wconf 73' lang='grc' dir='ltr'><strong><em>ςέγαι</em></strong></span> <span class='ocrx_word' id='word_1_423' title='bbox 928 933 999 968; x_wconf 82' lang='lat' dir='ltr'>sunt.</span> <span class='ocrx_word' id='word_1_424' title='bbox 1324 940 1359 959; x_wconf 81' lang='lat'>20</span> <span class='ocrx_word' id='word_1_425' title='bbox 1377 940 1410 957; x_wconf 90' lang='lat' dir='ltr'>ne</span> <span class='ocrx_word' id='word_1_426' title='bbox 1424 931 1486 965; x_wconf 91' lang='lat' dir='ltr'>quid</span> <span class='ocrx_word' id='word_1_427' title='bbox 1500 938 1585 956; x_wconf 86' lang='lat' dir='ltr'>ineam</span> <span class='ocrx_word' id='word_1_428' title='bbox 1595 928 1733 955; x_wconf 90' lang='lat' dir='ltr'>vobiscum</span> <span class='ocrx_word' id='word_1_429' title='bbox 1752 929 1843 954; x_wconf 83' lang='lat' dir='ltr'>Pacem</span> <span class='ocrx_word' id='word_1_430' title='bbox 1856 928 1984 956; x_wconf 82' lang='lat' dir='ltr'>distineat.</span> <span class='ocrx_word' id='word_1_431' title='bbox 2054 929 2110 955; x_wconf 91' lang='lat' dir='ltr'>Cic.</span> <span class='ocrx_word' id='word_1_432' title='bbox 2119 929 2172 954; x_wconf 84' lang='lat' dir='ltr'>Att.</span> <span class='ocrx_word' id='word_1_433' title='bbox 2188 936 2207 959; x_wconf 87' lang='lat'>1,</span> <span class='ocrx_word' id='word_1_434' title='bbox 2220 935 2236 959; x_wconf 91' lang='lat'>9</span> <span class='ocrx_word' id='word_1_435' title='bbox 2264 928 2365 953; x_wconf 80' lang='lat' dir='ltr'>Vereor</span> <span class='ocrx_word' id='word_1_436' title='bbox 2376 933 2413 952; x_wconf 87' lang='lat' dir='ltr'>ne</span> 
     </span>
     <span class='ocr_line' id='line_1_22' title="bbox 322 961 2411 1004; baseline -0.007 -3"><span class='ocrx_word' id='word_1_437' title='bbox 322 982 340 1001; x_wconf 84' lang='lat' dir='ltr'>D</span> <span class='ocrx_word' id='word_1_438' title='bbox 350 982 358 1000; x_wconf 90' lang='lat'>1</span> <span class='ocrx_word' id='word_1_439' title='bbox 368 980 410 1001; x_wconf 83' lang='lat' dir='ltr'>ST</span> <span class='ocrx_word' id='word_1_440' title='bbox 419 981 434 1000; x_wconf 82' lang='lat' dir='ltr'>E</span> <span class='ocrx_word' id='word_1_441' title='bbox 443 980 467 999; x_wconf 85' lang='lat' dir='ltr'>M</span> <span class='ocrx_word' id='word_1_442' title='bbox 476 979 491 998; x_wconf 77' lang='grc' dir='ltr'>Ρ</span> <span class='ocrx_word' id='word_1_443' title='bbox 500 979 517 998; x_wconf 78' lang='grc' dir='ltr'><strong><em>Ε</em></strong></span> <span class='ocrx_word' id='word_1_444' title='bbox 528 978 547 998; x_wconf 82' lang='lat' dir='ltr'>R</span> <span class='ocrx_word' id='word_1_445' title='bbox 558 979 595 1004; x_wconf 93' lang='grc' dir='ltr'>ο,</span> <span class='ocrx_word' id='word_1_446' title='bbox 621 975 672 998; x_wconf 66' lang='lat' dir='ltr'>are.</span> <span class='ocrx_word' id='word_1_447' title='bbox 715 970 795 996; x_wconf 91' lang='lat' dir='ltr'>Curia</span> <span class='ocrx_word' id='word_1_448' title='bbox 815 968 959 1003; x_wconf 85' lang='lat' dir='ltr'>insipientis</span> <span class='ocrx_word' id='word_1_449' title='bbox 980 966 1181 1003; x_wconf 86' lang='lat' dir='ltr'>distemperatur</span> <span class='ocrx_word' id='word_1_450' title='bbox 1201 966 1316 994; x_wconf 88' lang='lat' dir='ltr'>arbitrio</span> <span class='ocrx_word' id='word_1_451' title='bbox 1395 965 1498 996; x_wconf 88' lang='lat' dir='ltr'>utidum</span> <span class='ocrx_word' id='word_1_452' title='bbox 1511 965 1540 992; x_wconf 91' lang='lat' dir='ltr'>sit</span> <span class='ocrx_word' id='word_1_453' title='bbox 1552 964 1584 991; x_wconf 89' lang='lat' dir='ltr'>ad</span> <span class='ocrx_word' id='word_1_454' title='bbox 1598 970 1623 990; x_wconf 86' lang='lat' dir='ltr'>te</span> <span class='ocrx_word' id='word_1_455' title='bbox 1636 963 1749 990; x_wconf 86' lang='lat' dir='ltr'>scribere</span> <span class='ocrx_word' id='word_1_456' title='bbox 1762 972 1841 998; x_wconf 90' lang='lat' dir='ltr'>quam</span> <span class='ocrx_word' id='word_1_457' title='bbox 1862 963 1908 990; x_wconf 77' lang='lat' dir='ltr'>fini</span> <span class='ocrx_word' id='word_1_458' title='bbox 1920 970 2074 999; x_wconf 76' lang='lat' dir='ltr'>occupatus:</span> <span class='ocrx_word' id='word_1_459' title='bbox 2098 964 2141 990; x_wconf 89' lang='lat' dir='ltr'>sed</span> <span class='ocrx_word' id='word_1_460' title='bbox 2155 969 2241 989; x_wconf 88' lang='lat' dir='ltr'>tamen</span> <span class='ocrx_word' id='word_1_461' title='bbox 2254 962 2291 989; x_wconf 87' lang='lat' dir='ltr'>ita</span> <span class='ocrx_word' id='word_1_462' title='bbox 2304 961 2411 988; x_wconf 82' lang='lat' dir='ltr'>distine-</span> 
     </span>
     <span class='ocr_line' id='line_1_23' title="bbox 288 996 2412 1042; baseline -0.008 -4"><span class='ocrx_word' id='word_1_463' title='bbox 288 1010 412 1038; x_wconf 84' lang='lat' dir='ltr'>Sarisber.</span> <span class='ocrx_word' id='word_1_464' title='bbox 430 1017 454 1042; x_wconf 80' lang='grc' dir='ltr'>ς,</span> <span class='ocrx_word' id='word_1_465' title='bbox 467 1017 504 1035; x_wconf 86' lang='grc'>10.</span> <span class='ocrx_word' id='word_1_466' title='bbox 553 1007 626 1042; x_wconf 76' lang='lat' dir='ltr'>Caris.</span> <span class='ocrx_word' id='word_1_467' title='bbox 642 1006 707 1033; x_wconf 84' lang='lat' dir='ltr'>Plin.</span> <span class='ocrx_word' id='word_1_468' title='bbox 720 1005 805 1031; x_wconf 92' lang='lat' dir='ltr'>Valer.</span> <span class='ocrx_word' id='word_1_469' title='bbox 822 1013 842 1037; x_wconf 90' lang='lat'>1,</span> <span class='ocrx_word' id='word_1_470' title='bbox 859 1006 883 1031; x_wconf 90' lang='lat'>6.</span> <span class='ocrx_word' id='word_1_471' title='bbox 1397 1010 1440 1033; x_wconf 84' lang='lat' dir='ltr'>ar,</span> <span class='ocrx_word' id='word_1_472' title='bbox 1461 1007 1490 1028; x_wconf 91' lang='lat' dir='ltr'>vt</span> <span class='ocrx_word' id='word_1_473' title='bbox 1508 1001 1553 1028; x_wconf 85' lang='lat' dir='ltr'>vix</span> <span class='ocrx_word' id='word_1_474' title='bbox 1569 1000 1630 1026; x_wconf 87' lang='lat' dir='ltr'>huie</span> <span class='ocrx_word' id='word_1_475' title='bbox 1650 999 1780 1026; x_wconf 86' lang='lat' dir='ltr'>tantulum</span> <span class='ocrx_word' id='word_1_476' title='bbox 1800 998 1924 1033; x_wconf 82' lang='lat' dir='ltr'>epistolae</span> <span class='ocrx_word' id='word_1_477' title='bbox 1943 1005 2045 1034; x_wconf 88' lang='lat' dir='ltr'>tempus</span> <span class='ocrx_word' id='word_1_478' title='bbox 2057 999 2205 1026; x_wconf 88' lang='lat' dir='ltr'>habuerim.</span> <span class='ocrx_word' id='word_1_479' title='bbox 2276 998 2368 1031; x_wconf 77' lang='lat' dir='ltr'>Quini</span> <span class='ocrx_word' id='word_1_480' title='bbox 2381 996 2412 1022; x_wconf 87' lang='lat' dir='ltr'>in</span> 
     </span>
     <span class='ocr_line' id='line_1_24' title="bbox 325 1031 2416 1078; baseline -0.006 -7"><span class='ocrx_word' id='word_1_481' title='bbox 325 1052 343 1071; x_wconf 87' lang='lat' dir='ltr'>D</span> <span class='ocrx_word' id='word_1_482' title='bbox 353 1053 361 1071; x_wconf 92' lang='lat'>1</span> <span class='ocrx_word' id='word_1_483' title='bbox 372 1050 468 1072; x_wconf 79' lang='lat' dir='ltr'>sTEN</span> <span class='ocrx_word' id='word_1_484' title='bbox 478 1049 541 1075; x_wconf 86' lang='lat' dir='ltr'>Do,</span> <span class='ocrx_word' id='word_1_485' title='bbox 558 1042 596 1075; x_wconf 87' lang='lat' dir='ltr'>di,</span> <span class='ocrx_word' id='word_1_486' title='bbox 621 1047 677 1068; x_wconf 87' lang='lat' dir='ltr'>tum</span> <span class='ocrx_word' id='word_1_487' title='bbox 691 1047 714 1067; x_wconf 82' lang='lat' dir='ltr'>et</span> <span class='ocrx_word' id='word_1_488' title='bbox 726 1040 792 1072; x_wconf 80' lang='lat' dir='ltr'>sum,</span> <span class='ocrx_word' id='word_1_489' title='bbox 817 1042 870 1066; x_wconf 67' lang='lat' dir='ltr'>ere.</span> <span class='ocrx_word' id='word_1_490' title='bbox 906 1036 1060 1078; x_wconf 47' lang='lat' dir='ltr'>[nunna]</span> <span class='ocrx_word' id='word_1_491' title='bbox 1085 1040 1116 1065; x_wconf 84' lang='lat' dir='ltr'>In</span> <span class='ocrx_word' id='word_1_492' title='bbox 1134 1037 1317 1074; x_wconf 71' lang='lat' dir='ltr'>diuersas-par·</span> <span class='ocrx_word' id='word_1_493' title='bbox 1377 1045 1457 1071; x_wconf 87' lang='lat' dir='ltr'>opere</span> <span class='ocrx_word' id='word_1_494' title='bbox 1473 1036 1556 1063; x_wconf 89' lang='lat' dir='ltr'>nostri</span> <span class='ocrx_word' id='word_1_495' title='bbox 1569 1035 1674 1062; x_wconf 86' lang='lat' dir='ltr'>distenti</span> <span class='ocrx_word' id='word_1_496' title='bbox 1687 1036 1764 1062; x_wconf 78' lang='lat' dir='ltr'>essent</span> <span class='ocrx_word' id='word_1_497' title='bbox 1783 1035 1854 1061; x_wconf 85' lang='lat' dir='ltr'>Hirt.</span> <span class='ocrx_word' id='word_1_498' title='bbox 1869 1034 1897 1060; x_wconf 90' lang='lat' dir='ltr'>B.</span> <span class='ocrx_word' id='word_1_499' title='bbox 1911 1035 1986 1069; x_wconf 84' lang='lat' dir='ltr'>Hisp.</span> <span class='ocrx_word' id='word_1_500' title='bbox 2000 1044 2021 1061; x_wconf 91' lang='lat' dir='ltr'>c.</span> <span class='ocrx_word' id='word_1_501' title='bbox 2037 1043 2076 1067; x_wconf 80' lang='lat'>23.</span> <span class='ocrx_word' id='word_1_502' title='bbox 2266 1031 2290 1070; x_wconf 58' lang='lat' dir='ltr'><strong>ff</strong></span> <span class='ocrx_word' id='word_1_503' title='bbox 2312 1041 2327 1059; x_wconf 88' lang='lat'>2</span> <span class='ocrx_word' id='word_1_504' title='bbox 2362 1032 2416 1059; x_wconf 82' lang='lat' dir='ltr'>Ra·</span> 
     </span>
    </p>
   </div>
   <div class='ocr_carea' id='block_1_7' title="bbox 282 1068 2420 1533">
    <p class='ocr_par' dir='ltr' id='par_1_15' title="bbox 287 1068 2415 1217">
     <span class='ocr_line' id='line_1_25' title="bbox 288 1068 2415 1110; baseline -0.009 -2"><span class='ocrx_word' id='word_1_505' title='bbox 288 1087 325 1108; x_wconf 75' lang='lat' dir='ltr'>tes</span> <span class='ocrx_word' id='word_1_506' title='bbox 337 1080 442 1107; x_wconf 72' lang='lat' dir='ltr'>tendere.</span> <span class='ocrx_word' id='word_1_507' title='bbox 495 1077 625 1105; x_wconf 83' lang='lat' dir='ltr'>Columel.</span> <span class='ocrx_word' id='word_1_508' title='bbox 640 1084 666 1110; x_wconf 91' lang='lat'>7,</span> <span class='ocrx_word' id='word_1_509' title='bbox 680 1084 702 1108; x_wconf 75' lang='grc' dir='ltr'>ς,</span> <span class='ocrx_word' id='word_1_510' title='bbox 715 1084 743 1108; x_wconf 92' lang='grc'>19</span> <span class='ocrx_word' id='word_1_511' title='bbox 770 1075 837 1101; x_wconf 73' lang='lat' dir='ltr'>Ouis</span> <span class='ocrx_word' id='word_1_512' title='bbox 850 1074 958 1101; x_wconf 88' lang='lat' dir='ltr'>herbam</span> <span class='ocrx_word' id='word_1_513' title='bbox 971 1074 1163 1107; x_wconf 75' lang='lat' dir='ltr'>sanguinariam</span> <span class='ocrx_word' id='word_1_514' title='bbox 1179 1073 1245 1108; x_wconf 88' lang='lat' dir='ltr'>pasta</span> <span class='ocrx_word' id='word_1_515' title='bbox 1260 1079 1316 1100; x_wconf 90' lang='lat' dir='ltr'>toto</span> <span class='ocrx_word' id='word_1_516' title='bbox 1376 1075 1431 1099; x_wconf 86' lang='lat' dir='ltr'>rior</span> <span class='ocrx_word' id='word_1_517' title='bbox 1447 1070 1479 1105; x_wconf 72' lang='lat' dir='ltr'>est</span> <span class='ocrx_word' id='word_1_518' title='bbox 1509 1075 1593 1107; x_wconf 78' lang='lat' dir='ltr'>ropria</span> <span class='ocrx_word' id='word_1_519' title='bbox 1600 1070 1771 1107; x_wconf 80' lang='lat' dir='ltr'>fignificatio,</span> <span class='ocrx_word' id='word_1_520' title='bbox 1790 1077 1820 1096; x_wconf 84' lang='lat' dir='ltr'>vt</span> <span class='ocrx_word' id='word_1_521' title='bbox 1832 1070 1936 1096; x_wconf 83' lang='lat' dir='ltr'>Lucret.</span> <span class='ocrx_word' id='word_1_522' title='bbox 1949 1079 1972 1103; x_wconf 81' lang='lat'>5,</span> <span class='ocrx_word' id='word_1_523' title='bbox 1985 1078 2035 1103; x_wconf 86' lang='lat'>204</span> <span class='ocrx_word' id='word_1_524' title='bbox 2051 1071 2082 1097; x_wconf 88' lang='lat' dir='ltr'>Et</span> <span class='ocrx_word' id='word_1_525' title='bbox 2093 1079 2182 1102; x_wconf 89' lang='lat' dir='ltr'>mare,</span> <span class='ocrx_word' id='word_1_526' title='bbox 2201 1068 2274 1104; x_wconf 86' lang='lat' dir='ltr'>quod</span> <span class='ocrx_word' id='word_1_527' title='bbox 2293 1068 2344 1094; x_wconf 84' lang='lat' dir='ltr'>late</span> <span class='ocrx_word' id='word_1_528' title='bbox 2361 1072 2415 1093; x_wconf 77' lang='lat' dir='ltr'>ter.</span> 
     </span>
     <span class='ocr_line' id='line_1_26' title="bbox 287 1102 2413 1145; baseline -0.008 -1"><span class='ocrx_word' id='word_1_529' title='bbox 287 1122 379 1144; x_wconf 84' lang='lat' dir='ltr'>ventre</span> <span class='ocrx_word' id='word_1_530' title='bbox 401 1114 571 1145; x_wconf 86' lang='lat' dir='ltr'>distenditur,</span> <span class='ocrx_word' id='word_1_531' title='bbox 589 1111 811 1145; x_wconf 85' lang='lat' dir='ltr'>contrahiturque.</span> <span class='ocrx_word' id='word_1_532' title='bbox 881 1109 962 1136; x_wconf 87' lang='lat' dir='ltr'>Plaut.</span> <span class='ocrx_word' id='word_1_533' title='bbox 976 1109 1033 1136; x_wconf 81' lang='lat' dir='ltr'>Cas.</span> <span class='ocrx_word' id='word_1_534' title='bbox 1055 1118 1084 1142; x_wconf 88' lang='lat'>4,</span> <span class='ocrx_word' id='word_1_535' title='bbox 1097 1118 1117 1142; x_wconf 84' lang='lat'>1,</span> <span class='ocrx_word' id='word_1_536' title='bbox 1131 1118 1159 1142; x_wconf 87' lang='lat'>19</span> <span class='ocrx_word' id='word_1_537' title='bbox 1194 1110 1229 1135; x_wconf 95' lang='lat' dir='ltr'>Vt</span> <span class='ocrx_word' id='word_1_538' title='bbox 1249 1109 1318 1143; x_wconf 84' lang='lat' dir='ltr'>ipsae</span> <span class='ocrx_word' id='word_1_539' title='bbox 1333 1115 1364 1141; x_wconf 79' lang='lat'>23</span> <span class='ocrx_word' id='word_1_540' title='bbox 1379 1116 1470 1135; x_wconf 87' lang='lat' dir='ltr'>rarum</span> <span class='ocrx_word' id='word_1_541' title='bbox 1512 1107 1599 1134; x_wconf 81' lang='lat' dir='ltr'>istinet</span> <span class='ocrx_word' id='word_1_542' title='bbox 1612 1115 1685 1138; x_wconf 86' lang='lat' dir='ltr'>oras,</span> <span class='ocrx_word' id='word_1_543' title='bbox 1707 1109 1726 1132; x_wconf 92' lang='lat' dir='ltr'>i.</span> <span class='ocrx_word' id='word_1_544' title='bbox 1746 1106 1869 1141; x_wconf 71' lang='lat' dir='ltr'>dii-iungit</span> <span class='ocrx_word' id='word_1_545' title='bbox 1887 1112 1911 1132; x_wconf 78' lang='lat' dir='ltr'>et</span> <span class='ocrx_word' id='word_1_546' title='bbox 1923 1108 2062 1132; x_wconf 72' lang='lat' dir='ltr'>imeruentu</span> <span class='ocrx_word' id='word_1_547' title='bbox 2073 1106 2119 1142; x_wconf 87' lang='lat' dir='ltr'>suo</span> <span class='ocrx_word' id='word_1_548' title='bbox 2129 1106 2240 1142; x_wconf 84' lang='lat' dir='ltr'>separat.</span> <span class='ocrx_word' id='word_1_549' title='bbox 2292 1104 2333 1131; x_wconf 81' lang='lat' dir='ltr'>Sic</span> <span class='ocrx_word' id='word_1_550' title='bbox 2346 1102 2413 1129; x_wconf 78' lang='lat' dir='ltr'>Pli&#39;n.</span> 
     </span>
     <span class='ocr_line' id='line_1_27' title="bbox 288 1137 2413 1179; baseline -0.006 -1"><span class='ocrx_word' id='word_1_551' title='bbox 288 1152 357 1179; x_wconf 87' lang='lat' dir='ltr'>solae</span> <span class='ocrx_word' id='word_1_552' title='bbox 377 1157 478 1177; x_wconf 86' lang='lat' dir='ltr'>ventres</span> <span class='ocrx_word' id='word_1_553' title='bbox 498 1147 642 1174; x_wconf 81' lang='lat' dir='ltr'>distendant</span> <span class='ocrx_word' id='word_1_554' title='bbox 659 1147 717 1172; x_wconf 89' lang='lat' dir='ltr'>suos</span> <span class='ocrx_word' id='word_1_555' title='bbox 737 1145 829 1179; x_wconf 83' lang='lat' dir='ltr'>(cibo).</span> <span class='ocrx_word' id='word_1_556' title='bbox 899 1143 1008 1171; x_wconf 79' lang='lat' dir='ltr'>Brachia</span> <span class='ocrx_word' id='word_1_557' title='bbox 1027 1153 1092 1171; x_wconf 87' lang='lat' dir='ltr'>nexa</span> <span class='ocrx_word' id='word_1_558' title='bbox 1111 1144 1187 1171; x_wconf 85' lang='lat' dir='ltr'>nodis</span> <span class='ocrx_word' id='word_1_559' title='bbox 1201 1144 1317 1179; x_wconf 82' lang='lat' dir='ltr'>vipereis</span> <span class='ocrx_word' id='word_1_560' title='bbox 1379 1144 1439 1170; x_wconf 82' lang='lat' dir='ltr'>Pan.</span> <span class='ocrx_word' id='word_1_561' title='bbox 1453 1151 1493 1176; x_wconf 76' lang='lat'>25,</span> <span class='ocrx_word' id='word_1_562' title='bbox 1506 1151 1525 1176; x_wconf 88' lang='lat'>4</span> <span class='ocrx_word' id='word_1_563' title='bbox 1554 1142 1680 1168; x_wconf 83' lang='lat' dir='ltr'>Distineri</span> <span class='ocrx_word' id='word_1_564' title='bbox 1691 1141 1853 1168; x_wconf 83' lang='lat' dir='ltr'>fluminibus.</span> <span class='ocrx_word' id='word_1_565' title='bbox 1924 1140 1997 1167; x_wconf 87' lang='lat' dir='ltr'>Caes.</span> <span class='ocrx_word' id='word_1_566' title='bbox 2010 1140 2039 1166; x_wconf 91' lang='lat' dir='ltr'>B.</span> <span class='ocrx_word' id='word_1_567' title='bbox 2055 1141 2086 1167; x_wconf 92' lang='lat' dir='ltr'>C.</span> <span class='ocrx_word' id='word_1_568' title='bbox 2100 1149 2121 1173; x_wconf 87' lang='lat'>1,</span> <span class='ocrx_word' id='word_1_569' title='bbox 2136 1149 2163 1173; x_wconf 69' lang='grc' dir='ltr'>ες</span> <span class='ocrx_word' id='word_1_570' title='bbox 2190 1141 2266 1167; x_wconf 88' lang='lat' dir='ltr'>Rates</span> <span class='ocrx_word' id='word_1_571' title='bbox 2278 1137 2413 1174; x_wconf 82' lang='lat' dir='ltr'>quaternis</span> 
     </span>
     <span class='ocr_line' id='line_1_28' title="bbox 289 1175 2310 1217; baseline -0.006 -3"><span class='ocrx_word' id='word_1_572' title='bbox 289 1186 433 1214; x_wconf 86' lang='lat' dir='ltr'>distendere</span> <span class='ocrx_word' id='word_1_573' title='bbox 452 1183 531 1211; x_wconf 86' lang='lat' dir='ltr'>Ouid.</span> <span class='ocrx_word' id='word_1_574' title='bbox 546 1184 609 1209; x_wconf 86' lang='lat' dir='ltr'>Met.</span> <span class='ocrx_word' id='word_1_575' title='bbox 624 1190 652 1214; x_wconf 82' lang='lat'>4,</span> <span class='ocrx_word' id='word_1_576' title='bbox 666 1190 721 1215; x_wconf 88' lang='lat'>491.</span> <span class='ocrx_word' id='word_1_577' title='bbox 739 1184 757 1207; x_wconf 88' lang='lat' dir='ltr'>i.</span> <span class='ocrx_word' id='word_1_578' title='bbox 773 1181 889 1217; x_wconf 77' lang='lat' dir='ltr'>deligare.</span> <span class='ocrx_word' id='word_1_579' title='bbox 961 1180 1022 1206; x_wconf 88' lang='lat' dir='ltr'>Liu.</span> <span class='ocrx_word' id='word_1_580' title='bbox 1035 1189 1058 1212; x_wconf 85' lang='grc'>3,</span> <span class='ocrx_word' id='word_1_581' title='bbox 1072 1188 1099 1212; x_wconf 80' lang='lat'>23</span> <span class='ocrx_word' id='word_1_582' title='bbox 1117 1180 1233 1214; x_wconf 84' lang='lat' dir='ltr'>Reliquo</span> <span class='ocrx_word' id='word_1_583' title='bbox 1245 1189 1318 1207; x_wconf 85' lang='lat' dir='ltr'>exer·</span> <span class='ocrx_word' id='word_1_584' title='bbox 1377 1179 1482 1206; x_wconf 84' lang='lat' dir='ltr'>ancoris</span> <span class='ocrx_word' id='word_1_585' title='bbox 1497 1187 1529 1204; x_wconf 85' lang='lat' dir='ltr'>ex</span> <span class='ocrx_word' id='word_1_586' title='bbox 1540 1183 1653 1213; x_wconf 88' lang='lat' dir='ltr'>quatuor</span> <span class='ocrx_word' id='word_1_587' title='bbox 1666 1177 1766 1212; x_wconf 84' lang='lat' dir='ltr'>angulis</span> <span class='ocrx_word' id='word_1_588' title='bbox 1777 1175 1932 1209; x_wconf 81' lang='lat' dir='ltr'>distinebat,</span> <span class='ocrx_word' id='word_1_589' title='bbox 1950 1184 1983 1202; x_wconf 88' lang='lat' dir='ltr'>ne</span> <span class='ocrx_word' id='word_1_590' title='bbox 1996 1175 2118 1203; x_wconf 69' lang='lat' dir='ltr'>fluetibus</span> <span class='ocrx_word' id='word_1_591' title='bbox 2130 1182 2310 1202; x_wconf 86' lang='lat' dir='ltr'>monerentur.</span> 
     </span>
    </p>

    <p class='ocr_par' dir='ltr' id='par_1_16' title="bbox 282 1207 2420 1533">
     <span class='ocr_line' id='line_1_29' title="bbox 289 1207 2414 1254; baseline -0.006 -6"><span class='ocrx_word' id='word_1_592' title='bbox 289 1223 343 1249; x_wconf 90' lang='lat' dir='ltr'>citu</span> <span class='ocrx_word' id='word_1_593' title='bbox 358 1221 425 1247; x_wconf 90' lang='lat' dir='ltr'>haud</span> <span class='ocrx_word' id='word_1_594' title='bbox 439 1218 527 1254; x_wconf 88' lang='lat' dir='ltr'>procul</span> <span class='ocrx_word' id='word_1_595' title='bbox 540 1217 678 1244; x_wconf 88' lang='lat' dir='ltr'>moenibus</span> <span class='ocrx_word' id='word_1_596' title='bbox 691 1216 805 1243; x_wconf 88' lang='lat' dir='ltr'>Tusculi</span> <span class='ocrx_word' id='word_1_597' title='bbox 817 1214 961 1248; x_wconf 80' lang='lat' dir='ltr'>considunt,</span> <span class='ocrx_word' id='word_1_598' title='bbox 974 1221 1003 1241; x_wconf 91' lang='lat' dir='ltr'>vt</span> <span class='ocrx_word' id='word_1_599' title='bbox 1013 1215 1188 1242; x_wconf 88' lang='lat' dir='ltr'>distenderent</span> <span class='ocrx_word' id='word_1_600' title='bbox 1202 1215 1319 1242; x_wconf 82' lang='lat' dir='ltr'>hostium</span> <span class='ocrx_word' id='word_1_601' title='bbox 1415 1220 1434 1240; x_wconf 92' lang='lat' dir='ltr'>D</span> <span class='ocrx_word' id='word_1_602' title='bbox 1443 1222 1453 1241; x_wconf 86' lang='lat'>1</span> <span class='ocrx_word' id='word_1_603' title='bbox 1462 1220 1475 1240; x_wconf 85' lang='lat' dir='ltr'>S</span> <span class='ocrx_word' id='word_1_604' title='bbox 1484 1221 1505 1240; x_wconf 89' lang='lat' dir='ltr'>T</span> <span class='ocrx_word' id='word_1_605' title='bbox 1514 1220 1531 1240; x_wconf 87' lang='lat' dir='ltr'>E</span> <span class='ocrx_word' id='word_1_606' title='bbox 1540 1219 1590 1240; x_wconf 89' lang='lat' dir='ltr'>NT</span> <span class='ocrx_word' id='word_1_607' title='bbox 1599 1220 1620 1239; x_wconf 91' lang='lat' dir='ltr'>v</span> <span class='ocrx_word' id='word_1_608' title='bbox 1629 1219 1641 1239; x_wconf 91' lang='lat' dir='ltr'>S</span> <span class='ocrx_word' id='word_1_609' title='bbox 1650 1233 1659 1245; x_wconf 86' lang='lat'>,</span> <span class='ocrx_word' id='word_1_610' title='bbox 1678 1222 1703 1245; x_wconf 89' lang='lat' dir='ltr'>a,</span> <span class='ocrx_word' id='word_1_611' title='bbox 1721 1222 1775 1239; x_wconf 87' lang='lat' dir='ltr'>um.</span> <span class='ocrx_word' id='word_1_612' title='bbox 1794 1212 1887 1239; x_wconf 85' lang='lat' dir='ltr'>Partic.</span> <span class='ocrx_word' id='word_1_613' title='bbox 1925 1212 2081 1247; x_wconf 69' lang='lat' dir='ltr'>Occupatur,</span> <span class='ocrx_word' id='word_1_614' title='bbox 2098 1214 2164 1238; x_wconf 84' lang='lat' dir='ltr'>curis</span> <span class='ocrx_word' id='word_1_615' title='bbox 2178 1209 2322 1244; x_wconf 55' lang='lat' dir='ltr'>distractus.</span> <span class='ocrx_word' id='word_1_616' title='bbox 2357 1207 2414 1236; x_wconf 87' lang='lat' dir='ltr'>cic.</span> 
     </span>
     <span class='ocr_line' id='line_1_30' title="bbox 288 1245 2416 1292; baseline -0.006 -8"><span class='ocrx_word' id='word_1_617' title='bbox 288 1258 384 1292; x_wconf 87' lang='lat' dir='ltr'>copias.</span> <span class='ocrx_word' id='word_1_618' title='bbox 402 1259 420 1282; x_wconf 89' lang='grc' dir='ltr'>ι’.</span> <span class='ocrx_word' id='word_1_619' title='bbox 436 1253 595 1288; x_wconf 62' lang='grc' dir='ltr'>Οῌὶίηεγεηι,</span> <span class='ocrx_word' id='word_1_620' title='bbox 609 1252 673 1287; x_wconf 80' lang='lat' dir='ltr'>quod</span> <span class='ocrx_word' id='word_1_621' title='bbox 683 1259 705 1278; x_wconf 81' lang='lat' dir='ltr'>et</span> <span class='ocrx_word' id='word_1_622' title='bbox 719 1252 806 1278; x_wconf 75' lang='lat' dir='ltr'>habent</span> <span class='ocrx_word' id='word_1_623' title='bbox 818 1252 870 1277; x_wconf 86' lang='lat' dir='ltr'>alia</span> <span class='ocrx_word' id='word_1_624' title='bbox 881 1252 1037 1286; x_wconf 78' lang='lat' dir='ltr'>exemplaria.</span> <span class='ocrx_word' id='word_1_625' title='bbox 1093 1251 1224 1284; x_wconf 73' lang='lat' dir='ltr'>Qinffll.</span> <span class='ocrx_word' id='word_1_626' title='bbox 1235 1260 1255 1285; x_wconf 89' lang='lat'>1,</span> <span class='ocrx_word' id='word_1_627' title='bbox 1264 1259 1297 1283; x_wconf 91' lang='lat'>11,</span> <span class='ocrx_word' id='word_1_628' title='bbox 1306 1259 1322 1283; x_wconf 90' lang='lat'>9</span> <span class='ocrx_word' id='word_1_629' title='bbox 1379 1250 1434 1277; x_wconf 71' lang='lat' dir='ltr'>Ait.</span> <span class='ocrx_word' id='word_1_630' title='bbox 1450 1257 1485 1282; x_wconf 78' lang='grc' dir='ltr'>ις,</span> <span class='ocrx_word' id='word_1_631' title='bbox 1501 1254 1526 1279; x_wconf 88' lang='lat'>18</span> <span class='ocrx_word' id='word_1_632' title='bbox 1545 1248 1668 1283; x_wconf 85' lang='lat' dir='ltr'>Intelligo</span> <span class='ocrx_word' id='word_1_633' title='bbox 1681 1254 1706 1275; x_wconf 90' lang='lat' dir='ltr'>te</span> <span class='ocrx_word' id='word_1_634' title='bbox 1718 1247 1936 1280; x_wconf 82' lang='lat' dir='ltr'>distentissimum,</span> <span class='ocrx_word' id='word_1_635' title='bbox 1950 1246 2040 1282; x_wconf 87' lang='lat' dir='ltr'>quade</span> <span class='ocrx_word' id='word_1_636' title='bbox 2053 1246 2208 1277; x_wconf 86' lang='lat' dir='ltr'>Buthrotiis,</span> <span class='ocrx_word' id='word_1_637' title='bbox 2221 1255 2272 1281; x_wconf 91' lang='lat' dir='ltr'>qua</span> <span class='ocrx_word' id='word_1_638' title='bbox 2285 1246 2316 1272; x_wconf 90' lang='lat' dir='ltr'>de</span> <span class='ocrx_word' id='word_1_639' title='bbox 2323 1245 2416 1272; x_wconf 83' lang='lat' dir='ltr'>Bruto.</span> 
     </span>
     <span class='ocr_line' id='line_1_31' title="bbox 288 1281 2379 1322; baseline -0.006 -4"><span class='ocrx_word' id='word_1_640' title='bbox 288 1291 485 1321; x_wconf 87' lang='lat' dir='ltr'>Obseruandum</span> <span class='ocrx_word' id='word_1_641' title='bbox 504 1289 554 1315; x_wconf 86' lang='lat' dir='ltr'>erit</span> <span class='ocrx_word' id='word_1_642' title='bbox 571 1288 667 1320; x_wconf 89' lang='lat' dir='ltr'>etiam,</span> <span class='ocrx_word' id='word_1_643' title='bbox 685 1292 714 1313; x_wconf 91' lang='lat' dir='ltr'>vt</span> <span class='ocrx_word' id='word_1_644' title='bbox 728 1287 798 1313; x_wconf 64' lang='lat' dir='ltr'>recia</span> <span class='ocrx_word' id='word_1_645' title='bbox 811 1286 841 1313; x_wconf 87' lang='lat' dir='ltr'>sit</span> <span class='ocrx_word' id='word_1_646' title='bbox 861 1287 941 1313; x_wconf 89' lang='lat' dir='ltr'>facies</span> <span class='ocrx_word' id='word_1_647' title='bbox 954 1285 1082 1319; x_wconf 86' lang='lat' dir='ltr'>dicentis,</span> <span class='ocrx_word' id='word_1_648' title='bbox 1099 1295 1132 1312; x_wconf 91' lang='lat' dir='ltr'>ne</span> <span class='ocrx_word' id='word_1_649' title='bbox 1145 1285 1217 1312; x_wconf 88' lang='lat' dir='ltr'>labra</span> <span class='ocrx_word' id='word_1_650' title='bbox 1232 1286 1318 1312; x_wconf 84' lang='lat' dir='ltr'>detor·</span> <span class='ocrx_word' id='word_1_651' title='bbox 1334 1297 1366 1322; x_wconf 81' lang='lat'>30</span> <span class='ocrx_word' id='word_1_652' title='bbox 1380 1287 1437 1318; x_wconf 86' lang='lat' dir='ltr'>Sic,</span> <span class='ocrx_word' id='word_1_653' title='bbox 1458 1286 1532 1312; x_wconf 85' lang='lat' dir='ltr'>Mens</span> <span class='ocrx_word' id='word_1_654' title='bbox 1546 1284 1656 1310; x_wconf 87' lang='lat' dir='ltr'>distenta</span> <span class='ocrx_word' id='word_1_655' title='bbox 1668 1284 1811 1318; x_wconf 89' lang='lat' dir='ltr'>opponitur</span> <span class='ocrx_word' id='word_1_656' title='bbox 1824 1292 1878 1309; x_wconf 89' lang='lat' dir='ltr'>non</span> <span class='ocrx_word' id='word_1_657' title='bbox 1890 1289 2031 1318; x_wconf 80' lang='lat' dir='ltr'>occupatae</span> <span class='ocrx_word' id='word_1_658' title='bbox 2050 1283 2123 1308; x_wconf 82' lang='lat' dir='ltr'>Idem</span> <span class='ocrx_word' id='word_1_659' title='bbox 2139 1282 2170 1308; x_wconf 87' lang='lat' dir='ltr'>de</span> <span class='ocrx_word' id='word_1_660' title='bbox 2181 1281 2217 1308; x_wconf 91' lang='lat' dir='ltr'>N.</span> <span class='ocrx_word' id='word_1_661' title='bbox 2232 1282 2264 1307; x_wconf 92' lang='lat' dir='ltr'>D.</span> <span class='ocrx_word' id='word_1_662' title='bbox 2279 1289 2292 1313; x_wconf 91' lang='grc'>3</span> <span class='ocrx_word' id='word_1_663' title='bbox 2305 1289 2326 1307; x_wconf 91' lang='lat' dir='ltr'>c.</span> <span class='ocrx_word' id='word_1_664' title='bbox 2339 1288 2379 1312; x_wconf 79' lang='lat'>39.</span> 
     </span>
     <span class='ocr_line' id='line_1_32' title="bbox 289 1314 2416 1363; baseline -0.006 -10"><span class='ocrx_word' id='word_1_665' title='bbox 289 1333 430 1363; x_wconf 76' lang='lat' dir='ltr'>queantur,</span> <span class='ocrx_word' id='word_1_666' title='bbox 447 1333 479 1350; x_wconf 90' lang='lat' dir='ltr'>ne</span> <span class='ocrx_word' id='word_1_667' title='bbox 495 1323 651 1350; x_wconf 89' lang='lat' dir='ltr'>immodicus</span> <span class='ocrx_word' id='word_1_668' title='bbox 665 1322 750 1349; x_wconf 81' lang='lat' dir='ltr'>hiatus</span> <span class='ocrx_word' id='word_1_669' title='bbox 763 1321 860 1348; x_wconf 67' lang='lat' dir='ltr'>rit&#39;stum</span> <span class='ocrx_word' id='word_1_670' title='bbox 873 1321 1008 1348; x_wconf 88' lang='lat' dir='ltr'>distendat.</span> <span class='ocrx_word' id='word_1_671' title='bbox 1080 1321 1250 1354; x_wconf 85' lang='lat' dir='ltr'>Distendere,</span> <span class='ocrx_word' id='word_1_672' title='bbox 1270 1323 1320 1348; x_wconf 87' lang='lat' dir='ltr'>Im·</span> <span class='ocrx_word' id='word_1_673' title='bbox 1416 1326 1435 1347; x_wconf 92' lang='lat' dir='ltr'>D</span> <span class='ocrx_word' id='word_1_674' title='bbox 1444 1328 1454 1347; x_wconf 92' lang='lat'>1</span> <span class='ocrx_word' id='word_1_675' title='bbox 1464 1327 1478 1347; x_wconf 88' lang='lat' dir='ltr'>s</span> <span class='ocrx_word' id='word_1_676' title='bbox 1488 1327 1557 1347; x_wconf 89' lang='lat' dir='ltr'>T1N</span> <span class='ocrx_word' id='word_1_677' title='bbox 1566 1326 1643 1346; x_wconf 89' lang='lat' dir='ltr'>Gvo</span> <span class='ocrx_word' id='word_1_678' title='bbox 1652 1339 1660 1351; x_wconf 81' lang='grc'>,</span> <span class='ocrx_word' id='word_1_679' title='bbox 1690 1320 1736 1345; x_wconf 87' lang='lat' dir='ltr'>nxi</span> <span class='ocrx_word' id='word_1_680' title='bbox 1744 1339 1752 1351; x_wconf 93' lang='lat'>,</span> <span class='ocrx_word' id='word_1_681' title='bbox 1777 1319 1867 1345; x_wconf 69' lang='grc'><strong>116111111</strong></span> <span class='ocrx_word' id='word_1_682' title='bbox 1876 1338 1884 1351; x_wconf 82' lang='grc'>,</span> <span class='ocrx_word' id='word_1_683' title='bbox 1911 1321 1965 1345; x_wconf 72' lang='lat' dir='ltr'>ere.</span> <span class='ocrx_word' id='word_1_684' title='bbox 2001 1315 2156 1351; x_wconf 54' lang='grc' dir='ltr'>[διοιςέλλω</span> <span class='ocrx_word' id='word_1_685' title='bbox 2175 1315 2281 1351; x_wconf 63' lang='grc' dir='ltr'>διΐςημι,</span> <span class='ocrx_word' id='word_1_686' title='bbox 2300 1314 2416 1350; x_wconf 52' lang='lat' dir='ltr'>&amp;auriga-1]</span> 
     </span>
     <span class='ocr_line' id='line_1_33' title="bbox 282 1351 2418 1399; baseline -0.006 -10"><span class='ocrx_word' id='word_1_687' title='bbox 282 1365 367 1399; x_wconf 77' lang='lat' dir='ltr'>plere:</span> <span class='ocrx_word' id='word_1_688' title='bbox 389 1360 565 1394; x_wconf 77' lang='lat' dir='ltr'>virg-Georg.</span> <span class='ocrx_word' id='word_1_689' title='bbox 577 1369 605 1393; x_wconf 90' lang='lat'>4,</span> <span class='ocrx_word' id='word_1_690' title='bbox 620 1361 667 1391; x_wconf 87' lang='lat'>164</span> <span class='ocrx_word' id='word_1_691' title='bbox 686 1359 717 1384; x_wconf 79' lang='lat' dir='ltr'>Et</span> <span class='ocrx_word' id='word_1_692' title='bbox 731 1357 802 1384; x_wconf 83' lang='lat' dir='ltr'>dulci</span> <span class='ocrx_word' id='word_1_693' title='bbox 814 1357 962 1383; x_wconf 87' lang='lat' dir='ltr'>distendunt</span> <span class='ocrx_word' id='word_1_694' title='bbox 974 1356 1078 1383; x_wconf 73' lang='lat' dir='ltr'>ne&amp;are</span> <span class='ocrx_word' id='word_1_695' title='bbox 1092 1357 1176 1384; x_wconf 87' lang='lat' dir='ltr'>cellas.</span> <span class='ocrx_word' id='word_1_696' title='bbox 1212 1357 1318 1383; x_wconf 90' lang='lat' dir='ltr'>Colum.</span> <span class='ocrx_word' id='word_1_697' title='bbox 1380 1358 1500 1391; x_wconf 83' lang='lat' dir='ltr'>Interpun</span> <span class='ocrx_word' id='word_1_698' title='bbox 1519 1365 1573 1388; x_wconf 79' lang='lat' dir='ltr'>ere,</span> <span class='ocrx_word' id='word_1_699' title='bbox 1591 1361 1615 1381; x_wconf 82' lang='lat' dir='ltr'>ct</span> <span class='ocrx_word' id='word_1_700' title='bbox 1633 1357 1769 1391; x_wconf 80' lang='lat' dir='ltr'>generatim</span> <span class='ocrx_word' id='word_1_701' title='bbox 1787 1354 1921 1386; x_wconf 71' lang='lat' dir='ltr'>Diuidere,</span> <span class='ocrx_word' id='word_1_702' title='bbox 1935 1354 2062 1390; x_wconf 80' lang='lat' dir='ltr'>separare.</span> <span class='ocrx_word' id='word_1_703' title='bbox 2112 1351 2243 1380; x_wconf 87' lang='lat' dir='ltr'>Columel.</span> <span class='ocrx_word' id='word_1_704' title='bbox 2258 1360 2277 1383; x_wconf 89' lang='lat'>1,</span> <span class='ocrx_word' id='word_1_705' title='bbox 2292 1354 2312 1378; x_wconf 75' lang='lat'><strong>6</strong></span> <span class='ocrx_word' id='word_1_706' title='bbox 2328 1351 2378 1377; x_wconf 82' lang='lat' dir='ltr'>Sed</span> <span class='ocrx_word' id='word_1_707' title='bbox 2389 1355 2418 1376; x_wconf 78' lang='lat' dir='ltr'>et</span> 
     </span>
     <span class='ocr_line' id='line_1_34' title="bbox 289 1388 2418 1430; baseline -0.004 -9"><span class='ocrx_word' id='word_1_708' title='bbox 289 1407 328 1430; x_wconf 88' lang='lat'>10,</span> <span class='ocrx_word' id='word_1_709' title='bbox 347 1399 396 1430; x_wconf 68' lang='lat'>3²⁸6</span> <span class='ocrx_word' id='word_1_710' title='bbox 418 1394 551 1422; x_wconf 88' lang='lat' dir='ltr'>Distendat</span> <span class='ocrx_word' id='word_1_711' title='bbox 570 1395 628 1421; x_wconf 91' lang='lat' dir='ltr'>rosa</span> <span class='ocrx_word' id='word_1_712' title='bbox 644 1393 717 1419; x_wconf 87' lang='lat' dir='ltr'>iunci</span> <span class='ocrx_word' id='word_1_713' title='bbox 733 1393 856 1425; x_wconf 85' lang='lat' dir='ltr'>stamina,</span> <span class='ocrx_word' id='word_1_714' title='bbox 882 1395 900 1419; x_wconf 90' lang='lat' dir='ltr'>i.</span> <span class='ocrx_word' id='word_1_715' title='bbox 920 1393 1018 1427; x_wconf 80' lang='lat' dir='ltr'>impleat</span> <span class='ocrx_word' id='word_1_716' title='bbox 1037 1392 1182 1419; x_wconf 84' lang='lat' dir='ltr'>corbiculam</span> <span class='ocrx_word' id='word_1_717' title='bbox 1200 1395 1318 1418; x_wconf 70' lang='lat' dir='ltr'>iimceam.</span> <span class='ocrx_word' id='word_1_718' title='bbox 1381 1391 1487 1419; x_wconf 84' lang='lat' dir='ltr'>lacubus</span> <span class='ocrx_word' id='word_1_719' title='bbox 1518 1390 1695 1425; x_wconf 84' lang='lat' dir='ltr'>istinguuntur</span> <span class='ocrx_word' id='word_1_720' title='bbox 1707 1391 1836 1424; x_wconf 84' lang='lat' dir='ltr'>granaria,</span> <span class='ocrx_word' id='word_1_721' title='bbox 1849 1396 1877 1416; x_wconf 95' lang='lat' dir='ltr'>vt</span> <span class='ocrx_word' id='word_1_722' title='bbox 1889 1389 2029 1424; x_wconf 88' lang='lat' dir='ltr'>separatim</span> <span class='ocrx_word' id='word_1_723' title='bbox 2041 1397 2160 1423; x_wconf 88' lang='lat' dir='ltr'>quaeque</span> <span class='ocrx_word' id='word_1_724' title='bbox 2173 1388 2307 1423; x_wconf 86' lang='lat' dir='ltr'>legumina</span> <span class='ocrx_word' id='word_1_725' title='bbox 2319 1394 2418 1421; x_wconf 85' lang='lat' dir='ltr'>ponan-</span> 
     </span>
     <span class='ocr_line' id='line_1_35' title="bbox 286 1422 2418 1466; baseline -0.005 -8"><span class='ocrx_word' id='word_1_726' title='bbox 286 1432 379 1461; x_wconf 78' lang='lat' dir='ltr'>Deinde</span> <span class='ocrx_word' id='word_1_727' title='bbox 401 1430 558 1466; x_wconf 76' lang='lat' dir='ltr'>transfertur</span> <span class='ocrx_word' id='word_1_728' title='bbox 575 1429 609 1456; x_wconf 85' lang='lat' dir='ltr'>ad</span> <span class='ocrx_word' id='word_1_729' title='bbox 620 1432 735 1455; x_wconf 82' lang='lat' dir='ltr'>animum.</span> <span class='ocrx_word' id='word_1_730' title='bbox 804 1427 935 1454; x_wconf 86' lang='lat' dir='ltr'>Distendit</span> <span class='ocrx_word' id='word_1_731' title='bbox 949 1427 1023 1462; x_wconf 87' lang='lat' dir='ltr'>spicis</span> <span class='ocrx_word' id='word_1_732' title='bbox 1043 1427 1138 1454; x_wconf 88' lang='lat' dir='ltr'>horrea</span> <span class='ocrx_word' id='word_1_733' title='bbox 1149 1428 1224 1462; x_wconf 88' lang='lat' dir='ltr'>plena</span> <span class='ocrx_word' id='word_1_734' title='bbox 1239 1429 1319 1455; x_wconf 80' lang='lat' dir='ltr'>Ceres</span> <span class='ocrx_word' id='word_1_735' title='bbox 1379 1433 1431 1453; x_wconf 90' lang='lat' dir='ltr'>tur.</span> <span class='ocrx_word' id='word_1_736' title='bbox 1467 1427 1507 1453; x_wconf 85' lang='lat' dir='ltr'>Sic</span> <span class='ocrx_word' id='word_1_737' title='bbox 1515 1425 1629 1452; x_wconf 88' lang='lat' dir='ltr'>Martial.</span> <span class='ocrx_word' id='word_1_738' title='bbox 1642 1432 1685 1459; x_wconf 76' lang='lat'>2,;</span> <span class='ocrx_word' id='word_1_739' title='bbox 1705 1425 1754 1452; x_wconf 87' lang='lat' dir='ltr'>Sed</span> <span class='ocrx_word' id='word_1_740' title='bbox 1767 1425 1820 1452; x_wconf 91' lang='lat' dir='ltr'>duo</span> <span class='ocrx_word' id='word_1_741' title='bbox 1833 1426 1889 1451; x_wconf 91' lang='lat' dir='ltr'>sunt</span> <span class='ocrx_word' id='word_1_742' title='bbox 1903 1434 1969 1459; x_wconf 85' lang='lat' dir='ltr'>quae</span> <span class='ocrx_word' id='word_1_743' title='bbox 1982 1433 2029 1451; x_wconf 87' lang='lat' dir='ltr'>nos</span> <span class='ocrx_word' id='word_1_744' title='bbox 2038 1424 2200 1459; x_wconf 85' lang='lat' dir='ltr'>distinguunt</span> <span class='ocrx_word' id='word_1_745' title='bbox 2212 1422 2297 1450; x_wconf 87' lang='lat' dir='ltr'>millia</span> <span class='ocrx_word' id='word_1_746' title='bbox 2310 1422 2418 1456; x_wconf 83' lang='lat' dir='ltr'>passum.</span> 
     </span>
     <span class='ocr_line' id='line_1_36' title="bbox 286 1459 2420 1498; baseline -0.005 -4"><span class='ocrx_word' id='word_1_747' title='bbox 286 1467 393 1496; x_wconf 90' lang='lat' dir='ltr'>Tibull.</span> <span class='ocrx_word' id='word_1_748' title='bbox 408 1475 431 1497; x_wconf 85' lang='lat'>2,</span> <span class='ocrx_word' id='word_1_749' title='bbox 446 1474 467 1498; x_wconf 80' lang='grc' dir='ltr'>ς,</span> <span class='ocrx_word' id='word_1_750' title='bbox 484 1471 525 1498; x_wconf 88' lang='lat'>84.</span> <span class='ocrx_word' id='word_1_751' title='bbox 595 1465 656 1491; x_wconf 92' lang='lat' dir='ltr'>Liu.</span> <span class='ocrx_word' id='word_1_752' title='bbox 672 1471 712 1497; x_wconf 86' lang='lat'>27,</span> <span class='ocrx_word' id='word_1_753' title='bbox 726 1472 762 1495; x_wconf 82' lang='lat'>40</span> <span class='ocrx_word' id='word_1_754' title='bbox 769 1469 814 1498; x_wconf 80' lang='lat' dir='ltr'>pr.</span> <span class='ocrx_word' id='word_1_755' title='bbox 838 1463 967 1489; x_wconf 83' lang='lat' dir='ltr'>Consules</span> <span class='ocrx_word' id='word_1_756' title='bbox 980 1462 1089 1489; x_wconf 84' lang='lat' dir='ltr'>diuersis</span> <span class='ocrx_word' id='word_1_757' title='bbox 1104 1463 1245 1490; x_wconf 87' lang='lat' dir='ltr'>itineribus</span> <span class='ocrx_word' id='word_1_758' title='bbox 1259 1472 1318 1498; x_wconf 88' lang='lat' dir='ltr'>pro-</span> <span class='ocrx_word' id='word_1_759' title='bbox 1333 1471 1362 1498; x_wconf 76' lang='lat'>35</span> <span class='ocrx_word' id='word_1_760' title='bbox 1380 1462 1547 1497; x_wconf 77' lang='lat' dir='ltr'>Distinguere</span> <span class='ocrx_word' id='word_1_761' title='bbox 1566 1467 1644 1495; x_wconf 86' lang='lat' dir='ltr'>atque</span> <span class='ocrx_word' id='word_1_762' title='bbox 1664 1460 1787 1489; x_wconf 87' lang='lat' dir='ltr'>diuidere</span> <span class='ocrx_word' id='word_1_763' title='bbox 1815 1461 1870 1487; x_wconf 87' lang='lat' dir='ltr'>Cic.</span> <span class='ocrx_word' id='word_1_764' title='bbox 1891 1461 1919 1486; x_wconf 92' lang='lat' dir='ltr'>in</span> <span class='ocrx_word' id='word_1_765' title='bbox 1934 1461 2020 1487; x_wconf 89' lang='lat' dir='ltr'>Pison.</span> <span class='ocrx_word' id='word_1_766' title='bbox 2039 1461 2083 1493; x_wconf 87' lang='lat'>69.</span> <span class='ocrx_word' id='word_1_767' title='bbox 2171 1459 2244 1485; x_wconf 84' lang='lat' dir='ltr'>Idem</span> <span class='ocrx_word' id='word_1_768' title='bbox 2257 1459 2334 1484; x_wconf 83' lang='lat' dir='ltr'>Verr.</span> <span class='ocrx_word' id='word_1_769' title='bbox 2347 1465 2374 1489; x_wconf 87' lang='lat'>4,</span> <span class='ocrx_word' id='word_1_770' title='bbox 2388 1461 2420 1487; x_wconf 84' lang='lat'>88</span> 
     </span>
     <span class='ocr_line' id='line_1_37' title="bbox 285 1491 2419 1533; baseline -0.006 -3"><span class='ocrx_word' id='word_1_771' title='bbox 285 1503 350 1530; x_wconf 66' lang='lat' dir='ltr'>secli</span> <span class='ocrx_word' id='word_1_772' title='bbox 363 1502 395 1528; x_wconf 82' lang='lat' dir='ltr'>ab</span> <span class='ocrx_word' id='word_1_773' title='bbox 403 1500 484 1533; x_wconf 86' lang='lat' dir='ltr'>Vrbe,</span> <span class='ocrx_word' id='word_1_774' title='bbox 496 1500 569 1527; x_wconf 86' lang='lat' dir='ltr'>velut</span> <span class='ocrx_word' id='word_1_775' title='bbox 580 1499 609 1526; x_wconf 91' lang='lat' dir='ltr'>in</span> <span class='ocrx_word' id='word_1_776' title='bbox 621 1498 674 1524; x_wconf 87' lang='lat' dir='ltr'>duo</span> <span class='ocrx_word' id='word_1_777' title='bbox 687 1498 786 1532; x_wconf 76' lang='lat' dir='ltr'>pariter</span> <span class='ocrx_word' id='word_1_778' title='bbox 797 1497 866 1524; x_wconf 87' lang='lat' dir='ltr'>bella</span> <span class='ocrx_word' id='word_1_779' title='bbox 879 1497 1055 1524; x_wconf 84' lang='lat' dir='ltr'>distenderant</span> <span class='ocrx_word' id='word_1_780' title='bbox 1074 1507 1146 1525; x_wconf 76' lang='lat' dir='ltr'>curas</span> <span class='ocrx_word' id='word_1_781' title='bbox 1168 1499 1319 1531; x_wconf 83' lang='lat' dir='ltr'>hominum,</span> <span class='ocrx_word' id='word_1_782' title='bbox 1380 1498 1428 1524; x_wconf 86' lang='lat' dir='ltr'>Sed</span> <span class='ocrx_word' id='word_1_783' title='bbox 1441 1507 1471 1524; x_wconf 84' lang='lat' dir='ltr'>ea</span> <span class='ocrx_word' id='word_1_784' title='bbox 1484 1506 1538 1531; x_wconf 90' lang='lat' dir='ltr'>quo</span> <span class='ocrx_word' id='word_1_785' title='bbox 1551 1496 1627 1531; x_wconf 70' lang='lat' dir='ltr'>paeto</span> <span class='ocrx_word' id='word_1_786' title='bbox 1641 1496 1801 1530; x_wconf 84' lang='lat' dir='ltr'>distinguere</span> <span class='ocrx_word' id='word_1_787' title='bbox 1814 1505 1842 1523; x_wconf 87' lang='lat' dir='ltr'>ac</span> <span class='ocrx_word' id='word_1_788' title='bbox 1857 1496 1975 1530; x_wconf 85' lang='lat' dir='ltr'>separare</span> <span class='ocrx_word' id='word_1_789' title='bbox 1988 1495 2086 1530; x_wconf 76' lang='lat' dir='ltr'>possim,</span> <span class='ocrx_word' id='word_1_790' title='bbox 2103 1495 2200 1522; x_wconf 88' lang='lat' dir='ltr'>nescio.</span> <span class='ocrx_word' id='word_1_791' title='bbox 2256 1491 2419 1519; x_wconf 76' lang='lat' dir='ltr'>Secernenda</span> 
     </span>
    </p>
   </div>
   <div class='ocr_carea' id='block_1_8' title="bbox 287 1526 2427 1744">
    <p class='ocr_par' dir='ltr' id='par_1_17' title="bbox 287 1526 2421 1636">
     <span class='ocr_line' id='line_1_38' title="bbox 288 1526 2420 1568; baseline -0.006 -3"><span class='ocrx_word' id='word_1_792' title='bbox 288 1545 334 1565; x_wconf 82' lang='lat' dir='ltr'>etc.</span> <span class='ocrx_word' id='word_1_793' title='bbox 385 1535 443 1563; x_wconf 90' lang='lat' dir='ltr'>Col.</span> <span class='ocrx_word' id='word_1_794' title='bbox 458 1544 495 1567; x_wconf 85' lang='lat' dir='ltr'>iz,</span> <span class='ocrx_word' id='word_1_795' title='bbox 512 1544 559 1568; x_wconf 83' lang='lat'>44,</span> <span class='ocrx_word' id='word_1_796' title='bbox 579 1544 589 1561; x_wconf 89' lang='lat'>1</span> <span class='ocrx_word' id='word_1_797' title='bbox 619 1533 774 1560; x_wconf 85' lang='lat' dir='ltr'>Distendunt</span> <span class='ocrx_word' id='word_1_798' title='bbox 794 1541 883 1559; x_wconf 87' lang='lat' dir='ltr'>curam</span> <span class='ocrx_word' id='word_1_799' title='bbox 898 1533 1012 1559; x_wconf 86' lang='lat' dir='ltr'>villicae.</span> <span class='ocrx_word' id='word_1_800' title='bbox 1091 1533 1221 1559; x_wconf 85' lang='lat' dir='ltr'>Distendit</span> <span class='ocrx_word' id='word_1_801' title='bbox 1234 1543 1264 1560; x_wconf 87' lang='lat' dir='ltr'>ea</span> <span class='ocrx_word' id='word_1_802' title='bbox 1277 1543 1318 1560; x_wconf 86' lang='lat' dir='ltr'>res</span> <span class='ocrx_word' id='word_1_803' title='bbox 1380 1533 1542 1567; x_wconf 81' lang='lat' dir='ltr'>distinguere</span> <span class='ocrx_word' id='word_1_804' title='bbox 1560 1531 1598 1558; x_wconf 89' lang='lat' dir='ltr'>ld.</span> <span class='ocrx_word' id='word_1_805' title='bbox 1612 1532 1641 1557; x_wconf 90' lang='lat' dir='ltr'>in</span> <span class='ocrx_word' id='word_1_806' title='bbox 1655 1532 1755 1566; x_wconf 90' lang='lat' dir='ltr'>Topic.</span> <span class='ocrx_word' id='word_1_807' title='bbox 1767 1540 1800 1563; x_wconf 89' lang='grc'>31.</span> <span class='ocrx_word' id='word_1_808' title='bbox 1872 1532 1995 1566; x_wconf 86' lang='lat' dir='ltr'>Apertius</span> <span class='ocrx_word' id='word_1_809' title='bbox 2011 1530 2115 1565; x_wconf 87' lang='lat' dir='ltr'>aliquid</span> <span class='ocrx_word' id='word_1_810' title='bbox 2128 1530 2289 1563; x_wconf 88' lang='lat' dir='ltr'>distinguere</span> <span class='ocrx_word' id='word_1_811' title='bbox 2308 1526 2420 1561; x_wconf 63' lang='lat' dir='ltr'>QiinEh</span> 
     </span>
     <span class='ocr_line' id='line_1_39' title="bbox 287 1562 2421 1608; baseline -0.005 -9"><span class='ocrx_word' id='word_1_812' title='bbox 287 1573 442 1600; x_wconf 75' lang='lat' dir='ltr'>Samnitium</span> <span class='ocrx_word' id='word_1_813' title='bbox 456 1571 557 1596; x_wconf 86' lang='lat' dir='ltr'>animos</span> <span class='ocrx_word' id='word_1_814' title='bbox 580 1569 642 1608; x_wconf 57' lang='grc'><strong>1111.</strong></span> <span class='ocrx_word' id='word_1_815' title='bbox 655 1577 682 1601; x_wconf 89' lang='lat'>9,</span> <span class='ocrx_word' id='word_1_816' title='bbox 717 1588 725 1595; x_wconf 87' lang='lat'>.</span> <span class='ocrx_word' id='word_1_817' title='bbox 761 1588 769 1595; x_wconf 89' lang='lat'>.</span> <span class='ocrx_word' id='word_1_818' title='bbox 802 1570 820 1594; x_wconf 86' lang='lat' dir='ltr'>i.</span> <span class='ocrx_word' id='word_1_819' title='bbox 834 1569 865 1595; x_wconf 85' lang='lat' dir='ltr'>In</span> <span class='ocrx_word' id='word_1_820' title='bbox 879 1567 993 1605; x_wconf 50' lang='lat' dir='ltr'>diuersas¹</span> <span class='ocrx_word' id='word_1_821' title='bbox 998 1573 1087 1604; x_wconf 80' lang='lat' dir='ltr'>partes</span> <span class='ocrx_word' id='word_1_822' title='bbox 1101 1567 1219 1595; x_wconf 80' lang='lat' dir='ltr'>intendit.</span> <span class='ocrx_word' id='word_1_823' title='bbox 1274 1569 1320 1595; x_wconf 88' lang='lat' dir='ltr'>Di-</span> <span class='ocrx_word' id='word_1_824' title='bbox 1380 1577 1404 1600; x_wconf 84' lang='grc'>3,</span> <span class='ocrx_word' id='word_1_825' title='bbox 1419 1570 1443 1593; x_wconf 83' lang='lat'>6.</span> <span class='ocrx_word' id='word_1_826' title='bbox 1496 1567 1552 1593; x_wconf 87' lang='lat' dir='ltr'>Cic.</span> <span class='ocrx_word' id='word_1_827' title='bbox 1568 1567 1646 1592; x_wconf 81' lang='lat' dir='ltr'>Acad.</span> <span class='ocrx_word' id='word_1_828' title='bbox 1660 1577 1688 1600; x_wconf 89' lang='lat'>4,</span> <span class='ocrx_word' id='word_1_829' title='bbox 1701 1575 1731 1593; x_wconf 81' lang='lat'>22</span> <span class='ocrx_word' id='word_1_830' title='bbox 1751 1565 1806 1600; x_wconf 70' lang='lat' dir='ltr'>Qui</span> <span class='ocrx_word' id='word_1_831' title='bbox 1820 1566 1968 1601; x_wconf 82' lang='lat' dir='ltr'>Distingues</span> <span class='ocrx_word' id='word_1_832' title='bbox 1982 1566 2110 1593; x_wconf 85' lang='lat' dir='ltr'>artificem</span> <span class='ocrx_word' id='word_1_833' title='bbox 2125 1565 2158 1592; x_wconf 89' lang='lat' dir='ltr'>ab</span> <span class='ocrx_word' id='word_1_834' title='bbox 2172 1564 2272 1591; x_wconf 78' lang='lat' dir='ltr'>insci03</span> <span class='ocrx_word' id='word_1_835' title='bbox 2307 1562 2421 1595; x_wconf 22' lang='lat' dir='ltr'>1bid 24</span> 
     </span>
     <span class='ocr_line' id='line_1_40' title="bbox 289 1598 2421 1636; baseline -0.005 -2"><span class='ocrx_word' id='word_1_836' title='bbox 289 1608 415 1636; x_wconf 81' lang='lat' dir='ltr'>stenditur</span> <span class='ocrx_word' id='word_1_837' title='bbox 429 1605 549 1631; x_wconf 82' lang='lat' dir='ltr'>sedulitas</span> <span class='ocrx_word' id='word_1_838' title='bbox 560 1604 646 1631; x_wconf 78' lang='lat' dir='ltr'>villici</span> <span class='ocrx_word' id='word_1_839' title='bbox 663 1603 767 1630; x_wconf 88' lang='lat' dir='ltr'>Colum.</span> <span class='ocrx_word' id='word_1_840' title='bbox 781 1611 803 1636; x_wconf 86' lang='lat'>1,</span> <span class='ocrx_word' id='word_1_841' title='bbox 815 1604 842 1635; x_wconf 81' lang='lat'>6,</span> <span class='ocrx_word' id='word_1_842' title='bbox 857 1608 880 1633; x_wconf 86' lang='lat'>8.</span> <span class='ocrx_word' id='word_1_843' title='bbox 1381 1601 1471 1628; x_wconf 88' lang='lat' dir='ltr'>Simili</span> <span class='ocrx_word' id='word_1_844' title='bbox 1485 1602 1513 1627; x_wconf 90' lang='lat' dir='ltr'>in</span> <span class='ocrx_word' id='word_1_845' title='bbox 1527 1610 1618 1627; x_wconf 86' lang='lat' dir='ltr'>errore</span> <span class='ocrx_word' id='word_1_846' title='bbox 1631 1603 1776 1633; x_wconf 86' lang='lat' dir='ltr'>versantur,</span> <span class='ocrx_word' id='word_1_847' title='bbox 1794 1610 1877 1635; x_wconf 85' lang='lat' dir='ltr'>quum</span> <span class='ocrx_word' id='word_1_848' title='bbox 1890 1602 2019 1634; x_wconf 65' lang='grc'><strong>(0111116311,</strong></span> <span class='ocrx_word' id='word_1_849' title='bbox 2041 1610 2070 1628; x_wconf 87' lang='lat' dir='ltr'>ac</span> <span class='ocrx_word' id='word_1_850' title='bbox 2081 1602 2111 1628; x_wconf 89' lang='lat' dir='ltr'>vi</span> <span class='ocrx_word' id='word_1_851' title='bbox 2123 1600 2242 1627; x_wconf 81' lang='lat' dir='ltr'>veritatis</span> <span class='ocrx_word' id='word_1_852' title='bbox 2254 1598 2349 1630; x_wconf 63' lang='lat' dir='ltr'>coacti,</span> <span class='ocrx_word' id='word_1_853' title='bbox 2363 1606 2421 1632; x_wconf 83' lang='lat' dir='ltr'>per-</span> 
     </span>
    </p>

    <p class='ocr_par' dir='ltr' id='par_1_18' title="bbox 288 1633 2427 1744">
     <span class='ocr_line' id='line_1_41' title="bbox 326 1633 2427 1672; baseline -0.003 -3"><span class='ocrx_word' id='word_1_854' title='bbox 326 1647 465 1670; x_wconf 78' lang='lat' dir='ltr'>msTEN</span> <span class='ocrx_word' id='word_1_855' title='bbox 476 1646 525 1666; x_wconf 83' lang='lat' dir='ltr'>Tv</span> <span class='ocrx_word' id='word_1_856' title='bbox 535 1647 564 1671; x_wconf 90' lang='lat' dir='ltr'>s,</span> <span class='ocrx_word' id='word_1_857' title='bbox 585 1647 610 1671; x_wconf 89' lang='lat' dir='ltr'>a,</span> <span class='ocrx_word' id='word_1_858' title='bbox 638 1647 691 1665; x_wconf 88' lang='lat' dir='ltr'>um.</span> <span class='ocrx_word' id='word_1_859' title='bbox 727 1637 820 1664; x_wconf 86' lang='lat' dir='ltr'>Partic.</span> <span class='ocrx_word' id='word_1_860' title='bbox 867 1635 1072 1672; x_wconf 66' lang='grc' dir='ltr'>[διατεταμένος]</span> <span class='ocrx_word' id='word_1_861' title='bbox 1118 1638 1216 1664; x_wconf 75' lang='lat' dir='ltr'>Plenus.</span> <span class='ocrx_word' id='word_1_862' title='bbox 1253 1638 1319 1664; x_wconf 88' lang='lat' dir='ltr'>Plin.</span> <span class='ocrx_word' id='word_1_863' title='bbox 1334 1644 1373 1670; x_wconf 87' lang='lat'>40</span> <span class='ocrx_word' id='word_1_864' title='bbox 1381 1637 1471 1672; x_wconf 81' lang='lat' dir='ltr'>spicua</span> <span class='ocrx_word' id='word_1_865' title='bbox 1485 1645 1499 1663; x_wconf 85' lang='lat' dir='ltr'>a</span> <span class='ocrx_word' id='word_1_866' title='bbox 1511 1636 1639 1671; x_wconf 87' lang='lat' dir='ltr'>perceptis</span> <span class='ocrx_word' id='word_1_867' title='bbox 1652 1637 1747 1662; x_wconf 89' lang='lat' dir='ltr'>volunt</span> <span class='ocrx_word' id='word_1_868' title='bbox 1765 1636 1933 1672; x_wconf 80' lang='lat' dir='ltr'>distinguere.</span> <span class='ocrx_word' id='word_1_869' title='bbox 2003 1638 2102 1671; x_wconf 85' lang='lat' dir='ltr'>Caput,</span> <span class='ocrx_word' id='word_1_870' title='bbox 2119 1639 2137 1662; x_wconf 84' lang='grc' dir='ltr'>ι’.</span> <span class='ocrx_word' id='word_1_871' title='bbox 2152 1635 2258 1671; x_wconf 78' lang='lat' dir='ltr'>Capillos</span> <span class='ocrx_word' id='word_1_872' title='bbox 2270 1633 2427 1668; x_wconf 66' lang='lat' dir='ltr'>distinguere.</span> 
     </span>
     <span class='ocr_line' id='line_1_42' title="bbox 289 1668 2417 1711; baseline -0.005 -6"><span class='ocrx_word' id='word_1_873' title='bbox 289 1679 349 1706; x_wconf 79' lang='lat' dir='ltr'>Pan.</span> <span class='ocrx_word' id='word_1_874' title='bbox 367 1685 412 1711; x_wconf 87' lang='lat'>49,</span> <span class='ocrx_word' id='word_1_875' title='bbox 425 1678 441 1702; x_wconf 87' lang='lat'><strong>6</strong></span> <span class='ocrx_word' id='word_1_876' title='bbox 461 1674 591 1701; x_wconf 86' lang='lat' dir='ltr'>Distentus</span> <span class='ocrx_word' id='word_1_877' title='bbox 603 1673 718 1700; x_wconf 86' lang='lat' dir='ltr'>solitaria</span> <span class='ocrx_word' id='word_1_878' title='bbox 731 1681 819 1699; x_wconf 86' lang='lat' dir='ltr'>coena.</span> <span class='ocrx_word' id='word_1_879' title='bbox 892 1672 1022 1706; x_wconf 59' lang='lat' dir='ltr'>Quinctil.</span> <span class='ocrx_word' id='word_1_880' title='bbox 1037 1681 1059 1705; x_wconf 81' lang='lat'>2,</span> <span class='ocrx_word' id='word_1_881' title='bbox 1072 1681 1099 1699; x_wconf 89' lang='lat'>10</span> <span class='ocrx_word' id='word_1_882' title='bbox 1118 1674 1228 1707; x_wconf 86' lang='lat' dir='ltr'>Impleat</span> <span class='ocrx_word' id='word_1_883' title='bbox 1242 1674 1266 1699; x_wconf 88' lang='lat' dir='ltr'>se</span> <span class='ocrx_word' id='word_1_884' title='bbox 1278 1673 1321 1699; x_wconf 83' lang='lat' dir='ltr'>de·</span> <span class='ocrx_word' id='word_1_885' title='bbox 1380 1682 1426 1700; x_wconf 83' lang='lat' dir='ltr'>acu</span> <span class='ocrx_word' id='word_1_886' title='bbox 1446 1671 1538 1699; x_wconf 85' lang='lat' dir='ltr'>Claud.</span> <span class='ocrx_word' id='word_1_887' title='bbox 1555 1672 1583 1698; x_wconf 91' lang='lat' dir='ltr'>in</span> <span class='ocrx_word' id='word_1_888' title='bbox 1603 1672 1686 1706; x_wconf 90' lang='lat' dir='ltr'>Nupt.</span> <span class='ocrx_word' id='word_1_889' title='bbox 1704 1673 1777 1699; x_wconf 84' lang='lat' dir='ltr'>Hon.</span> <span class='ocrx_word' id='word_1_890' title='bbox 1798 1676 1854 1704; x_wconf 81' lang='lat'>284.</span> <span class='ocrx_word' id='word_1_891' title='bbox 1942 1672 2036 1699; x_wconf 89' lang='lat' dir='ltr'>Ciuem</span> <span class='ocrx_word' id='word_1_892' title='bbox 2056 1672 2088 1698; x_wconf 89' lang='lat' dir='ltr'>ab</span> <span class='ocrx_word' id='word_1_893' title='bbox 2103 1671 2175 1698; x_wconf 83' lang='lat' dir='ltr'>hoste</span> <span class='ocrx_word' id='word_1_894' title='bbox 2187 1670 2276 1698; x_wconf 87' lang='lat' dir='ltr'>animo</span> <span class='ocrx_word' id='word_1_895' title='bbox 2289 1668 2417 1702; x_wconf 62' lang='lat' dir='ltr'>factisque</span> 
     </span>
     <span class='ocr_line' id='line_1_43' title="bbox 288 1702 2420 1744; baseline -0.004 -6"><span class='ocrx_word' id='word_1_896' title='bbox 288 1713 414 1740; x_wconf 78' lang='lat' dir='ltr'>clamator</span> <span class='ocrx_word' id='word_1_897' title='bbox 429 1709 585 1744; x_wconf 86' lang='lat' dir='ltr'>aliquando,</span> <span class='ocrx_word' id='word_1_898' title='bbox 604 1709 666 1735; x_wconf 91' lang='lat' dir='ltr'>dum</span> <span class='ocrx_word' id='word_1_899' title='bbox 685 1708 762 1740; x_wconf 85' lang='lat' dir='ltr'>sciat,</span> <span class='ocrx_word' id='word_1_900' title='bbox 780 1713 809 1734; x_wconf 88' lang='lat' dir='ltr'>vt</span> <span class='ocrx_word' id='word_1_901' title='bbox 821 1707 1001 1742; x_wconf 81' lang='lat' dir='ltr'>quadrupedes</span> <span class='ocrx_word' id='word_1_902' title='bbox 1023 1717 1106 1743; x_wconf 88' lang='lat' dir='ltr'>quum</span> <span class='ocrx_word' id='word_1_903' title='bbox 1124 1709 1206 1734; x_wconf 87' lang='lat' dir='ltr'>viridi</span> <span class='ocrx_word' id='word_1_904' title='bbox 1220 1708 1321 1735; x_wconf 89' lang='lat' dir='ltr'>Pabulo</span> <span class='ocrx_word' id='word_1_905' title='bbox 1382 1708 1438 1734; x_wconf 89' lang='lat' dir='ltr'>Cic.</span> <span class='ocrx_word' id='word_1_906' title='bbox 1453 1707 1542 1733; x_wconf 82' lang='lat' dir='ltr'>Parad.</span> <span class='ocrx_word' id='word_1_907' title='bbox 1557 1717 1584 1739; x_wconf 86' lang='lat'>4.</span> <span class='ocrx_word' id='word_1_908' title='bbox 1657 1708 1747 1734; x_wconf 88' lang='lat' dir='ltr'>Coena</span> <span class='ocrx_word' id='word_1_909' title='bbox 1765 1706 1899 1733; x_wconf 90' lang='lat' dir='ltr'>comoedis</span> <span class='ocrx_word' id='word_1_910' title='bbox 1919 1707 2091 1742; x_wconf 80' lang='lat' dir='ltr'>distinguitur</span> <span class='ocrx_word' id='word_1_911' title='bbox 2118 1707 2184 1733; x_wconf 88' lang='lat' dir='ltr'>Plin.</span> <span class='ocrx_word' id='word_1_912' title='bbox 2198 1715 2221 1739; x_wconf 87' lang='grc'>3,</span> <span class='ocrx_word' id='word_1_913' title='bbox 2237 1714 2256 1737; x_wconf 87' lang='grc'>1,</span> <span class='ocrx_word' id='word_1_914' title='bbox 2268 1714 2293 1738; x_wconf 91' lang='lat'>9.</span> <span class='ocrx_word' id='word_1_915' title='bbox 2362 1702 2420 1730; x_wconf 73' lang='lat' dir='ltr'>Fal-</span> 
     </span>
    </p>
   </div>
   <div class='ocr_carea' id='block_1_9' title="bbox 287 1739 2462 1984">
    <p class='ocr_par' dir='ltr' id='par_1_19' title="bbox 287 1739 2462 1886">
     <span class='ocr_line' id='line_1_44' title="bbox 288 1739 2422 1779; baseline -0.005 -6"><span class='ocrx_word' id='word_1_916' title='bbox 288 1748 413 1774; x_wconf 86' lang='lat' dir='ltr'>distentac</span> <span class='ocrx_word' id='word_1_917' title='bbox 426 1747 498 1775; x_wconf 91' lang='lat' dir='ltr'>sunt,</span> <span class='ocrx_word' id='word_1_918' title='bbox 517 1743 647 1779; x_wconf 84' lang='lat' dir='ltr'>sanguinis</span> <span class='ocrx_word' id='word_1_919' title='bbox 665 1743 828 1770; x_wconf 56' lang='lat' dir='ltr'>detractione</span> <span class='ocrx_word' id='word_1_920' title='bbox 848 1749 980 1769; x_wconf 87' lang='lat' dir='ltr'>curantur.</span> <span class='ocrx_word' id='word_1_921' title='bbox 1051 1744 1175 1777; x_wconf 82' lang='lat' dir='ltr'>Capellae</span> <span class='ocrx_word' id='word_1_922' title='bbox 1197 1742 1321 1769; x_wconf 86' lang='lat' dir='ltr'>distentae</span> <span class='ocrx_word' id='word_1_923' title='bbox 1383 1743 1439 1768; x_wconf 90' lang='lat' dir='ltr'>sum</span> <span class='ocrx_word' id='word_1_924' title='bbox 1452 1741 1613 1775; x_wconf 86' lang='lat' dir='ltr'>distinguere</span> <span class='ocrx_word' id='word_1_925' title='bbox 1624 1751 1690 1769; x_wconf 85' lang='lat' dir='ltr'>vero</span> <span class='ocrx_word' id='word_1_926' title='bbox 1721 1744 1789 1769; x_wconf 86' lang='lat' dir='ltr'>Hor.</span> <span class='ocrx_word' id='word_1_927' title='bbox 1802 1742 1880 1776; x_wconf 81' lang='lat' dir='ltr'>Epist.</span> <span class='ocrx_word' id='word_1_928' title='bbox 1895 1751 1916 1775; x_wconf 89' lang='lat'>1,</span> <span class='ocrx_word' id='word_1_929' title='bbox 1933 1752 1970 1774; x_wconf 83' lang='lat'>10,</span> <span class='ocrx_word' id='word_1_930' title='bbox 1983 1751 2027 1776; x_wconf 84' lang='lat'>29.</span> <span class='ocrx_word' id='word_1_931' title='bbox 2098 1741 2245 1768; x_wconf 77' lang='lat' dir='ltr'>Historiam</span> <span class='ocrx_word' id='word_1_932' title='bbox 2263 1739 2422 1774; x_wconf 79' lang='lat' dir='ltr'>distinguere</span> 
     </span>
     <span class='ocr_line' id='line_1_45' title="bbox 287 1774 2423 1814; baseline -0.004 -6"><span class='ocrx_word' id='word_1_933' title='bbox 287 1782 354 1809; x_wconf 68' lang='lat' dir='ltr'>laete</span> <span class='ocrx_word' id='word_1_934' title='bbox 386 1780 460 1814; x_wconf 88' lang='lat' dir='ltr'>Virg.</span> <span class='ocrx_word' id='word_1_935' title='bbox 475 1780 526 1805; x_wconf 86' lang='lat' dir='ltr'>Ecl.</span> <span class='ocrx_word' id='word_1_936' title='bbox 547 1787 573 1813; x_wconf 84' lang='lat'>7,</span> <span class='ocrx_word' id='word_1_937' title='bbox 591 1788 612 1811; x_wconf 89' lang='grc'>3.</span> <span class='ocrx_word' id='word_1_938' title='bbox 683 1777 795 1805; x_wconf 85' lang='lat' dir='ltr'>Pecudes</span> <span class='ocrx_word' id='word_1_939' title='bbox 807 1777 930 1804; x_wconf 83' lang='lat' dir='ltr'>distentae</span> <span class='ocrx_word' id='word_1_940' title='bbox 960 1779 1056 1804; x_wconf 88' lang='lat' dir='ltr'>Lucan.</span> <span class='ocrx_word' id='word_1_941' title='bbox 1075 1786 1103 1810; x_wconf 90' lang='lat'>4,</span> <span class='ocrx_word' id='word_1_942' title='bbox 1121 1787 1175 1813; x_wconf 82' lang='lat'>314.</span> <span class='ocrx_word' id='word_1_943' title='bbox 1247 1777 1322 1804; x_wconf 87' lang='lat' dir='ltr'>Vber</span> <span class='ocrx_word' id='word_1_944' title='bbox 1382 1776 1510 1803; x_wconf 86' lang='lat' dir='ltr'>varietate</span> <span class='ocrx_word' id='word_1_945' title='bbox 1522 1776 1643 1801; x_wconf 87' lang='lat' dir='ltr'>locorum</span> <span class='ocrx_word' id='word_1_946' title='bbox 1664 1777 1720 1803; x_wconf 88' lang='lat' dir='ltr'>Cic.</span> <span class='ocrx_word' id='word_1_947' title='bbox 1733 1777 1765 1802; x_wconf 83' lang='lat' dir='ltr'>de</span> <span class='ocrx_word' id='word_1_948' title='bbox 1779 1778 1853 1803; x_wconf 87' lang='lat' dir='ltr'>Orat.</span> <span class='ocrx_word' id='word_1_949' title='bbox 1866 1785 1891 1806; x_wconf 87' lang='lat'>2,</span> <span class='ocrx_word' id='word_1_950' title='bbox 1904 1785 1947 1810; x_wconf 78' lang='lat'>54.</span> <span class='ocrx_word' id='word_1_951' title='bbox 2008 1777 2082 1803; x_wconf 84' lang='lat' dir='ltr'>Idem</span> <span class='ocrx_word' id='word_1_952' title='bbox 2095 1785 2145 1810; x_wconf 87' lang='lat' dir='ltr'>pro</span> <span class='ocrx_word' id='word_1_953' title='bbox 2157 1777 2262 1802; x_wconf 86' lang='lat' dir='ltr'>Caecin.</span> <span class='ocrx_word' id='word_1_954' title='bbox 2275 1781 2304 1808; x_wconf 82' lang='lat'>58</span> <span class='ocrx_word' id='word_1_955' title='bbox 2323 1776 2358 1800; x_wconf 90' lang='lat' dir='ltr'>Vt</span> <span class='ocrx_word' id='word_1_956' title='bbox 2371 1774 2423 1799; x_wconf 83' lang='lat' dir='ltr'>ser—</span> 
     </span>
     <span class='ocr_line' id='line_1_46' title="bbox 287 1808 2423 1853; baseline -0.004 -10"><span class='ocrx_word' id='word_1_957' title='bbox 287 1816 440 1853; x_wconf 80' lang='lat' dir='ltr'>distentum¹</span> <span class='ocrx_word' id='word_1_958' title='bbox 458 1814 537 1839; x_wconf 89' lang='lat' dir='ltr'>Ouid.</span> <span class='ocrx_word' id='word_1_959' title='bbox 552 1815 616 1839; x_wconf 88' lang='lat' dir='ltr'>Met.</span> <span class='ocrx_word' id='word_1_960' title='bbox 632 1822 665 1845; x_wconf 83' lang='lat'>13,</span> <span class='ocrx_word' id='word_1_961' title='bbox 677 1815 735 1844; x_wconf 72' lang='lat'>826.</span> <span class='ocrx_word' id='word_1_962' title='bbox 803 1813 892 1840; x_wconf 87' lang='lat' dir='ltr'>Vbera</span> <span class='ocrx_word' id='word_1_963' title='bbox 916 1814 1019 1840; x_wconf 85' lang='lat' dir='ltr'>Lucret.</span> <span class='ocrx_word' id='word_1_964' title='bbox 1034 1822 1054 1845; x_wconf 91' lang='lat'>1,</span> <span class='ocrx_word' id='word_1_965' title='bbox 1066 1820 1122 1845; x_wconf 79' lang='lat'>259.</span> <span class='ocrx_word' id='word_1_966' title='bbox 1157 1813 1225 1839; x_wconf 87' lang='lat' dir='ltr'>Hor.</span> <span class='ocrx_word' id='word_1_967' title='bbox 1239 1812 1321 1849; x_wconf 84' lang='lat' dir='ltr'>Epod.</span> <span class='ocrx_word' id='word_1_968' title='bbox 1334 1819 1368 1846; x_wconf 78' lang='lat'>45</span> <span class='ocrx_word' id='word_1_969' title='bbox 1381 1820 1429 1838; x_wconf 69' lang='lat' dir='ltr'>vos</span> <span class='ocrx_word' id='word_1_970' title='bbox 1455 1820 1509 1837; x_wconf 90' lang='lat' dir='ltr'>non</span> <span class='ocrx_word' id='word_1_971' title='bbox 1531 1819 1643 1837; x_wconf 88' lang='lat' dir='ltr'>numero</span> <span class='ocrx_word' id='word_1_972' title='bbox 1666 1811 1842 1845; x_wconf 84' lang='lat' dir='ltr'>distinguant,</span> <span class='ocrx_word' id='word_1_973' title='bbox 1871 1811 1915 1837; x_wconf 86' lang='lat' dir='ltr'>sed</span> <span class='ocrx_word' id='word_1_974' title='bbox 1938 1811 2068 1845; x_wconf 83' lang='lat' dir='ltr'>appellent</span> <span class='ocrx_word' id='word_1_975' title='bbox 2088 1819 2142 1836; x_wconf 89' lang='lat' dir='ltr'>vno</span> <span class='ocrx_word' id='word_1_976' title='bbox 2163 1811 2282 1836; x_wconf 86' lang='lat' dir='ltr'>familiae</span> <span class='ocrx_word' id='word_1_977' title='bbox 2302 1808 2423 1838; x_wconf 73' lang='lat' dir='ltr'>nomine.</span> 
     </span>
     <span class='ocr_line' id='line_1_47' title="bbox 287 1842 2462 1886; baseline -0.004 -9"><span class='ocrx_word' id='word_1_978' title='bbox 287 1860 314 1886; x_wconf 77' lang='lat'>2,</span> <span class='ocrx_word' id='word_1_979' title='bbox 327 1853 373 1884; x_wconf 72' lang='lat'>46.</span> <span class='ocrx_word' id='word_1_980' title='bbox 406 1849 481 1881; x_wconf 81' lang='lat' dir='ltr'>Virg.</span> <span class='ocrx_word' id='word_1_981' title='bbox 496 1847 548 1873; x_wconf 86' lang='lat' dir='ltr'>Ecl.</span> <span class='ocrx_word' id='word_1_982' title='bbox 559 1856 587 1879; x_wconf 87' lang='lat'>4,</span> <span class='ocrx_word' id='word_1_983' title='bbox 599 1855 651 1885; x_wconf 61' lang='lat' dir='ltr'>iu.⁸</span> <span class='ocrx_word' id='word_1_984' title='bbox 678 1881 683 1886; x_wconf 46' lang='grc'>.</span> <span class='ocrx_word' id='word_1_985' title='bbox 705 1847 778 1873; x_wconf 84' lang='lat' dir='ltr'>Vber</span> <span class='ocrx_word' id='word_1_986' title='bbox 789 1848 926 1875; x_wconf 83' lang='lat' dir='ltr'>distentius</span> <span class='ocrx_word' id='word_1_987' title='bbox 952 1849 1019 1875; x_wconf 84' lang='lat' dir='ltr'>Hor.</span> <span class='ocrx_word' id='word_1_988' title='bbox 1032 1848 1115 1874; x_wconf 89' lang='lat' dir='ltr'>Serm.</span> <span class='ocrx_word' id='word_1_989' title='bbox 1128 1856 1149 1880; x_wconf 88' lang='lat'>1,</span> <span class='ocrx_word' id='word_1_990' title='bbox 1165 1857 1185 1881; x_wconf 92' lang='lat'>1,</span> <span class='ocrx_word' id='word_1_991' title='bbox 1200 1856 1251 1875; x_wconf 87' lang='lat'>110.</span> <span class='ocrx_word' id='word_1_992' title='bbox 1381 1846 1539 1874; x_wconf 77' lang='lat' dir='ltr'>Orationem</span> <span class='ocrx_word' id='word_1_993' title='bbox 1558 1845 1717 1880; x_wconf 85' lang='lat' dir='ltr'>distinguere</span> <span class='ocrx_word' id='word_1_994' title='bbox 1732 1852 1758 1872; x_wconf 93' lang='lat' dir='ltr'>et</span> <span class='ocrx_word' id='word_1_995' title='bbox 1770 1846 1901 1872; x_wconf 87' lang='lat' dir='ltr'>illustrare</span> <span class='ocrx_word' id='word_1_996' title='bbox 1931 1847 1971 1873; x_wconf 86' lang='lat' dir='ltr'>Id.</span> <span class='ocrx_word' id='word_1_997' title='bbox 1984 1846 2017 1871; x_wconf 84' lang='lat' dir='ltr'>de</span> <span class='ocrx_word' id='word_1_998' title='bbox 2031 1847 2134 1872; x_wconf 89' lang='lat' dir='ltr'>Inuent.</span> <span class='ocrx_word' id='word_1_999' title='bbox 2153 1853 2170 1871; x_wconf 79' lang='lat'>2</span> <span class='ocrx_word' id='word_1_1000' title='bbox 2183 1853 2205 1871; x_wconf 86' lang='lat' dir='ltr'>c.</span> <span class='ocrx_word' id='word_1_1001' title='bbox 2221 1852 2255 1877; x_wconf 83' lang='grc'>15.</span> <span class='ocrx_word' id='word_1_1002' title='bbox 2326 1842 2423 1870; x_wconf 76' lang='lat' dir='ltr'>Pocula</span> <span class='ocrx_word' id='word_1_1003' title='bbox 2460 1848 2462 1855; x_wconf 93' lang='grc'><em>·</em></span> 
     </span>
    </p>

    <p class='ocr_par' dir='ltr' id='par_1_20' title="bbox 324 1879 2426 1915">
     <span class='ocr_line' id='line_1_48' title="bbox 324 1879 2426 1915; baseline -0.005 -4"><span class='ocrx_word' id='word_1_1004' title='bbox 324 1892 342 1912; x_wconf 84' lang='lat' dir='ltr'>D</span> <span class='ocrx_word' id='word_1_1005' title='bbox 351 1893 361 1912; x_wconf 93' lang='lat'>1</span> <span class='ocrx_word' id='word_1_1006' title='bbox 370 1891 382 1911; x_wconf 88' lang='lat' dir='ltr'>s</span> <span class='ocrx_word' id='word_1_1007' title='bbox 394 1890 415 1910; x_wconf 87' lang='lat' dir='ltr'>T</span> <span class='ocrx_word' id='word_1_1008' title='bbox 425 1890 441 1910; x_wconf 82' lang='lat' dir='ltr'>E</span> <span class='ocrx_word' id='word_1_1009' title='bbox 450 1890 471 1909; x_wconf 88' lang='lat' dir='ltr'>N</span> <span class='ocrx_word' id='word_1_1010' title='bbox 481 1889 503 1910; x_wconf 91' lang='lat' dir='ltr'>T</span> <span class='ocrx_word' id='word_1_1011' title='bbox 511 1889 531 1909; x_wconf 88' lang='lat' dir='ltr'>V</span> <span class='ocrx_word' id='word_1_1012' title='bbox 541 1889 553 1908; x_wconf 92' lang='lat' dir='ltr'>s</span> <span class='ocrx_word' id='word_1_1013' title='bbox 561 1901 570 1914; x_wconf 91' lang='lat'>,</span> <span class='ocrx_word' id='word_1_1014' title='bbox 589 1890 604 1906; x_wconf 86' lang='lat' dir='ltr'>a</span> <span class='ocrx_word' id='word_1_1015' title='bbox 617 1880 768 1912; x_wconf 76' lang='lat' dir='ltr'>Distmeor,</span> <span class='ocrx_word' id='word_1_1016' title='bbox 792 1883 845 1907; x_wconf 77' lang='lat' dir='ltr'>vid.</span> <span class='ocrx_word' id='word_1_1017' title='bbox 876 1889 895 1908; x_wconf 90' lang='lat' dir='ltr'><strong>D</strong></span> <span class='ocrx_word' id='word_1_1018' title='bbox 906 1890 917 1908; x_wconf 88' lang='lat'>1</span> <span class='ocrx_word' id='word_1_1019' title='bbox 926 1891 939 1909; x_wconf 85' lang='lat' dir='ltr'>s</span> <span class='ocrx_word' id='word_1_1020' title='bbox 948 1890 970 1909; x_wconf 89' lang='lat' dir='ltr'>T</span> <span class='ocrx_word' id='word_1_1021' title='bbox 979 1891 988 1909; x_wconf 88' lang='lat'>1</span> <span class='ocrx_word' id='word_1_1022' title='bbox 997 1891 1018 1910; x_wconf 95' lang='lat' dir='ltr'>N</span> <span class='ocrx_word' id='word_1_1023' title='bbox 1026 1890 1043 1910; x_wconf 77' lang='lat' dir='ltr'>E</span> <span class='ocrx_word' id='word_1_1024' title='bbox 1052 1890 1081 1909; x_wconf 91' lang='lat' dir='ltr'>o.</span> <span class='ocrx_word' id='word_1_1025' title='bbox 1382 1882 1544 1915; x_wconf 84' lang='lat' dir='ltr'>distinguere</span> <span class='ocrx_word' id='word_1_1026' title='bbox 1558 1881 1679 1914; x_wconf 85' lang='lat' dir='ltr'>gemmis.</span> <span class='ocrx_word' id='word_1_1027' title='bbox 1714 1881 1770 1907; x_wconf 87' lang='lat' dir='ltr'>Cic.</span> <span class='ocrx_word' id='word_1_1028' title='bbox 1780 1882 1856 1907; x_wconf 91' lang='lat' dir='ltr'>Verr.</span> <span class='ocrx_word' id='word_1_1029' title='bbox 1870 1890 1899 1913; x_wconf 86' lang='lat'>4,</span> <span class='ocrx_word' id='word_1_1030' title='bbox 1907 1884 1939 1907; x_wconf 84' lang='lat'>62</span> <span class='ocrx_word' id='word_1_1031' title='bbox 1946 1890 1967 1911; x_wconf 84' lang='grc' dir='ltr'><strong>ς.</strong></span> <span class='ocrx_word' id='word_1_1032' title='bbox 1975 1888 2006 1915; x_wconf 82' lang='lat'>27</span> <span class='ocrx_word' id='word_1_1033' title='bbox 2025 1880 2139 1914; x_wconf 79' lang='lat' dir='ltr'>Exponit</span> <span class='ocrx_word' id='word_1_1034' title='bbox 2152 1880 2206 1906; x_wconf 88' lang='lat' dir='ltr'>suas</span> <span class='ocrx_word' id='word_1_1035' title='bbox 2218 1879 2306 1913; x_wconf 80' lang='lat' dir='ltr'>copias</span> <span class='ocrx_word' id='word_1_1036' title='bbox 2319 1884 2426 1908; x_wconf 82' lang='lat' dir='ltr'>omnes,</span> 
     </span>
    </p>

    <p class='ocr_par' dir='ltr' id='par_1_21' title="bbox 287 1910 2427 1984">
     <span class='ocr_line' id='line_1_49' title="bbox 322 1910 2427 1950; baseline -0.002 -6"><span class='ocrx_word' id='word_1_1037' title='bbox 322 1928 360 1949; x_wconf 84' lang='lat' dir='ltr'>DI</span> <span class='ocrx_word' id='word_1_1038' title='bbox 369 1925 411 1947; x_wconf 77' lang='lat' dir='ltr'>ST</span> <span class='ocrx_word' id='word_1_1039' title='bbox 420 1925 436 1946; x_wconf 74' lang='lat' dir='ltr'>E</span> <span class='ocrx_word' id='word_1_1040' title='bbox 447 1924 467 1944; x_wconf 92' lang='lat' dir='ltr'>N</span> <span class='ocrx_word' id='word_1_1041' title='bbox 478 1924 499 1945; x_wconf 88' lang='lat' dir='ltr'>T</span> <span class='ocrx_word' id='word_1_1042' title='bbox 508 1923 528 1943; x_wconf 91' lang='lat' dir='ltr'>v</span> <span class='ocrx_word' id='word_1_1043' title='bbox 539 1923 566 1947; x_wconf 77' lang='lat' dir='ltr'>s,</span> <span class='ocrx_word' id='word_1_1044' title='bbox 587 1917 625 1942; x_wconf 76' lang='lat' dir='ltr'>sis.</span> <span class='ocrx_word' id='word_1_1045' title='bbox 645 1924 681 1941; x_wconf 89' lang='lat' dir='ltr'>in.</span> <span class='ocrx_word' id='word_1_1046' title='bbox 718 1914 784 1941; x_wconf 79' lang='lat' dir='ltr'>Idem</span> <span class='ocrx_word' id='word_1_1047' title='bbox 798 1915 863 1950; x_wconf 85' lang='lat' dir='ltr'>quod</span> <span class='ocrx_word' id='word_1_1048' title='bbox 875 1915 1005 1949; x_wconf 69' lang='lat' dir='ltr'>Diste’fio·</span> <span class='ocrx_word' id='word_1_1049' title='bbox 1040 1917 1106 1942; x_wconf 90' lang='lat' dir='ltr'>Plin.</span> <span class='ocrx_word' id='word_1_1050' title='bbox 1120 1920 1144 1947; x_wconf 83' lang='lat'>8,</span> <span class='ocrx_word' id='word_1_1051' title='bbox 1158 1921 1187 1947; x_wconf 83' lang='grc'>38</span> <span class='ocrx_word' id='word_1_1052' title='bbox 1206 1917 1266 1943; x_wconf 83' lang='lat' dir='ltr'>Alia</span> <span class='ocrx_word' id='word_1_1053' title='bbox 1282 1917 1321 1942; x_wconf 84' lang='lat' dir='ltr'>so-</span> <span class='ocrx_word' id='word_1_1054' title='bbox 1383 1916 1498 1942; x_wconf 88' lang='lat' dir='ltr'>multum</span> <span class='ocrx_word' id='word_1_1055' title='bbox 1511 1921 1662 1948; x_wconf 82' lang='lat' dir='ltr'>argentum,</span> <span class='ocrx_word' id='word_1_1056' title='bbox 1683 1924 1736 1941; x_wconf 88' lang='lat' dir='ltr'>non</span> <span class='ocrx_word' id='word_1_1057' title='bbox 1753 1924 1834 1949; x_wconf 87' lang='lat' dir='ltr'>pauca</span> <span class='ocrx_word' id='word_1_1058' title='bbox 1848 1916 1927 1942; x_wconf 88' lang='lat' dir='ltr'>etiam</span> <span class='ocrx_word' id='word_1_1059' title='bbox 1942 1915 2035 1949; x_wconf 89' lang='lat' dir='ltr'>pocula</span> <span class='ocrx_word' id='word_1_1060' title='bbox 2049 1924 2081 1941; x_wconf 84' lang='lat' dir='ltr'>ex</span> <span class='ocrx_word' id='word_1_1061' title='bbox 2095 1923 2162 1941; x_wconf 90' lang='lat' dir='ltr'>auro</span> <span class='ocrx_word' id='word_1_1062' title='bbox 2171 1934 2179 1945; x_wconf 95' lang='lat'>,</span> <span class='ocrx_word' id='word_1_1063' title='bbox 2195 1923 2262 1948; x_wconf 84' lang='lat' dir='ltr'>quae</span> <span class='ocrx_word' id='word_1_1064' title='bbox 2275 1917 2305 1939; x_wconf 87' lang='lat' dir='ltr'>vt</span> <span class='ocrx_word' id='word_1_1065' title='bbox 2317 1919 2374 1938; x_wconf 76' lang='lat' dir='ltr'>mos</span> <span class='ocrx_word' id='word_1_1066' title='bbox 2386 1910 2427 1939; x_wconf 68' lang='lat' dir='ltr'>est</span> 
     </span>
     <span class='ocr_line' id='line_1_50' title="bbox 287 1946 2426 1984; baseline -0.005 0"><span class='ocrx_word' id='word_1_1067' title='bbox 287 1956 366 1984; x_wconf 85' lang='lat' dir='ltr'>lertia</span> <span class='ocrx_word' id='word_1_1068' title='bbox 380 1955 408 1981; x_wconf 89' lang='lat' dir='ltr'>in</span> <span class='ocrx_word' id='word_1_1069' title='bbox 420 1958 491 1980; x_wconf 87' lang='lat' dir='ltr'>metu</span> <span class='ocrx_word' id='word_1_1070' title='bbox 503 1951 628 1978; x_wconf 76' lang='lat' dir='ltr'>melibus:</span> <span class='ocrx_word' id='word_1_1071' title='bbox 646 1950 758 1978; x_wconf 85' lang='lat' dir='ltr'>sufflatae</span> <span class='ocrx_word' id='word_1_1072' title='bbox 772 1949 839 1977; x_wconf 84' lang='lat' dir='ltr'>cutis</span> <span class='ocrx_word' id='word_1_1073' title='bbox 851 1948 964 1976; x_wconf 83' lang='lat' dir='ltr'>distentu</span> <span class='ocrx_word' id='word_1_1074' title='bbox 977 1949 1045 1976; x_wconf 65' lang='lat' dir='ltr'>ictus</span> <span class='ocrx_word' id='word_1_1075' title='bbox 1059 1950 1202 1977; x_wconf 84' lang='lat' dir='ltr'>hominum</span> <span class='ocrx_word' id='word_1_1076' title='bbox 1215 1956 1240 1977; x_wconf 88' lang='lat' dir='ltr'>et</span> <span class='ocrx_word' id='word_1_1077' title='bbox 1254 1959 1325 1977; x_wconf 88' lang='lat' dir='ltr'>mor-</span> <span class='ocrx_word' id='word_1_1078' title='bbox 1383 1950 1486 1983; x_wconf 80' lang='lat' dir='ltr'>regius,</span> <span class='ocrx_word' id='word_1_1079' title='bbox 1505 1954 1531 1975; x_wconf 87' lang='lat' dir='ltr'>et</span> <span class='ocrx_word' id='word_1_1080' title='bbox 1544 1949 1659 1975; x_wconf 81' lang='lat' dir='ltr'>maxime</span> <span class='ocrx_word' id='word_1_1081' title='bbox 1672 1951 1700 1975; x_wconf 88' lang='lat' dir='ltr'>in</span> <span class='ocrx_word' id='word_1_1082' title='bbox 1714 1949 1805 1981; x_wconf 87' lang='lat' dir='ltr'>Syria,</span> <span class='ocrx_word' id='word_1_1083' title='bbox 1824 1950 1935 1983; x_wconf 85' lang='lat' dir='ltr'>gemmis</span> <span class='ocrx_word' id='word_1_1084' title='bbox 1950 1956 2023 1976; x_wconf 89' lang='lat' dir='ltr'>erant</span> <span class='ocrx_word' id='word_1_1085' title='bbox 2036 1949 2158 1975; x_wconf 60' lang='lat' dir='ltr'>distincta</span> <span class='ocrx_word' id='word_1_1086' title='bbox 2171 1947 2321 1974; x_wconf 81' lang='lat' dir='ltr'>clarissiinis.</span> <span class='ocrx_word' id='word_1_1087' title='bbox 2357 1946 2426 1974; x_wconf 84' lang='lat' dir='ltr'>Plin.</span> 
     </span>
    </p>
   </div>
   <div class='ocr_carea' id='block_1_10' title="bbox 287 1981 2436 2200">
    <p class='ocr_par' dir='ltr' id='par_1_22' title="bbox 287 1981 2436 2200">
     <span class='ocr_line' id='line_1_51' title="bbox 287 1981 2426 2025; baseline -0.004 -6"><span class='ocrx_word' id='word_1_1088' title='bbox 287 1993 329 2020; x_wconf 73' lang='lat' dir='ltr'>sus</span> <span class='ocrx_word' id='word_1_1089' title='bbox 343 1998 435 2017; x_wconf 84' lang='lat' dir='ltr'>canum</span> <span class='ocrx_word' id='word_1_1090' title='bbox 451 1993 548 2014; x_wconf 88' lang='lat' dir='ltr'>arcent.</span> <span class='ocrx_word' id='word_1_1091' title='bbox 625 2020 630 2025; x_wconf 33' lang='lat'>⁸</span> <span class='ocrx_word' id='word_1_1092' title='bbox 931 2019 936 2025; x_wconf 40' lang='lat'>¹</span> <span class='ocrx_word' id='word_1_1093' title='bbox 1330 1996 1363 2023; x_wconf 83' lang='lat'>50</span> <span class='ocrx_word' id='word_1_1094' title='bbox 1383 1992 1410 2018; x_wconf 90' lang='lat'>7,</span> <span class='ocrx_word' id='word_1_1095' title='bbox 1425 1992 1451 2017; x_wconf 89' lang='lat'>9,</span> <span class='ocrx_word' id='word_1_1096' title='bbox 1464 1992 1481 2017; x_wconf 90' lang='lat'>9</span> <span class='ocrx_word' id='word_1_1097' title='bbox 1512 1985 1626 2011; x_wconf 84' lang='lat' dir='ltr'>Carmen</span> <span class='ocrx_word' id='word_1_1098' title='bbox 1644 1990 1703 2018; x_wconf 86' lang='lat' dir='ltr'>apte</span> <span class='ocrx_word' id='word_1_1099' title='bbox 1717 1991 1825 2018; x_wconf 82' lang='lat' dir='ltr'>quantas</span> <span class='ocrx_word' id='word_1_1100' title='bbox 1843 1983 1909 2009; x_wconf 89' lang='lat' dir='ltr'>libet</span> <span class='ocrx_word' id='word_1_1101' title='bbox 1928 1984 2113 2018; x_wconf 84' lang='lat' dir='ltr'>occupationes</span> <span class='ocrx_word' id='word_1_1102' title='bbox 2125 1984 2261 2018; x_wconf 83' lang='lat' dir='ltr'>Curasque</span> <span class='ocrx_word' id='word_1_1103' title='bbox 2276 1981 2426 2017; x_wconf 82' lang='lat' dir='ltr'>distinguit.</span> 
     </span>
     <span class='ocr_line' id='line_1_52' title="bbox 323 2018 2428 2054; baseline -0.003 -2"><span class='ocrx_word' id='word_1_1104' title='bbox 323 2033 342 2053; x_wconf 84' lang='lat' dir='ltr'>r&gt;</span> <span class='ocrx_word' id='word_1_1105' title='bbox 351 2034 361 2053; x_wconf 94' lang='lat'>1</span> <span class='ocrx_word' id='word_1_1106' title='bbox 370 2032 382 2051; x_wconf 78' lang='lat' dir='ltr'>s</span> <span class='ocrx_word' id='word_1_1107' title='bbox 391 2032 412 2052; x_wconf 88' lang='lat' dir='ltr'>T</span> <span class='ocrx_word' id='word_1_1108' title='bbox 420 2030 436 2051; x_wconf 73' lang='lat' dir='ltr'>r:</span> <span class='ocrx_word' id='word_1_1109' title='bbox 445 2031 466 2050; x_wconf 98' lang='lat' dir='ltr'>N</span> <span class='ocrx_word' id='word_1_1110' title='bbox 478 2030 499 2050; x_wconf 92' lang='lat' dir='ltr'>T</span> <span class='ocrx_word' id='word_1_1111' title='bbox 509 2029 519 2048; x_wconf 89' lang='lat'>1</span> <span class='ocrx_word' id='word_1_1112' title='bbox 531 2028 551 2048; x_wconf 93' lang='lat' dir='ltr'>o</span> <span class='ocrx_word' id='word_1_1113' title='bbox 560 2041 569 2054; x_wconf 88' lang='lat'>,</span> <span class='ocrx_word' id='word_1_1114' title='bbox 586 2022 654 2048; x_wconf 71' lang='lat' dir='ltr'>onis.</span> <span class='ocrx_word' id='word_1_1115' title='bbox 680 2019 701 2046; x_wconf 80' lang='lat' dir='ltr'>f.</span> <span class='ocrx_word' id='word_1_1116' title='bbox 737 2018 804 2046; x_wconf 79' lang='lat' dir='ltr'>Idem</span> <span class='ocrx_word' id='word_1_1117' title='bbox 812 2027 822 2047; x_wconf 84' lang='grc'>,·</span> <span class='ocrx_word' id='word_1_1118' title='bbox 835 2025 880 2050; x_wconf 79' lang='lat' dir='ltr'>vt,</span> <span class='ocrx_word' id='word_1_1119' title='bbox 903 2019 1035 2047; x_wconf 83' lang='lat' dir='ltr'>Distentio</span> <span class='ocrx_word' id='word_1_1120' title='bbox 1051 2028 1197 2048; x_wconf 81' lang='lat' dir='ltr'>neruorum</span> <span class='ocrx_word' id='word_1_1121' title='bbox 1216 2019 1284 2048; x_wconf 78' lang='lat' dir='ltr'>Cels.</span> <span class='ocrx_word' id='word_1_1122' title='bbox 1298 2028 1324 2052; x_wconf 84' lang='lat'>2,</span> <span class='ocrx_word' id='word_1_1123' title='bbox 1382 2020 1438 2046; x_wconf 85' lang='lat' dir='ltr'>Cic.</span> <span class='ocrx_word' id='word_1_1124' title='bbox 1452 2028 1502 2054; x_wconf 88' lang='lat' dir='ltr'>pro</span> <span class='ocrx_word' id='word_1_1125' title='bbox 1509 2019 1628 2046; x_wconf 83' lang='lat' dir='ltr'>Muraen.</span> <span class='ocrx_word' id='word_1_1126' title='bbox 1640 2027 1677 2052; x_wconf 88' lang='lat'>49</span> <span class='ocrx_word' id='word_1_1127' title='bbox 1689 2028 1711 2046; x_wconf 86' lang='lat' dir='ltr'>c.</span> <span class='ocrx_word' id='word_1_1128' title='bbox 1721 2028 1754 2052; x_wconf 88' lang='lat'>24</span> <span class='ocrx_word' id='word_1_1129' title='bbox 1771 2019 1860 2051; x_wconf 80' lang='lat' dir='ltr'>Qam</span> <span class='ocrx_word' id='word_1_1130' title='bbox 1867 2018 1991 2045; x_wconf 85' lang='lat' dir='ltr'>Turbam</span> <span class='ocrx_word' id='word_1_1131' title='bbox 1999 2018 2171 2045; x_wconf 72' lang='lat' dir='ltr'>dissimillimo</span> <span class='ocrx_word' id='word_1_1132' title='bbox 2184 2027 2216 2045; x_wconf 81' lang='lat' dir='ltr'>ex</span> <span class='ocrx_word' id='word_1_1133' title='bbox 2229 2026 2323 2053; x_wconf 85' lang='lat' dir='ltr'>genere</span> <span class='ocrx_word' id='word_1_1134' title='bbox 2335 2018 2428 2045; x_wconf 79' lang='lat' dir='ltr'>distin·</span> 
     </span>
     <span class='ocr_line' id='line_1_53' title="bbox 289 2053 2436 2098; baseline -0.005 -9"><span class='ocrx_word' id='word_1_1135' title='bbox 289 2070 315 2098; x_wconf 86' lang='lat'>7.</span> <span class='ocrx_word' id='word_1_1136' title='bbox 329 2068 352 2088; x_wconf 84' lang='lat' dir='ltr'>et</span> <span class='ocrx_word' id='word_1_1137' title='bbox 364 2068 392 2095; x_wconf 86' lang='lat'>7,</span> <span class='ocrx_word' id='word_1_1138' title='bbox 409 2068 451 2092; x_wconf 86' lang='lat'>29.</span> <span class='ocrx_word' id='word_1_1139' title='bbox 468 2067 490 2090; x_wconf 82' lang='lat'>3,</span> <span class='ocrx_word' id='word_1_1140' title='bbox 501 2066 540 2090; x_wconf 82' lang='lat'>23.</span> <span class='ocrx_word' id='word_1_1141' title='bbox 625 2090 632 2096; x_wconf 33' lang='lat'><em>⁶</em></span> <span class='ocrx_word' id='word_1_1142' title='bbox 1381 2054 1496 2090; x_wconf 80' lang='lat' dir='ltr'>guebant</span> <span class='ocrx_word' id='word_1_1143' title='bbox 1509 2054 1630 2081; x_wconf 80' lang='lat' dir='ltr'>homines</span> <span class='ocrx_word' id='word_1_1144' title='bbox 1642 2054 1749 2089; x_wconf 79' lang='lat' dir='ltr'>percussi</span> <span class='ocrx_word' id='word_1_1145' title='bbox 1762 2054 1860 2080; x_wconf 88' lang='lat' dir='ltr'>Sullam</span> <span class='ocrx_word' id='word_1_1146' title='bbox 1874 2055 2002 2089; x_wconf 81' lang='lat' dir='ltr'>temporis</span> <span class='ocrx_word' id='word_1_1147' title='bbox 2015 2054 2177 2084; x_wconf 85' lang='lat' dir='ltr'>calamitate,</span> <span class='ocrx_word' id='word_1_1148' title='bbox 2200 2057 2219 2080; x_wconf 89' lang='lat' dir='ltr'>i.</span> <span class='ocrx_word' id='word_1_1149' title='bbox 2238 2053 2324 2080; x_wconf 77' lang='lat' dir='ltr'>turbae</span> <span class='ocrx_word' id='word_1_1150' title='bbox 2336 2053 2376 2079; x_wconf 79' lang='lat' dir='ltr'>illi</span> <span class='ocrx_word' id='word_1_1151' title='bbox 2387 2056 2436 2079; x_wconf 48' lang='grc' dir='ltr'>ἡκ</span> 
     </span>
     <span class='ocr_line' id='line_1_54' title="bbox 324 2086 2433 2128; baseline -0.004 -5"><span class='ocrx_word' id='word_1_1152' title='bbox 324 2104 343 2124; x_wconf 85' lang='lat' dir='ltr'><strong>D</strong></span> <span class='ocrx_word' id='word_1_1153' title='bbox 354 2103 362 2122; x_wconf 90' lang='lat'>1</span> <span class='ocrx_word' id='word_1_1154' title='bbox 372 2104 385 2122; x_wconf 86' lang='lat' dir='ltr'>s</span> <span class='ocrx_word' id='word_1_1155' title='bbox 394 2102 414 2122; x_wconf 89' lang='lat' dir='ltr'>T</span> <span class='ocrx_word' id='word_1_1156' title='bbox 424 2102 440 2121; x_wconf 81' lang='grc' dir='ltr'><strong>Ε</strong></span> <span class='ocrx_word' id='word_1_1157' title='bbox 449 2100 471 2120; x_wconf 95' lang='grc' dir='ltr'>Ν</span> <span class='ocrx_word' id='word_1_1158' title='bbox 481 2100 511 2120; x_wconf 85' lang='lat' dir='ltr'>SI</span> <span class='ocrx_word' id='word_1_1159' title='bbox 522 2099 541 2119; x_wconf 92' lang='lat' dir='ltr'>o</span> <span class='ocrx_word' id='word_1_1160' title='bbox 551 2111 558 2123; x_wconf 89' lang='lat'>,</span> <span class='ocrx_word' id='word_1_1161' title='bbox 588 2094 654 2117; x_wconf 70' lang='lat' dir='ltr'>finis.</span> <span class='ocrx_word' id='word_1_1162' title='bbox 684 2089 704 2115; x_wconf 87' lang='lat' dir='ltr'>f.</span> <span class='ocrx_word' id='word_1_1163' title='bbox 742 2086 838 2128; x_wconf 61' lang='lat' dir='ltr'>Jdem,</span> <span class='ocrx_word' id='word_1_1164' title='bbox 864 2086 931 2122; x_wconf 73' lang='lat' dir='ltr'>apud</span> <span class='ocrx_word' id='word_1_1165' title='bbox 956 2089 1094 2123; x_wconf 86' lang='lat' dir='ltr'>Augustin.</span> <span class='ocrx_word' id='word_1_1166' title='bbox 1108 2090 1221 2116; x_wconf 80' lang='lat' dir='ltr'>Confess‘.</span> <span class='ocrx_word' id='word_1_1167' title='bbox 1242 2098 1272 2120; x_wconf 86' lang='lat'>11,</span> <span class='ocrx_word' id='word_1_1168' title='bbox 1292 2097 1322 2120; x_wconf 83' lang='lat'>23</span> <span class='ocrx_word' id='word_1_1169' title='bbox 1381 2092 1496 2116; x_wconf 81' lang='lat' dir='ltr'>termixti</span> <span class='ocrx_word' id='word_1_1170' title='bbox 1515 2096 1595 2116; x_wconf 79' lang='lat' dir='ltr'>erant.</span> <span class='ocrx_word' id='word_1_1171' title='bbox 1666 2090 1740 2117; x_wconf 87' lang='lat' dir='ltr'>Idem</span> <span class='ocrx_word' id='word_1_1172' title='bbox 1751 2090 1781 2115; x_wconf 83' lang='lat' dir='ltr'>in</span> <span class='ocrx_word' id='word_1_1173' title='bbox 1794 2090 1882 2116; x_wconf 87' lang='lat' dir='ltr'>Partit.</span> <span class='ocrx_word' id='word_1_1174' title='bbox 1896 2097 1935 2121; x_wconf 87' lang='lat'>119</span> <span class='ocrx_word' id='word_1_1175' title='bbox 1949 2098 1970 2115; x_wconf 92' lang='lat' dir='ltr'>c.</span> <span class='ocrx_word' id='word_1_1176' title='bbox 1985 2089 2032 2116; x_wconf 86' lang='lat' dir='ltr'>vlt.</span> <span class='ocrx_word' id='word_1_1177' title='bbox 2058 2090 2128 2115; x_wconf 84' lang='lat' dir='ltr'>Vera</span> <span class='ocrx_word' id='word_1_1178' title='bbox 2140 2097 2155 2115; x_wconf 90' lang='lat' dir='ltr'>a</span> <span class='ocrx_word' id='word_1_1179' title='bbox 2168 2088 2251 2120; x_wconf 83' lang='lat' dir='ltr'>falsis,</span> <span class='ocrx_word' id='word_1_1180' title='bbox 2270 2088 2433 2120; x_wconf 58' lang='lat' dir='ltr'>verisimilia</span> 
     </span>
     <span class='ocr_line' id='line_1_55' title="bbox 289 2122 2428 2166; baseline -0.005 -6"><span class='ocrx_word' id='word_1_1181' title='bbox 289 2132 375 2160; x_wconf 89' lang='lat' dir='ltr'>Video</span> <span class='ocrx_word' id='word_1_1182' title='bbox 388 2136 489 2164; x_wconf 84' lang='lat' dir='ltr'>tempus</span> <span class='ocrx_word' id='word_1_1183' title='bbox 507 2125 636 2164; x_wconf 82' lang='lat' dir='ltr'>quandam</span> <span class='ocrx_word' id='word_1_1184' title='bbox 653 2125 701 2166; x_wconf 60' lang='lat' dir='ltr'>csse</span> <span class='ocrx_word' id='word_1_1185' title='bbox 721 2122 919 2154; x_wconf 65' lang='lat' dir='ltr'>distensionem</span> <span class='ocrx_word' id='word_1_1186' title='bbox 943 2131 1003 2159; x_wconf 77' lang='lat' dir='ltr'>quae</span> <span class='ocrx_word' id='word_1_1187' title='bbox 1020 2128 1110 2161; x_wconf 68' lang='lat' dir='ltr'>repetit</span> <span class='ocrx_word' id='word_1_1188' title='bbox 1130 2133 1151 2151; x_wconf 88' lang='lat' dir='ltr'>c.</span> <span class='ocrx_word' id='word_1_1189' title='bbox 1165 2126 1209 2152; x_wconf 80' lang='lat'>26.</span> <span class='ocrx_word' id='word_1_1190' title='bbox 1226 2130 1250 2151; x_wconf 78' lang='lat' dir='ltr'>et</span> <span class='ocrx_word' id='word_1_1191' title='bbox 1261 2124 1321 2152; x_wconf 84' lang='lat' dir='ltr'>ibid.</span> <span class='ocrx_word' id='word_1_1192' title='bbox 1382 2124 1416 2152; x_wconf 83' lang='lat' dir='ltr'>ab</span> <span class='ocrx_word' id='word_1_1193' title='bbox 1430 2124 1632 2152; x_wconf 86' lang='lat' dir='ltr'>incredibilibus</span> <span class='ocrx_word' id='word_1_1194' title='bbox 1644 2124 1791 2152; x_wconf 81' lang='lat' dir='ltr'>diiudicare</span> <span class='ocrx_word' id='word_1_1195' title='bbox 1802 2130 1828 2151; x_wconf 90' lang='lat' dir='ltr'>et</span> <span class='ocrx_word' id='word_1_1196' title='bbox 1840 2124 2010 2158; x_wconf 81' lang='lat' dir='ltr'>distinguere.</span> <span class='ocrx_word' id='word_1_1197' title='bbox 2080 2125 2181 2151; x_wconf 86' lang='lat' dir='ltr'>Vocem</span> <span class='ocrx_word' id='word_1_1198' title='bbox 2199 2124 2362 2158; x_wconf 84' lang='lat' dir='ltr'>distinguere</span> <span class='ocrx_word' id='word_1_1199' title='bbox 2376 2124 2428 2151; x_wconf 81' lang='lat' dir='ltr'>lin-</span> 
     </span>
     <span class='ocr_line' id='line_1_56' title="bbox 290 2157 2429 2200; baseline -0.007 0"><span class='ocrx_word' id='word_1_1200' title='bbox 290 2177 312 2195; x_wconf 74' lang='lat'>0·</span> <span class='ocrx_word' id='word_1_1201' title='bbox 326 2176 356 2200; x_wconf 83' lang='lat'>²9</span> <span class='ocrx_word' id='word_1_1202' title='bbox 375 2167 437 2193; x_wconf 65' lang='lat' dir='ltr'>Ecce</span> <span class='ocrx_word' id='word_1_1203' title='bbox 451 2162 570 2191; x_wconf 59' lang='lat' dir='ltr'>distensio</span> <span class='ocrx_word' id='word_1_1204' title='bbox 584 2161 621 2188; x_wconf 67' lang='lat' dir='ltr'>²st</span> <span class='ocrx_word' id='word_1_1205' title='bbox 633 2167 689 2187; x_wconf 77' lang='lat' dir='ltr'>vna</span> <span class='ocrx_word' id='word_1_1206' title='bbox 699 2167 765 2185; x_wconf 63' lang='lat'><strong>“¹0³-</strong></span> <span class='ocrx_word' id='word_1_1207' title='bbox 1337 2168 1366 2195; x_wconf 81' lang='grc' dir='ltr'>ςς</span> <span class='ocrx_word' id='word_1_1208' title='bbox 1383 2169 1449 2195; x_wconf 82' lang='lat' dir='ltr'>gua,</span> <span class='ocrx_word' id='word_1_1209' title='bbox 1469 2158 1502 2193; x_wconf 85' lang='lat' dir='ltr'>cst</span> <span class='ocrx_word' id='word_1_1210' title='bbox 1518 2161 1614 2195; x_wconf 82' lang='lat' dir='ltr'>Loqui,</span> <span class='ocrx_word' id='word_1_1211' title='bbox 1633 2167 1657 2186; x_wconf 77' lang='lat' dir='ltr'>et</span> <span class='ocrx_word' id='word_1_1212' title='bbox 1670 2161 1837 2187; x_wconf 84' lang='lat' dir='ltr'>Articulatim</span> <span class='ocrx_word' id='word_1_1213' title='bbox 1855 2159 1930 2186; x_wconf 74' lang='lat' dir='ltr'>verba</span> <span class='ocrx_word' id='word_1_1214' title='bbox 1944 2162 2072 2186; x_wconf 76' lang='lat' dir='ltr'>enuntiare</span> <span class='ocrx_word' id='word_1_1215' title='bbox 2088 2159 2134 2187; x_wconf 87' lang='lat' dir='ltr'>Sil.</span> <span class='ocrx_word' id='word_1_1216' title='bbox 2151 2168 2171 2192; x_wconf 82' lang='grc'>1,</span> <span class='ocrx_word' id='word_1_1217' title='bbox 2185 2164 2225 2194; x_wconf 84' lang='lat'>78.</span> <span class='ocrx_word' id='word_1_1218' title='bbox 2274 2157 2346 2186; x_wconf 74' lang='lat' dir='ltr'>Ptin.</span> <span class='ocrx_word' id='word_1_1219' title='bbox 2361 2165 2385 2192; x_wconf 85' lang='lat'>8,</span> <span class='ocrx_word' id='word_1_1220' title='bbox 2399 2163 2429 2192; x_wconf 64' lang='lat' dir='ltr'>¹ss</span> 
     </span>
    </p>
   </div>
   <div class='ocr_carea' id='block_1_11' title="bbox 285 2189 2429 2446">
    <p class='ocr_par' dir='ltr' id='par_1_23' title="bbox 285 2189 2429 2302">
     <span class='ocr_line' id='line_1_57' title="bbox 325 2189 2428 2232; baseline -0.003 -4"><span class='ocrx_word' id='word_1_1221' title='bbox 325 2208 345 2228; x_wconf 83' lang='lat' dir='ltr'>D</span> <span class='ocrx_word' id='word_1_1222' title='bbox 356 2209 365 2227; x_wconf 83' lang='lat'>1</span> <span class='ocrx_word' id='word_1_1223' title='bbox 374 2208 440 2228; x_wconf 83' lang='lat' dir='ltr'>STE</span> <span class='ocrx_word' id='word_1_1224' title='bbox 450 2207 471 2227; x_wconf 89' lang='lat' dir='ltr'>N</span> <span class='ocrx_word' id='word_1_1225' title='bbox 480 2207 501 2226; x_wconf 92' lang='lat' dir='ltr'>T</span> <span class='ocrx_word' id='word_1_1226' title='bbox 511 2206 529 2226; x_wconf 94' lang='lat' dir='ltr'>o</span> <span class='ocrx_word' id='word_1_1227' title='bbox 538 2218 546 2231; x_wconf 92' lang='lat'>,</span> <span class='ocrx_word' id='word_1_1228' title='bbox 578 2201 631 2224; x_wconf 65' lang='lat' dir='ltr'>are.</span> <span class='ocrx_word' id='word_1_1229' title='bbox 668 2196 805 2229; x_wconf 60' lang='lat' dir='ltr'>Frequent-</span> <span class='ocrx_word' id='word_1_1230' title='bbox 841 2189 983 2232; x_wconf 55' lang='grc' dir='ltr'>[διατὶἷνω]</span> <span class='ocrx_word' id='word_1_1231' title='bbox 1018 2195 1094 2228; x_wconf 67' lang='grc' dir='ltr'>νὶΐὲ·</span> <span class='ocrx_word' id='word_1_1232' title='bbox 1116 2194 1167 2221; x_wconf 69' lang='lat' dir='ltr'>Ed·</span> <span class='ocrx_word' id='word_1_1233' title='bbox 1187 2203 1214 2228; x_wconf 71' lang='lat'>92</span> <span class='ocrx_word' id='word_1_1234' title='bbox 1226 2203 1250 2227; x_wconf 79' lang='lat'>31</span> <span class='ocrx_word' id='word_1_1235' title='bbox 1278 2193 1320 2220; x_wconf 91' lang='lat' dir='ltr'>Sic</span> <span class='ocrx_word' id='word_1_1236' title='bbox 1383 2195 1459 2222; x_wconf 84' lang='lat' dir='ltr'>Albis</span> <span class='ocrx_word' id='word_1_1237' title='bbox 1473 2196 1579 2222; x_wconf 85' lang='lat' dir='ltr'>maculis</span> <span class='ocrx_word' id='word_1_1238' title='bbox 1592 2195 1703 2222; x_wconf 83' lang='lat' dir='ltr'>rutilum</span> <span class='ocrx_word' id='word_1_1239' title='bbox 1716 2195 1833 2222; x_wconf 86' lang='lat' dir='ltr'>colorem</span> <span class='ocrx_word' id='word_1_1240' title='bbox 1846 2195 2077 2230; x_wconf 86' lang='lat' dir='ltr'>distinguentibus.</span> <span class='ocrx_word' id='word_1_1241' title='bbox 2133 2194 2232 2222; x_wconf 90' lang='lat' dir='ltr'>Colore</span> <span class='ocrx_word' id='word_1_1242' title='bbox 2244 2195 2321 2222; x_wconf 81' lang='lat' dir='ltr'>vario</span> <span class='ocrx_word' id='word_1_1243' title='bbox 2335 2194 2428 2223; x_wconf 80' lang='lat' dir='ltr'>distin-</span> 
     </span>
     <span class='ocr_line' id='line_1_58' title="bbox 285 2228 2429 2271; baseline -0.002 -9"><span class='ocrx_word' id='word_1_1244' title='bbox 285 2238 371 2270; x_wconf 62' lang='lat' dir='ltr'>sytiso</span> <span class='ocrx_word' id='word_1_1245' title='bbox 386 2236 469 2271; x_wconf 87' lang='lat' dir='ltr'>pastae</span> <span class='ocrx_word' id='word_1_1246' title='bbox 480 2234 617 2261; x_wconf 85' lang='lat' dir='ltr'>distentent</span> <span class='ocrx_word' id='word_1_1247' title='bbox 634 2231 713 2270; x_wconf 79' lang='lat' dir='ltr'>vbera</span> <span class='ocrx_word' id='word_1_1248' title='bbox 726 2237 827 2270; x_wconf 72' lang='lat' dir='ltr'>vaccae.</span> <span class='ocrx_word' id='word_1_1249' title='bbox 898 2228 1026 2255; x_wconf 84' lang='lat' dir='ltr'>Distentet</span> <span class='ocrx_word' id='word_1_1250' title='bbox 1041 2230 1118 2265; x_wconf 73' lang='lat' dir='ltr'>spicis</span> <span class='ocrx_word' id='word_1_1251' title='bbox 1137 2229 1232 2257; x_wconf 82' lang='lat' dir='ltr'>horrea</span> <span class='ocrx_word' id='word_1_1252' title='bbox 1244 2228 1321 2264; x_wconf 76' lang='lat' dir='ltr'>plena</span> <span class='ocrx_word' id='word_1_1253' title='bbox 1382 2239 1463 2266; x_wconf 85' lang='lat' dir='ltr'>gnere</span> <span class='ocrx_word' id='word_1_1254' title='bbox 1479 2230 1581 2265; x_wconf 85' lang='lat' dir='ltr'>aliquid</span> <span class='ocrx_word' id='word_1_1255' title='bbox 1599 2231 1680 2257; x_wconf 88' lang='lat' dir='ltr'>Ouid.</span> <span class='ocrx_word' id='word_1_1256' title='bbox 1697 2231 1729 2257; x_wconf 87' lang='lat' dir='ltr'>de</span> <span class='ocrx_word' id='word_1_1257' title='bbox 1743 2231 1820 2257; x_wconf 83' lang='lat' dir='ltr'>Nuce</span> <span class='ocrx_word' id='word_1_1258' title='bbox 1832 2239 1869 2264; x_wconf 83' lang='lat'>31.</span> <span class='ocrx_word' id='word_1_1259' title='bbox 1940 2231 1996 2258; x_wconf 92' lang='lat' dir='ltr'>Cic.</span> <span class='ocrx_word' id='word_1_1260' title='bbox 2009 2230 2088 2257; x_wconf 92' lang='lat' dir='ltr'>Acad.</span> <span class='ocrx_word' id='word_1_1261' title='bbox 2102 2239 2130 2264; x_wconf 86' lang='lat'>4,</span> <span class='ocrx_word' id='word_1_1262' title='bbox 2146 2239 2173 2263; x_wconf 84' lang='grc'>33</span> <span class='ocrx_word' id='word_1_1263' title='bbox 2192 2231 2264 2264; x_wconf 78' lang='lat' dir='ltr'>Quia</span> <span class='ocrx_word' id='word_1_1264' title='bbox 2276 2230 2350 2258; x_wconf 86' lang='lat' dir='ltr'>nulla</span> <span class='ocrx_word' id='word_1_1265' title='bbox 2362 2237 2429 2260; x_wconf 68' lang='lat' dir='ltr'>nota</span> 
     </span>
     <span class='ocr_line' id='line_1_59' title="bbox 291 2265 2428 2302; baseline -0.003 -2"><span class='ocrx_word' id='word_1_1266' title='bbox 291 2275 369 2300; x_wconf 86' lang='lat' dir='ltr'>Ceres</span> <span class='ocrx_word' id='word_1_1267' title='bbox 389 2270 487 2298; x_wconf 89' lang='lat' dir='ltr'>Tibul.</span> <span class='ocrx_word' id='word_1_1268' title='bbox 501 2279 526 2302; x_wconf 86' lang='lat'>2,</span> <span class='ocrx_word' id='word_1_1269' title='bbox 541 2277 564 2302; x_wconf 80' lang='lat'>5,</span> <span class='ocrx_word' id='word_1_1270' title='bbox 577 2273 618 2300; x_wconf 82' lang='lat'>84·</span> <span class='ocrx_word' id='word_1_1271' title='bbox 637 2268 668 2293; x_wconf 76' lang='lat'>01-</span> <span class='ocrx_word' id='word_1_1272' title='bbox 682 2265 814 2292; x_wconf 69' lang='lat' dir='ltr'>dlsttndss·</span> <span class='ocrx_word' id='word_1_1273' title='bbox 948 2274 956 2283; x_wconf 64' lang='lat'><strong>²</strong></span> <span class='ocrx_word' id='word_1_1274' title='bbox 975 2298 981 2302; x_wconf 44' lang='lat'>¹</span> <span class='ocrx_word' id='word_1_1275' title='bbox 1383 2275 1477 2293; x_wconf 87' lang='lat' dir='ltr'>verum</span> <span class='ocrx_word' id='word_1_1276' title='bbox 1490 2265 1700 2300; x_wconf 79' lang='lat' dir='ltr'>distinguebatur</span> <span class='ocrx_word' id='word_1_1277' title='bbox 1709 2275 1724 2293; x_wconf 90' lang='lat' dir='ltr'>a</span> <span class='ocrx_word' id='word_1_1278' title='bbox 1737 2267 1813 2293; x_wconf 88' lang='lat' dir='ltr'>falso.</span> <span class='ocrx_word' id='word_1_1279' title='bbox 1885 2266 1951 2293; x_wconf 86' lang='lat' dir='ltr'>Plin.</span> <span class='ocrx_word' id='word_1_1280' title='bbox 1965 2271 1988 2299; x_wconf 88' lang='lat'>8,</span> <span class='ocrx_word' id='word_1_1281' title='bbox 2001 2274 2035 2300; x_wconf 77' lang='lat'>54</span> <span class='ocrx_word' id='word_1_1282' title='bbox 2052 2266 2196 2293; x_wconf 83' lang='lat' dir='ltr'>Simiaruni</span> <span class='ocrx_word' id='word_1_1283' title='bbox 2208 2275 2316 2301; x_wconf 86' lang='lat' dir='ltr'>qnoque</span> <span class='ocrx_word' id='word_1_1284' title='bbox 2328 2274 2428 2301; x_wconf 63' lang='lat' dir='ltr'>genera</span> 
     </span>
    </p>

    <p class='ocr_par' dir='ltr' id='par_1_24' title="bbox 288 2298 2429 2376">
     <span class='ocr_line' id='line_1_60' title="bbox 324 2298 2428 2342; baseline -0.002 -8"><span class='ocrx_word' id='word_1_1285' title='bbox 324 2315 361 2335; x_wconf 85' lang='lat' dir='ltr'>DI</span> <span class='ocrx_word' id='word_1_1286' title='bbox 371 2313 497 2334; x_wconf 81' lang='lat' dir='ltr'>STENN</span> <span class='ocrx_word' id='word_1_1287' title='bbox 507 2312 525 2332; x_wconf 90' lang='lat' dir='ltr'>o</span> <span class='ocrx_word' id='word_1_1288' title='bbox 545 2310 593 2339; x_wconf 81' lang='lat' dir='ltr'>pro</span> <span class='ocrx_word' id='word_1_1289' title='bbox 612 2300 736 2342; x_wconf 55' lang='lat' dir='ltr'>dzjievido,</span> <span class='ocrx_word' id='word_1_1290' title='bbox 762 2298 829 2336; x_wconf 75' lang='lat' dir='ltr'>apud</span> <span class='ocrx_word' id='word_1_1291' title='bbox 836 2298 929 2341; x_wconf 70' lang='lat' dir='ltr'>¹l&#39;lifflt·</span> <span class='ocrx_word' id='word_1_1292' title='bbox 942 2298 1003 2325; x_wconf 71' lang='grc' dir='ltr'>ΜΠ·</span> <span class='ocrx_word' id='word_1_1293' title='bbox 1024 2306 1046 2331; x_wconf 77' lang='lat'>5,</span> <span class='ocrx_word' id='word_1_1294' title='bbox 1061 2308 1081 2331; x_wconf 75' lang='lat'>1,</span> <span class='ocrx_word' id='word_1_1295' title='bbox 1096 2307 1127 2333; x_wconf 86' lang='lat'>¹4</span> <span class='ocrx_word' id='word_1_1296' title='bbox 1152 2300 1214 2335; x_wconf 68' lang='lat' dir='ltr'>legit</span> <span class='ocrx_word' id='word_1_1297' title='bbox 1226 2298 1322 2335; x_wconf 67' lang='lat' dir='ltr'>Meurs-</span> <span class='ocrx_word' id='word_1_1298' title='bbox 1382 2301 1499 2329; x_wconf 83' lang='lat' dir='ltr'>hominis</span> <span class='ocrx_word' id='word_1_1299' title='bbox 1519 2301 1616 2337; x_wconf 81' lang='lat' dir='ltr'>figurae</span> <span class='ocrx_word' id='word_1_1300' title='bbox 1634 2302 1771 2336; x_wconf 86' lang='lat' dir='ltr'>proxima,</span> <span class='ocrx_word' id='word_1_1301' title='bbox 1803 2301 1892 2328; x_wconf 86' lang='lat' dir='ltr'>caudis</span> <span class='ocrx_word' id='word_1_1302' title='bbox 1911 2302 1982 2329; x_wconf 89' lang='lat' dir='ltr'>inter</span> <span class='ocrx_word' id='word_1_1303' title='bbox 2000 2302 2025 2328; x_wconf 85' lang='lat' dir='ltr'>se</span> <span class='ocrx_word' id='word_1_1304' title='bbox 2040 2300 2251 2336; x_wconf 60' lang='lat' dir='ltr'>distinguuntur.</span> <span class='ocrx_word' id='word_1_1305' title='bbox 2322 2301 2428 2330; x_wconf 86' lang='lat' dir='ltr'>Cic.·de</span> 
     </span>
     <span class='ocr_line' id='line_1_61' title="bbox 288 2333 2429 2376; baseline -0.002 -7"><span class='ocrx_word' id='word_1_1306' title='bbox 288 2350 320 2371; x_wconf 72' lang='lat' dir='ltr'>vt</span> <span class='ocrx_word' id='word_1_1307' title='bbox 333 2342 421 2369; x_wconf 73' lang='lat' dir='ltr'>ibidem</span> <span class='ocrx_word' id='word_1_1308' title='bbox 433 2341 558 2376; x_wconf 89' lang='lat' dir='ltr'>dispenno</span> <span class='ocrx_word' id='word_1_1309' title='bbox 566 2345 615 2374; x_wconf 77' lang='lat' dir='ltr'>pro</span> <span class='ocrx_word' id='word_1_1310' title='bbox 627 2336 760 2371; x_wconf 71' lang='lat' dir='ltr'>dispendo.</span> <span class='ocrx_word' id='word_1_1311' title='bbox 805 2334 864 2375; x_wconf 59' lang='lat' dir='ltr'>yid.</span> <span class='ocrx_word' id='word_1_1312' title='bbox 881 2333 984 2360; x_wconf 81' lang='lat' dir='ltr'>Taubm.</span> <span class='ocrx_word' id='word_1_1313' title='bbox 994 2335 1031 2374; x_wconf 28' lang='lat' dir='ltr'>‘ad&#39;</span> <span class='ocrx_word' id='word_1_1314' title='bbox 1042 2334 1123 2361; x_wconf 86' lang='lat' dir='ltr'>Plaut.</span> <span class='ocrx_word' id='word_1_1315' title='bbox 1137 2344 1161 2368; x_wconf 85' lang='lat' dir='ltr'>p·</span> <span class='ocrx_word' id='word_1_1316' title='bbox 1177 2339 1233 2367; x_wconf 85' lang='lat'><strong>884·</strong></span> <span class='ocrx_word' id='word_1_1317' title='bbox 1286 2369 1291 2374; x_wconf 36' lang='lat'>⁸</span> <span class='ocrx_word' id='word_1_1318' title='bbox 1339 2337 1375 2363; x_wconf 90' lang='lat'>60</span> <span class='ocrx_word' id='word_1_1319' title='bbox 1383 2338 1457 2364; x_wconf 87' lang='lat' dir='ltr'>Orat.</span> <span class='ocrx_word' id='word_1_1320' title='bbox 1473 2346 1495 2370; x_wconf 88' lang='grc'>3,</span> <span class='ocrx_word' id='word_1_1321' title='bbox 1509 2340 1552 2367; x_wconf 76' lang='lat'>186</span> <span class='ocrx_word' id='word_1_1322' title='bbox 1566 2346 1587 2363; x_wconf 89' lang='lat' dir='ltr'>c.</span> <span class='ocrx_word' id='word_1_1323' title='bbox 1602 2342 1636 2370; x_wconf 83' lang='lat'>48</span> <span class='ocrx_word' id='word_1_1324' title='bbox 1663 2337 1806 2364; x_wconf 65' lang='lat' dir='ltr'>Distinetio</span> <span class='ocrx_word' id='word_1_1325' title='bbox 1818 2343 1844 2364; x_wconf 87' lang='lat' dir='ltr'>et</span> <span class='ocrx_word' id='word_1_1326' title='bbox 1856 2338 2009 2372; x_wconf 86' lang='lat' dir='ltr'>aequalium</span> <span class='ocrx_word' id='word_1_1327' title='bbox 2021 2344 2047 2364; x_wconf 88' lang='lat' dir='ltr'>et</span> <span class='ocrx_word' id='word_1_1328' title='bbox 2062 2338 2137 2372; x_wconf 88' lang='lat' dir='ltr'>saepe</span> <span class='ocrx_word' id='word_1_1329' title='bbox 2148 2337 2288 2364; x_wconf 87' lang='lat' dir='ltr'>variorum</span> <span class='ocrx_word' id='word_1_1330' title='bbox 2300 2337 2429 2364; x_wconf 88' lang='lat' dir='ltr'>interual-</span> 
     </span>
    </p>

    <p class='ocr_par' dir='ltr' id='par_1_25' title="bbox 289 2368 2427 2446">
     <span class='ocr_line' id='line_1_62' title="bbox 324 2368 2427 2410; baseline -0.001 -6"><span class='ocrx_word' id='word_1_1331' title='bbox 324 2384 344 2404; x_wconf 82' lang='lat' dir='ltr'>D</span> <span class='ocrx_word' id='word_1_1332' title='bbox 354 2385 363 2403; x_wconf 96' lang='lat'>1</span> <span class='ocrx_word' id='word_1_1333' title='bbox 377 2384 389 2404; x_wconf 92' lang='lat' dir='ltr'>s</span> <span class='ocrx_word' id='word_1_1334' title='bbox 404 2383 425 2403; x_wconf 89' lang='lat' dir='ltr'>T</span> <span class='ocrx_word' id='word_1_1335' title='bbox 436 2384 452 2404; x_wconf 83' lang='lat' dir='ltr'>E</span> <span class='ocrx_word' id='word_1_1336' title='bbox 461 2384 478 2403; x_wconf 81' lang='lat' dir='ltr'>R</span> <span class='ocrx_word' id='word_1_1337' title='bbox 488 2384 511 2402; x_wconf 85' lang='lat' dir='ltr'>M</span> <span class='ocrx_word' id='word_1_1338' title='bbox 522 2374 534 2401; x_wconf 81' lang='grc' dir='ltr'>1υ</span> <span class='ocrx_word' id='word_1_1339' title='bbox 544 2382 564 2401; x_wconf 86' lang='lat' dir='ltr'>N</span> <span class='ocrx_word' id='word_1_1340' title='bbox 574 2381 609 2406; x_wconf 89' lang='grc' dir='ltr'>ο,</span> <span class='ocrx_word' id='word_1_1341' title='bbox 629 2377 682 2399; x_wconf 73' lang='lat' dir='ltr'>are.</span> <span class='ocrx_word' id='word_1_1342' title='bbox 723 2368 827 2406; x_wconf 64' lang='grc' dir='ltr'>[ὃισρῖςω</span> <span class='ocrx_word' id='word_1_1343' title='bbox 845 2369 923 2410; x_wconf 66' lang='lat' dir='ltr'>Gloss-</span> <span class='ocrx_word' id='word_1_1344' title='bbox 937 2369 1053 2409; x_wconf 71' lang='lat' dir='ltr'>Cyrllll]</span> <span class='ocrx_word' id='word_1_1345' title='bbox 1094 2369 1220 2396; x_wconf 76' lang='lat' dir='ltr'>Diuidere.</span> <span class='ocrx_word' id='word_1_1346' title='bbox 1255 2369 1321 2409; x_wconf 76' lang='lat' dir='ltr'>Phn-</span> <span class='ocrx_word' id='word_1_1347' title='bbox 1382 2372 1472 2398; x_wconf 89' lang='lat' dir='ltr'>lorum</span> <span class='ocrx_word' id='word_1_1348' title='bbox 1491 2372 1615 2406; x_wconf 79' lang='lat' dir='ltr'>percnssio</span> <span class='ocrx_word' id='word_1_1349' title='bbox 1624 2392 1633 2405; x_wconf 87' lang='lat'>‚</span> <span class='ocrx_word' id='word_1_1350' title='bbox 1652 2382 1792 2399; x_wconf 82' lang='lat' dir='ltr'>numerum</span> <span class='ocrx_word' id='word_1_1351' title='bbox 1807 2372 1927 2399; x_wconf 84' lang='lat' dir='ltr'>conficit:</span> <span class='ocrx_word' id='word_1_1352' title='bbox 1947 2382 2027 2408; x_wconf 85' lang='lat' dir='ltr'>quem</span> <span class='ocrx_word' id='word_1_1353' title='bbox 2040 2373 2069 2401; x_wconf 89' lang='lat' dir='ltr'>in</span> <span class='ocrx_word' id='word_1_1354' title='bbox 2082 2372 2234 2402; x_wconf 81' lang='lat' dir='ltr'>cadentibus</span> <span class='ocrx_word' id='word_1_1355' title='bbox 2247 2373 2338 2410; x_wconf 80' lang='lat' dir='ltr'>guttis,</span> <span class='ocrx_word' id='word_1_1356' title='bbox 2352 2372 2427 2409; x_wconf 75' lang='lat' dir='ltr'>quod</span> 
     </span>
     <span class='ocr_line' id='line_1_63' title="bbox 289 2404 2425 2446; baseline -0.003 -5"><span class='ocrx_word' id='word_1_1357' title='bbox 289 2422 325 2446; x_wconf 77' lang='lat'>12,</span> <span class='ocrx_word' id='word_1_1358' title='bbox 346 2421 373 2440; x_wconf 87' lang='lat'>21</span> <span class='ocrx_word' id='word_1_1359' title='bbox 407 2411 504 2439; x_wconf 83' lang='lat' dir='ltr'>Arabia</span> <span class='ocrx_word' id='word_1_1360' title='bbox 519 2410 640 2437; x_wconf 88' lang='lat' dir='ltr'>Iudaeam</span> <span class='ocrx_word' id='word_1_1361' title='bbox 661 2407 694 2434; x_wconf 88' lang='lat' dir='ltr'>ab</span> <span class='ocrx_word' id='word_1_1362' title='bbox 713 2408 832 2441; x_wconf 81' lang='lat' dir='ltr'>Aegypto</span> <span class='ocrx_word' id='word_1_1363' title='bbox 848 2404 1020 2431; x_wconf 84' lang='lat' dir='ltr'>disterminat.</span> <span class='ocrx_word' id='word_1_1364' title='bbox 1090 2404 1162 2431; x_wconf 87' lang='lat' dir='ltr'>Idem</span> <span class='ocrx_word' id='word_1_1365' title='bbox 1177 2413 1206 2437; x_wconf 89' lang='lat'>4,</span> <span class='ocrx_word' id='word_1_1366' title='bbox 1221 2412 1254 2429; x_wconf 84' lang='lat'>20</span> <span class='ocrx_word' id='word_1_1367' title='bbox 1274 2404 1321 2430; x_wconf 88' lang='lat' dir='ltr'>Di·</span> <span class='ocrx_word' id='word_1_1368' title='bbox 1381 2407 1529 2435; x_wconf 77' lang='lat' dir='ltr'>interuallis</span> <span class='ocrx_word' id='word_1_1369' title='bbox 1543 2407 1748 2442; x_wconf 86' lang='lat' dir='ltr'>distinguuntur,</span> <span class='ocrx_word' id='word_1_1370' title='bbox 1767 2414 1861 2436; x_wconf 89' lang='lat' dir='ltr'>notare</span> <span class='ocrx_word' id='word_1_1371' title='bbox 1874 2409 2014 2443; x_wconf 76' lang='lat' dir='ltr'>possumus.</span> <span class='ocrx_word' id='word_1_1372' title='bbox 2417 2406 2425 2423; x_wconf 49' lang='grc' dir='ltr'><em>Τ</em></span> 
     </span>
    </p>
   </div>
   <div class='ocr_carea' id='block_1_12' title="bbox 287 2439 2437 2724">
    <p class='ocr_par' dir='ltr' id='par_1_26' title="bbox 287 2439 2437 2724">
     <span class='ocr_line' id='line_1_64' title="bbox 287 2439 2437 2479; baseline -0.001 -4"><span class='ocrx_word' id='word_1_1373' title='bbox 287 2448 443 2476; x_wconf 76' lang='lat' dir='ltr'>{terminatis</span> <span class='ocrx_word' id='word_1_1374' title='bbox 460 2446 492 2473; x_wconf 89' lang='lat' dir='ltr'>ab</span> <span class='ocrx_word' id='word_1_1375' title='bbox 511 2444 613 2472; x_wconf 84' lang='lat' dir='ltr'>Asturia</span> <span class='ocrx_word' id='word_1_1376' title='bbox 632 2441 802 2470; x_wconf 56' lang='lat' dir='ltr'>Vettonibus.</span> <span class='ocrx_word' id='word_1_1377' title='bbox 873 2440 929 2466; x_wconf 88' lang='lat' dir='ltr'>Cic.</span> <span class='ocrx_word' id='word_1_1378' title='bbox 944 2439 972 2465; x_wconf 89' lang='lat' dir='ltr'>in</span> <span class='ocrx_word' id='word_1_1379' title='bbox 988 2440 1059 2467; x_wconf 85' lang='lat' dir='ltr'>Arat.</span> <span class='ocrx_word' id='word_1_1380' title='bbox 1079 2447 1117 2474; x_wconf 89' lang='lat'>94</span> <span class='ocrx_word' id='word_1_1381' title='bbox 1148 2441 1219 2473; x_wconf 82' lang='lat' dir='ltr'>Qias</span> <span class='ocrx_word' id='word_1_1382' title='bbox 1241 2439 1322 2466; x_wconf 73' lang='lat' dir='ltr'>inter·</span> <span class='ocrx_word' id='word_1_1383' title='bbox 1418 2449 1682 2477; x_wconf 85' lang='lat' dir='ltr'>D1sT1NCTVS‚</span> <span class='ocrx_word' id='word_1_1384' title='bbox 1707 2452 1733 2476; x_wconf 88' lang='lat' dir='ltr'>a,</span> <span class='ocrx_word' id='word_1_1385' title='bbox 1755 2452 1809 2471; x_wconf 89' lang='lat' dir='ltr'>um.</span> <span class='ocrx_word' id='word_1_1386' title='bbox 1844 2444 1938 2471; x_wconf 83' lang='lat' dir='ltr'>Partic.</span> <span class='ocrx_word' id='word_1_1387' title='bbox 1973 2443 2149 2479; x_wconf 68' lang='grc' dir='ltr'>[διες-αλμένος</span> <span class='ocrx_word' id='word_1_1388' title='bbox 2211 2446 2264 2478; x_wconf 85' lang='lat' dir='ltr'>Vt,</span> <span class='ocrx_word' id='word_1_1389' title='bbox 2282 2441 2437 2473; x_wconf 65' lang='lat' dir='ltr'>Tac.Antr‘.&#39;</span> 
     </span>
     <span class='ocr_line' id='line_1_65' title="bbox 289 2477 2430 2515; baseline -0.002 -4"><span class='ocrx_word' id='word_1_1390' title='bbox 289 2484 388 2512; x_wconf 83' lang='lat' dir='ltr'>vallum</span> <span class='ocrx_word' id='word_1_1391' title='bbox 400 2483 473 2509; x_wconf 85' lang='lat' dir='ltr'>binas</span> <span class='ocrx_word' id='word_1_1392' title='bbox 486 2480 648 2508; x_wconf 86' lang='lat' dir='ltr'>disterminet</span> <span class='ocrx_word' id='word_1_1393' title='bbox 662 2486 744 2505; x_wconf 88' lang='lat' dir='ltr'>vnum</span> <span class='ocrx_word' id='word_1_1394' title='bbox 769 2477 866 2503; x_wconf 85' lang='lat' dir='ltr'>Lucan.</span> <span class='ocrx_word' id='word_1_1395' title='bbox 883 2477 973 2515; x_wconf 32' lang='lat'>12:216.</span> <span class='ocrx_word' id='word_1_1396' title='bbox 1005 2509 1010 2514; x_wconf 29' lang='lat' dir='ltr'>q</span> <span class='ocrx_word' id='word_1_1397' title='bbox 1169 2509 1173 2514; x_wconf 31' lang='grc' dir='ltr'>ι</span> <span class='ocrx_word' id='word_1_1398' title='bbox 1258 2509 1264 2513; x_wconf 36' lang='grc' dir='ltr'>ι</span> <span class='ocrx_word' id='word_1_1399' title='bbox 1314 2509 1320 2514; x_wconf 48' lang='grc'>.</span> <span class='ocrx_word' id='word_1_1400' title='bbox 1382 2485 1415 2510; x_wconf 83' lang='grc'>11,</span> <span class='ocrx_word' id='word_1_1401' title='bbox 1428 2483 1465 2510; x_wconf 79' lang='lat'>38,</span> <span class='ocrx_word' id='word_1_1402' title='bbox 1478 2486 1494 2504; x_wconf 87' lang='lat'>2</span> <span class='ocrx_word' id='word_1_1403' title='bbox 1514 2478 1619 2504; x_wconf 80' lang='lat' dir='ltr'>Periisse</span> <span class='ocrx_word' id='word_1_1404' title='bbox 1632 2479 1803 2510; x_wconf 85' lang='lat' dir='ltr'>Messalinam,</span> <span class='ocrx_word' id='word_1_1405' title='bbox 1821 2488 1876 2505; x_wconf 91' lang='lat' dir='ltr'>non</span> <span class='ocrx_word' id='word_1_1406' title='bbox 1890 2479 2025 2513; x_wconf 66' lang='lat' dir='ltr'>distincto,</span> <span class='ocrx_word' id='word_1_1407' title='bbox 2046 2481 2092 2509; x_wconf 80' lang='lat' dir='ltr'>sua</span> <span class='ocrx_word' id='word_1_1408' title='bbox 2104 2490 2138 2507; x_wconf 87' lang='lat' dir='ltr'>an</span> <span class='ocrx_word' id='word_1_1409' title='bbox 2149 2490 2163 2508; x_wconf 89' lang='lat' dir='ltr'>a</span> <span class='ocrx_word' id='word_1_1410' title='bbox 2175 2481 2234 2508; x_wconf 89' lang='lat' dir='ltr'>iena</span> <span class='ocrx_word' id='word_1_1411' title='bbox 2248 2486 2328 2508; x_wconf 84' lang='lat' dir='ltr'>manu</span> <span class='ocrx_word' id='word_1_1412' title='bbox 2363 2484 2382 2507; x_wconf 86' lang='lat' dir='ltr'>i.</span> <span class='ocrx_word' id='word_1_1413' title='bbox 2395 2486 2430 2508; x_wconf 65' lang='lat' dir='ltr'>vn</span> 
     </span>
     <span class='ocr_line' id='line_1_66' title="bbox 326 2501 2428 2550; baseline -0.001 -6"><span class='ocrx_word' id='word_1_1414' title='bbox 326 2526 345 2545; x_wconf 90' lang='lat' dir='ltr'>D</span> <span class='ocrx_word' id='word_1_1415' title='bbox 356 2526 386 2545; x_wconf 89' lang='lat' dir='ltr'>1s</span> <span class='ocrx_word' id='word_1_1416' title='bbox 395 2525 415 2544; x_wconf 90' lang='lat' dir='ltr'>T</span> <span class='ocrx_word' id='word_1_1417' title='bbox 424 2525 466 2545; x_wconf 85' lang='lat' dir='ltr'>ER</span> <span class='ocrx_word' id='word_1_1418' title='bbox 475 2524 500 2544; x_wconf 80' lang='lat' dir='ltr'>M</span> <span class='ocrx_word' id='word_1_1419' title='bbox 514 2523 524 2542; x_wconf 92' lang='lat'>1</span> <span class='ocrx_word' id='word_1_1420' title='bbox 535 2523 557 2542; x_wconf 85' lang='lat' dir='ltr'>N</span> <span class='ocrx_word' id='word_1_1421' title='bbox 568 2522 618 2543; x_wconf 79' lang='lat' dir='ltr'>AT</span> <span class='ocrx_word' id='word_1_1422' title='bbox 627 2522 648 2541; x_wconf 93' lang='lat' dir='ltr'>v</span> <span class='ocrx_word' id='word_1_1423' title='bbox 657 2522 669 2542; x_wconf 90' lang='lat' dir='ltr'>s</span> <span class='ocrx_word' id='word_1_1424' title='bbox 677 2534 687 2547; x_wconf 87' lang='lat'>,</span> <span class='ocrx_word' id='word_1_1425' title='bbox 710 2522 734 2546; x_wconf 89' lang='lat' dir='ltr'>a,</span> <span class='ocrx_word' id='word_1_1426' title='bbox 755 2521 808 2539; x_wconf 89' lang='lat' dir='ltr'>um.</span> <span class='ocrx_word' id='word_1_1427' title='bbox 845 2512 938 2538; x_wconf 82' lang='lat' dir='ltr'>Partic.</span> <span class='ocrx_word' id='word_1_1428' title='bbox 975 2510 1040 2537; x_wconf 92' lang='lat' dir='ltr'>Plin.</span> <span class='ocrx_word' id='word_1_1429' title='bbox 1053 2518 1081 2544; x_wconf 86' lang='lat'>4,</span> <span class='ocrx_word' id='word_1_1430' title='bbox 1095 2517 1127 2537; x_wconf 84' lang='lat'>20</span> <span class='ocrx_word' id='word_1_1431' title='bbox 1140 2509 1323 2538; x_wconf 83' lang='lat' dir='ltr'>Disterminati</span> <span class='ocrx_word' id='word_1_1432' title='bbox 1331 2511 1364 2545; x_wconf 76' lang='lat'>65</span> <span class='ocrx_word' id='word_1_1433' title='bbox 1381 2521 1431 2539; x_wconf 80' lang='lat' dir='ltr'>non</span> <span class='ocrx_word' id='word_1_1434' title='bbox 1446 2512 1475 2538; x_wconf 72' lang='lat' dir='ltr'>dt·</span> <span class='ocrx_word' id='word_1_1435' title='bbox 1486 2519 1536 2539; x_wconf 73' lang='lat' dir='ltr'>erte</span> <span class='ocrx_word' id='word_1_1436' title='bbox 1555 2513 1720 2540; x_wconf 71' lang='lat' dir='ltr'>indicaretur.</span> <span class='ocrx_word' id='word_1_1437' title='bbox 1773 2516 1916 2549; x_wconf 83' lang='lat' dir='ltr'>Plerumque</span> <span class='ocrx_word' id='word_1_1438' title='bbox 1929 2518 2038 2541; x_wconf 82' lang='lat' dir='ltr'>nominis</span> <span class='ocrx_word' id='word_1_1439' title='bbox 2052 2522 2168 2542; x_wconf 80' lang='lat' dir='ltr'>naturam</span> <span class='ocrx_word' id='word_1_1440' title='bbox 2180 2516 2272 2543; x_wconf 81' lang='lat' dir='ltr'>induit.</span> <span class='ocrx_word' id='word_1_1441' title='bbox 2336 2501 2428 2550; x_wconf 72' lang='lat' dir='ltr'>&#39;Argu-</span> 
     </span>
     <span class='ocr_line' id='line_1_67' title="bbox 291 2548 2428 2586; baseline -0.002 -7"><span class='ocrx_word' id='word_1_1442' title='bbox 291 2554 324 2582; x_wconf 76' lang='lat' dir='ltr'>ab</span> <span class='ocrx_word' id='word_1_1443' title='bbox 344 2553 445 2580; x_wconf 88' lang='lat' dir='ltr'>Asturia</span> <span class='ocrx_word' id='word_1_1444' title='bbox 456 2551 594 2578; x_wconf 57' lang='lat' dir='ltr'>Vettones.</span> <span class='ocrx_word' id='word_1_1445' title='bbox 860 2581 866 2586; x_wconf 47' lang='lat'>·</span> <span class='ocrx_word' id='word_1_1446' title='bbox 890 2580 907 2586; x_wconf 96' lang='lat'>..</span> <span class='ocrx_word' id='word_1_1447' title='bbox 1382 2552 1469 2574; x_wconf 80' lang='lat' dir='ltr'>menta</span> <span class='ocrx_word' id='word_1_1448' title='bbox 1483 2548 1617 2582; x_wconf 81' lang='lat' dir='ltr'>perspicua</span> <span class='ocrx_word' id='word_1_1449' title='bbox 1630 2553 1655 2574; x_wconf 93' lang='lat' dir='ltr'>et</span> <span class='ocrx_word' id='word_1_1450' title='bbox 1667 2548 1790 2575; x_wconf 71' lang='lat' dir='ltr'>distin&amp;a</span> <span class='ocrx_word' id='word_1_1451' title='bbox 1809 2548 1941 2582; x_wconf 64' lang='lat' dir='ltr'>Quinctil.</span> <span class='ocrx_word' id='word_1_1452' title='bbox 1960 2557 1983 2582; x_wconf 82' lang='grc' dir='ltr'>ς,</span> <span class='ocrx_word' id='word_1_1453' title='bbox 1998 2558 2038 2584; x_wconf 89' lang='lat'>¹4·</span> <span class='ocrx_word' id='word_1_1454' title='bbox 2092 2550 2267 2577; x_wconf 80' lang='lat' dir='ltr'>Continuatio</span> <span class='ocrx_word' id='word_1_1455' title='bbox 2280 2549 2428 2579; x_wconf 76' lang='lat' dir='ltr'>verborum</span> 
     </span>
     <span class='ocr_line' id='line_1_68' title="bbox 329 2579 2430 2621; baseline -0.002 -5"><span class='ocrx_word' id='word_1_1456' title='bbox 329 2595 348 2616; x_wconf 87' lang='lat' dir='ltr'>D</span> <span class='ocrx_word' id='word_1_1457' title='bbox 358 2597 367 2615; x_wconf 91' lang='lat'>1</span> <span class='ocrx_word' id='word_1_1458' title='bbox 378 2596 390 2616; x_wconf 89' lang='lat' dir='ltr'>s</span> <span class='ocrx_word' id='word_1_1459' title='bbox 398 2595 419 2615; x_wconf 90' lang='lat' dir='ltr'>T</span> <span class='ocrx_word' id='word_1_1460' title='bbox 427 2595 444 2615; x_wconf 75' lang='grc' dir='ltr'>Β</span> <span class='ocrx_word' id='word_1_1461' title='bbox 452 2595 471 2614; x_wconf 80' lang='lat' dir='ltr'>R</span> <span class='ocrx_word' id='word_1_1462' title='bbox 480 2593 504 2612; x_wconf 84' lang='lat' dir='ltr'>M</span> <span class='ocrx_word' id='word_1_1463' title='bbox 512 2595 522 2614; x_wconf 90' lang='lat'>1</span> <span class='ocrx_word' id='word_1_1464' title='bbox 530 2594 551 2613; x_wconf 94' lang='lat' dir='ltr'>N</span> <span class='ocrx_word' id='word_1_1465' title='bbox 559 2594 580 2613; x_wconf 84' lang='lat' dir='ltr'>A</span> <span class='ocrx_word' id='word_1_1466' title='bbox 589 2593 627 2613; x_wconf 79' lang='lat' dir='ltr'>Ti</span> <span class='ocrx_word' id='word_1_1467' title='bbox 635 2592 654 2612; x_wconf 90' lang='grc' dir='ltr'>ο</span> <span class='ocrx_word' id='word_1_1468' title='bbox 662 2604 670 2617; x_wconf 83' lang='grc'>,</span> <span class='ocrx_word' id='word_1_1469' title='bbox 690 2584 757 2610; x_wconf 72' lang='lat' dir='ltr'>bnis.</span> <span class='ocrx_word' id='word_1_1470' title='bbox 778 2583 798 2609; x_wconf 87' lang='lat' dir='ltr'>f.</span> <span class='ocrx_word' id='word_1_1471' title='bbox 834 2581 909 2608; x_wconf 80' lang='lat' dir='ltr'>Liuii</span> <span class='ocrx_word' id='word_1_1472' title='bbox 924 2579 966 2614; x_wconf 80' lang='lat' dir='ltr'>effi</span> <span class='ocrx_word' id='word_1_1473' title='bbox 977 2580 1080 2608; x_wconf 75' lang='lat' dir='ltr'>dicitur.</span> <span class='ocrx_word' id='word_1_1474' title='bbox 1204 2615 1210 2621; x_wconf 36' lang='lat'>⁸</span> <span class='ocrx_word' id='word_1_1475' title='bbox 1381 2583 1500 2610; x_wconf 77' lang='lat' dir='ltr'>articulis</span> <span class='ocrx_word' id='word_1_1476' title='bbox 1513 2583 1692 2618; x_wconf 84' lang='lat' dir='ltr'>membrisque</span> <span class='ocrx_word' id='word_1_1477' title='bbox 1707 2583 1828 2611; x_wconf 68' lang='lat' dir='ltr'>distincta</span> <span class='ocrx_word' id='word_1_1478' title='bbox 1848 2584 1904 2611; x_wconf 85' lang='lat' dir='ltr'>Cic.</span> <span class='ocrx_word' id='word_1_1479' title='bbox 1912 2584 1944 2610; x_wconf 91' lang='lat' dir='ltr'>de</span> <span class='ocrx_word' id='word_1_1480' title='bbox 1951 2585 2025 2612; x_wconf 84' lang='lat' dir='ltr'>Orat.</span> <span class='ocrx_word' id='word_1_1481' title='bbox 2033 2594 2055 2617; x_wconf 86' lang='grc'>3,</span> <span class='ocrx_word' id='word_1_1482' title='bbox 2064 2589 2110 2619; x_wconf 78' lang='lat'>184</span> <span class='ocrx_word' id='word_1_1483' title='bbox 2123 2594 2144 2612; x_wconf 90' lang='lat' dir='ltr'>c.</span> <span class='ocrx_word' id='word_1_1484' title='bbox 2153 2590 2196 2618; x_wconf 78' lang='lat'>48.</span> <span class='ocrx_word' id='word_1_1485' title='bbox 2267 2583 2374 2611; x_wconf 87' lang='lat' dir='ltr'>Herbae</span> <span class='ocrx_word' id='word_1_1486' title='bbox 2386 2585 2430 2611; x_wconf 59' lang='lat' dir='ltr'>di-</span> 
     </span>
     <span class='ocr_line' id='line_1_69' title="bbox 327 2615 2427 2657; baseline -0.002 -6"><span class='ocrx_word' id='word_1_1487' title='bbox 327 2630 388 2652; x_wconf 83' lang='lat' dir='ltr'>DIS</span> <span class='ocrx_word' id='word_1_1488' title='bbox 397 2630 469 2651; x_wconf 81' lang='lat' dir='ltr'>TER</span> <span class='ocrx_word' id='word_1_1489' title='bbox 478 2629 502 2649; x_wconf 86' lang='lat' dir='ltr'><strong>M</strong></span> <span class='ocrx_word' id='word_1_1490' title='bbox 514 2629 553 2649; x_wconf 84' lang='grc' dir='ltr'>1Ν</span> <span class='ocrx_word' id='word_1_1491' title='bbox 562 2628 612 2648; x_wconf 80' lang='lat' dir='ltr'>AT</span> <span class='ocrx_word' id='word_1_1492' title='bbox 621 2627 639 2647; x_wconf 88' lang='grc' dir='ltr'>ο</span> <span class='ocrx_word' id='word_1_1493' title='bbox 649 2627 666 2646; x_wconf 76' lang='lat' dir='ltr'>R</span> <span class='ocrx_word' id='word_1_1494' title='bbox 677 2639 686 2651; x_wconf 87' lang='lat'>,</span> <span class='ocrx_word' id='word_1_1495' title='bbox 705 2619 767 2645; x_wconf 73' lang='lat' dir='ltr'>oris.</span> <span class='ocrx_word' id='word_1_1496' title='bbox 786 2627 821 2644; x_wconf 90' lang='lat' dir='ltr'>m.</span> <span class='ocrx_word' id='word_1_1497' title='bbox 843 2617 920 2657; x_wconf 56' lang='lat' dir='ltr'>Apul:</span> <span class='ocrx_word' id='word_1_1498' title='bbox 929 2617 960 2643; x_wconf 86' lang='lat' dir='ltr'>de</span> <span class='ocrx_word' id='word_1_1499' title='bbox 968 2615 1070 2656; x_wconf 81' lang='lat' dir='ltr'>Mundo</span> <span class='ocrx_word' id='word_1_1500' title='bbox 1079 2625 1103 2651; x_wconf 89' lang='lat' dir='ltr'>p.</span> <span class='ocrx_word' id='word_1_1501' title='bbox 1111 2622 1143 2650; x_wconf 87' lang='lat'>57</span> <span class='ocrx_word' id='word_1_1502' title='bbox 1162 2616 1233 2656; x_wconf 49' lang='lat' dir='ltr'>Afris,</span> <span class='ocrx_word' id='word_1_1503' title='bbox 1251 2615 1321 2643; x_wconf 82' lang='lat' dir='ltr'>diui·</span> <span class='ocrx_word' id='word_1_1504' title='bbox 1381 2618 1490 2645; x_wconf 64' lang='lat' dir='ltr'>stinotae</span> <span class='ocrx_word' id='word_1_1505' title='bbox 1503 2618 1613 2644; x_wconf 80' lang='lat' dir='ltr'>floribus</span> <span class='ocrx_word' id='word_1_1506' title='bbox 1630 2618 1711 2646; x_wconf 89' lang='lat' dir='ltr'>Ouid.</span> <span class='ocrx_word' id='word_1_1507' title='bbox 1726 2620 1790 2647; x_wconf 89' lang='lat' dir='ltr'>Met.</span> <span class='ocrx_word' id='word_1_1508' title='bbox 1799 2627 1823 2653; x_wconf 79' lang='grc' dir='ltr'>ς,</span> <span class='ocrx_word' id='word_1_1509' title='bbox 1835 2622 1895 2647; x_wconf 80' lang='lat'>266.</span> <span class='ocrx_word' id='word_1_1510' title='bbox 1968 2620 2025 2647; x_wconf 86' lang='lat' dir='ltr'>Cic.</span> <span class='ocrx_word' id='word_1_1511' title='bbox 2042 2620 2071 2646; x_wconf 88' lang='lat' dir='ltr'>in</span> <span class='ocrx_word' id='word_1_1512' title='bbox 2081 2621 2156 2647; x_wconf 91' lang='lat' dir='ltr'>Orat.</span> <span class='ocrx_word' id='word_1_1513' title='bbox 2171 2628 2198 2653; x_wconf 79' lang='lat'>53</span> <span class='ocrx_word' id='word_1_1514' title='bbox 2212 2628 2234 2645; x_wconf 84' lang='lat' dir='ltr'>e.</span> <span class='ocrx_word' id='word_1_1515' title='bbox 2248 2628 2278 2652; x_wconf 85' lang='lat'>¹4</span> <span class='ocrx_word' id='word_1_1516' title='bbox 2297 2618 2427 2651; x_wconf 60' lang='lat' dir='ltr'>Distinet»</span> 
     </span>
     <span class='ocr_line' id='line_1_70' title="bbox 291 2651 2422 2693; baseline -0.003 -6"><span class='ocrx_word' id='word_1_1517' title='bbox 291 2661 335 2687; x_wconf 80' lang='lat' dir='ltr'>sor</span> <span class='ocrx_word' id='word_1_1518' title='bbox 347 2665 372 2686; x_wconf 85' lang='lat' dir='ltr'>et</span> <span class='ocrx_word' id='word_1_1519' title='bbox 385 2659 580 2686; x_wconf 81' lang='lat' dir='ltr'>disterminator</span> <span class='ocrx_word' id='word_1_1520' title='bbox 592 2654 695 2687; x_wconf 90' lang='lat' dir='ltr'>mundi,</span> <span class='ocrx_word' id='word_1_1521' title='bbox 708 2654 801 2680; x_wconf 89' lang='lat' dir='ltr'>orbem</span> <span class='ocrx_word' id='word_1_1522' title='bbox 814 2658 899 2693; x_wconf 67' lang='lat' dir='ltr'>terrae</span> <span class='ocrx_word' id='word_1_1523' title='bbox 912 2660 940 2679; x_wconf 85' lang='grc'>111</span> <span class='ocrx_word' id='word_1_1524' title='bbox 955 2652 1093 2678; x_wconf 79' lang='lat' dir='ltr'>medietate</span> <span class='ocrx_word' id='word_1_1525' title='bbox 1107 2651 1275 2678; x_wconf 82' lang='lat' dir='ltr'>constituens.</span> <span class='ocrx_word' id='word_1_1526' title='bbox 1293 2686 1299 2691; x_wconf 21' lang='grc' dir='ltr'><strong><em>ἡ</em></strong></span> <span class='ocrx_word' id='word_1_1527' title='bbox 1383 2653 1451 2680; x_wconf 78' lang='lat' dir='ltr'>alios</span> <span class='ocrx_word' id='word_1_1528' title='bbox 1470 2658 1496 2680; x_wconf 86' lang='lat' dir='ltr'>et</span> <span class='ocrx_word' id='word_1_1529' title='bbox 1512 2654 1581 2679; x_wconf 89' lang='lat' dir='ltr'>inter</span> <span class='ocrx_word' id='word_1_1530' title='bbox 1601 2653 1679 2680; x_wconf 65' lang='lat' dir='ltr'>uncta</span> <span class='ocrx_word' id='word_1_1531' title='bbox 1699 2655 1842 2682; x_wconf 74' lang='lat' dir='ltr'>Inter-ualla</span> <span class='ocrx_word' id='word_1_1532' title='bbox 1850 2674 1858 2686; x_wconf 94' lang='lat'>,</span> <span class='ocrx_word' id='word_1_1533' title='bbox 1890 2663 1981 2681; x_wconf 88' lang='lat' dir='ltr'>morae</span> <span class='ocrx_word' id='word_1_1534' title='bbox 1994 2674 2001 2686; x_wconf 91' lang='lat'>‚</span> <span class='ocrx_word' id='word_1_1535' title='bbox 2026 2655 2266 2689; x_wconf 80' lang='lat' dir='ltr'>respirationesque</span> <span class='ocrx_word' id='word_1_1536' title='bbox 2286 2653 2422 2681; x_wconf 59' lang='lat' dir='ltr'>delefihnt.</span> 
     </span>
     <span class='ocr_line' id='line_1_71' title="bbox 326 2686 2428 2724; baseline -0.003 -3"><span class='ocrx_word' id='word_1_1537' title='bbox 326 2702 345 2722; x_wconf 83' lang='lat'>1)</span> <span class='ocrx_word' id='word_1_1538' title='bbox 355 2704 363 2721; x_wconf 95' lang='lat'>1</span> <span class='ocrx_word' id='word_1_1539' title='bbox 374 2702 414 2722; x_wconf 85' lang='lat' dir='ltr'>ST</span> <span class='ocrx_word' id='word_1_1540' title='bbox 423 2703 439 2722; x_wconf 82' lang='lat' dir='ltr'>E</span> <span class='ocrx_word' id='word_1_1541' title='bbox 448 2701 466 2721; x_wconf 80' lang='lat' dir='ltr'>R</span> <span class='ocrx_word' id='word_1_1542' title='bbox 476 2702 501 2721; x_wconf 88' lang='lat' dir='ltr'>M</span> <span class='ocrx_word' id='word_1_1543' title='bbox 510 2702 518 2720; x_wconf 94' lang='lat'>1</span> <span class='ocrx_word' id='word_1_1544' title='bbox 528 2701 550 2719; x_wconf 89' lang='lat' dir='ltr'>N</span> <span class='ocrx_word' id='word_1_1545' title='bbox 560 2698 601 2719; x_wconf 84' lang='lat' dir='ltr'>vs</span> <span class='ocrx_word' id='word_1_1546' title='bbox 610 2711 619 2724; x_wconf 85' lang='lat'>,</span> <span class='ocrx_word' id='word_1_1547' title='bbox 639 2700 663 2723; x_wconf 92' lang='lat' dir='ltr'>a,</span> <span class='ocrx_word' id='word_1_1548' title='bbox 681 2699 735 2716; x_wconf 87' lang='lat' dir='ltr'>uin.</span> <span class='ocrx_word' id='word_1_1549' title='bbox 770 2688 830 2714; x_wconf 85' lang='lat' dir='ltr'>Adi.</span> <span class='ocrx_word' id='word_1_1550' title='bbox 865 2691 882 2714; x_wconf 88' lang='lat' dir='ltr'>i.</span> <span class='ocrx_word' id='word_1_1551' title='bbox 895 2686 1090 2720; x_wconf 74' lang='lat' dir='ltr'>Disterminatus</span> <span class='ocrx_word' id='word_1_1552' title='bbox 1099 2706 1106 2718; x_wconf 91' lang='lat'><em>‚</em></span> <span class='ocrx_word' id='word_1_1553' title='bbox 1122 2686 1256 2722; x_wconf 69' lang='lat' dir='ltr'>separatus</span> <span class='ocrx_word' id='word_1_1554' title='bbox 1275 2686 1320 2713; x_wconf 80' lang='lat' dir='ltr'>Sil.</span> <span class='ocrx_word' id='word_1_1555' title='bbox 1334 2692 1371 2721; x_wconf 80' lang='lat'>70</span> <span class='ocrx_word' id='word_1_1556' title='bbox 1384 2689 1478 2715; x_wconf 87' lang='lat' dir='ltr'>Litora</span> <span class='ocrx_word' id='word_1_1557' title='bbox 1496 2687 1574 2715; x_wconf 87' lang='lat' dir='ltr'>distin</span> <span class='ocrx_word' id='word_1_1558' title='bbox 1602 2697 1617 2715; x_wconf 91' lang='lat' dir='ltr'>a</span> <span class='ocrx_word' id='word_1_1559' title='bbox 1629 2688 1707 2716; x_wconf 62' lang='lat' dir='ltr'>tediis</span> <span class='ocrx_word' id='word_1_1560' title='bbox 1719 2696 1746 2716; x_wconf 88' lang='lat' dir='ltr'>et</span> <span class='ocrx_word' id='word_1_1561' title='bbox 1759 2689 1871 2716; x_wconf 84' lang='lat' dir='ltr'>vrbibus</span> <span class='ocrx_word' id='word_1_1562' title='bbox 1889 2690 1945 2716; x_wconf 89' lang='lat' dir='ltr'>Cic.</span> <span class='ocrx_word' id='word_1_1563' title='bbox 1960 2689 1992 2716; x_wconf 85' lang='lat' dir='ltr'>de</span> <span class='ocrx_word' id='word_1_1564' title='bbox 2008 2689 2070 2716; x_wconf 90' lang='lat' dir='ltr'>Nat.</span> <span class='ocrx_word' id='word_1_1565' title='bbox 2084 2690 2164 2717; x_wconf 85' lang='lat' dir='ltr'>Deor.</span> <span class='ocrx_word' id='word_1_1566' title='bbox 2178 2698 2203 2722; x_wconf 87' lang='lat'>2,</span> <span class='ocrx_word' id='word_1_1567' title='bbox 2215 2697 2259 2722; x_wconf 89' lang='lat'>99.</span> <span class='ocrx_word' id='word_1_1568' title='bbox 2328 2688 2428 2717; x_wconf 73' lang='lat' dir='ltr'>Omnia.</span> 
     </span>
    </p>
   </div>
   <div class='ocr_carea' id='block_1_13' title="bbox 292 2721 2459 2939">
    <p class='ocr_par' dir='ltr' id='par_1_27' title="bbox 292 2721 2459 2907">
     <span class='ocr_line' id='line_1_72' title="bbox 292 2721 2427 2764; baseline -0.003 -8"><span class='ocrx_word' id='word_1_1569' title='bbox 292 2737 316 2763; x_wconf 75' lang='grc' dir='ltr'>ς,</span> <span class='ocrx_word' id='word_1_1570' title='bbox 330 2739 383 2763; x_wconf 87' lang='lat'>400</span> <span class='ocrx_word' id='word_1_1571' title='bbox 404 2730 484 2756; x_wconf 85' lang='lat' dir='ltr'>Audit</span> <span class='ocrx_word' id='word_1_1572' title='bbox 497 2728 631 2756; x_wconf 78' lang='lat' dir='ltr'>Tarteffiis</span> <span class='ocrx_word' id='word_1_1573' title='bbox 640 2747 648 2759; x_wconf 86' lang='lat'>‚</span> <span class='ocrx_word' id='word_1_1574' title='bbox 665 2725 723 2752; x_wconf 81' lang='lat' dir='ltr'>latis</span> <span class='ocrx_word' id='word_1_1575' title='bbox 737 2723 888 2764; x_wconf 78' lang='lat' dir='ltr'>distermina</span> <span class='ocrx_word' id='word_1_1576' title='bbox 900 2723 985 2751; x_wconf 78' lang='lat' dir='ltr'>terris.</span> <span class='ocrx_word' id='word_1_1577' title='bbox 1004 2759 1008 2763; x_wconf 21' lang='grc' dir='ltr'><strong><em>ι</em></strong></span> <span class='ocrx_word' id='word_1_1578' title='bbox 1021 2722 1109 2749; x_wconf 80' lang='lat' dir='ltr'>Barth.</span> <span class='ocrx_word' id='word_1_1579' title='bbox 1124 2721 1227 2757; x_wconf 62' lang='lat' dir='ltr'>Aduersl</span> <span class='ocrx_word' id='word_1_1580' title='bbox 1242 2731 1278 2753; x_wconf 90' lang='lat'>10,</span> <span class='ocrx_word' id='word_1_1581' title='bbox 1287 2730 1322 2755; x_wconf 88' lang='lat'>24</span> <span class='ocrx_word' id='word_1_1582' title='bbox 1384 2723 1505 2751; x_wconf 62' lang='lat' dir='ltr'>distincta</span> <span class='ocrx_word' id='word_1_1583' title='bbox 1518 2723 1608 2759; x_wconf 76' lang='lat' dir='ltr'>lepore</span> <span class='ocrx_word' id='word_1_1584' title='bbox 1622 2724 1700 2751; x_wconf 83' lang='lat' dir='ltr'>vario</span> <span class='ocrx_word' id='word_1_1585' title='bbox 1729 2725 1832 2752; x_wconf 87' lang='lat' dir='ltr'>Lucret.</span> <span class='ocrx_word' id='word_1_1586' title='bbox 1845 2732 1868 2758; x_wconf 79' lang='grc' dir='ltr'>ς,</span> <span class='ocrx_word' id='word_1_1587' title='bbox 1884 2732 1951 2759; x_wconf 71' lang='grc'><strong>1375.</strong></span> <span class='ocrx_word' id='word_1_1588' title='bbox 2039 2725 2135 2752; x_wconf 88' lang='lat' dir='ltr'>Oratio</span> <span class='ocrx_word' id='word_1_1589' title='bbox 2153 2734 2212 2752; x_wconf 86' lang='lat' dir='ltr'>com</span> <span class='ocrx_word' id='word_1_1590' title='bbox 2232 2724 2296 2752; x_wconf 86' lang='lat' dir='ltr'>osita</span> <span class='ocrx_word' id='word_1_1591' title='bbox 2309 2729 2335 2751; x_wconf 87' lang='lat' dir='ltr'>et</span> <span class='ocrx_word' id='word_1_1592' title='bbox 2348 2730 2427 2750; x_wconf 80' lang='lat' dir='ltr'>orna-</span> 
     </span>
     <span class='ocr_line' id='line_1_73' title="bbox 292 2757 2425 2820; baseline -0.004 -29"><span class='ocrx_word' id='word_1_1593' title='bbox 292 2772 355 2791; x_wconf 81' lang='lat' dir='ltr'>extr.</span> <span class='ocrx_word' id='word_1_1594' title='bbox 380 2766 534 2792; x_wconf 72' lang='lat' dir='ltr'>Glossarium</span> <span class='ocrx_word' id='word_1_1595' title='bbox 555 2764 657 2801; x_wconf 79' lang='lat' dir='ltr'>allcgat,</span> <span class='ocrx_word' id='word_1_1596' title='bbox 674 2770 720 2796; x_wconf 85' lang='lat' dir='ltr'>quo</span> <span class='ocrx_word' id='word_1_1597' title='bbox 732 2759 907 2787; x_wconf 66' lang='lat' dir='ltr'>Distermmus</span> <span class='ocrx_word' id='word_1_1598' title='bbox 920 2763 1050 2820; x_wconf 48' lang='lat' dir='ltr'>exponitur</span> <span class='ocrx_word' id='word_1_1599' title='bbox 1069 2757 1160 2790; x_wconf 85' lang='lat' dir='ltr'>Longe</span> <span class='ocrx_word' id='word_1_1600' title='bbox 1174 2757 1321 2796; x_wconf 82' lang='lat' dir='ltr'>abscedens.</span> <span class='ocrx_word' id='word_1_1601' title='bbox 1384 2765 1410 2786; x_wconf 88' lang='lat' dir='ltr'>ta</span> <span class='ocrx_word' id='word_1_1602' title='bbox 1429 2765 1454 2785; x_wconf 85' lang='lat' dir='ltr'>et</span> <span class='ocrx_word' id='word_1_1603' title='bbox 1472 2759 1586 2786; x_wconf 84' lang='lat' dir='ltr'>artificio</span> <span class='ocrx_word' id='word_1_1604' title='bbox 1605 2759 1720 2794; x_wconf 87' lang='lat' dir='ltr'>quodam</span> <span class='ocrx_word' id='word_1_1605' title='bbox 1740 2765 1766 2786; x_wconf 88' lang='lat' dir='ltr'>et</span> <span class='ocrx_word' id='word_1_1606' title='bbox 1784 2760 1948 2794; x_wconf 88' lang='lat' dir='ltr'>expolitione</span> <span class='ocrx_word' id='word_1_1607' title='bbox 1970 2759 2093 2787; x_wconf 67' lang='lat' dir='ltr'>distincta</span> <span class='ocrx_word' id='word_1_1608' title='bbox 2132 2760 2189 2788; x_wconf 90' lang='lat' dir='ltr'>Cic.</span> <span class='ocrx_word' id='word_1_1609' title='bbox 2224 2769 2239 2785; x_wconf 88' lang='lat' dir='ltr'>e</span> <span class='ocrx_word' id='word_1_1610' title='bbox 2251 2760 2325 2785; x_wconf 88' lang='lat' dir='ltr'>Orat.</span> <span class='ocrx_word' id='word_1_1611' title='bbox 2345 2766 2365 2790; x_wconf 87' lang='grc'>1,</span> <span class='ocrx_word' id='word_1_1612' title='bbox 2384 2765 2425 2790; x_wconf 79' lang='lat'>50.</span> 
     </span>
     <span class='ocr_line' id='line_1_74' title="bbox 328 2791 2429 2833; baseline -0.004 -7"><span class='ocrx_word' id='word_1_1613' title='bbox 328 2806 346 2826; x_wconf 74' lang='grc' dir='ltr'><strong>Β</strong></span> <span class='ocrx_word' id='word_1_1614' title='bbox 357 2808 386 2827; x_wconf 84' lang='lat' dir='ltr'>IS</span> <span class='ocrx_word' id='word_1_1615' title='bbox 395 2809 416 2827; x_wconf 90' lang='lat' dir='ltr'>T</span> <span class='ocrx_word' id='word_1_1616' title='bbox 425 2808 440 2827; x_wconf 78' lang='lat' dir='ltr'>P</span> <span class='ocrx_word' id='word_1_1617' title='bbox 449 2808 467 2827; x_wconf 79' lang='lat' dir='ltr'>R</span> <span class='ocrx_word' id='word_1_1618' title='bbox 478 2807 499 2826; x_wconf 89' lang='lat' dir='ltr'>N</span> <span class='ocrx_word' id='word_1_1619' title='bbox 510 2808 546 2833; x_wconf 85' lang='lat'>0,</span> <span class='ocrx_word' id='word_1_1620' title='bbox 571 2802 623 2825; x_wconf 73' lang='lat' dir='ltr'>ere.</span> <span class='ocrx_word' id='word_1_1621' title='bbox 661 2796 749 2823; x_wconf 86' lang='lat' dir='ltr'>Pueris</span> <span class='ocrx_word' id='word_1_1622' title='bbox 767 2802 839 2822; x_wconf 85' lang='lat' dir='ltr'>extra</span> <span class='ocrx_word' id='word_1_1623' title='bbox 853 2794 934 2820; x_wconf 88' lang='lat' dir='ltr'>limen</span> <span class='ocrx_word' id='word_1_1624' title='bbox 966 2800 1022 2819; x_wconf 82' lang='lat' dir='ltr'>uini</span> <span class='ocrx_word' id='word_1_1625' title='bbox 1036 2800 1114 2827; x_wconf 89' lang='lat' dir='ltr'>quam</span> <span class='ocrx_word' id='word_1_1626' title='bbox 1128 2791 1219 2825; x_wconf 87' lang='lat' dir='ltr'>procul</span> <span class='ocrx_word' id='word_1_1627' title='bbox 1232 2791 1322 2818; x_wconf 82' lang='lat' dir='ltr'>distra-</span> <span class='ocrx_word' id='word_1_1628' title='bbox 1384 2793 1516 2826; x_wconf 67' lang='lat' dir='ltr'>Quinctil.</span> <span class='ocrx_word' id='word_1_1629' title='bbox 1529 2803 1561 2826; x_wconf 84' lang='lat'>11,</span> <span class='ocrx_word' id='word_1_1630' title='bbox 1572 2803 1593 2826; x_wconf 90' lang='grc'>3,</span> <span class='ocrx_word' id='word_1_1631' title='bbox 1602 2802 1630 2826; x_wconf 79' lang='lat'>33</span> <span class='ocrx_word' id='word_1_1632' title='bbox 1650 2795 1685 2821; x_wconf 93' lang='lat' dir='ltr'>Vt</span> <span class='ocrx_word' id='word_1_1633' title='bbox 1698 2794 1729 2821; x_wconf 86' lang='lat' dir='ltr'>fit</span> <span class='ocrx_word' id='word_1_1634' title='bbox 1740 2795 1836 2821; x_wconf 86' lang='lat' dir='ltr'>Oratio</span> <span class='ocrx_word' id='word_1_1635' title='bbox 1850 2794 1987 2826; x_wconf 62' lang='lat' dir='ltr'>distincta,</span> <span class='ocrx_word' id='word_1_1636' title='bbox 2005 2794 2032 2821; x_wconf 89' lang='lat' dir='ltr'>id</span> <span class='ocrx_word' id='word_1_1637' title='bbox 2049 2795 2101 2827; x_wconf 83' lang='lat' dir='ltr'>est,</span> <span class='ocrx_word' id='word_1_1638' title='bbox 2119 2800 2148 2822; x_wconf 83' lang='lat' dir='ltr'>vt</span> <span class='ocrx_word' id='word_1_1639' title='bbox 2161 2795 2209 2829; x_wconf 86' lang='lat' dir='ltr'>qui</span> <span class='ocrx_word' id='word_1_1640' title='bbox 2223 2793 2288 2819; x_wconf 86' lang='lat' dir='ltr'>dicit</span> <span class='ocrx_word' id='word_1_1641' title='bbox 2305 2792 2429 2827; x_wconf 84' lang='lat' dir='ltr'>incipiat,</span> 
     </span>
     <span class='ocr_line' id='line_1_75' title="bbox 292 2820 2459 2871; baseline -0.003 -9"><span class='ocrx_word' id='word_1_1642' title='bbox 292 2840 348 2862; x_wconf 85' lang='lat' dir='ltr'>tum</span> <span class='ocrx_word' id='word_1_1643' title='bbox 362 2836 446 2863; x_wconf 79' lang='lat' dir='ltr'>fuerat</span> <span class='ocrx_word' id='word_1_1644' title='bbox 468 2835 544 2871; x_wconf 87' lang='lat' dir='ltr'>Apul.</span> <span class='ocrx_word' id='word_1_1645' title='bbox 558 2835 622 2862; x_wconf 83' lang='lat' dir='ltr'>Met.</span> <span class='ocrx_word' id='word_1_1646' title='bbox 635 2841 651 2860; x_wconf 87' lang='lat'>2</span> <span class='ocrx_word' id='word_1_1647' title='bbox 664 2842 689 2868; x_wconf 86' lang='lat' dir='ltr'>p.</span> <span class='ocrx_word' id='word_1_1648' title='bbox 704 2840 753 2864; x_wconf 87' lang='lat'>121,</span> <span class='ocrx_word' id='word_1_1649' title='bbox 766 2839 805 2865; x_wconf 81' lang='lat'>25.</span> <span class='ocrx_word' id='word_1_1650' title='bbox 828 2833 847 2857; x_wconf 87' lang='lat' dir='ltr'>i.</span> <span class='ocrx_word' id='word_1_1651' title='bbox 854 2830 971 2867; x_wconf 60' lang='grc' dir='ltr'><strong>[ἐραν-(110</strong></span> <span class='ocrx_word' id='word_1_1652' title='bbox 983 2837 998 2855; x_wconf 78' lang='lat' dir='ltr'>a</span> <span class='ocrx_word' id='word_1_1653' title='bbox 1011 2837 1061 2855; x_wconf 83' lang='lat' dir='ltr'>meo</span> <span class='ocrx_word' id='word_1_1654' title='bbox 1072 2826 1180 2854; x_wconf 79' lang='lat' dir='ltr'>cubiculo</span> <span class='ocrx_word' id='word_1_1655' title='bbox 1196 2824 1323 2859; x_wconf 67' lang='lat' dir='ltr'>loeostra-</span> <span class='ocrx_word' id='word_1_1656' title='bbox 1383 2828 1433 2855; x_wconf 89' lang='lat' dir='ltr'>vbi</span> <span class='ocrx_word' id='word_1_1657' title='bbox 1446 2834 1552 2863; x_wconf 81' lang='lat' dir='ltr'>oportet</span> <span class='ocrx_word' id='word_1_1658' title='bbox 1564 2835 1590 2854; x_wconf 89' lang='lat' dir='ltr'>et</span> <span class='ocrx_word' id='word_1_1659' title='bbox 1603 2828 1708 2855; x_wconf 88' lang='lat' dir='ltr'>desinat.</span> <span class='ocrx_word' id='word_1_1660' title='bbox 1754 2828 1955 2856; x_wconf 83' lang='lat' dir='ltr'>Obseruandum</span> <span class='ocrx_word' id='word_1_1661' title='bbox 1969 2830 2048 2856; x_wconf 86' lang='lat' dir='ltr'>etiam</span> <span class='ocrx_word' id='word_1_1662' title='bbox 2056 2849 2065 2863; x_wconf 96' lang='lat'>,</span> <span class='ocrx_word' id='word_1_1663' title='bbox 2086 2837 2140 2864; x_wconf 88' lang='lat' dir='ltr'>quo</span> <span class='ocrx_word' id='word_1_1664' title='bbox 2150 2828 2211 2854; x_wconf 89' lang='lat' dir='ltr'>loco</span> <span class='ocrx_word' id='word_1_1665' title='bbox 2225 2827 2386 2854; x_wconf 76' lang='lat' dir='ltr'>sustinendus</span> <span class='ocrx_word' id='word_1_1666' title='bbox 2399 2833 2429 2856; x_wconf 59' lang='lat' dir='ltr'>e&amp;</span> <span class='ocrx_word' id='word_1_1667' title='bbox 2452 2820 2459 2828; x_wconf 41' lang='lat' dir='ltr'><em>s</em></span> 
     </span>
     <span class='ocr_line' id='line_1_76' title="bbox 292 2862 2427 2907; baseline -0.002 -13"><span class='ocrx_word' id='word_1_1668' title='bbox 292 2877 342 2897; x_wconf 74' lang='lat' dir='ltr'>tum</span> <span class='ocrx_word' id='word_1_1669' title='bbox 358 2871 455 2907; x_wconf 57' lang='lat' dir='ltr'>sacrat,</span> <span class='ocrx_word' id='word_1_1670' title='bbox 1338 2870 1371 2898; x_wconf 79' lang='lat'>75</span> <span class='ocrx_word' id='word_1_1671' title='bbox 1385 2863 1457 2898; x_wconf 86' lang='lat' dir='ltr'>quasi</span> <span class='ocrx_word' id='word_1_1672' title='bbox 1472 2863 1662 2897; x_wconf 76' lang='lat' dir='ltr'>suspendendus</span> <span class='ocrx_word' id='word_1_1673' title='bbox 1676 2865 1761 2890; x_wconf 88' lang='lat' dir='ltr'>sermo</span> <span class='ocrx_word' id='word_1_1674' title='bbox 1773 2863 1803 2890; x_wconf 82' lang='lat' dir='ltr'>sit</span> <span class='ocrx_word' id='word_1_1675' title='bbox 1824 2867 1921 2898; x_wconf 90' lang='lat' dir='ltr'>(quam</span> <span class='ocrx_word' id='word_1_1676' title='bbox 1942 2865 2037 2891; x_wconf 85' lang='lat' dir='ltr'>Graeci</span> <span class='ocrx_word' id='word_1_1677' title='bbox 2056 2862 2228 2894; x_wconf 64' lang='grc' dir='ltr'>ιῖποδὶοιςολὴν,</span> <span class='ocrx_word' id='word_1_1678' title='bbox 2249 2863 2293 2890; x_wconf 86' lang='lat' dir='ltr'>vel</span> <span class='ocrx_word' id='word_1_1679' title='bbox 2312 2863 2427 2894; x_wconf 58' lang='lat' dir='ltr'>omem,</span> 
     </span>
    </p>

    <p class='ocr_par' dir='ltr' id='par_1_28' title="bbox 328 2897 2430 2939">
     <span class='ocr_line' id='line_1_77' title="bbox 328 2897 2430 2939; baseline 0 -13"><span class='ocrx_word' id='word_1_1680' title='bbox 328 2913 347 2932; x_wconf 90' lang='lat' dir='ltr'>D</span> <span class='ocrx_word' id='word_1_1681' title='bbox 357 2914 365 2932; x_wconf 93' lang='lat'>1</span> <span class='ocrx_word' id='word_1_1682' title='bbox 376 2914 417 2933; x_wconf 77' lang='lat' dir='ltr'>ST</span> <span class='ocrx_word' id='word_1_1683' title='bbox 428 2906 468 2933; x_wconf 54' lang='grc' dir='ltr'>ΕΚ</span> <span class='ocrx_word' id='word_1_1684' title='bbox 480 2912 499 2932; x_wconf 93' lang='lat'><em>0</em></span> <span class='ocrx_word' id='word_1_1685' title='bbox 510 2926 518 2939; x_wconf 69' lang='lat'>‚</span> <span class='ocrx_word' id='word_1_1686' title='bbox 540 2906 590 2938; x_wconf 68' lang='lat' dir='ltr'>fui,</span> <span class='ocrx_word' id='word_1_1687' title='bbox 615 2907 692 2936; x_wconf 69' lang='lat' dir='ltr'>Ttum,</span> <span class='ocrx_word' id='word_1_1688' title='bbox 713 2904 766 2928; x_wconf 62' lang='lat' dir='ltr'>ere.</span> <span class='ocrx_word' id='word_1_1689' title='bbox 800 2898 980 2936; x_wconf 65' lang='grc' dir='ltr'>[κατατρίζω]</span> <span class='ocrx_word' id='word_1_1690' title='bbox 1016 2898 1103 2925; x_wconf 80' lang='lat' dir='ltr'>Crebro</span> <span class='ocrx_word' id='word_1_1691' title='bbox 1116 2898 1157 2924; x_wconf 81' lang='lat' dir='ltr'>vel</span> <span class='ocrx_word' id='word_1_1692' title='bbox 1169 2897 1275 2923; x_wconf 80' lang='lat' dir='ltr'>Multum</span> <span class='ocrx_word' id='word_1_1693' title='bbox 1289 2901 1323 2922; x_wconf 77' lang='lat' dir='ltr'>te·</span> <span class='ocrx_word' id='word_1_1694' title='bbox 1384 2898 1444 2932; x_wconf 72' lang='grc' dir='ltr'>λῆν,</span> <span class='ocrx_word' id='word_1_1695' title='bbox 1464 2899 1506 2924; x_wconf 91' lang='lat' dir='ltr'>vel</span> <span class='ocrx_word' id='word_1_1696' title='bbox 1525 2897 1659 2931; x_wconf 69' lang='grc' dir='ltr'>ὁκοςιγμῆν</span> <span class='ocrx_word' id='word_1_1697' title='bbox 1674 2902 1787 2931; x_wconf 87' lang='lat' dir='ltr'>vocant)</span> <span class='ocrx_word' id='word_1_1698' title='bbox 1808 2908 1862 2934; x_wconf 93' lang='lat' dir='ltr'>quo</span> <span class='ocrx_word' id='word_1_1699' title='bbox 1877 2899 2063 2934; x_wconf 83' lang='lat' dir='ltr'>deponendus,</span> <span class='ocrx_word' id='word_1_1700' title='bbox 2083 2905 2129 2924; x_wconf 78' lang='lat' dir='ltr'>etc.</span> <span class='ocrx_word' id='word_1_1701' title='bbox 2184 2899 2277 2925; x_wconf 88' lang='lat' dir='ltr'>Sermo</span> <span class='ocrx_word' id='word_1_1702' title='bbox 2291 2898 2430 2926; x_wconf 58' lang='lat' dir='ltr'>dilucidum</span> 
     </span>
    </p>
   </div>
   <div class='ocr_carea' id='block_1_14' title="bbox 291 2931 2479 2973">
    <p class='ocr_par' dir='ltr' id='par_1_29' title="bbox 291 2931 2479 2973">
     <span class='ocr_line' id='line_1_78' title="bbox 291 2931 2479 2973; baseline -0.004 -5"><span class='ocrx_word' id='word_1_1703' title='bbox 291 2950 353 2968; x_wconf 74' lang='lat' dir='ltr'>rere.</span> <span class='ocrx_word' id='word_1_1704' title='bbox 397 2943 461 2968; x_wconf 89' lang='lat' dir='ltr'>Cato</span> <span class='ocrx_word' id='word_1_1705' title='bbox 475 2941 506 2968; x_wconf 87' lang='lat' dir='ltr'>de</span> <span class='ocrx_word' id='word_1_1706' title='bbox 520 2942 550 2967; x_wconf 82' lang='lat' dir='ltr'>R.</span> <span class='ocrx_word' id='word_1_1707' title='bbox 564 2942 595 2967; x_wconf 89' lang='lat' dir='ltr'>R.</span> <span class='ocrx_word' id='word_1_1708' title='bbox 608 2950 629 2966; x_wconf 90' lang='lat' dir='ltr'>c.</span> <span class='ocrx_word' id='word_1_1709' title='bbox 643 2947 674 2973; x_wconf 79' lang='lat'>75</span> <span class='ocrx_word' id='word_1_1710' title='bbox 708 2937 806 2964; x_wconf 88' lang='lat' dir='ltr'>Libum</span> <span class='ocrx_word' id='word_1_1711' title='bbox 819 2936 868 2962; x_wconf 93' lang='lat' dir='ltr'>hoc</span> <span class='ocrx_word' id='word_1_1712' title='bbox 880 2935 961 2963; x_wconf 87' lang='lat' dir='ltr'>modo</span> <span class='ocrx_word' id='word_1_1713' title='bbox 975 2934 1070 2961; x_wconf 82' lang='lat' dir='ltr'>facito:</span> <span class='ocrx_word' id='word_1_1714' title='bbox 1099 2933 1175 2960; x_wconf 86' lang='lat' dir='ltr'>Casei</span> <span class='ocrx_word' id='word_1_1715' title='bbox 1187 2931 1276 2966; x_wconf 83' lang='lat' dir='ltr'>pondo</span> <span class='ocrx_word' id='word_1_1716' title='bbox 1291 2939 1322 2957; x_wconf 72' lang='grc' dir='ltr'>Π.</span> <span class='ocrx_word' id='word_1_1717' title='bbox 1384 2943 1413 2960; x_wconf 87' lang='lat' dir='ltr'>ac</span> <span class='ocrx_word' id='word_1_1718' title='bbox 1426 2933 1563 2960; x_wconf 61' lang='lat' dir='ltr'>distincius</span> <span class='ocrx_word' id='word_1_1719' title='bbox 1582 2933 1715 2967; x_wconf 60' lang='lat' dir='ltr'>QtinGiil.</span> <span class='ocrx_word' id='word_1_1720' title='bbox 1729 2942 1752 2967; x_wconf 78' lang='grc' dir='ltr'>ς,</span> <span class='ocrx_word' id='word_1_1721' title='bbox 1766 2943 1806 2968; x_wconf 84' lang='grc'>14.</span> <span class='ocrx_word' id='word_1_1722' title='bbox 1859 2935 1922 2961; x_wconf 90' lang='lat' dir='ltr'>Soni</span> <span class='ocrx_word' id='word_1_1723' title='bbox 1937 2933 2084 2960; x_wconf 76' lang='lat' dir='ltr'>interuallis</span> <span class='ocrx_word' id='word_1_1724' title='bbox 2097 2932 2215 2961; x_wconf 61' lang='lat' dir='ltr'>distincti</span> <span class='ocrx_word' id='word_1_1725' title='bbox 2234 2934 2292 2961; x_wconf 91' lang='lat' dir='ltr'>Cic.</span> <span class='ocrx_word' id='word_1_1726' title='bbox 2301 2934 2427 2966; x_wconf 65' lang='grc' dir='ltr'>1118011111ρ</span> <span class='ocrx_word' id='word_1_1727' title='bbox 2478 2936 2479 2941; x_wconf 63' lang='lat'>¹</span> 
     </span>
    </p>
   </div>
   <div class='ocr_carea' id='block_1_15' title="bbox 290 2966 2426 3079">
    <p class='ocr_par' dir='ltr' id='par_1_30' title="bbox 290 2966 2426 3079">
     <span class='ocr_line' id='line_1_79' title="bbox 291 2966 2426 3010; baseline -0.002 -8"><span class='ocrx_word' id='word_1_1728' title='bbox 291 2976 358 3003; x_wconf 83' lang='lat' dir='ltr'>bene</span> <span class='ocrx_word' id='word_1_1729' title='bbox 384 2976 488 3003; x_wconf 84' lang='lat' dir='ltr'>distcrat</span> <span class='ocrx_word' id='word_1_1730' title='bbox 508 2978 535 3003; x_wconf 88' lang='lat' dir='ltr'>in</span> <span class='ocrx_word' id='word_1_1731' title='bbox 554 2975 698 3002; x_wconf 85' lang='lat' dir='ltr'>mortario:</span> <span class='ocrx_word' id='word_1_1732' title='bbox 722 2972 770 2999; x_wconf 90' lang='lat' dir='ltr'>vbi</span> <span class='ocrx_word' id='word_1_1733' title='bbox 788 2971 855 2997; x_wconf 86' lang='lat' dir='ltr'>bene</span> <span class='ocrx_word' id='word_1_1734' title='bbox 875 2970 1040 3010; x_wconf 68' lang='lat' dir='ltr'>diffinierit,</span> <span class='ocrx_word' id='word_1_1735' title='bbox 1070 2969 1171 2995; x_wconf 89' lang='lat' dir='ltr'>farinae</span> <span class='ocrx_word' id='word_1_1736' title='bbox 1191 2966 1324 3002; x_wconf 78' lang='lat' dir='ltr'>siligineae</span> <span class='ocrx_word' id='word_1_1737' title='bbox 1386 2969 1453 3003; x_wconf 89' lang='lat' dir='ltr'>Scip.</span> <span class='ocrx_word' id='word_1_1738' title='bbox 1469 2978 1502 2995; x_wconf 91' lang='lat'>12.</span> <span class='ocrx_word' id='word_1_1739' title='bbox 1570 2969 1644 2995; x_wconf 88' lang='lat' dir='ltr'>Idem</span> <span class='ocrx_word' id='word_1_1740' title='bbox 1659 2968 1690 2995; x_wconf 85' lang='lat' dir='ltr'>de</span> <span class='ocrx_word' id='word_1_1741' title='bbox 1704 2970 1825 2996; x_wconf 84' lang='lat' dir='ltr'>Prouinc.</span> <span class='ocrx_word' id='word_1_1742' title='bbox 1839 2969 1946 2996; x_wconf 91' lang='lat' dir='ltr'>Consul.</span> <span class='ocrx_word' id='word_1_1743' title='bbox 1964 2978 1983 3002; x_wconf 81' lang='lat'>4</span> <span class='ocrx_word' id='word_1_1744' title='bbox 2009 2969 2045 2995; x_wconf 92' lang='lat' dir='ltr'>Vt</span> <span class='ocrx_word' id='word_1_1745' title='bbox 2063 2969 2114 2995; x_wconf 88' lang='lat' dir='ltr'>Via</span> <span class='ocrx_word' id='word_1_1746' title='bbox 2127 2969 2174 2996; x_wconf 89' lang='lat' dir='ltr'>illa</span> <span class='ocrx_word' id='word_1_1747' title='bbox 2185 2970 2283 3001; x_wconf 82' lang='lat' dir='ltr'>nostra,</span> <span class='ocrx_word' id='word_1_1748' title='bbox 2296 2978 2364 3004; x_wconf 85' lang='lat' dir='ltr'>quae</span> <span class='ocrx_word' id='word_1_1749' title='bbox 2376 2977 2426 3004; x_wconf 70' lang='lat' dir='ltr'>pen</span> 
     </span>
     <span class='ocr_line' id='line_1_80' title="bbox 290 3003 2426 3046; baseline -0.003 -10"><span class='ocrx_word' id='word_1_1750' title='bbox 290 3011 402 3044; x_wconf 80' lang='lat' dir='ltr'>libram,</span> <span class='ocrx_word' id='word_1_1751' title='bbox 422 3019 465 3038; x_wconf 75' lang='lat' dir='ltr'>etc.</span> <span class='ocrx_word' id='word_1_1752' title='bbox 503 3013 531 3038; x_wconf 89' lang='lat' dir='ltr'><strong>H</strong></span> <span class='ocrx_word' id='word_1_1753' title='bbox 523 3011 662 3046; x_wconf 67' lang='lat' dir='ltr'>ypsi-bolice</span> <span class='ocrx_word' id='word_1_1754' title='bbox 671 3029 679 3042; x_wconf 84' lang='lat'>,</span> <span class='ocrx_word' id='word_1_1755' title='bbox 702 3008 767 3034; x_wconf 86' lang='lat' dir='ltr'>Eum</span> <span class='ocrx_word' id='word_1_1756' title='bbox 780 3006 856 3032; x_wconf 81' lang='lat' dir='ltr'>basiis</span> <span class='ocrx_word' id='word_1_1757' title='bbox 869 3006 984 3032; x_wconf 77' lang='lat' dir='ltr'>distrnnt</span> <span class='ocrx_word' id='word_1_1758' title='bbox 1003 3006 1107 3032; x_wconf 81' lang='lat' dir='ltr'>Petron.</span> <span class='ocrx_word' id='word_1_1759' title='bbox 1121 3013 1143 3030; x_wconf 90' lang='lat' dir='ltr'>c.</span> <span class='ocrx_word' id='word_1_1760' title='bbox 1157 3012 1201 3036; x_wconf 84' lang='lat'>24.</span> <span class='ocrx_word' id='word_1_1761' title='bbox 1386 3004 1568 3032; x_wconf 85' lang='lat' dir='ltr'>Macedoniam</span> <span class='ocrx_word' id='word_1_1762' title='bbox 1581 3003 1616 3030; x_wconf 86' lang='lat' dir='ltr'>est</span> <span class='ocrx_word' id='word_1_1763' title='bbox 1630 3013 1712 3038; x_wconf 85' lang='lat' dir='ltr'>vsque</span> <span class='ocrx_word' id='word_1_1764' title='bbox 1725 3004 1755 3031; x_wconf 85' lang='lat' dir='ltr'>ad</span> <span class='ocrx_word' id='word_1_1765' title='bbox 1768 3005 1959 3039; x_wconf 78' lang='lat' dir='ltr'>Helespontum</span> <span class='ocrx_word' id='word_1_1766' title='bbox 1971 3003 2095 3030; x_wconf 82' lang='lat' dir='ltr'>militaris</span> <span class='ocrx_word' id='word_1_1767' title='bbox 2105 3024 2112 3036; x_wconf 91' lang='lat'>,</span> <span class='ocrx_word' id='word_1_1768' title='bbox 2130 3013 2185 3031; x_wconf 92' lang='lat' dir='ltr'>non</span> <span class='ocrx_word' id='word_1_1769' title='bbox 2196 3005 2280 3031; x_wconf 88' lang='lat' dir='ltr'>solum</span> <span class='ocrx_word' id='word_1_1770' title='bbox 2295 3005 2426 3032; x_wconf 83' lang='lat' dir='ltr'>excursio-</span> 
     </span>
     <span class='ocr_line' id='line_1_81' title="bbox 326 3039 2426 3079; baseline -0.003 -5"><span class='ocrx_word' id='word_1_1771' title='bbox 326 3054 362 3074; x_wconf 87' lang='lat' dir='ltr'>D1</span> <span class='ocrx_word' id='word_1_1772' title='bbox 373 3053 385 3072; x_wconf 83' lang='lat' dir='ltr'>s</span> <span class='ocrx_word' id='word_1_1773' title='bbox 395 3054 415 3073; x_wconf 88' lang='grc' dir='ltr'><em>Τ</em></span> <span class='ocrx_word' id='word_1_1774' title='bbox 425 3052 443 3073; x_wconf 82' lang='lat' dir='ltr'><strong>R</strong></span> <span class='ocrx_word' id='word_1_1775' title='bbox 457 3054 493 3074; x_wconf 91' lang='lat' dir='ltr'>1T</span> <span class='ocrx_word' id='word_1_1776' title='bbox 505 3053 524 3072; x_wconf 92' lang='lat' dir='ltr'>v</span> <span class='ocrx_word' id='word_1_1777' title='bbox 537 3053 549 3071; x_wconf 79' lang='lat' dir='ltr'>s</span> <span class='ocrx_word' id='word_1_1778' title='bbox 560 3066 569 3079; x_wconf 78' lang='lat'>,</span> <span class='ocrx_word' id='word_1_1779' title='bbox 598 3055 623 3078; x_wconf 85' lang='lat' dir='ltr'>a,</span> <span class='ocrx_word' id='word_1_1780' title='bbox 646 3054 700 3071; x_wconf 86' lang='lat' dir='ltr'>um.</span> <span class='ocrx_word' id='word_1_1781' title='bbox 750 3042 843 3069; x_wconf 80' lang='lat' dir='ltr'>Partic.</span> <span class='ocrx_word' id='word_1_1782' title='bbox 874 3041 1002 3067; x_wconf 80' lang='lat' dir='ltr'>Laudatur</span> <span class='ocrx_word' id='word_1_1783' title='bbox 1030 3040 1118 3066; x_wconf 87' lang='lat' dir='ltr'>Sidon.</span> <span class='ocrx_word' id='word_1_1784' title='bbox 1132 3040 1219 3067; x_wconf 81' lang='lat' dir='ltr'>Carm.</span> <span class='ocrx_word' id='word_1_1785' title='bbox 1235 3046 1262 3071; x_wconf 90' lang='lat'>9,</span> <span class='ocrx_word' id='word_1_1786' title='bbox 1278 3039 1323 3070; x_wconf 83' lang='grc'>336</span> <span class='ocrx_word' id='word_1_1787' title='bbox 1338 3042 1370 3069; x_wconf 81' lang='lat'>80</span> <span class='ocrx_word' id='word_1_1788' title='bbox 1385 3039 1464 3067; x_wconf 88' lang='lat' dir='ltr'>nibus</span> <span class='ocrx_word' id='word_1_1789' title='bbox 1477 3039 1653 3067; x_wconf 86' lang='lat' dir='ltr'>Barbarorum</span> <span class='ocrx_word' id='word_1_1790' title='bbox 1671 3040 1700 3066; x_wconf 84' lang='lat' dir='ltr'>fit</span> <span class='ocrx_word' id='word_1_1791' title='bbox 1719 3040 1834 3073; x_wconf 65' lang='lat' dir='ltr'>infecta,</span> <span class='ocrx_word' id='word_1_1792' title='bbox 1852 3040 1895 3066; x_wconf 83' lang='lat' dir='ltr'>sed</span> <span class='ocrx_word' id='word_1_1793' title='bbox 1913 3041 1994 3066; x_wconf 87' lang='lat' dir='ltr'>etiam</span> <span class='ocrx_word' id='word_1_1794' title='bbox 2015 3039 2103 3066; x_wconf 76' lang='lat' dir='ltr'>castris</span> <span class='ocrx_word' id='word_1_1795' title='bbox 2116 3040 2246 3069; x_wconf 81' lang='lat' dir='ltr'>Thraciis</span> <span class='ocrx_word' id='word_1_1796' title='bbox 2259 3040 2382 3067; x_wconf 63' lang='lat' dir='ltr'>distincta</span> <span class='ocrx_word' id='word_1_1797' title='bbox 2394 3049 2426 3067; x_wconf 81' lang='lat' dir='ltr'>ac</span> 
     </span>
    </p>
   </div>
   <div class='ocr_carea' id='block_1_16' title="bbox 291 3073 2478 3115">
    <p class='ocr_par' dir='ltr' id='par_1_31' title="bbox 291 3073 2478 3115">
     <span class='ocr_line' id='line_1_82' title="bbox 291 3073 2478 3115; baseline -0.003 -7"><span class='ocrx_word' id='word_1_1798' title='bbox 291 3082 366 3108; x_wconf 85' lang='lat' dir='ltr'>Valet</span> <span class='ocrx_word' id='word_1_1799' title='bbox 380 3081 511 3109; x_wconf 86' lang='lat' dir='ltr'>distritum</span> <span class='ocrx_word' id='word_1_1800' title='bbox 522 3081 607 3108; x_wconf 90' lang='lat' dir='ltr'>bonus</span> <span class='ocrx_word' id='word_1_1801' title='bbox 619 3080 749 3115; x_wconf 86' lang='lat' dir='ltr'>applicare</span> <span class='ocrx_word' id='word_1_1802' title='bbox 763 3077 842 3104; x_wconf 84' lang='lat' dir='ltr'>theta.</span> <span class='ocrx_word' id='word_1_1803' title='bbox 879 3076 926 3104; x_wconf 71' lang='lat' dir='ltr'>Sed</span> <span class='ocrx_word' id='word_1_1804' title='bbox 939 3077 972 3102; x_wconf 90' lang='lat' dir='ltr'>al.</span> <span class='ocrx_word' id='word_1_1805' title='bbox 987 3075 1158 3108; x_wconf 60' lang='lat' dir='ltr'>Distrifftum,</span> <span class='ocrx_word' id='word_1_1806' title='bbox 1177 3077 1196 3101; x_wconf 91' lang='lat' dir='ltr'>i.</span> <span class='ocrx_word' id='word_1_1807' title='bbox 1204 3073 1324 3110; x_wconf 71' lang='lat' dir='ltr'>flatrum,</span> <span class='ocrx_word' id='word_1_1808' title='bbox 1386 3081 1484 3102; x_wconf 83' lang='lat' dir='ltr'>notata.</span> <span class='ocrx_word' id='word_1_1809' title='bbox 1555 3075 1611 3101; x_wconf 84' lang='lat' dir='ltr'>Com</span> <span class='ocrx_word' id='word_1_1810' title='bbox 1629 3082 1694 3101; x_wconf 82' lang='lat' dir='ltr'>arat.</span> <span class='ocrx_word' id='word_1_1811' title='bbox 1706 3075 1883 3102; x_wconf 86' lang='lat' dir='ltr'>Macedonum</span> <span class='ocrx_word' id='word_1_1812' title='bbox 1895 3075 2007 3110; x_wconf 77' lang='lat' dir='ltr'>phalanx</span> <span class='ocrx_word' id='word_1_1813' title='bbox 2021 3075 2173 3102; x_wconf 84' lang='lat' dir='ltr'>immobilis</span> <span class='ocrx_word' id='word_1_1814' title='bbox 2185 3082 2211 3102; x_wconf 83' lang='lat' dir='ltr'>et</span> <span class='ocrx_word' id='word_1_1815' title='bbox 2222 3076 2301 3103; x_wconf 84' lang='lat' dir='ltr'>vnius</span> <span class='ocrx_word' id='word_1_1816' title='bbox 2313 3076 2433 3111; x_wconf 66' lang='lat' dir='ltr'>generis,</span> <span class='ocrx_word' id='word_1_1817' title='bbox 2477 3073 2478 3077; x_wconf 42' lang='lat'>¹</span> 
     </span>
    </p>
   </div>
   <div class='ocr_carea' id='block_1_17' title="bbox 290 3110 2427 3432">
    <p class='ocr_par' dir='ltr' id='par_1_32' title="bbox 290 3110 2426 3185">
     <span class='ocr_line' id='line_1_83' title="bbox 290 3110 2426 3153; baseline 0.002 -19"><span class='ocrx_word' id='word_1_1818' title='bbox 290 3117 451 3153; x_wconf 51' lang='lat' dir='ltr'>quodprohat</span> <span class='ocrx_word' id='word_1_1819' title='bbox 468 3118 566 3144; x_wconf 57' lang='lat' dir='ltr'>Sanam,</span> <span class='ocrx_word' id='word_1_1820' title='bbox 1386 3112 1506 3138; x_wconf 87' lang='lat' dir='ltr'>Romana</span> <span class='ocrx_word' id='word_1_1821' title='bbox 1518 3110 1592 3137; x_wconf 80' lang='lat' dir='ltr'>Acies</span> <span class='ocrx_word' id='word_1_1822' title='bbox 1622 3110 1769 3143; x_wconf 65' lang='lat' dir='ltr'>istinohor,</span> <span class='ocrx_word' id='word_1_1823' title='bbox 1792 3119 1824 3137; x_wconf 83' lang='lat' dir='ltr'>ex</span> <span class='ocrx_word' id='word_1_1824' title='bbox 1839 3111 1958 3145; x_wconf 87' lang='lat' dir='ltr'>pluribus</span> <span class='ocrx_word' id='word_1_1825' title='bbox 1976 3110 2092 3137; x_wconf 82' lang='lat' dir='ltr'>constans</span> <span class='ocrx_word' id='word_1_1826' title='bbox 2121 3111 2182 3137; x_wconf 91' lang='lat' dir='ltr'>Liu.</span> <span class='ocrx_word' id='word_1_1827' title='bbox 2196 3119 2223 3144; x_wconf 90' lang='lat'>9,</span> <span class='ocrx_word' id='word_1_1828' title='bbox 2237 3119 2274 3144; x_wconf 88' lang='lat'>19.</span> <span class='ocrx_word' id='word_1_1829' title='bbox 2345 3112 2426 3138; x_wconf 82' lang='lat' dir='ltr'>Vtro·</span> 
     </span>
     <span class='ocr_line' id='line_1_84' title="bbox 330 3143 2353 3185; baseline -0.002 -7"><span class='ocrx_word' id='word_1_1830' title='bbox 330 3159 348 3178; x_wconf 90' lang='grc'>1)</span> <span class='ocrx_word' id='word_1_1831' title='bbox 362 3159 390 3178; x_wconf 79' lang='lat' dir='ltr'>is</span> <span class='ocrx_word' id='word_1_1832' title='bbox 400 3160 421 3179; x_wconf 88' lang='lat' dir='ltr'>T</span> <span class='ocrx_word' id='word_1_1833' title='bbox 431 3151 443 3179; x_wconf 83' lang='grc' dir='ltr'><strong><em>ἴ</em></strong></span> <span class='ocrx_word' id='word_1_1834' title='bbox 453 3158 470 3178; x_wconf 89' lang='lat' dir='ltr'>c</span> <span class='ocrx_word' id='word_1_1835' title='bbox 482 3159 502 3178; x_wconf 74' lang='lat'>11</span> <span class='ocrx_word' id='word_1_1836' title='bbox 513 3159 532 3178; x_wconf 91' lang='lat' dir='ltr'>o</span> <span class='ocrx_word' id='word_1_1837' title='bbox 544 3158 578 3183; x_wconf 92' lang='lat' dir='ltr'>N,</span> <span class='ocrx_word' id='word_1_1838' title='bbox 592 3151 610 3177; x_wconf 90' lang='lat' dir='ltr'>i.</span> <span class='ocrx_word' id='word_1_1839' title='bbox 623 3160 649 3177; x_wconf 88' lang='lat' dir='ltr'>n.</span> <span class='ocrx_word' id='word_1_1840' title='bbox 669 3148 787 3184; x_wconf 71' lang='grc' dir='ltr'><strong><em>[δίς-ιχον]</em></strong></span> <span class='ocrx_word' id='word_1_1841' title='bbox 801 3149 916 3175; x_wconf 77' lang='lat' dir='ltr'>Geminus</span> <span class='ocrx_word' id='word_1_1842' title='bbox 928 3145 1020 3185; x_wconf 75' lang='lat' dir='ltr'>uersus.</span> <span class='ocrx_word' id='word_1_1843' title='bbox 1041 3143 1073 3171; x_wconf 61' lang='lat' dir='ltr'>dt}</span> <span class='ocrx_word' id='word_1_1844' title='bbox 1084 3145 1131 3177; x_wconf 86' lang='lat' dir='ltr'>bis,</span> <span class='ocrx_word' id='word_1_1845' title='bbox 1150 3146 1217 3177; x_wconf 73' lang='lat' dir='ltr'>es&#39;xor</span> <span class='ocrx_word' id='word_1_1846' title='bbox 1229 3143 1324 3184; x_wconf 59' lang='grc' dir='ltr'>υενῄιζπ</span> <span class='ocrx_word' id='word_1_1847' title='bbox 1387 3156 1440 3182; x_wconf 85' lang='lat' dir='ltr'>qne</span> <span class='ocrx_word' id='word_1_1848' title='bbox 1451 3145 1601 3173; x_wconf 65' lang='lat' dir='ltr'>distinctior</span> <span class='ocrx_word' id='word_1_1849' title='bbox 1620 3145 1715 3172; x_wconf 85' lang='lat' dir='ltr'>Cicero</span> <span class='ocrx_word' id='word_1_1850' title='bbox 1723 3145 1917 3172; x_wconf 73' lang='lat' dir='ltr'>Au6t.Dial.de</span> <span class='ocrx_word' id='word_1_1851' title='bbox 1926 3145 2085 3173; x_wconf 80' lang='lat' dir='ltr'>Oratoribus</span> <span class='ocrx_word' id='word_1_1852' title='bbox 2100 3155 2120 3172; x_wconf 93' lang='lat' dir='ltr'>c.</span> <span class='ocrx_word' id='word_1_1853' title='bbox 2130 3152 2164 3177; x_wconf 87' lang='lat'>18·</span> <span class='ocrx_word' id='word_1_1854' title='bbox 2182 3149 2200 3172; x_wconf 74' lang='lat' dir='ltr'>i.</span> <span class='ocrx_word' id='word_1_1855' title='bbox 2209 3146 2353 3174; x_wconf 80' lang='lat' dir='ltr'>dilucidior.</span> 
     </span>
    </p>

    <p class='ocr_par' dir='ltr' id='par_1_33' title="bbox 291 3178 2427 3293">
     <span class='ocr_line' id='line_1_85' title="bbox 291 3178 2427 3220; baseline -0.005 -7"><span class='ocrx_word' id='word_1_1856' title='bbox 291 3187 379 3213; x_wconf 78' lang='lat' dir='ltr'>Graeci</span> <span class='ocrx_word' id='word_1_1857' title='bbox 391 3187 486 3214; x_wconf 80' lang='lat' dir='ltr'>dicunt.</span> <span class='ocrx_word' id='word_1_1858' title='bbox 533 3186 646 3213; x_wconf 80' lang='lat' dir='ltr'>Martial.</span> <span class='ocrx_word' id='word_1_1859' title='bbox 662 3195 695 3218; x_wconf 84' lang='lat'>13,</span> <span class='ocrx_word' id='word_1_1860' title='bbox 709 3194 720 3217; x_wconf 83' lang='lat'>3</span> <span class='ocrx_word' id='word_1_1861' title='bbox 752 3185 822 3211; x_wconf 86' lang='lat' dir='ltr'>Haec</span> <span class='ocrx_word' id='word_1_1862' title='bbox 838 3183 898 3209; x_wconf 87' lang='lat' dir='ltr'>licet</span> <span class='ocrx_word' id='word_1_1863' title='bbox 910 3180 1118 3220; x_wconf 44' lang='lat' dir='ltr'>hospitibus-pro</span> <span class='ocrx_word' id='word_1_1864' title='bbox 1132 3188 1240 3207; x_wconf 87' lang='lat' dir='ltr'>munere</span> <span class='ocrx_word' id='word_1_1865' title='bbox 1253 3178 1324 3205; x_wconf 80' lang='lat' dir='ltr'>disli-</span> <span class='ocrx_word' id='word_1_1866' title='bbox 1423 3189 1481 3209; x_wconf 85' lang='lat' dir='ltr'>DIS</span> <span class='ocrx_word' id='word_1_1867' title='bbox 1490 3189 1529 3209; x_wconf 84' lang='lat' dir='ltr'>T1</span> <span class='ocrx_word' id='word_1_1868' title='bbox 1539 3188 1560 3207; x_wconf 89' lang='lat' dir='ltr'>N</span> <span class='ocrx_word' id='word_1_1869' title='bbox 1570 3188 1586 3208; x_wconf 90' lang='lat' dir='ltr'>c</span> <span class='ocrx_word' id='word_1_1870' title='bbox 1595 3187 1645 3208; x_wconf 85' lang='lat' dir='ltr'>Tv</span> <span class='ocrx_word' id='word_1_1871' title='bbox 1654 3188 1666 3207; x_wconf 88' lang='lat' dir='ltr'>s</span> <span class='ocrx_word' id='word_1_1872' title='bbox 1676 3201 1685 3213; x_wconf 91' lang='lat'>‚</span> <span class='ocrx_word' id='word_1_1873' title='bbox 1713 3179 1751 3207; x_wconf 69' lang='lat' dir='ltr'>sis.</span> <span class='ocrx_word' id='word_1_1874' title='bbox 1778 3191 1813 3208; x_wconf 81' lang='lat' dir='ltr'>m,</span> <span class='ocrx_word' id='word_1_1875' title='bbox 1856 3179 1995 3216; x_wconf 64' lang='grc' dir='ltr'>[διαςρλὴ]</span> <span class='ocrx_word' id='word_1_1876' title='bbox 2021 3180 2023 3188; x_wconf 74' lang='lat'><strong><em>¹</em></strong></span> <span class='ocrx_word' id='word_1_1877' title='bbox 2050 3181 2141 3209; x_wconf 67' lang='lat' dir='ltr'>Tacit,</span> <span class='ocrx_word' id='word_1_1878' title='bbox 2158 3182 2225 3208; x_wconf 69' lang='lat' dir='ltr'>Arm,</span> <span class='ocrx_word' id='word_1_1879' title='bbox 2240 3184 2267 3213; x_wconf 76' lang='lat'>6,</span> <span class='ocrx_word' id='word_1_1880' title='bbox 2279 3187 2310 3212; x_wconf 77' lang='lat'>28</span> <span class='ocrx_word' id='word_1_1881' title='bbox 2329 3183 2384 3209; x_wconf 71' lang='lat' dir='ltr'>Ore</span> <span class='ocrx_word' id='word_1_1882' title='bbox 2395 3189 2427 3209; x_wconf 68' lang='lat' dir='ltr'>ae</span> 
     </span>
     <span class='ocr_line' id='line_1_86' title="bbox 293 3215 2425 3255; baseline -0.001 -8"><span class='ocrx_word' id='word_1_1883' title='bbox 293 3222 339 3248; x_wconf 79' lang='lat' dir='ltr'>cha</span> <span class='ocrx_word' id='word_1_1884' title='bbox 351 3223 445 3250; x_wconf 83' lang='lat' dir='ltr'>mittas.</span> <span class='ocrx_word' id='word_1_1885' title='bbox 507 3221 624 3248; x_wconf 85' lang='lat' dir='ltr'>Disticha</span> <span class='ocrx_word' id='word_1_1886' title='bbox 635 3222 681 3255; x_wconf 88' lang='lat' dir='ltr'>qui</span> <span class='ocrx_word' id='word_1_1887' title='bbox 694 3220 802 3251; x_wconf 87' lang='lat' dir='ltr'>scribit,</span> <span class='ocrx_word' id='word_1_1888' title='bbox 822 3225 903 3253; x_wconf 83' lang='lat' dir='ltr'>puio,</span> <span class='ocrx_word' id='word_1_1889' title='bbox 920 3217 977 3244; x_wconf 88' lang='lat' dir='ltr'>vult</span> <span class='ocrx_word' id='word_1_1890' title='bbox 990 3216 1120 3242; x_wconf 78' lang='lat' dir='ltr'>breuitate</span> <span class='ocrx_word' id='word_1_1891' title='bbox 1134 3216 1235 3250; x_wconf 81' lang='lat' dir='ltr'>placere</span> <span class='ocrx_word' id='word_1_1892' title='bbox 1253 3215 1324 3240; x_wconf 82' lang='lat' dir='ltr'>Mar·</span> <span class='ocrx_word' id='word_1_1893' title='bbox 1339 3218 1369 3247; x_wconf 76' lang='lat'>83</span> <span class='ocrx_word' id='word_1_1894' title='bbox 1386 3217 1512 3244; x_wconf 64' lang='lat' dir='ltr'>distinetu</span> <span class='ocrx_word' id='word_1_1895' title='bbox 1530 3225 1673 3252; x_wconf 87' lang='lat' dir='ltr'>pennarum</span> <span class='ocrx_word' id='word_1_1896' title='bbox 1690 3224 1706 3242; x_wconf 82' lang='lat' dir='ltr'>a</span> <span class='ocrx_word' id='word_1_1897' title='bbox 1723 3217 1832 3244; x_wconf 82' lang='lat' dir='ltr'>caeteris</span> <span class='ocrx_word' id='word_1_1898' title='bbox 1850 3216 1944 3244; x_wconf 75' lang='lat' dir='ltr'>auibus</span> <span class='ocrx_word' id='word_1_1899' title='bbox 1964 3216 2110 3245; x_wconf 87' lang='lat' dir='ltr'>diuersum.</span> <span class='ocrx_word' id='word_1_1900' title='bbox 2143 3218 2181 3244; x_wconf 77' lang='lat' dir='ltr'>De</span> <span class='ocrx_word' id='word_1_1901' title='bbox 2200 3217 2326 3245; x_wconf 80' lang='lat' dir='ltr'>Phoenice.</span> <span class='ocrx_word' id='word_1_1902' title='bbox 2361 3217 2425 3244; x_wconf 82' lang='lat' dir='ltr'>Stat.</span> 
     </span>
     <span class='ocr_line' id='line_1_87' title="bbox 293 3249 1608 3293; baseline -0.001 -13"><span class='ocrx_word' id='word_1_1903' title='bbox 293 3256 348 3282; x_wconf 74' lang='lat' dir='ltr'>tial.</span> <span class='ocrx_word' id='word_1_1904' title='bbox 362 3262 383 3287; x_wconf 76' lang='lat'>8,</span> <span class='ocrx_word' id='word_1_1905' title='bbox 396 3266 436 3290; x_wconf 76' lang='lat'>29,</span> <span class='ocrx_word' id='word_1_1906' title='bbox 610 3253 631 3293; x_wconf 57' lang='lat' dir='ltr'><strong>ff</strong></span> <span class='ocrx_word' id='word_1_1907' title='bbox 653 3265 668 3282; x_wconf 87' lang='lat'>2</span> <span class='ocrx_word' id='word_1_1908' title='bbox 703 3255 780 3290; x_wconf 78' lang='lat' dir='ltr'>Apud</span> <span class='ocrx_word' id='word_1_1909' title='bbox 798 3252 901 3287; x_wconf 82' lang='lat' dir='ltr'>rusticos</span> <span class='ocrx_word' id='word_1_1910' title='bbox 918 3254 991 3279; x_wconf 75' lang='lat' dir='ltr'>aliter</span> <span class='ocrx_word' id='word_1_1911' title='bbox 1009 3254 1140 3285; x_wconf 82' lang='lat' dir='ltr'>accipitur.</span> <span class='ocrx_word' id='word_1_1912' title='bbox 1192 3249 1323 3277; x_wconf 88' lang='lat' dir='ltr'>Columel.</span> <span class='ocrx_word' id='word_1_1913' title='bbox 1386 3253 1450 3280; x_wconf 88' lang='lat' dir='ltr'>Silu.</span> <span class='ocrx_word' id='word_1_1914' title='bbox 1471 3261 1496 3286; x_wconf 82' lang='grc'>1,</span> <span class='ocrx_word' id='word_1_1915' title='bbox 1517 3260 1548 3285; x_wconf 78' lang='lat'>5,</span> <span class='ocrx_word' id='word_1_1916' title='bbox 1567 3261 1608 3285; x_wconf 87' lang='lat'>41.</span> 
     </span>
    </p>

    <p class='ocr_par' dir='ltr' id='par_1_34' title="bbox 294 3284 2427 3432">
     <span class='ocr_line' id='line_1_88' title="bbox 297 3284 2426 3326; baseline -0.003 -6"><span class='ocrx_word' id='word_1_1917' title='bbox 297 3297 320 3320; x_wconf 83' lang='lat'>2,</span> <span class='ocrx_word' id='word_1_1918' title='bbox 332 3299 357 3322; x_wconf 86' lang='lat'>9,</span> <span class='ocrx_word' id='word_1_1919' title='bbox 370 3294 396 3317; x_wconf 85' lang='grc'>16</span> <span class='ocrx_word' id='word_1_1920' title='bbox 426 3293 545 3319; x_wconf 85' lang='lat' dir='ltr'>Alterum</span> <span class='ocrx_word' id='word_1_1921' title='bbox 558 3299 664 3326; x_wconf 87' lang='lat' dir='ltr'>quoque</span> <span class='ocrx_word' id='word_1_1922' title='bbox 676 3299 755 3325; x_wconf 86' lang='lat' dir='ltr'>genus</span> <span class='ocrx_word' id='word_1_1923' title='bbox 775 3290 868 3316; x_wconf 85' lang='lat' dir='ltr'>hordei</span> <span class='ocrx_word' id='word_1_1924' title='bbox 883 3287 934 3320; x_wconf 82' lang='lat' dir='ltr'>est,</span> <span class='ocrx_word' id='word_1_1925' title='bbox 954 3286 1025 3322; x_wconf 90' lang='lat' dir='ltr'>quod</span> <span class='ocrx_word' id='word_1_1926' title='bbox 1040 3287 1086 3312; x_wconf 90' lang='lat' dir='ltr'>alii</span> <span class='ocrx_word' id='word_1_1927' title='bbox 1098 3286 1243 3312; x_wconf 78' lang='lat' dir='ltr'>Distichum</span> <span class='ocrx_word' id='word_1_1928' title='bbox 1253 3304 1259 3315; x_wconf 95' lang='lat'>,</span> <span class='ocrx_word' id='word_1_1929' title='bbox 1280 3294 1323 3318; x_wconf 77' lang='lat' dir='ltr'>ga·</span> <span class='ocrx_word' id='word_1_1930' title='bbox 1424 3294 1444 3314; x_wconf 87' lang='lat' dir='ltr'>D</span> <span class='ocrx_word' id='word_1_1931' title='bbox 1456 3295 1487 3315; x_wconf 76' lang='lat' dir='ltr'>is</span> <span class='ocrx_word' id='word_1_1932' title='bbox 1496 3294 1517 3314; x_wconf 83' lang='lat' dir='ltr'>&#39;r</span> <span class='ocrx_word' id='word_1_1933' title='bbox 1527 3294 1536 3313; x_wconf 96' lang='lat'>1</span> <span class='ocrx_word' id='word_1_1934' title='bbox 1547 3295 1568 3313; x_wconf 85' lang='lat' dir='ltr'>N</span> <span class='ocrx_word' id='word_1_1935' title='bbox 1578 3294 1594 3314; x_wconf 90' lang='lat' dir='ltr'>C</span> <span class='ocrx_word' id='word_1_1936' title='bbox 1604 3294 1626 3314; x_wconf 86' lang='lat' dir='ltr'>&#39;r</span> <span class='ocrx_word' id='word_1_1937' title='bbox 1636 3294 1663 3314; x_wconf 83' lang='grc' dir='ltr'><strong>Ε.</strong></span> <span class='ocrx_word' id='word_1_1938' title='bbox 1699 3286 1768 3313; x_wconf 85' lang='lat' dir='ltr'>Adu.</span> <span class='ocrx_word' id='word_1_1939' title='bbox 1803 3284 2002 3322; x_wconf 72' lang='grc' dir='ltr'>[διεςαλμένως]</span> <span class='ocrx_word' id='word_1_1940' title='bbox 2037 3287 2066 3314; x_wconf 76' lang='lat' dir='ltr'>Se</span> <span class='ocrx_word' id='word_1_1941' title='bbox 2083 3289 2184 3320; x_wconf 70' lang='lat' dir='ltr'>arathn,</span> <span class='ocrx_word' id='word_1_1942' title='bbox 2196 3286 2309 3321; x_wconf 80' lang='lat' dir='ltr'>diuifim:</span> <span class='ocrx_word' id='word_1_1943' title='bbox 2325 3293 2366 3320; x_wconf 88' lang='lat' dir='ltr'>vt,</span> <span class='ocrx_word' id='word_1_1944' title='bbox 2377 3286 2426 3314; x_wconf 77' lang='lat' dir='ltr'>Di-</span> 
     </span>
     <span class='ocr_line' id='line_1_89' title="bbox 296 3292 2427 3364; baseline -0 -13"><span class='ocrx_word' id='word_1_1945' title='bbox 296 3325 400 3364; x_wconf 80' lang='lat' dir='ltr'>laticum</span> <span class='ocrx_word' id='word_1_1946' title='bbox 416 3328 536 3354; x_wconf 89' lang='lat' dir='ltr'>nonnulli</span> <span class='ocrx_word' id='word_1_1947' title='bbox 549 3332 660 3358; x_wconf 87' lang='lat' dir='ltr'>vocant,</span> <span class='ocrx_word' id='word_1_1948' title='bbox 685 3325 808 3360; x_wconf 83' lang='lat' dir='ltr'>ponderis</span> <span class='ocrx_word' id='word_1_1949' title='bbox 828 3331 853 3351; x_wconf 88' lang='lat' dir='ltr'>et</span> <span class='ocrx_word' id='word_1_1950' title='bbox 873 3319 993 3350; x_wconf 68' lang='lat' dir='ltr'>candoris</span> <span class='ocrx_word' id='word_1_1951' title='bbox 1014 3322 1121 3353; x_wconf 86' lang='lat' dir='ltr'>eximii,</span> <span class='ocrx_word' id='word_1_1952' title='bbox 1146 3321 1210 3347; x_wconf 86' lang='lat' dir='ltr'>adeo</span> <span class='ocrx_word' id='word_1_1953' title='bbox 1229 3326 1258 3346; x_wconf 93' lang='lat' dir='ltr'>vt</span> <span class='ocrx_word' id='word_1_1954' title='bbox 1276 3320 1322 3346; x_wconf 86' lang='lat' dir='ltr'>tri·</span> <span class='ocrx_word' id='word_1_1955' title='bbox 1385 3322 1477 3350; x_wconf 64' lang='lat' dir='ltr'>stinc&#39;te</span> <span class='ocrx_word' id='word_1_1956' title='bbox 1490 3323 1603 3349; x_wconf 86' lang='lat' dir='ltr'>scribere</span> <span class='ocrx_word' id='word_1_1957' title='bbox 1637 3322 1693 3349; x_wconf 85' lang='lat' dir='ltr'>Cic.</span> <span class='ocrx_word' id='word_1_1958' title='bbox 1708 3322 1790 3348; x_wconf 87' lang='lat' dir='ltr'>Tusc.</span> <span class='ocrx_word' id='word_1_1959' title='bbox 1802 3331 1827 3353; x_wconf 87' lang='lat'>2,</span> <span class='ocrx_word' id='word_1_1960' title='bbox 1841 3330 1866 3357; x_wconf 85' lang='lat'>7.</span> <span class='ocrx_word' id='word_1_1961' title='bbox 1920 3323 1986 3349; x_wconf 85' lang='lat' dir='ltr'>Plin.</span> <span class='ocrx_word' id='word_1_1962' title='bbox 2001 3292 2082 3356; x_wconf 40' lang='lat' dir='ltr'>Epis&amp;</span> <span class='ocrx_word' id='word_1_1963' title='bbox 2094 3328 2116 3354; x_wconf 84' lang='lat'>8,</span> <span class='ocrx_word' id='word_1_1964' title='bbox 2128 3331 2153 3355; x_wconf 88' lang='lat'>2,</span> <span class='ocrx_word' id='word_1_1965' title='bbox 2167 3328 2181 3353; x_wconf 84' lang='lat'>8</span> <span class='ocrx_word' id='word_1_1966' title='bbox 2214 3325 2251 3350; x_wconf 81' lang='lat' dir='ltr'>Ex</span> <span class='ocrx_word' id='word_1_1967' title='bbox 2271 3322 2330 3358; x_wconf 85' lang='lat' dir='ltr'>ipsis</span> <span class='ocrx_word' id='word_1_1968' title='bbox 2343 3323 2427 3350; x_wconf 79' lang='lat' dir='ltr'>etiam</span> 
     </span>
     <span class='ocr_line' id='line_1_90' title="bbox 294 3356 2424 3397; baseline -0.003 -12"><span class='ocrx_word' id='word_1_1969' title='bbox 294 3364 349 3385; x_wconf 80' lang='lat' dir='ltr'>tico</span> <span class='ocrx_word' id='word_1_1970' title='bbox 367 3361 485 3395; x_wconf 79' lang='lat' dir='ltr'>mistum,</span> <span class='ocrx_word' id='word_1_1971' title='bbox 516 3362 621 3397; x_wconf 80' lang='lat' dir='ltr'>egregia</span> <span class='ocrx_word' id='word_1_1972' title='bbox 639 3360 736 3387; x_wconf 86' lang='lat' dir='ltr'>cibaria</span> <span class='ocrx_word' id='word_1_1973' title='bbox 757 3360 872 3387; x_wconf 84' lang='lat' dir='ltr'>familiae</span> <span class='ocrx_word' id='word_1_1974' title='bbox 891 3358 1021 3394; x_wconf 86' lang='lat' dir='ltr'>praebeat.</span> <span class='ocrx_word' id='word_1_1975' title='bbox 1077 3356 1164 3384; x_wconf 72' lang='lat' dir='ltr'>Eadem</span> <span class='ocrx_word' id='word_1_1976' title='bbox 1184 3359 1279 3382; x_wconf 75' lang='lat' dir='ltr'>ratione</span> <span class='ocrx_word' id='word_1_1977' title='bbox 1295 3361 1324 3381; x_wconf 83' lang='lat' dir='ltr'>vt</span> <span class='ocrx_word' id='word_1_1978' title='bbox 1386 3368 1453 3392; x_wconf 81' lang='lat' dir='ltr'>quos</span> <span class='ocrx_word' id='word_1_1979' title='bbox 1464 3367 1518 3385; x_wconf 86' lang='lat' dir='ltr'>non</span> <span class='ocrx_word' id='word_1_1980' title='bbox 1534 3367 1583 3384; x_wconf 85' lang='lat' dir='ltr'>vna</span> <span class='ocrx_word' id='word_1_1981' title='bbox 1610 3361 1658 3390; x_wconf 85' lang='lat' dir='ltr'>(vt</span> <span class='ocrx_word' id='word_1_1982' title='bbox 1672 3357 1787 3389; x_wconf 78' lang='lat' dir='ltr'>dicitur)</span> <span class='ocrx_word' id='word_1_1983' title='bbox 1810 3357 1924 3392; x_wconf 82' lang='lat' dir='ltr'>pertica,</span> <span class='ocrx_word' id='word_1_1984' title='bbox 1953 3357 1996 3384; x_wconf 86' lang='lat' dir='ltr'>sed</span> <span class='ocrx_word' id='word_1_1985' title='bbox 2011 3357 2147 3389; x_wconf 62' lang='lat' dir='ltr'>distinete,</span> <span class='ocrx_word' id='word_1_1986' title='bbox 2171 3359 2354 3393; x_wconf 77' lang='lat' dir='ltr'>gradatimque</span> <span class='ocrx_word' id='word_1_1987' title='bbox 2372 3362 2424 3384; x_wconf 63' lang='lat' dir='ltr'>tra-</span> 
     </span>
     <span class='ocr_line' id='line_1_91' title="bbox 295 3392 2424 3432; baseline -0.001 -11"><span class='ocrx_word' id='word_1_1988' title='bbox 295 3395 469 3421; x_wconf 76' lang='lat' dir='ltr'>Hexastichon</span> <span class='ocrx_word' id='word_1_1989' title='bbox 482 3398 574 3424; x_wconf 84' lang='lat' dir='ltr'>dicitur</span> <span class='ocrx_word' id='word_1_1990' title='bbox 587 3407 601 3423; x_wconf 89' lang='lat' dir='ltr'>a</span> <span class='ocrx_word' id='word_1_1991' title='bbox 613 3405 711 3423; x_wconf 76' lang='lat' dir='ltr'>numero</span> <span class='ocrx_word' id='word_1_1992' title='bbox 720 3396 840 3432; x_wconf 65' lang='lat' dir='ltr'>ferierunt</span> <span class='ocrx_word' id='word_1_1993' title='bbox 849 3415 857 3428; x_wconf 89' lang='lat'>,</span> <span class='ocrx_word' id='word_1_1994' title='bbox 884 3395 970 3431; x_wconf 81' lang='lat' dir='ltr'>quibus</span> <span class='ocrx_word' id='word_1_1995' title='bbox 982 3402 1061 3430; x_wconf 84' lang='lat' dir='ltr'>grana</span> <span class='ocrx_word' id='word_1_1996' title='bbox 1075 3392 1231 3419; x_wconf 78' lang='lat' dir='ltr'>ordinantur.</span> <span class='ocrx_word' id='word_1_1997' title='bbox 1337 3396 1372 3421; x_wconf 91' lang='lat'>90</span> <span class='ocrx_word' id='word_1_1998' title='bbox 1387 3394 1465 3420; x_wconf 69' lang='lat' dir='ltr'>claui.</span> <span class='ocrx_word' id='word_1_1999' title='bbox 1523 3394 1579 3420; x_wconf 87' lang='lat' dir='ltr'>Cic.</span> <span class='ocrx_word' id='word_1_2000' title='bbox 1593 3393 1624 3419; x_wconf 90' lang='lat' dir='ltr'>de</span> <span class='ocrx_word' id='word_1_2001' title='bbox 1638 3394 1739 3419; x_wconf 89' lang='lat' dir='ltr'>Inuent.</span> <span class='ocrx_word' id='word_1_2002' title='bbox 1756 3401 1776 3425; x_wconf 91' lang='lat'>1,</span> <span class='ocrx_word' id='word_1_2003' title='bbox 1789 3401 1808 3426; x_wconf 92' lang='lat'>4</span> <span class='ocrx_word' id='word_1_2004' title='bbox 1834 3392 1988 3419; x_wconf 72' lang='lat' dir='ltr'>Distinffius</span> <span class='ocrx_word' id='word_1_2005' title='bbox 2001 3392 2150 3420; x_wconf 86' lang='lat' dir='ltr'>dicendum.</span> <span class='ocrx_word' id='word_1_2006' title='bbox 2186 3394 2255 3421; x_wconf 77' lang='lat' dir='ltr'>Add.</span> <span class='ocrx_word' id='word_1_2007' title='bbox 2270 3393 2306 3419; x_wconf 85' lang='grc'><strong>11).</strong></span> <span class='ocrx_word' id='word_1_2008' title='bbox 2318 3401 2331 3418; x_wconf 90' lang='lat'>2</span> <span class='ocrx_word' id='word_1_2009' title='bbox 2345 3401 2366 3418; x_wconf 86' lang='lat' dir='ltr'>c.</span> <span class='ocrx_word' id='word_1_2010' title='bbox 2380 3400 2424 3425; x_wconf 86' lang='lat'>29.</span> 
     </span>
    </p>
   </div>
   <div class='ocr_carea' id='block_1_18' title="bbox 299 3424 2424 3500">
    <p class='ocr_par' dir='ltr' id='par_1_35' title="bbox 299 3424 2424 3500">
     <span class='ocr_line' id='line_1_92' title="bbox 334 3424 2424 3468; baseline -0.001 -12"><span class='ocrx_word' id='word_1_2011' title='bbox 334 3435 546 3468; x_wconf 72' lang='lat' dir='ltr'>DtsT1L1,0,</span> <span class='ocrx_word' id='word_1_2012' title='bbox 570 3437 622 3459; x_wconf 75' lang='lat' dir='ltr'>are.</span> <span class='ocrx_word' id='word_1_2013' title='bbox 657 3430 806 3466; x_wconf 47' lang='lat' dir='ltr'>[dnaeoe&#39;g‘Q</span> <span class='ocrx_word' id='word_1_2014' title='bbox 826 3429 968 3466; x_wconf 59' lang='lat' dir='ltr'>naruspglsw]</span> <span class='ocrx_word' id='word_1_2015' title='bbox 1004 3424 1325 3463; x_wconf 73' lang='lat' dir='ltr'>Paullatimfluerefignrfi·</span> <span class='ocrx_word' id='word_1_2016' title='bbox 1387 3428 1453 3456; x_wconf 85' lang='lat' dir='ltr'>Phil.</span> <span class='ocrx_word' id='word_1_2017' title='bbox 1471 3437 1484 3454; x_wconf 85' lang='lat'><strong>2</strong></span> <span class='ocrx_word' id='word_1_2018' title='bbox 1499 3438 1520 3455; x_wconf 85' lang='lat' dir='ltr'>c.</span> <span class='ocrx_word' id='word_1_2019' title='bbox 1536 3437 1569 3460; x_wconf 85' lang='grc'>13.</span> <span class='ocrx_word' id='word_1_2020' title='bbox 1640 3428 1782 3459; x_wconf 70' lang='lat' dir='ltr'>Distinc&#39;te‚</span> <span class='ocrx_word' id='word_1_2021' title='bbox 1800 3428 1942 3462; x_wconf 82' lang='lat' dir='ltr'>explicate,</span> <span class='ocrx_word' id='word_1_2022' title='bbox 1967 3428 2144 3462; x_wconf 74' lang='lat' dir='ltr'>abundanter,</span> <span class='ocrx_word' id='word_1_2023' title='bbox 2171 3429 2318 3456; x_wconf 79' lang='lat' dir='ltr'>illuminate</span> <span class='ocrx_word' id='word_1_2024' title='bbox 2336 3433 2363 3454; x_wconf 87' lang='lat' dir='ltr'>et</span> <span class='ocrx_word' id='word_1_2025' title='bbox 2383 3436 2424 3455; x_wconf 86' lang='lat' dir='ltr'>re-</span> 
     </span>
     <span class='ocr_line' id='line_1_93' title="bbox 299 3462 2304 3500; baseline 0.001 -13"><span class='ocrx_word' id='word_1_2026' title='bbox 299 3469 347 3488; x_wconf 83' lang='lat' dir='ltr'>eat.</span> <span class='ocrx_word' id='word_1_2027' title='bbox 380 3465 453 3497; x_wconf 84' lang='lat' dir='ltr'>Virg.</span> <span class='ocrx_word' id='word_1_2028' title='bbox 468 3465 560 3500; x_wconf 80' lang='lat' dir='ltr'>Georg.</span> <span class='ocrx_word' id='word_1_2029' title='bbox 575 3476 597 3500; x_wconf 90' lang='grc'>3,</span> <span class='ocrx_word' id='word_1_2030' title='bbox 610 3472 652 3498; x_wconf 79' lang='lat'>281</span> <span class='ocrx_word' id='word_1_2031' title='bbox 682 3467 793 3494; x_wconf 88' lang='lat' dir='ltr'>Lentum</span> <span class='ocrx_word' id='word_1_2032' title='bbox 811 3465 917 3492; x_wconf 85' lang='lat' dir='ltr'>distillat</span> <span class='ocrx_word' id='word_1_2033' title='bbox 929 3464 962 3491; x_wconf 83' lang='lat' dir='ltr'>ab</span> <span class='ocrx_word' id='word_1_2034' title='bbox 976 3463 1085 3498; x_wconf 82' lang='lat' dir='ltr'>inguine</span> <span class='ocrx_word' id='word_1_2035' title='bbox 1102 3463 1186 3489; x_wconf 87' lang='lat' dir='ltr'>virus.</span> <span class='ocrx_word' id='word_1_2036' title='bbox 1221 3463 1265 3488; x_wconf 85' lang='lat' dir='ltr'>Al.</span> <span class='ocrx_word' id='word_1_2037' title='bbox 1280 3462 1324 3487; x_wconf 88' lang='lat' dir='ltr'>de·</span> <span class='ocrx_word' id='word_1_2038' title='bbox 1386 3464 1435 3491; x_wconf 85' lang='lat' dir='ltr'>bus</span> <span class='ocrx_word' id='word_1_2039' title='bbox 1449 3470 1473 3490; x_wconf 90' lang='lat' dir='ltr'>et</span> <span class='ocrx_word' id='word_1_2040' title='bbox 1487 3463 1575 3490; x_wconf 86' lang='lat' dir='ltr'>verbis</span> <span class='ocrx_word' id='word_1_2041' title='bbox 1589 3463 1677 3490; x_wconf 88' lang='lat' dir='ltr'>dicere</span> <span class='ocrx_word' id='word_1_2042' title='bbox 1695 3464 1751 3490; x_wconf 91' lang='lat' dir='ltr'>Cic.</span> <span class='ocrx_word' id='word_1_2043' title='bbox 1769 3463 1799 3489; x_wconf 89' lang='lat' dir='ltr'>de</span> <span class='ocrx_word' id='word_1_2044' title='bbox 1813 3464 1886 3490; x_wconf 89' lang='lat' dir='ltr'>Orat.</span> <span class='ocrx_word' id='word_1_2045' title='bbox 1901 3472 1924 3495; x_wconf 83' lang='grc'>3,</span> <span class='ocrx_word' id='word_1_2046' title='bbox 1938 3472 1978 3496; x_wconf 80' lang='grc' dir='ltr'><strong>ςο.</strong></span> <span class='ocrx_word' id='word_1_2047' title='bbox 2013 3464 2082 3490; x_wconf 75' lang='lat' dir='ltr'>Add.</span> <span class='ocrx_word' id='word_1_2048' title='bbox 2099 3465 2127 3490; x_wconf 90' lang='lat' dir='ltr'>in</span> <span class='ocrx_word' id='word_1_2049' title='bbox 2140 3465 2214 3492; x_wconf 81' lang='lat' dir='ltr'>Orat.</span> <span class='ocrx_word' id='word_1_2050' title='bbox 2227 3474 2249 3490; x_wconf 91' lang='lat' dir='ltr'>c.</span> <span class='ocrx_word' id='word_1_2051' title='bbox 2263 3467 2304 3493; x_wconf 86' lang='lat'>28.</span> 
     </span>
    </p>
   </div>
   <div class='ocr_carea' id='block_1_19' title="bbox 299 3495 2443 3963">
    <p class='ocr_par' dir='ltr' id='par_1_36' title="bbox 299 3495 2443 3785">
     <span class='ocr_line' id='line_1_94' title="bbox 301 3495 2423 3540; baseline 0.002 -19"><span class='ocrx_word' id='word_1_2052' title='bbox 301 3496 378 3523; x_wconf 79' lang='lat' dir='ltr'>stillat</span> <span class='ocrx_word' id='word_1_2053' title='bbox 387 3517 394 3528; x_wconf 98' lang='lat'>‚</span> <span class='ocrx_word' id='word_1_2054' title='bbox 415 3498 552 3540; x_wconf 53' lang='lat' dir='ltr'>quodsorrg</span> <span class='ocrx_word' id='word_1_2055' title='bbox 563 3504 654 3529; x_wconf 68' lang='lat' dir='ltr'>melius.</span> <span class='ocrx_word' id='word_1_2056' title='bbox 709 3502 815 3537; x_wconf 61' lang='lat' dir='ltr'>Aesane</span> <span class='ocrx_word' id='word_1_2057' title='bbox 828 3499 928 3535; x_wconf 66' lang='lat' dir='ltr'>difficile</span> <span class='ocrx_word' id='word_1_2058' title='bbox 942 3497 1070 3532; x_wconf 65' lang='lat' dir='ltr'>qllvtrum</span> <span class='ocrx_word' id='word_1_2059' title='bbox 1084 3507 1115 3540; x_wconf 59' lang='lat' dir='ltr'>⁸ue</span> <span class='ocrx_word' id='word_1_2060' title='bbox 1127 3506 1202 3539; x_wconf 73' lang='lat' dir='ltr'>gmus</span> <span class='ocrx_word' id='word_1_2061' title='bbox 1215 3506 1264 3539; x_wconf 70' lang='lat' dir='ltr'>cam</span> <span class='ocrx_word' id='word_1_2062' title='bbox 1283 3495 1325 3538; x_wconf 63' lang='lat' dir='ltr'>⁰fi?</span> <span class='ocrx_word' id='word_1_2063' title='bbox 1424 3507 1442 3526; x_wconf 88' lang='lat' dir='ltr'>D</span> <span class='ocrx_word' id='word_1_2064' title='bbox 1451 3507 1460 3525; x_wconf 89' lang='lat'>1</span> <span class='ocrx_word' id='word_1_2065' title='bbox 1469 3505 1482 3524; x_wconf 90' lang='lat' dir='ltr'>s</span> <span class='ocrx_word' id='word_1_2066' title='bbox 1492 3505 1514 3525; x_wconf 89' lang='lat' dir='ltr'>T</span> <span class='ocrx_word' id='word_1_2067' title='bbox 1524 3507 1533 3525; x_wconf 90' lang='lat'>1</span> <span class='ocrx_word' id='word_1_2068' title='bbox 1544 3506 1564 3524; x_wconf 87' lang='lat' dir='ltr'>N</span> <span class='ocrx_word' id='word_1_2069' title='bbox 1575 3504 1592 3525; x_wconf 90' lang='lat' dir='ltr'>c</span> <span class='ocrx_word' id='word_1_2070' title='bbox 1603 3506 1624 3526; x_wconf 89' lang='lat' dir='ltr'>T</span> <span class='ocrx_word' id='word_1_2071' title='bbox 1635 3505 1689 3530; x_wconf 84' lang='lat'>10,</span> <span class='ocrx_word' id='word_1_2072' title='bbox 1706 3499 1773 3524; x_wconf 79' lang='lat' dir='ltr'>onis.</span> <span class='ocrx_word' id='word_1_2073' title='bbox 1797 3499 1817 3524; x_wconf 85' lang='lat' dir='ltr'>f.</span> <span class='ocrx_word' id='word_1_2074' title='bbox 1854 3496 1985 3531; x_wconf 48' lang='grc' dir='ltr'>[διαέςιξιῃ</span> <span class='ocrx_word' id='word_1_2075' title='bbox 2003 3496 2122 3534; x_wconf 53' lang='lat' dir='ltr'>diarum]</span> <span class='ocrx_word' id='word_1_2076' title='bbox 2158 3499 2267 3534; x_wconf 76' lang='lat' dir='ltr'>Diurfio,</span> <span class='ocrx_word' id='word_1_2077' title='bbox 2283 3498 2423 3534; x_wconf 77' lang='lat' dir='ltr'>separatio.</span> 
     </span>
     <span class='ocr_line' id='line_1_95' title="bbox 299 3531 2422 3600; baseline -0.002 -37"><span class='ocrx_word' id='word_1_2078' title='bbox 299 3531 722 3600; x_wconf 42' lang='grc' dir='ltr'>ἱᾚυίέἐῖῇἶῑιῇῗέἴὶηῖὲἓᾖᾷῡονιυη</span> <span class='ocrx_word' id='word_1_2079' title='bbox 735 3538 761 3563; x_wconf 81' lang='lat' dir='ltr'>di</span> <span class='ocrx_word' id='word_1_2080' title='bbox 774 3546 878 3598; x_wconf 48' lang='lat' dir='ltr'>cea-neira</span> <span class='ocrx_word' id='word_1_2081' title='bbox 915 3534 1065 3596; x_wconf 55' lang='lat' dir='ltr'>{Jistilllarell</span> <span class='ocrx_word' id='word_1_2082' title='bbox 1078 3532 1262 3594; x_wconf 36' lang='lat' dir='ltr'>txer1m‚dvb1⁴p</span> <span class='ocrx_word' id='word_1_2083' title='bbox 1274 3542 1325 3558; x_wconf 78' lang='lat' dir='ltr'>url-</span> <span class='ocrx_word' id='word_1_2084' title='bbox 1360 3575 1371 3583; x_wconf 40' lang='grc' dir='ltr'><strong><em>ι</em></strong></span> <span class='ocrx_word' id='word_1_2085' title='bbox 1386 3534 1443 3561; x_wconf 90' lang='lat' dir='ltr'>Cic.</span> <span class='ocrx_word' id='word_1_2086' title='bbox 1457 3534 1535 3560; x_wconf 85' lang='lat' dir='ltr'>Acad.</span> <span class='ocrx_word' id='word_1_2087' title='bbox 1550 3543 1578 3568; x_wconf 91' lang='lat'>4,</span> <span class='ocrx_word' id='word_1_2088' title='bbox 1591 3541 1626 3574; x_wconf 75' lang='grc' dir='ltr'>’ῃ</span> <span class='ocrx_word' id='word_1_2089' title='bbox 1660 3534 1731 3566; x_wconf 77' lang='lat' dir='ltr'>Quia</span> <span class='ocrx_word' id='word_1_2090' title='bbox 1750 3533 1822 3574; x_wconf 77' lang='lat' dir='ltr'>nulla</span> <span class='ocrx_word' id='word_1_2091' title='bbox 1842 3540 1962 3574; x_wconf 82' lang='lat' dir='ltr'>appareat</span> <span class='ocrx_word' id='word_1_2092' title='bbox 1982 3534 2010 3575; x_wconf 76' lang='lat' dir='ltr'>in</span> <span class='ocrx_word' id='word_1_2093' title='bbox 2029 3534 2089 3562; x_wconf 82' lang='lat' dir='ltr'>visis</span> <span class='ocrx_word' id='word_1_2094' title='bbox 2108 3535 2251 3576; x_wconf 42' lang='lat' dir='ltr'>dist-instio.</span> <span class='ocrx_word' id='word_1_2095' title='bbox 2306 3533 2373 3559; x_wconf 82' lang='lat' dir='ltr'>Ibid.</span> <span class='ocrx_word' id='word_1_2096' title='bbox 2389 3541 2422 3566; x_wconf 74' lang='lat'>43</span> 
     </span>
     <span class='ocr_line' id='line_1_96' title="bbox 301 3568 2424 3641; baseline 0.002 -16"><span class='ocrx_word' id='word_1_2097' title='bbox 301 3595 432 3639; x_wconf 76' lang='lat' dir='ltr'>descensus</span> <span class='ocrx_word' id='word_1_2098' title='bbox 442 3576 577 3639; x_wconf 67' lang='lat' dir='ltr'>indicatiqtr.</span> <span class='ocrx_word' id='word_1_2099' title='bbox 608 3579 738 3641; x_wconf 43' lang='lat' dir='ltr'>&#39;Cbliliiheh</span> <span class='ocrx_word' id='word_1_2100' title='bbox 754 3581 791 3640; x_wconf 65' lang='lat' dir='ltr'>ize,</span> <span class='ocrx_word' id='word_1_2101' title='bbox 803 3570 1180 3640; x_wconf 44' lang='grc' dir='ltr'><strong>111Ῐ1-61ῗ101εχὲι112111ῗ11171ιῗ111η</strong></span> <span class='ocrx_word' id='word_1_2102' title='bbox 1193 3568 1325 3636; x_wconf 35' lang='lat' dir='ltr'>1²⁵1&amp;ssssAE</span> <span class='ocrx_word' id='word_1_2103' title='bbox 1339 3577 1370 3602; x_wconf 63' lang='lat'>9)</span> <span class='ocrx_word' id='word_1_2104' title='bbox 1387 3569 2186 3639; x_wconf 44' lang='lat' dir='ltr'>gniiaeliiinisiiniiii‘ticttigciiiiaqiiiifiiliigig}quaecsiisadgalggt&#39;in·</span> <span class='ocrx_word' id='word_1_2105' title='bbox 2197 3570 2373 3630; x_wconf 51' lang='lat' dir='ltr'>2’C2’gusffliaii</span> <span class='ocrx_word' id='word_1_2106' title='bbox 2383 3568 2424 3630; x_wconf 55' lang='grc' dir='ltr'>111ξ</span> 
     </span>
     <span class='ocr_line' id='line_1_97' title="bbox 302 3634 2422 3682; baseline -0.003 -11"><span class='ocrx_word' id='word_1_2107' title='bbox 302 3640 363 3666; x_wconf 63' lang='lat'>“¹³³</span> <span class='ocrx_word' id='word_1_2108' title='bbox 378 3634 448 3671; x_wconf 73' lang='lat' dir='ltr'>quod</span> <span class='ocrx_word' id='word_1_2109' title='bbox 463 3635 627 3682; x_wconf 53' lang='lat' dir='ltr'>dJst¹¹¹,³1¹.er¹t</span> <span class='ocrx_word' id='word_1_2110' title='bbox 641 3645 695 3665; x_wconf 71' lang='lat' dir='ltr'>ante</span> <span class='ocrx_word' id='word_1_2111' title='bbox 707 3650 783 3674; x_wconf 74' lang='lat' dir='ltr'>quam</span> <span class='ocrx_word' id='word_1_2112' title='bbox 801 3643 915 3668; x_wconf 76' lang='lat' dir='ltr'>nimium</span> <span class='ocrx_word' id='word_1_2113' title='bbox 928 3640 1040 3667; x_wconf 75' lang='lat' dir='ltr'>calcetur</span> <span class='ocrx_word' id='word_1_2114' title='bbox 1052 3647 1111 3665; x_wconf 79' lang='lat' dir='ltr'>vua.</span> <span class='ocrx_word' id='word_1_2115' title='bbox 1165 3638 1238 3674; x_wconf 79' lang='lat' dir='ltr'>conf.</span> <span class='ocrx_word' id='word_1_2116' title='bbox 1252 3638 1325 3672; x_wconf 76' lang='lat' dir='ltr'>Apic.</span> <span class='ocrx_word' id='word_1_2117' title='bbox 1387 3641 1494 3668; x_wconf 70' lang='lat' dir='ltr'>stinffio</span> <span class='ocrx_word' id='word_1_2118' title='bbox 1506 3649 1534 3666; x_wconf 74' lang='lat' dir='ltr'>ac</span> <span class='ocrx_word' id='word_1_2119' title='bbox 1548 3639 1729 3666; x_wconf 79' lang='lat' dir='ltr'>difflmilitudo</span> <span class='ocrx_word' id='word_1_2120' title='bbox 1754 3639 1827 3667; x_wconf 71' lang='lat' dir='ltr'>mem</span> <span class='ocrx_word' id='word_1_2121' title='bbox 1841 3639 1872 3665; x_wconf 75' lang='lat' dir='ltr'>de</span> <span class='ocrx_word' id='word_1_2122' title='bbox 1886 3641 1950 3666; x_wconf 68' lang='lat' dir='ltr'>Fato</span> <span class='ocrx_word' id='word_1_2123' title='bbox 1968 3650 2007 3674; x_wconf 75' lang='lat'>43.</span> <span class='ocrx_word' id='word_1_2124' title='bbox 2079 3639 2170 3667; x_wconf 66' lang='lat' dir='ltr'>radiis</span> <span class='ocrx_word' id='word_1_2125' title='bbox 2183 3639 2218 3664; x_wconf 74' lang='lat' dir='ltr'>est</span> <span class='ocrx_word' id='word_1_2126' title='bbox 2233 3638 2369 3666; x_wconf 67' lang='lat' dir='ltr'>distinctio</span> <span class='ocrx_word' id='word_1_2127' title='bbox 2381 3639 2422 3665; x_wconf 73' lang='lat' dir='ltr'>in-</span> 
     </span>
     <span class='ocr_line' id='line_1_98' title="bbox 302 3670 2423 3710; baseline 0.001 -11"><span class='ocrx_word' id='word_1_2128' title='bbox 302 3677 367 3709; x_wconf 34' lang='lat'>7‚-9·</span> <span class='ocrx_word' id='word_1_2129' title='bbox 420 3670 509 3703; x_wconf 66' lang='lat' dir='ltr'>Aqssde</span> <span class='ocrx_word' id='word_1_2130' title='bbox 520 3670 642 3710; x_wconf 64' lang='lat' dir='ltr'>dlstlllfln}</span> <span class='ocrx_word' id='word_1_2131' title='bbox 655 3681 698 3705; x_wconf 80' lang='lat' dir='ltr'>per</span> <span class='ocrx_word' id='word_1_2132' title='bbox 712 3677 797 3707; x_wconf 60' lang='lat' dir='ltr'>peonis</span> <span class='ocrx_word' id='word_1_2133' title='bbox 813 3676 904 3704; x_wconf 88' lang='lat' dir='ltr'>Claud.</span> <span class='ocrx_word' id='word_1_2134' title='bbox 919 3677 946 3702; x_wconf 91' lang='lat' dir='ltr'>in</span> <span class='ocrx_word' id='word_1_2135' title='bbox 959 3676 1036 3701; x_wconf 89' lang='lat' dir='ltr'>Cons.</span> <span class='ocrx_word' id='word_1_2136' title='bbox 1045 3674 1122 3701; x_wconf 85' lang='lat' dir='ltr'>Prob.</span> <span class='ocrx_word' id='word_1_2137' title='bbox 1138 3679 1164 3700; x_wconf 88' lang='lat' dir='ltr'>et</span> <span class='ocrx_word' id='word_1_2138' title='bbox 1176 3674 1255 3706; x_wconf 90' lang='lat' dir='ltr'>Olyb.</span> <span class='ocrx_word' id='word_1_2139' title='bbox 1271 3682 1324 3699; x_wconf 77' lang='lat'>222.</span> <span class='ocrx_word' id='word_1_2140' title='bbox 1388 3677 1465 3710; x_wconf 81' lang='lat' dir='ltr'>genui</span> <span class='ocrx_word' id='word_1_2141' title='bbox 1478 3683 1503 3702; x_wconf 86' lang='lat' dir='ltr'>et</span> <span class='ocrx_word' id='word_1_2142' title='bbox 1515 3675 1651 3702; x_wconf 85' lang='lat' dir='ltr'>illiberalis</span> <span class='ocrx_word' id='word_1_2143' title='bbox 1681 3675 1736 3702; x_wconf 83' lang='lat' dir='ltr'>Cic.</span> <span class='ocrx_word' id='word_1_2144' title='bbox 1751 3674 1803 3701; x_wconf 82' lang='lat' dir='ltr'>Off.</span> <span class='ocrx_word' id='word_1_2145' title='bbox 1828 3684 1836 3702; x_wconf 95' lang='lat'>1</span> <span class='ocrx_word' id='word_1_2146' title='bbox 1854 3685 1875 3701; x_wconf 89' lang='lat' dir='ltr'>c.</span> <span class='ocrx_word' id='word_1_2147' title='bbox 1890 3684 1931 3708; x_wconf 86' lang='lat'>29.</span> <span class='ocrx_word' id='word_1_2148' title='bbox 2002 3676 2133 3703; x_wconf 79' lang='lat' dir='ltr'>Iustorum</span> <span class='ocrx_word' id='word_1_2149' title='bbox 2151 3674 2363 3708; x_wconf 87' lang='lat' dir='ltr'>iniustorumque</span> <span class='ocrx_word' id='word_1_2150' title='bbox 2380 3674 2423 3702; x_wconf 79' lang='lat' dir='ltr'>‹li-</span> 
     </span>
     <span class='ocr_line' id='line_1_99' title="bbox 301 3704 2423 3746; baseline 0.002 -15"><span class='ocrx_word' id='word_1_2151' title='bbox 301 3704 368 3744; x_wconf 69' lang='lat' dir='ltr'>Plin.</span> <span class='ocrx_word' id='word_1_2152' title='bbox 382 3711 415 3736; x_wconf 79' lang='grc' dir='ltr'>ις,</span> <span class='ocrx_word' id='word_1_2153' title='bbox 430 3712 458 3736; x_wconf 87' lang='grc'>19</span> <span class='ocrx_word' id='word_1_2154' title='bbox 486 3704 620 3746; x_wconf 62' lang='grc' dir='ltr'>ξειιείὶιιηῑ</span> <span class='ocrx_word' id='word_1_2155' title='bbox 633 3714 663 3744; x_wconf 33' lang='grc'><strong>111-</strong></span> <span class='ocrx_word' id='word_1_2156' title='bbox 673 3707 780 3744; x_wconf 76' lang='lat' dir='ltr'>arbore,</span> <span class='ocrx_word' id='word_1_2157' title='bbox 801 3720 916 3746; x_wconf 85' lang='lat' dir='ltr'>anusque</span> <span class='ocrx_word' id='word_1_2158' title='bbox 930 3711 1057 3737; x_wconf 84' lang='lat' dir='ltr'>distillant</span> <span class='ocrx_word' id='word_1_2159' title='bbox 1070 3709 1171 3744; x_wconf 82' lang='lat' dir='ltr'>gummi</span> <span class='ocrx_word' id='word_1_2160' title='bbox 1182 3709 1263 3735; x_wconf 84' lang='lat' dir='ltr'>modo</span> <span class='ocrx_word' id='word_1_2161' title='bbox 1276 3709 1324 3734; x_wconf 84' lang='lat' dir='ltr'>La·</span> <span class='ocrx_word' id='word_1_2162' title='bbox 1388 3712 1496 3738; x_wconf 73' lang='lat' dir='ltr'>stinfflo</span> <span class='ocrx_word' id='word_1_2163' title='bbox 1515 3711 1555 3737; x_wconf 83' lang='lat' dir='ltr'>lex</span> <span class='ocrx_word' id='word_1_2164' title='bbox 1569 3711 1604 3737; x_wconf 85' lang='lat' dir='ltr'>est</span> <span class='ocrx_word' id='word_1_2165' title='bbox 1633 3710 1705 3736; x_wconf 80' lang='lat' dir='ltr'>Idem</span> <span class='ocrx_word' id='word_1_2166' title='bbox 1719 3710 1750 3736; x_wconf 82' lang='lat' dir='ltr'>de</span> <span class='ocrx_word' id='word_1_2167' title='bbox 1765 3710 1855 3744; x_wconf 87' lang='lat' dir='ltr'>Legib.</span> <span class='ocrx_word' id='word_1_2168' title='bbox 1874 3719 1896 3743; x_wconf 66' lang='grc' dir='ltr'>ε,</span> <span class='ocrx_word' id='word_1_2169' title='bbox 1912 3719 1934 3742; x_wconf 87' lang='grc'>13</span> <span class='ocrx_word' id='word_1_2170' title='bbox 1948 3720 1970 3737; x_wconf 85' lang='lat' dir='ltr'>c.</span> <span class='ocrx_word' id='word_1_2171' title='bbox 1986 3720 2007 3744; x_wconf 81' lang='grc' dir='ltr'><strong>ς.</strong></span> <span class='ocrx_word' id='word_1_2172' title='bbox 2080 3709 2197 3737; x_wconf 82' lang='lat' dir='ltr'>Siderum</span> <span class='ocrx_word' id='word_1_2173' title='bbox 2217 3709 2352 3736; x_wconf 64' lang='lat' dir='ltr'>distinato</span> <span class='ocrx_word' id='word_1_2174' title='bbox 2381 3709 2423 3735; x_wconf 84' lang='lat' dir='ltr'>1d.</span> 
     </span>
     <span class='ocr_line' id='line_1_100' title="bbox 301 3738 2443 3785; baseline 0.003 -21"><span class='ocrx_word' id='word_1_2175' title='bbox 301 3747 420 3785; x_wconf 52' lang='lat' dir='ltr'>crunam,</span> <span class='ocrx_word' id='word_1_2176' title='bbox 500 3738 628 3772; x_wconf 71' lang='lat' dir='ltr'>Tempora</span> <span class='ocrx_word' id='word_1_2177' title='bbox 640 3740 761 3782; x_wconf 49' lang='lat' dir='ltr'>cli-stillent</span> <span class='ocrx_word' id='word_1_2178' title='bbox 772 3747 852 3772; x_wconf 87' lang='lat' dir='ltr'>nardo</span> <span class='ocrx_word' id='word_1_2179' title='bbox 877 3746 981 3773; x_wconf 82' lang='lat' dir='ltr'>Tibull.</span> <span class='ocrx_word' id='word_1_2180' title='bbox 996 3755 1020 3777; x_wconf 87' lang='lat'>2,</span> <span class='ocrx_word' id='word_1_2181' title='bbox 1034 3754 1056 3778; x_wconf 87' lang='lat'>2,</span> <span class='ocrx_word' id='word_1_2182' title='bbox 1069 3753 1094 3780; x_wconf 88' lang='lat'>7.</span> <span class='ocrx_word' id='word_1_2183' title='bbox 1332 3757 1380 3775; x_wconf 88' lang='lat'>100</span> <span class='ocrx_word' id='word_1_2184' title='bbox 1389 3747 1421 3773; x_wconf 92' lang='lat' dir='ltr'>de</span> <span class='ocrx_word' id='word_1_2185' title='bbox 1434 3747 1469 3773; x_wconf 93' lang='lat' dir='ltr'>N.</span> <span class='ocrx_word' id='word_1_2186' title='bbox 1477 3747 1508 3772; x_wconf 92' lang='lat' dir='ltr'>D.</span> <span class='ocrx_word' id='word_1_2187' title='bbox 1522 3754 1588 3779; x_wconf 73' lang='lat'>2‚1;.</span> <span class='ocrx_word' id='word_1_2188' title='bbox 1659 3746 1724 3771; x_wconf 85' lang='lat' dir='ltr'>Veri</span> <span class='ocrx_word' id='word_1_2189' title='bbox 1737 3745 1870 3771; x_wconf 62' lang='lat' dir='ltr'>distinctio</span> <span class='ocrx_word' id='word_1_2190' title='bbox 1883 3755 1896 3772; x_wconf 89' lang='lat' dir='ltr'>a</span> <span class='ocrx_word' id='word_1_2191' title='bbox 1910 3746 1975 3772; x_wconf 91' lang='lat' dir='ltr'>falso</span> <span class='ocrx_word' id='word_1_2192' title='bbox 1995 3747 2050 3773; x_wconf 91' lang='lat' dir='ltr'>Cic.</span> <span class='ocrx_word' id='word_1_2193' title='bbox 2059 3744 2090 3771; x_wconf 88' lang='lat' dir='ltr'>de</span> <span class='ocrx_word' id='word_1_2194' title='bbox 2097 3744 2153 3772; x_wconf 80' lang='lat' dir='ltr'>Fin.</span> <span class='ocrx_word' id='word_1_2195' title='bbox 2169 3753 2189 3776; x_wconf 90' lang='lat'>1,</span> <span class='ocrx_word' id='word_1_2196' title='bbox 2201 3747 2238 3778; x_wconf 85' lang='lat'>64</span> <span class='ocrx_word' id='word_1_2197' title='bbox 2249 3754 2270 3771; x_wconf 84' lang='lat' dir='ltr'>c.</span> <span class='ocrx_word' id='word_1_2198' title='bbox 2284 3753 2321 3777; x_wconf 85' lang='lat'>19.</span> <span class='ocrx_word' id='word_1_2199' title='bbox 2374 3745 2423 3771; x_wconf 81' lang='lat' dir='ltr'>Fa·</span> <span class='ocrx_word' id='word_1_2200' title='bbox 2442 3770 2443 3773; x_wconf 74' lang='grc'>,</span> 
     </span>
    </p>

    <p class='ocr_par' dir='ltr' id='par_1_37' title="bbox 302 3777 2426 3963">
     <span class='ocr_line' id='line_1_101' title="bbox 334 3777 2424 3819; baseline 0.003 -19"><span class='ocrx_word' id='word_1_2201' title='bbox 334 3780 357 3813; x_wconf 29' lang='lat' dir='ltr'>&#39;D</span> <span class='ocrx_word' id='word_1_2202' title='bbox 370 3780 378 3798; x_wconf 93' lang='lat'>1</span> <span class='ocrx_word' id='word_1_2203' title='bbox 391 3780 403 3799; x_wconf 91' lang='lat' dir='ltr'>s</span> <span class='ocrx_word' id='word_1_2204' title='bbox 418 3779 434 3798; x_wconf 84' lang='lat' dir='ltr'>r</span> <span class='ocrx_word' id='word_1_2205' title='bbox 445 3779 455 3799; x_wconf 89' lang='grc'>1</span> <span class='ocrx_word' id='word_1_2206' title='bbox 467 3779 587 3812; x_wconf 61' lang='lat' dir='ltr'>LLAT}</span> <span class='ocrx_word' id='word_1_2207' title='bbox 601 3779 638 3805; x_wconf 91' lang='grc' dir='ltr'>ο,</span> <span class='ocrx_word' id='word_1_2208' title='bbox 659 3783 723 3801; x_wconf 78' lang='lat' dir='ltr'>oms.</span> <span class='ocrx_word' id='word_1_2209' title='bbox 743 3778 762 3803; x_wconf 88' lang='lat' dir='ltr'>f.</span> <span class='ocrx_word' id='word_1_2210' title='bbox 798 3779 961 3819; x_wconf 46' lang='grc' dir='ltr'>[καιῖοίρῥοσς]</span> <span class='ocrx_word' id='word_1_2211' title='bbox 985 3783 1075 3807; x_wconf 72' lang='lat' dir='ltr'>Fluxus</span> <span class='ocrx_word' id='word_1_2212' title='bbox 1089 3780 1197 3806; x_wconf 83' lang='lat' dir='ltr'>humoris</span> <span class='ocrx_word' id='word_1_2213' title='bbox 1208 3787 1223 3805; x_wconf 90' lang='lat' dir='ltr'>a</span> <span class='ocrx_word' id='word_1_2214' title='bbox 1237 3781 1324 3818; x_wconf 57' lang='lat' dir='ltr'>capite.</span> <span class='ocrx_word' id='word_1_2215' title='bbox 1389 3782 1447 3808; x_wconf 88' lang='lat' dir='ltr'>cilis</span> <span class='ocrx_word' id='word_1_2216' title='bbox 1468 3788 1493 3807; x_wconf 90' lang='lat' dir='ltr'>et</span> <span class='ocrx_word' id='word_1_2217' title='bbox 1512 3781 1631 3815; x_wconf 83' lang='lat' dir='ltr'>expedita</span> <span class='ocrx_word' id='word_1_2218' title='bbox 1651 3780 1786 3806; x_wconf 64' lang='lat' dir='ltr'>distinelio</span> <span class='ocrx_word' id='word_1_2219' title='bbox 1816 3781 1886 3807; x_wconf 79' lang='lat' dir='ltr'>Idem</span> <span class='ocrx_word' id='word_1_2220' title='bbox 1902 3782 1933 3807; x_wconf 88' lang='lat' dir='ltr'>de</span> <span class='ocrx_word' id='word_1_2221' title='bbox 1946 3782 2003 3808; x_wconf 87' lang='lat' dir='ltr'>Fin.</span> <span class='ocrx_word' id='word_1_2222' title='bbox 2018 3789 2038 3813; x_wconf 91' lang='lat'>1,</span> <span class='ocrx_word' id='word_1_2223' title='bbox 2050 3788 2085 3812; x_wconf 84' lang='grc'>33.</span> <span class='ocrx_word' id='word_1_2224' title='bbox 2158 3780 2289 3813; x_wconf 69' lang='lat' dir='ltr'>Qinffil.</span> <span class='ocrx_word' id='word_1_2225' title='bbox 2308 3788 2336 3812; x_wconf 90' lang='lat'>9,</span> <span class='ocrx_word' id='word_1_2226' title='bbox 2354 3777 2379 3811; x_wconf 76' lang='grc'>3,</span> <span class='ocrx_word' id='word_1_2227' title='bbox 2390 3781 2424 3812; x_wconf 77' lang='lat'>6,-</span> 
     </span>
     <span class='ocr_line' id='line_1_102' title="bbox 302 3807 2426 3853; baseline 0.003 -19"><span class='ocrx_word' id='word_1_2228' title='bbox 302 3809 452 3851; x_wconf 29' lang='grc' dir='ltr'><strong>Ρ1111..1.ο,.6</strong></span> <span class='ocrx_word' id='word_1_2229' title='bbox 484 3807 639 3842; x_wconf 81' lang='lat' dir='ltr'>Sanguinem</span> <span class='ocrx_word' id='word_1_2230' title='bbox 653 3817 718 3835; x_wconf 88' lang='lat' dir='ltr'>vero</span> <span class='ocrx_word' id='word_1_2231' title='bbox 731 3813 917 3853; x_wconf 69' lang='lat' dir='ltr'>exsti-cantibus</span> <span class='ocrx_word' id='word_1_2232' title='bbox 930 3823 955 3842; x_wconf 86' lang='lat' dir='ltr'>et</span> <span class='ocrx_word' id='word_1_2233' title='bbox 974 3816 1126 3851; x_wconf 77' lang='lat' dir='ltr'>phthisicis,</span> <span class='ocrx_word' id='word_1_2234' title='bbox 1147 3814 1324 3840; x_wconf 82' lang='lat' dir='ltr'>distillationi·</span> <span class='ocrx_word' id='word_1_2235' title='bbox 1390 3816 1549 3848; x_wconf 67' lang='lat' dir='ltr'>Distinctio‚</span> <span class='ocrx_word' id='word_1_2236' title='bbox 1573 3817 1615 3842; x_wconf 90' lang='lat' dir='ltr'>cui</span> <span class='ocrx_word' id='word_1_2237' title='bbox 1635 3816 1695 3841; x_wconf 87' lang='lat' dir='ltr'>dant</span> <span class='ocrx_word' id='word_1_2238' title='bbox 1712 3824 1809 3842; x_wconf 81' lang='lat' dir='ltr'>nomen</span> <span class='ocrx_word' id='word_1_2239' title='bbox 1828 3815 2019 3850; x_wconf 66' lang='grc' dir='ltr'>παραδιαςολὴν,</span> <span class='ocrx_word' id='word_1_2240' title='bbox 2041 3823 2092 3849; x_wconf 90' lang='lat' dir='ltr'>qua</span> <span class='ocrx_word' id='word_1_2241' title='bbox 2113 3814 2206 3841; x_wconf 75' lang='lat' dir='ltr'>similia</span> <span class='ocrx_word' id='word_1_2242' title='bbox 2225 3815 2407 3842; x_wconf 84' lang='lat' dir='ltr'>discernuntur</span> <span class='ocrx_word' id='word_1_2243' title='bbox 2416 3814 2426 3840; x_wconf 79' lang='lat'>:&#39;</span> 
     </span>
     <span class='ocr_line' id='line_1_103' title="bbox 302 3843 2424 3887; baseline 0.006 -19"><span class='ocrx_word' id='word_1_2244' title='bbox 302 3844 349 3883; x_wconf 81' lang='lat' dir='ltr'>bus</span> <span class='ocrx_word' id='word_1_2245' title='bbox 362 3843 469 3883; x_wconf 72' lang='lat' dir='ltr'>longis,</span> <span class='ocrx_word' id='word_1_2246' title='bbox 495 3843 536 3869; x_wconf 87' lang='lat' dir='ltr'>vel</span> <span class='ocrx_word' id='word_1_2247' title='bbox 558 3844 660 3872; x_wconf 85' lang='lat' dir='ltr'>succus,</span> <span class='ocrx_word' id='word_1_2248' title='bbox 679 3843 724 3883; x_wconf 32' lang='lat' dir='ltr'>vel*</span> <span class='ocrx_word' id='word_1_2249' title='bbox 740 3853 770 3871; x_wconf 82' lang='lat' dir='ltr'>cx</span> <span class='ocrx_word' id='word_1_2250' title='bbox 790 3848 845 3880; x_wconf 78' lang='lat' dir='ltr'>ipso</span> <span class='ocrx_word' id='word_1_2251' title='bbox 860 3848 931 3874; x_wconf 82' lang='lat' dir='ltr'>cibus</span> <span class='ocrx_word' id='word_1_2252' title='bbox 945 3851 1055 3882; x_wconf 79' lang='lat' dir='ltr'>prodest.</span> <span class='ocrx_word' id='word_1_2253' title='bbox 1127 3851 1186 3878; x_wconf 68' lang='lat' dir='ltr'>Sen.</span> <span class='ocrx_word' id='word_1_2254' title='bbox 1200 3849 1277 3883; x_wconf 79' lang='lat' dir='ltr'>Epist.</span> <span class='ocrx_word' id='word_1_2255' title='bbox 1293 3856 1325 3883; x_wconf 81' lang='lat'>75</span> <span class='ocrx_word' id='word_1_2256' title='bbox 1389 3853 1457 3879; x_wconf 89' lang='lat' dir='ltr'>Cum</span> <span class='ocrx_word' id='word_1_2257' title='bbox 1479 3858 1503 3878; x_wconf 87' lang='lat' dir='ltr'>te</span> <span class='ocrx_word' id='word_1_2258' title='bbox 1523 3860 1570 3885; x_wconf 93' lang='lat' dir='ltr'>pro</span> <span class='ocrx_word' id='word_1_2259' title='bbox 1584 3851 1667 3877; x_wconf 83' lang='lat' dir='ltr'>astuto</span> <span class='ocrx_word' id='word_1_2260' title='bbox 1687 3852 1828 3885; x_wconf 85' lang='lat' dir='ltr'>sapientem</span> <span class='ocrx_word' id='word_1_2261' title='bbox 1849 3853 1976 3887; x_wconf 87' lang='lat' dir='ltr'>appelles,</span> <span class='ocrx_word' id='word_1_2262' title='bbox 2002 3858 2051 3885; x_wconf 79' lang='lat' dir='ltr'>pro</span> <span class='ocrx_word' id='word_1_2263' title='bbox 2068 3850 2214 3877; x_wconf 84' lang='lat' dir='ltr'>confidente</span> <span class='ocrx_word' id='word_1_2264' title='bbox 2238 3851 2353 3882; x_wconf 89' lang='lat' dir='ltr'>fortem,</span> <span class='ocrx_word' id='word_1_2265' title='bbox 2372 3857 2424 3884; x_wconf 72' lang='lat' dir='ltr'>Pro</span> 
     </span>
     <span class='ocr_line' id='line_1_104' title="bbox 303 3877 2424 3920; baseline 0.004 -18"><span class='ocrx_word' id='word_1_2266' title='bbox 303 3878 445 3904; x_wconf 77' lang='lat' dir='ltr'>Distillatio</span> <span class='ocrx_word' id='word_1_2267' title='bbox 456 3886 525 3917; x_wconf 83' lang='lat' dir='ltr'>¹vna,</span> <span class='ocrx_word' id='word_1_2268' title='bbox 549 3877 696 3918; x_wconf 59' lang='lat' dir='ltr'>necadhuc</span> <span class='ocrx_word' id='word_1_2269' title='bbox 717 3887 743 3904; x_wconf 86' lang='grc'>111</span> <span class='ocrx_word' id='word_1_2270' title='bbox 758 3889 858 3907; x_wconf 79' lang='lat' dir='ltr'>morem</span> <span class='ocrx_word' id='word_1_2271' title='bbox 876 3882 985 3910; x_wconf 65' lang='lat' dir='ltr'>adducta</span> <span class='ocrx_word' id='word_1_2272' title='bbox 996 3886 1078 3912; x_wconf 81' lang='lat' dir='ltr'>tussim</span> <span class='ocrx_word' id='word_1_2273' title='bbox 1089 3886 1168 3918; x_wconf 56' lang='lat' dir='ltr'>facin</span> <span class='ocrx_word' id='word_1_2274' title='bbox 1191 3884 1285 3913; x_wconf 78' lang='lat' dir='ltr'>affidua</span> <span class='ocrx_word' id='word_1_2275' title='bbox 1299 3891 1326 3911; x_wconf 86' lang='lat' dir='ltr'>et</span> <span class='ocrx_word' id='word_1_2276' title='bbox 1388 3887 1514 3914; x_wconf 86' lang='lat' dir='ltr'>illiberali</span> <span class='ocrx_word' id='word_1_2277' title='bbox 1535 3886 1696 3920; x_wconf 86' lang='lat' dir='ltr'>diligentem.</span> <span class='ocrx_word' id='word_1_2278' title='bbox 1733 3888 1780 3912; x_wconf 85' lang='lat' dir='ltr'>Con</span> <span class='ocrx_word' id='word_1_2279' title='bbox 1799 3907 1805 3912; x_wconf 94' lang='lat'>.</span> <span class='ocrx_word' id='word_1_2280' title='bbox 1825 3889 1843 3914; x_wconf 83' lang='lat' dir='ltr'>s.</span> <span class='ocrx_word' id='word_1_2281' title='bbox 1863 3893 1901 3918; x_wconf 74' lang='lat'>82.</span> <span class='ocrx_word' id='word_1_2282' title='bbox 1974 3883 2115 3912; x_wconf 64' lang='lat' dir='ltr'>Distinetio</span> <span class='ocrx_word' id='word_1_2283' title='bbox 2135 3895 2193 3919; x_wconf 73' lang='lat' dir='ltr'>quac</span> <span class='ocrx_word' id='word_1_2284' title='bbox 2208 3887 2424 3920; x_wconf 71' lang='lat' dir='ltr'>prmzuntiationis</span> 
     </span>
     <span class='ocr_line' id='line_1_105' title="bbox 302 3912 2333 3963; baseline 0.003 -25"><span class='ocrx_word' id='word_1_2285' title='bbox 302 3919 376 3939; x_wconf 74' lang='lat' dir='ltr'>vetus</span> <span class='ocrx_word' id='word_1_2286' title='bbox 389 3912 510 3947; x_wconf 82' lang='lat' dir='ltr'>phthisin.</span> <span class='ocrx_word' id='word_1_2287' title='bbox 544 3914 575 3939; x_wconf 80' lang='lat' dir='ltr'>Et</span> <span class='ocrx_word' id='word_1_2288' title='bbox 588 3915 692 3938; x_wconf 58' lang='lat' dir='ltr'>sueton.</span> <span class='ocrx_word' id='word_1_2289' title='bbox 706 3915 770 3947; x_wconf 74' lang='lat' dir='ltr'>Aug.</span> <span class='ocrx_word' id='word_1_2290' title='bbox 790 3925 811 3941; x_wconf 85' lang='lat' dir='ltr'>c.</span> <span class='ocrx_word' id='word_1_2291' title='bbox 823 3921 859 3944; x_wconf 81' lang='lat'>81.</span> <span class='ocrx_word' id='word_1_2292' title='bbox 1333 3925 1486 3963; x_wconf 66' lang='lat' dir='ltr'>105vmus,</span> <span class='ocrx_word' id='word_1_2293' title='bbox 1506 3921 1629 3960; x_wconf 61' lang='lat' dir='ltr'>dq&#39;crlpta</span> <span class='ocrx_word' id='word_1_2294' title='bbox 1642 3932 1671 3949; x_wconf 68' lang='lat' dir='ltr'>ex</span> <span class='ocrx_word' id='word_1_2295' title='bbox 1691 3922 1765 3956; x_wconf 69' lang='lat' dir='ltr'>Quia</span> <span class='ocrx_word' id='word_1_2296' title='bbox 1794 3923 1800 3927; x_wconf 93' lang='grc'><em>”</em></span> <span class='ocrx_word' id='word_1_2297' title='bbox 1815 3942 1822 3950; x_wconf 93' lang='grc'><strong>.</strong></span> <span class='ocrx_word' id='word_1_2298' title='bbox 1837 3931 1870 3956; x_wconf 71' lang='grc'>11,</span> <span class='ocrx_word' id='word_1_2299' title='bbox 1880 3931 1906 3956; x_wconf 75' lang='lat'>3,</span> <span class='ocrx_word' id='word_1_2300' title='bbox 1916 3929 1945 3955; x_wconf 78' lang='lat'>35</span> <span class='ocrx_word' id='word_1_2301' title='bbox 1963 3919 2033 3948; x_wconf 73' lang='lat' dir='ltr'>modo</span> <span class='ocrx_word' id='word_1_2302' title='bbox 2045 3923 2072 3947; x_wconf 76' lang='lat' dir='ltr'>in</span> <span class='ocrx_word' id='word_1_2303' title='bbox 2087 3919 2216 3949; x_wconf 67' lang='lat' dir='ltr'>Distincta</span> <span class='ocrx_word' id='word_1_2304' title='bbox 2230 3921 2333 3951; x_wconf 83' lang='lat' dir='ltr'>Oratio.</span> 
     </span>
    </p>
   </div>
   <div class='ocr_carea' id='block_1_20' title="bbox 335 3948 2424 3987">
    <p class='ocr_par' dir='ltr' id='par_1_38' title="bbox 335 3948 2424 3987">
     <span class='ocr_line' id='line_1_106' title="bbox 335 3948 2424 3987; baseline 0.004 -15"><span class='ocrx_word' id='word_1_2305' title='bbox 335 3953 356 3972; x_wconf 82' lang='grc'>1)</span> <span class='ocrx_word' id='word_1_2306' title='bbox 367 3954 376 3972; x_wconf 94' lang='grc' dir='ltr'><strong>ι</strong></span> <span class='ocrx_word' id='word_1_2307' title='bbox 387 3954 399 3972; x_wconf 71' lang='lat' dir='ltr'>s</span> <span class='ocrx_word' id='word_1_2308' title='bbox 408 3953 429 3972; x_wconf 75' lang='grc' dir='ltr'><em>Τ</em></span> <span class='ocrx_word' id='word_1_2309' title='bbox 439 3954 447 3973; x_wconf 88' lang='grc'>1</span> <span class='ocrx_word' id='word_1_2310' title='bbox 458 3954 472 3972; x_wconf 89' lang='lat'>1.</span> <span class='ocrx_word' id='word_1_2311' title='bbox 482 3954 497 3973; x_wconf 77' lang='grc'>1</span> <span class='ocrx_word' id='word_1_2312' title='bbox 508 3954 529 3974; x_wconf 78' lang='grc' dir='ltr'>Α</span> <span class='ocrx_word' id='word_1_2313' title='bbox 538 3953 559 3973; x_wconf 75' lang='lat'>¹1·</span> <span class='ocrx_word' id='word_1_2314' title='bbox 567 3954 585 3974; x_wconf 88' lang='grc' dir='ltr'>ο</span> <span class='ocrx_word' id='word_1_2315' title='bbox 593 3953 613 3973; x_wconf 70' lang='grc' dir='ltr'>ι</span> <span class='ocrx_word' id='word_1_2316' title='bbox 620 3967 630 3981; x_wconf 93' lang='grc'>,</span> <span class='ocrx_word' id='word_1_2317' title='bbox 647 3948 712 3974; x_wconf 68' lang='lat' dir='ltr'>orie.</span> <span class='ocrx_word' id='word_1_2318' title='bbox 731 3956 768 3975; x_wconf 85' lang='lat' dir='ltr'>m.</span> <span class='ocrx_word' id='word_1_2319' title='bbox 803 3950 878 3986; x_wconf 71' lang='lat' dir='ltr'>Apud</span> <span class='ocrx_word' id='word_1_2320' title='bbox 890 3950 991 3979; x_wconf 69' lang='lat' dir='ltr'>Celsum</span> <span class='ocrx_word' id='word_1_2321' title='bbox 1004 3953 1047 3987; x_wconf 75' lang='lat' dir='ltr'>effi</span> <span class='ocrx_word' id='word_1_2322' title='bbox 1061 3955 1164 3984; x_wconf 62' lang='lat' dir='ltr'>dicitur,</span> <span class='ocrx_word' id='word_1_2323' title='bbox 2292 3958 2424 3985; x_wconf 72' lang='lat' dir='ltr'>DtS&#39;rlN-</span> 
     </span>
    </p>
   </div>
  </div>
 </body>
</html>
