<?xml version="1.0" encoding="UTF-8"?>
<!DOCTYPE html PUBLIC "-//W3C//DTD XHTML 1.0 Transitional//EN"
    "http://www.w3.org/TR/xhtml1/DTD/xhtml1-transitional.dtd">
<html xmlns="http://www.w3.org/1999/xhtml" xml:lang="en" lang="en">
 <head>
  <title>
</title>
<meta http-equiv="Content-Type" content="text/html;charset=utf-8" />
  <meta name='ocr-system' content='tesseract 3.04.00' />
  <meta name='ocr-capabilities' content='ocr_page ocr_carea ocr_par ocr_line ocrx_word'/>
</head>
<body>
  <div class='ocr_page' id='page_1' title='image "./novuslinguaeeter02gesn_0263.png"; bbox 0 0 2479 4225; ppageno 0'>
   <div class='ocr_carea' id='block_1_1' title="bbox 0 209 17 1733">
    <p class='ocr_par' dir='ltr' id='par_1_1' title="bbox 0 209 17 1733">
     <span class='ocr_line' id='line_1_1' title="bbox 0 209 17 1733; baseline 0 0"><span class='ocrx_word' id='word_1_1' title='bbox 0 209 17 1733; x_wconf 95' lang='lat' dir='ltr'> </span> 
     </span>
    </p>
   </div>
   <div class='ocr_carea' id='block_1_2' title="bbox 7 1742 9 1764">
    <p class='ocr_par' dir='ltr' id='par_1_2' title="bbox 7 1742 9 1764">
     <span class='ocr_line' id='line_1_2' title="bbox 7 1742 9 1764; baseline 0 0"><span class='ocrx_word' id='word_1_2' title='bbox 7 1742 9 1764; x_wconf 71' lang='lat' dir='ltr'>l</span> 
     </span>
    </p>
   </div>
   <div class='ocr_carea' id='block_1_3' title="bbox 0 1766 15 2264">
    <p class='ocr_par' dir='ltr' id='par_1_3' title="bbox 0 1766 15 2264">
     <span class='ocr_line' id='line_1_3' title="bbox 0 1766 11 2020; baseline 0 2205"><span class='ocrx_word' id='word_1_3' title='bbox 0 1766 11 2020; x_wconf 95' lang='lat' dir='ltr'> </span> 
     </span>
     <span class='ocr_line' id='line_1_4' title="bbox 3 2108 15 2264; baseline 0 1961"><span class='ocrx_word' id='word_1_4' title='bbox 3 2108 15 2264; x_wconf 95' lang='lat' dir='ltr'> </span> 
     </span>
    </p>
   </div>
   <div class='ocr_carea' id='block_1_4' title="bbox 6 160 2165 248">
    <p class='ocr_par' dir='ltr' id='par_1_4' title="bbox 6 160 2165 248">
     <span class='ocr_line' id='line_1_5' title="bbox 6 160 2165 248; baseline -0.002 0"><span class='ocrx_word' id='word_1_5' title='bbox 6 160 114 248; x_wconf 57' lang='grc' dir='ltr'>ἓ497</span> <span class='ocrx_word' id='word_1_6' title='bbox 424 193 458 233; x_wconf 89' lang='grc' dir='ltr'>Ε</span> <span class='ocrx_word' id='word_1_7' title='bbox 543 193 684 233; x_wconf 82' lang='lat' dir='ltr'>XI</span> <span class='ocrx_word' id='word_1_8' title='bbox 1218 212 1219 215; x_wconf 41' lang='lat'>¹</span> <span class='ocrx_word' id='word_1_9' title='bbox 1532 188 1567 229; x_wconf 83' lang='grc' dir='ltr'>Ε</span> <span class='ocrx_word' id='word_1_10' title='bbox 1654 188 1689 227; x_wconf 82' lang='grc' dir='ltr'>Χ</span> <span class='ocrx_word' id='word_1_11' title='bbox 1779 190 1794 229; x_wconf 89' lang='lat'><em>1</em></span> <span class='ocrx_word' id='word_1_12' title='bbox 2088 204 2165 244; x_wconf 71' lang='lat'>498</span> 
     </span>
    </p>
   </div>
   <div class='ocr_carea' id='block_1_5' title="bbox 43 276 2166 317">
    <p class='ocr_par' dir='ltr' id='par_1_5' title="bbox 43 276 2166 317">
     <span class='ocr_line' id='line_1_6' title="bbox 43 276 2166 317; baseline -0.001 -5"><span class='ocrx_word' id='word_1_13' title='bbox 43 283 83 312; x_wconf 81' lang='lat' dir='ltr'>ibi</span> <span class='ocrx_word' id='word_1_14' title='bbox 95 282 196 310; x_wconf 86' lang='lat' dir='ltr'>demum</span> <span class='ocrx_word' id='word_1_15' title='bbox 209 281 245 308; x_wconf 84' lang='lat' dir='ltr'>est</span> <span class='ocrx_word' id='word_1_16' title='bbox 257 281 343 316; x_wconf 89' lang='lat' dir='ltr'>locus,</span> <span class='ocrx_word' id='word_1_17' title='bbox 363 280 410 309; x_wconf 92' lang='lat' dir='ltr'>vbi</span> <span class='ocrx_word' id='word_1_18' title='bbox 430 282 521 310; x_wconf 89' lang='lat' dir='ltr'>labore</span> <span class='ocrx_word' id='word_1_19' title='bbox 534 281 650 309; x_wconf 86' lang='lat' dir='ltr'>lassitudo</span> <span class='ocrx_word' id='word_1_20' title='bbox 669 281 705 309; x_wconf 85' lang='lat' dir='ltr'>est</span> <span class='ocrx_word' id='word_1_21' title='bbox 723 280 809 308; x_wconf 80' lang='lat' dir='ltr'>omnis</span> <span class='ocrx_word' id='word_1_22' title='bbox 822 276 952 314; x_wconf 82' lang='lat' dir='ltr'>exigunda</span> <span class='ocrx_word' id='word_1_23' title='bbox 969 286 1000 304; x_wconf 82' lang='lat' dir='ltr'>ex</span> <span class='ocrx_word' id='word_1_24' title='bbox 1013 286 1069 304; x_wconf 89' lang='lat' dir='ltr'>coi·-</span> <span class='ocrx_word' id='word_1_25' title='bbox 1131 277 1283 317; x_wconf 65' lang='lat' dir='ltr'>deposuisse</span> <span class='ocrx_word' id='word_1_26' title='bbox 1297 277 1324 304; x_wconf 89' lang='lat' dir='ltr'>in</span> <span class='ocrx_word' id='word_1_27' title='bbox 1344 277 1500 304; x_wconf 85' lang='lat' dir='ltr'>inimicitias</span> <span class='ocrx_word' id='word_1_28' title='bbox 1518 276 1641 304; x_wconf 84' lang='lat' dir='ltr'>videaris.</span> <span class='ocrx_word' id='word_1_29' title='bbox 1714 276 1753 303; x_wconf 85' lang='lat' dir='ltr'>Ad</span> <span class='ocrx_word' id='word_1_30' title='bbox 1767 277 1860 305; x_wconf 79' lang='lat' dir='ltr'>vestras</span> <span class='ocrx_word' id='word_1_31' title='bbox 1875 280 1942 315; x_wconf 85' lang='lat' dir='ltr'>leges</span> <span class='ocrx_word' id='word_1_32' title='bbox 1955 288 2033 317; x_wconf 83' lang='lat' dir='ltr'>atque</span> <span class='ocrx_word' id='word_1_33' title='bbox 2050 282 2166 311; x_wconf 80' lang='lat' dir='ltr'>instituta</span> 
     </span>
    </p>
   </div>
   <div class='ocr_carea' id='block_1_6' title="bbox 41 312 2167 499">
    <p class='ocr_par' dir='ltr' id='par_1_6' title="bbox 41 312 2167 499">
     <span class='ocr_line' id='line_1_7' title="bbox 44 312 2165 356; baseline 0.001 -12"><span class='ocrx_word' id='word_1_34' title='bbox 44 327 113 356; x_wconf 79' lang='lat' dir='ltr'>pore.</span> <span class='ocrx_word' id='word_1_35' title='bbox 165 317 306 344; x_wconf 76' lang='lat' dir='ltr'>Materiam</span> <span class='ocrx_word' id='word_1_36' title='bbox 319 318 424 352; x_wconf 83' lang='lat' dir='ltr'>exigere</span> <span class='ocrx_word' id='word_1_37' title='bbox 445 317 566 344; x_wconf 85' lang='lat' dir='ltr'>Scribon.</span> <span class='ocrx_word' id='word_1_38' title='bbox 579 323 621 352; x_wconf 86' lang='lat'>84.</span> <span class='ocrx_word' id='word_1_39' title='bbox 641 321 658 344; x_wconf 87' lang='lat' dir='ltr'>i.</span> <span class='ocrx_word' id='word_1_40' title='bbox 679 320 803 348; x_wconf 75' lang='lat' dir='ltr'>emittere,</span> <span class='ocrx_word' id='word_1_41' title='bbox 815 314 948 341; x_wconf 68' lang='lat' dir='ltr'>excludere.</span> <span class='ocrx_word' id='word_1_42' title='bbox 1000 314 1069 339; x_wconf 85' lang='lat' dir='ltr'>Mer·</span> <span class='ocrx_word' id='word_1_43' title='bbox 1133 322 1238 347; x_wconf 80' lang='lat' dir='ltr'>exigere</span> <span class='ocrx_word' id='word_1_44' title='bbox 1252 322 1291 345; x_wconf 85' lang='lat' dir='ltr'>ca,</span> <span class='ocrx_word' id='word_1_45' title='bbox 1305 322 1371 348; x_wconf 89' lang='lat' dir='ltr'>quae</span> <span class='ocrx_word' id='word_1_46' title='bbox 1384 314 1579 340; x_wconf 66' lang='lat' dir='ltr'>Laccilaeiiicne</span> <span class='ocrx_word' id='word_1_47' title='bbox 1598 313 1663 339; x_wconf 73' lang='lat' dir='ltr'>nunt</span> <span class='ocrx_word' id='word_1_48' title='bbox 1683 312 1741 339; x_wconf 88' lang='lat' dir='ltr'>Liu.</span> <span class='ocrx_word' id='word_1_49' title='bbox 1755 321 1796 345; x_wconf 73' lang='lat'>34,</span> <span class='ocrx_word' id='word_1_50' title='bbox 1811 322 1843 344; x_wconf 59' lang='lat'>2⁷1.</span> <span class='ocrx_word' id='word_1_51' title='bbox 1915 319 1952 343; x_wconf 79' lang='lat' dir='ltr'>Ad</span> <span class='ocrx_word' id='word_1_52' title='bbox 1968 319 2085 345; x_wconf 59' lang='lat' dir='ltr'>mett-ilia</span> <span class='ocrx_word' id='word_1_53' title='bbox 2100 320 2165 346; x_wconf 83' lang='lat' dir='ltr'>ritus</span> 
     </span>
     <span class='ocr_line' id='line_1_8' title="bbox 44 348 2165 390; baseline 0 -10"><span class='ocrx_word' id='word_1_54' title='bbox 44 363 96 385; x_wconf 80' lang='lat' dir='ltr'>ees,</span> <span class='ocrx_word' id='word_1_55' title='bbox 112 355 131 379; x_wconf 75' lang='lat' dir='ltr'>i.</span> <span class='ocrx_word' id='word_1_56' title='bbox 150 353 266 385; x_wconf 65' lang='lat' dir='ltr'>vendi-n,</span> <span class='ocrx_word' id='word_1_57' title='bbox 280 351 416 386; x_wconf 65' lang='lat' dir='ltr'>distrahere</span> <span class='ocrx_word' id='word_1_58' title='bbox 424 354 528 380; x_wconf 87' lang='lat' dir='ltr'>Colum.</span> <span class='ocrx_word' id='word_1_59' title='bbox 545 361 643 388; x_wconf 80' lang='lat' dir='ltr'>10‚5i7.</span> <span class='ocrx_word' id='word_1_60' title='bbox 662 351 742 379; x_wconf 76' lang='lat' dir='ltr'>eadem</span> <span class='ocrx_word' id='word_1_61' title='bbox 752 352 826 387; x_wconf 68' lang='lat' dir='ltr'>piane</span> <span class='ocrx_word' id='word_1_62' title='bbox 840 354 946 381; x_wconf 67' lang='lat' dir='ltr'>ratione,</span> <span class='ocrx_word' id='word_1_63' title='bbox 959 356 987 375; x_wconf 83' lang='grc' dir='ltr'>υι</span> <span class='ocrx_word' id='word_1_64' title='bbox 1003 348 1070 384; x_wconf 78' lang='lat' dir='ltr'>apud</span> <span class='ocrx_word' id='word_1_65' title='bbox 1135 348 1261 375; x_wconf 86' lang='lat' dir='ltr'>humanos</span> <span class='ocrx_word' id='word_1_66' title='bbox 1274 349 1355 376; x_wconf 83' lang='lat' dir='ltr'><strong>Ouid.</strong></span> <span class='ocrx_word' id='word_1_67' title='bbox 1368 349 1430 374; x_wconf 86' lang='lat' dir='ltr'>Met.</span> <span class='ocrx_word' id='word_1_68' title='bbox 1447 358 1470 380; x_wconf 86' lang='lat'>9,</span> <span class='ocrx_word' id='word_1_69' title='bbox 1485 359 1541 381; x_wconf 81' lang='lat'>500.</span> <span class='ocrx_word' id='word_1_70' title='bbox 1595 348 1697 375; x_wconf 81' lang='lat' dir='ltr'>Pondus</span> <span class='ocrx_word' id='word_1_71' title='bbox 1711 349 1909 382; x_wconf 76' lang='lat' dir='ltr'>margaritarum</span> <span class='ocrx_word' id='word_1_72' title='bbox 1922 353 1989 379; x_wconf 53' lang='lat' dir='ltr'>Suet.</span> <span class='ocrx_word' id='word_1_73' title='bbox 2003 356 2075 380; x_wconf 77' lang='lat' dir='ltr'>Caes.</span> <span class='ocrx_word' id='word_1_74' title='bbox 2091 364 2111 380; x_wconf 92' lang='lat' dir='ltr'>c.</span> <span class='ocrx_word' id='word_1_75' title='bbox 2121 363 2165 390; x_wconf 90' lang='lat'>47.</span> 
     </span>
     <span class='ocr_line' id='line_1_9' title="bbox 43 383 2167 425; baseline -0.004 -8"><span class='ocrx_word' id='word_1_76' title='bbox 43 388 134 417; x_wconf 75' lang='lat' dir='ltr'>Horat.</span> <span class='ocrx_word' id='word_1_77' title='bbox 147 387 224 422; x_wconf 82' lang='lat' dir='ltr'>Epist.</span> <span class='ocrx_word' id='word_1_78' title='bbox 239 396 264 420; x_wconf 79' lang='lat' dir='ltr'>z,</span> <span class='ocrx_word' id='word_1_79' title='bbox 279 397 304 420; x_wconf 91' lang='lat'>2,</span> <span class='ocrx_word' id='word_1_80' title='bbox 317 396 336 414; x_wconf 93' lang='grc' dir='ltr'>ιι</span> <span class='ocrx_word' id='word_1_81' title='bbox 373 389 476 415; x_wconf 82' lang='lat' dir='ltr'>Plenius</span> <span class='ocrx_word' id='word_1_82' title='bbox 497 398 583 424; x_wconf 90' lang='lat' dir='ltr'>aequo</span> <span class='ocrx_word' id='word_1_83' title='bbox 600 385 829 420; x_wconf 82' lang='lat' dir='ltr'>Laudat,venales</span> <span class='ocrx_word' id='word_1_84' title='bbox 847 385 895 420; x_wconf 89' lang='lat' dir='ltr'>qui</span> <span class='ocrx_word' id='word_1_85' title='bbox 914 384 970 411; x_wconf 89' lang='lat' dir='ltr'>vult</span> <span class='ocrx_word' id='word_1_86' title='bbox 984 391 1071 410; x_wconf 86' lang='lat' dir='ltr'>extru-</span> <span class='ocrx_word' id='word_1_87' title='bbox 1137 384 1265 417; x_wconf 70' lang='lat' dir='ltr'>Quinem.</span> <span class='ocrx_word' id='word_1_88' title='bbox 1280 387 1305 417; x_wconf 89' lang='lat'>6,</span> <span class='ocrx_word' id='word_1_89' title='bbox 1319 391 1340 416; x_wconf 90' lang='lat'>5,</span> <span class='ocrx_word' id='word_1_90' title='bbox 1355 392 1366 416; x_wconf 94' lang='lat'>5</span> <span class='ocrx_word' id='word_1_91' title='bbox 1405 384 1478 416; x_wconf 75' lang='lat' dir='ltr'>Qud</span> <span class='ocrx_word' id='word_1_92' title='bbox 1509 384 1664 416; x_wconf 80' lang='lat' dir='ltr'>dicendum,</span> <span class='ocrx_word' id='word_1_93' title='bbox 1689 383 1753 418; x_wconf 88' lang='lat' dir='ltr'>quid</span> <span class='ocrx_word' id='word_1_94' title='bbox 1775 384 1910 410; x_wconf 81' lang='lat' dir='ltr'>tacendum</span> <span class='ocrx_word' id='word_1_95' title='bbox 1931 401 1975 406; x_wconf 70' lang='lat'><strong>—</strong></span> <span class='ocrx_word' id='word_1_96' title='bbox 1996 389 2024 414; x_wconf 83' lang='lat' dir='ltr'>iit</span> <span class='ocrx_word' id='word_1_97' title='bbox 2051 392 2167 425; x_wconf 69' lang='lat' dir='ltr'>exigere,</span> 
     </span>
     <span class='ocr_line' id='line_1_10' title="bbox 42 419 2167 456; baseline -0.001 -6"><span class='ocrx_word' id='word_1_98' title='bbox 42 424 103 452; x_wconf 78' lang='lat' dir='ltr'>dere</span> <span class='ocrx_word' id='word_1_99' title='bbox 113 431 219 450; x_wconf 82' lang='lat' dir='ltr'>merces.</span> <span class='ocrx_word' id='word_1_100' title='bbox 254 426 339 450; x_wconf 61' lang='lat' dir='ltr'>Simile</span> <span class='ocrx_word' id='word_1_101' title='bbox 352 425 450 451; x_wconf 68' lang='lat' dir='ltr'>verbum</span> <span class='ocrx_word' id='word_1_102' title='bbox 463 426 552 451; x_wconf 71' lang='lat' dir='ltr'>hahent</span> <span class='ocrx_word' id='word_1_103' title='bbox 566 426 681 451; x_wconf 77' lang='lat' dir='ltr'>Germani</span> <span class='ocrx_word' id='word_1_104' title='bbox 693 420 854 449; x_wconf 87' lang='lat' dir='ltr'>vertrciben.</span> <span class='ocrx_word' id='word_1_105' title='bbox 890 421 931 448; x_wconf 85' lang='lat' dir='ltr'>Sic</span> <span class='ocrx_word' id='word_1_106' title='bbox 948 422 998 456; x_wconf 69' lang='lat' dir='ltr'>ipJe</span> <span class='ocrx_word' id='word_1_107' title='bbox 1012 420 1072 445; x_wconf 88' lang='lat' dir='ltr'>Liu.</span> <span class='ocrx_word' id='word_1_108' title='bbox 1094 426 1108 451; x_wconf 84' lang='grc' dir='ltr'><strong>ς</strong></span> <span class='ocrx_word' id='word_1_109' title='bbox 1137 420 1239 445; x_wconf 77' lang='lat' dir='ltr'>contilii</span> <span class='ocrx_word' id='word_1_110' title='bbox 1254 419 1303 451; x_wconf 86' lang='lat' dir='ltr'>est,</span> <span class='ocrx_word' id='word_1_111' title='bbox 1321 423 1340 445; x_wconf 87' lang='lat' dir='ltr'>i.</span> <span class='ocrx_word' id='word_1_112' title='bbox 1360 428 1472 454; x_wconf 67' lang='lat' dir='ltr'>quaerere</span> <span class='ocrx_word' id='word_1_113' title='bbox 1486 420 1634 447; x_wconf 67' lang='lat' dir='ltr'>vtile-cidere.</span> <span class='ocrx_word' id='word_1_114' title='bbox 1686 420 1756 446; x_wconf 84' lang='lat' dir='ltr'>Ideni</span> <span class='ocrx_word' id='word_1_115' title='bbox 1771 428 1789 450; x_wconf 86' lang='lat'>1,</span> <span class='ocrx_word' id='word_1_116' title='bbox 1801 428 1828 452; x_wconf 85' lang='lat'>4,</span> <span class='ocrx_word' id='word_1_117' title='bbox 1842 428 1859 454; x_wconf 91' lang='lat'>7</span> <span class='ocrx_word' id='word_1_118' title='bbox 1880 421 1919 446; x_wconf 87' lang='lat' dir='ltr'>An</span> <span class='ocrx_word' id='word_1_119' title='bbox 1938 424 2077 451; x_wconf 69' lang='lat' dir='ltr'>cuiuslibet</span> <span class='ocrx_word' id='word_1_120' title='bbox 2096 426 2167 452; x_wconf 67' lang='lat' dir='ltr'>atu-i,</span> 
     </span>
     <span class='ocr_line' id='line_1_11' title="bbox 41 454 2167 499; baseline -0.002 -15"><span class='ocrx_word' id='word_1_121' title='bbox 41 467 83 493; x_wconf 76' lang='lat'>34,</span> <span class='ocrx_word' id='word_1_122' title='bbox 93 467 110 492; x_wconf 94' lang='lat'>9</span> <span class='ocrx_word' id='word_1_123' title='bbox 130 458 297 499; x_wconf 70' lang='lat' dir='ltr'>Mercariqite</span> <span class='ocrx_word' id='word_1_124' title='bbox 309 466 333 485; x_wconf 91' lang='lat' dir='ltr'>et</span> <span class='ocrx_word' id='word_1_125' title='bbox 347 459 402 494; x_wconf 85' lang='lat' dir='ltr'>ipli,</span> <span class='ocrx_word' id='word_1_126' title='bbox 417 469 483 495; x_wconf 92' lang='lat' dir='ltr'>quae</span> <span class='ocrx_word' id='word_1_127' title='bbox 495 467 602 487; x_wconf 82' lang='lat' dir='ltr'>externa</span> <span class='ocrx_word' id='word_1_128' title='bbox 614 458 725 485; x_wconf 84' lang='lat' dir='ltr'>nauibus</span> <span class='ocrx_word' id='word_1_129' title='bbox 739 456 946 487; x_wconf 87' lang='lat' dir='ltr'>inueherentur,</span> <span class='ocrx_word' id='word_1_130' title='bbox 959 462 985 482; x_wconf 89' lang='lat' dir='ltr'>et</span> <span class='ocrx_word' id='word_1_131' title='bbox 998 463 1072 489; x_wconf 82' lang='lat' dir='ltr'>agro·</span> <span class='ocrx_word' id='word_1_132' title='bbox 1136 455 1171 481; x_wconf 76' lang='lat' dir='ltr'>cll</span> <span class='ocrx_word' id='word_1_133' title='bbox 1188 456 1292 489; x_wconf 77' lang='lat' dir='ltr'>exigere</span> <span class='ocrx_word' id='word_1_134' title='bbox 1311 455 1446 481; x_wconf 86' lang='lat' dir='ltr'>literarum</span> <span class='ocrx_word' id='word_1_135' title='bbox 1466 455 1558 480; x_wconf 71' lang='lat' dir='ltr'>sonos?</span> <span class='ocrx_word' id='word_1_136' title='bbox 1628 455 1692 481; x_wconf 85' lang='lat' dir='ltr'>l’lin.</span> <span class='ocrx_word' id='word_1_137' title='bbox 1708 454 1784 489; x_wconf 88' lang='lat' dir='ltr'>Epist.</span> <span class='ocrx_word' id='word_1_138' title='bbox 1798 464 1824 487; x_wconf 87' lang='lat'>9,</span> <span class='ocrx_word' id='word_1_139' title='bbox 1838 459 1881 488; x_wconf 84' lang='lat'>26,</span> <span class='ocrx_word' id='word_1_140' title='bbox 1896 465 1918 487; x_wconf 84' lang='lat'>¹3</span> <span class='ocrx_word' id='word_1_141' title='bbox 1954 458 2070 485; x_wconf 51' lang='lat' dir='ltr'>Utinm«,</span> <span class='ocrx_word' id='word_1_142' title='bbox 2088 462 2167 493; x_wconf 57' lang='lat' dir='ltr'>diem·</span> 
     </span>
    </p>
   </div>
   <div class='ocr_carea' id='block_1_7' title="bbox 41 488 2172 673">
    <p class='ocr_par' dir='ltr' id='par_1_7' title="bbox 41 488 2172 673">
     <span class='ocr_line' id='line_1_12' title="bbox 43 488 2169 531; baseline -0.001 -10"><span class='ocrx_word' id='word_1_143' title='bbox 43 503 100 522; x_wconf 83' lang='lat' dir='ltr'>rum</span> <span class='ocrx_word' id='word_1_144' title='bbox 117 501 223 528; x_wconf 84' lang='lat' dir='ltr'>exigere</span> <span class='ocrx_word' id='word_1_145' title='bbox 242 495 344 521; x_wconf 65' lang='lat' dir='ltr'>fruetus</span> <span class='ocrx_word' id='word_1_146' title='bbox 362 496 495 522; x_wconf 70' lang='lat' dir='ltr'>volebant.</span> <span class='ocrx_word' id='word_1_147' title='bbox 531 494 604 531; x_wconf 83' lang='lat' dir='ltr'>conf.</span> <span class='ocrx_word' id='word_1_148' title='bbox 620 498 764 521; x_wconf 73' lang='lat' dir='ltr'>izxACTvs</span> <span class='ocrx_word' id='word_1_149' title='bbox 781 493 884 518; x_wconf 84' lang='lat' dir='ltr'>mercis.</span> <span class='ocrx_word' id='word_1_150' title='bbox 919 491 1013 518; x_wconf 86' lang='lat' dir='ltr'>Otium</span> <span class='ocrx_word' id='word_1_151' title='bbox 1032 491 1072 516; x_wconf 89' lang='lat' dir='ltr'>vis</span> <span class='ocrx_word' id='word_1_152' title='bbox 1137 499 1192 524; x_wconf 90' lang='lat' dir='ltr'>quo</span> <span class='ocrx_word' id='word_1_153' title='bbox 1205 498 1229 516; x_wconf 86' lang='lat' dir='ltr'>ct</span> <span class='ocrx_word' id='word_1_154' title='bbox 1243 491 1275 516; x_wconf 88' lang='lat' dir='ltr'>de</span> <span class='ocrx_word' id='word_1_155' title='bbox 1288 491 1341 516; x_wconf 89' lang='lat' dir='ltr'>illis</span> <span class='ocrx_word' id='word_1_156' title='bbox 1355 495 1380 516; x_wconf 88' lang='lat' dir='ltr'>et</span> <span class='ocrx_word' id='word_1_157' title='bbox 1399 491 1430 515; x_wconf 85' lang='lat' dir='ltr'>dc</span> <span class='ocrx_word' id='word_1_158' title='bbox 1444 488 1484 515; x_wconf 87' lang='lat' dir='ltr'>his</span> <span class='ocrx_word' id='word_1_159' title='bbox 1497 499 1585 516; x_wconf 87' lang='lat' dir='ltr'>coram</span> <span class='ocrx_word' id='word_1_160' title='bbox 1601 491 1706 524; x_wconf 79' lang='lat' dir='ltr'>exigere</span> <span class='ocrx_word' id='word_1_161' title='bbox 1719 490 1857 525; x_wconf 78' lang='lat' dir='ltr'>pellimus,</span> <span class='ocrx_word' id='word_1_162' title='bbox 1871 495 1890 517; x_wconf 88' lang='lat' dir='ltr'>i.</span> <span class='ocrx_word' id='word_1_163' title='bbox 1909 493 2064 524; x_wconf 55' lang='lat' dir='ltr'>Delicwmw,</span> <span class='ocrx_word' id='word_1_164' title='bbox 2079 501 2169 523; x_wconf 55' lang='lat' dir='ltr'>maim.</span> 
     </span>
     <span class='ocr_line' id='line_1_13' title="bbox 41 524 2168 565; baseline 0 -8"><span class='ocrx_word' id='word_1_165' title='bbox 41 529 122 564; x_wconf 76' lang='lat' dir='ltr'>exigit</span> <span class='ocrx_word' id='word_1_166' title='bbox 134 530 201 556; x_wconf 84' lang='lat' dir='ltr'>Hor.</span> <span class='ocrx_word' id='word_1_167' title='bbox 214 529 263 556; x_wconf 90' lang='lat' dir='ltr'>Od.</span> <span class='ocrx_word' id='word_1_168' title='bbox 278 539 306 563; x_wconf 91' lang='lat'>4,</span> <span class='ocrx_word' id='word_1_169' title='bbox 322 538 357 563; x_wconf 93' lang='lat'>15,</span> <span class='ocrx_word' id='word_1_170' title='bbox 372 539 408 565; x_wconf 94' lang='lat'>17.</span> <span class='ocrx_word' id='word_1_171' title='bbox 478 532 539 558; x_wconf 87' lang='lat' dir='ltr'>Sues</span> <span class='ocrx_word' id='word_1_172' title='bbox 552 530 650 565; x_wconf 85' lang='lat' dir='ltr'>pastum</span> <span class='ocrx_word' id='word_1_173' title='bbox 664 527 768 562; x_wconf 83' lang='lat' dir='ltr'>exigere</span> <span class='ocrx_word' id='word_1_174' title='bbox 783 528 868 553; x_wconf 86' lang='lat' dir='ltr'>Varro</span> <span class='ocrx_word' id='word_1_175' title='bbox 882 526 913 553; x_wconf 84' lang='lat' dir='ltr'>de</span> <span class='ocrx_word' id='word_1_176' title='bbox 920 527 950 553; x_wconf 96' lang='lat' dir='ltr'>R.</span> <span class='ocrx_word' id='word_1_177' title='bbox 966 527 997 553; x_wconf 90' lang='lat' dir='ltr'>R.</span> <span class='ocrx_word' id='word_1_178' title='bbox 1011 534 1071 559; x_wconf 91' lang='lat'>2‚4.</span> <span class='ocrx_word' id='word_1_179' title='bbox 1136 535 1209 557; x_wconf 72' lang='lat' dir='ltr'>nare,</span> <span class='ocrx_word' id='word_1_180' title='bbox 1226 535 1255 552; x_wconf 86' lang='lat' dir='ltr'>ac</span> <span class='ocrx_word' id='word_1_181' title='bbox 1265 525 1400 561; x_wconf 77' lang='lat' dir='ltr'>ponderare</span> <span class='ocrx_word' id='word_1_182' title='bbox 1411 524 1526 560; x_wconf 66' lang='lat' dir='ltr'>singula,</span> <span class='ocrx_word' id='word_1_183' title='bbox 1541 533 1563 550; x_wconf 73' lang='grc' dir='ltr'>ιτ</span> <span class='ocrx_word' id='word_1_184' title='bbox 1579 528 1615 551; x_wconf 73' lang='lat' dir='ltr'>ita</span> <span class='ocrx_word' id='word_1_185' title='bbox 1631 531 1750 561; x_wconf 67' lang='lat' dir='ltr'>jammam</span> <span class='ocrx_word' id='word_1_186' title='bbox 1770 526 1945 562; x_wconf 70' lang='lat' dir='ltr'>disputationis</span> <span class='ocrx_word' id='word_1_187' title='bbox 1962 536 2057 560; x_wconf 44' lang='lat' dir='ltr'>nostum</span> <span class='ocrx_word' id='word_1_188' title='bbox 2072 532 2168 565; x_wconf 62' lang='lat' dir='ltr'>jin-erc.</span> 
     </span>
     <span class='ocr_line' id='line_1_14' title="bbox 42 560 2171 601; baseline -0.001 -10"><span class='ocrx_word' id='word_1_189' title='bbox 42 564 122 592; x_wconf 84' lang='lat' dir='ltr'>I&#39;laut.</span> <span class='ocrx_word' id='word_1_190' title='bbox 134 565 216 591; x_wconf 85' lang='lat' dir='ltr'>Mei-c.</span> <span class='ocrx_word' id='word_1_191' title='bbox 229 574 257 598; x_wconf 91' lang='lat'>4,</span> <span class='ocrx_word' id='word_1_192' title='bbox 271 568 297 598; x_wconf 89' lang='lat'>6,</span> <span class='ocrx_word' id='word_1_193' title='bbox 310 568 327 592; x_wconf 90' lang='lat'>6</span> <span class='ocrx_word' id='word_1_194' title='bbox 357 568 431 593; x_wconf 88' lang='lat' dir='ltr'>onr</span> <span class='ocrx_word' id='word_1_195' title='bbox 450 567 512 593; x_wconf 87' lang='lat' dir='ltr'>viro</span> <span class='ocrx_word' id='word_1_196' title='bbox 530 565 547 592; x_wconf 83' lang='lat' dir='ltr'>fi</span> <span class='ocrx_word' id='word_1_197' title='bbox 567 565 632 591; x_wconf 89' lang='lat' dir='ltr'>clam</span> <span class='ocrx_word' id='word_1_198' title='bbox 645 563 726 590; x_wconf 90' lang='lat' dir='ltr'>domo</span> <span class='ocrx_word' id='word_1_199' title='bbox 745 563 840 598; x_wconf 81' lang='lat' dir='ltr'>egi-elsa</span> <span class='ocrx_word' id='word_1_200' title='bbox 857 562 893 588; x_wconf 86' lang='lat' dir='ltr'>est</span> <span class='ocrx_word' id='word_1_201' title='bbox 906 562 994 593; x_wconf 86' lang='lat' dir='ltr'>foras,</span> <span class='ocrx_word' id='word_1_202' title='bbox 1012 562 1073 588; x_wconf 87' lang='lat' dir='ltr'>viro</span> <span class='ocrx_word' id='word_1_203' title='bbox 1137 562 1210 596; x_wconf 86' lang='lat' dir='ltr'>Virg.</span> <span class='ocrx_word' id='word_1_204' title='bbox 1224 563 1288 587; x_wconf 87' lang='lat' dir='ltr'>Aen.</span> <span class='ocrx_word' id='word_1_205' title='bbox 1302 570 1330 596; x_wconf 84' lang='lat'>4,</span> <span class='ocrx_word' id='word_1_206' title='bbox 1345 568 1395 595; x_wconf 85' lang='lat'>475</span> <span class='ocrx_word' id='word_1_207' title='bbox 1419 561 1486 586; x_wconf 68' lang='lat' dir='ltr'>Dido</span> <span class='ocrx_word' id='word_1_208' title='bbox 1499 560 1618 595; x_wconf 70' lang='lat' dir='ltr'>&#39;I&#39;empus</span> <span class='ocrx_word' id='word_1_209' title='bbox 1639 563 1722 587; x_wconf 73' lang='lat' dir='ltr'>i&#39;ccum</span> <span class='ocrx_word' id='word_1_210' title='bbox 1744 562 1797 596; x_wconf 87' lang='lat' dir='ltr'>ipsa</span> <span class='ocrx_word' id='word_1_211' title='bbox 1814 561 1975 599; x_wconf 87' lang='lat' dir='ltr'>modumque</span> <span class='ocrx_word' id='word_1_212' title='bbox 1994 564 2094 598; x_wconf 84' lang='lat' dir='ltr'>Exigit,</span> <span class='ocrx_word' id='word_1_213' title='bbox 2109 568 2171 601; x_wconf 63' lang='lat' dir='ltr'>quud</span> 
     </span>
     <span class='ocr_line' id='line_1_15' title="bbox 41 595 2172 635; baseline -0 -8"><span class='ocrx_word' id='word_1_214' title='bbox 41 599 72 627; x_wconf 81' lang='lat' dir='ltr'>fit</span> <span class='ocrx_word' id='word_1_215' title='bbox 83 599 173 631; x_wconf 76' lang='lat' dir='ltr'>causa,</span> <span class='ocrx_word' id='word_1_216' title='bbox 187 601 303 635; x_wconf 85' lang='lat' dir='ltr'>exigitur</span> <span class='ocrx_word' id='word_1_217' title='bbox 314 602 495 629; x_wconf 85' lang='lat' dir='ltr'>matrimonio.</span> <span class='ocrx_word' id='word_1_218' title='bbox 529 600 596 627; x_wconf 76' lang='lat' dir='ltr'>Add.</span> <span class='ocrx_word' id='word_1_219' title='bbox 611 599 678 626; x_wconf 91' lang='lat' dir='ltr'>Ter.</span> <span class='ocrx_word' id='word_1_220' title='bbox 693 599 759 624; x_wconf 87' lang='lat' dir='ltr'>Hec.</span> <span class='ocrx_word' id='word_1_221' title='bbox 773 607 797 629; x_wconf 87' lang='lat'>2,</span> <span class='ocrx_word' id='word_1_222' title='bbox 810 606 828 629; x_wconf 90' lang='lat'>1,</span> <span class='ocrx_word' id='word_1_223' title='bbox 842 605 884 632; x_wconf 90' lang='lat'>45.</span> <span class='ocrx_word' id='word_1_224' title='bbox 1021 597 1041 633; x_wconf 59' lang='lat' dir='ltr'><strong>ff</strong></span> <span class='ocrx_word' id='word_1_225' title='bbox 1063 605 1074 623; x_wconf 89' lang='lat'>2</span> <span class='ocrx_word' id='word_1_226' title='bbox 1093 604 1121 622; x_wconf 92' lang='lat'>10</span> <span class='ocrx_word' id='word_1_227' title='bbox 1137 597 1243 623; x_wconf 85' lang='lat' dir='ltr'>Seruius</span> <span class='ocrx_word' id='word_1_228' title='bbox 1261 600 1442 631; x_wconf 77' lang='lat' dir='ltr'>interpretatur</span> <span class='ocrx_word' id='word_1_229' title='bbox 1461 595 1566 621; x_wconf 83' lang='lat' dir='ltr'>definit:</span> <span class='ocrx_word' id='word_1_230' title='bbox 1587 604 1666 634; x_wconf 64' lang='lat' dir='ltr'>nempe</span> <span class='ocrx_word' id='word_1_231' title='bbox 1681 596 1735 631; x_wconf 53' lang='grc' dir='ltr'>ῥιψὶ</span> <span class='ocrx_word' id='word_1_232' title='bbox 1754 606 1862 623; x_wconf 68' lang='lat' dir='ltr'>examen.</span> <span class='ocrx_word' id='word_1_233' title='bbox 1908 600 1948 626; x_wconf 84' lang='lat' dir='ltr'>Sic</span> <span class='ocrx_word' id='word_1_234' title='bbox 1966 599 2022 625; x_wconf 87' lang='lat' dir='ltr'>Cic.</span> <span class='ocrx_word' id='word_1_235' title='bbox 2043 601 2112 626; x_wconf 69' lang='lat' dir='ltr'>ram.</span> <span class='ocrx_word' id='word_1_236' title='bbox 2134 611 2172 633; x_wconf 77' lang='lat' dir='ltr'>io,</span> 
     </span>
     <span class='ocr_line' id='line_1_16' title="bbox 41 632 2172 673; baseline -0.001 -10"><span class='ocrx_word' id='word_1_237' title='bbox 41 634 151 670; x_wconf 82' lang='lat' dir='ltr'>Exigere</span> <span class='ocrx_word' id='word_1_238' title='bbox 158 637 318 662; x_wconf 85' lang='lat' dir='ltr'>Aerumnam</span> <span class='ocrx_word' id='word_1_239' title='bbox 338 637 418 664; x_wconf 81' lang='lat' dir='ltr'>Plaut.</span> <span class='ocrx_word' id='word_1_240' title='bbox 433 638 506 672; x_wconf 82' lang='lat' dir='ltr'>Capt.</span> <span class='ocrx_word' id='word_1_241' title='bbox 523 643 545 669; x_wconf 84' lang='lat'>5,</span> <span class='ocrx_word' id='word_1_242' title='bbox 555 645 584 669; x_wconf 91' lang='lat'>4,</span> <span class='ocrx_word' id='word_1_243' title='bbox 603 643 638 661; x_wconf 88' lang='lat'>12.</span> <span class='ocrx_word' id='word_1_244' title='bbox 658 634 808 673; x_wconf 46' lang='lat' dir='ltr'>1⁴2peiferre</span> <span class='ocrx_word' id='word_1_245' title='bbox 825 640 848 659; x_wconf 76' lang='lat' dir='ltr'>et</span> <span class='ocrx_word' id='word_1_246' title='bbox 859 635 926 668; x_wconf 79' lang='lat' dir='ltr'>pati.</span> <span class='ocrx_word' id='word_1_247' title='bbox 999 632 1075 658; x_wconf 84' lang='lat' dir='ltr'>Aeta·</span> <span class='ocrx_word' id='word_1_248' title='bbox 1138 640 1174 665; x_wconf 74' lang='lat'>24</span> <span class='ocrx_word' id='word_1_249' title='bbox 1191 633 1226 658; x_wconf 79' lang='lat' dir='ltr'>Vt</span> <span class='ocrx_word' id='word_1_250' title='bbox 1239 632 1356 666; x_wconf 80' lang='lat' dir='ltr'>exigeret</span> <span class='ocrx_word' id='word_1_251' title='bbox 1372 640 1431 657; x_wconf 86' lang='lat' dir='ltr'>eum</span> <span class='ocrx_word' id='word_1_252' title='bbox 1443 639 1492 662; x_wconf 89' lang='lat' dir='ltr'>eo,</span> <span class='ocrx_word' id='word_1_253' title='bbox 1509 634 1528 657; x_wconf 87' lang='grc' dir='ltr'>ι’.</span> <span class='ocrx_word' id='word_1_254' title='bbox 1549 634 1693 667; x_wconf 61' lang='lat' dir='ltr'>transigeret</span> <span class='ocrx_word' id='word_1_255' title='bbox 1701 632 1756 667; x_wconf 62' lang='lat' dir='ltr'>pali</span> <span class='ocrx_word' id='word_1_256' title='bbox 1772 634 1874 659; x_wconf 71' lang='lat' dir='ltr'>collatas</span> <span class='ocrx_word' id='word_1_257' title='bbox 1886 637 2004 661; x_wconf 79' lang='lat' dir='ltr'>rationes.</span> <span class='ocrx_word' id='word_1_258' title='bbox 2045 636 2102 662; x_wconf 60' lang='lat' dir='ltr'>Viti.</span> <span class='ocrx_word' id='word_1_259' title='bbox 2112 638 2172 663; x_wconf 77' lang='lat' dir='ltr'>Gro-</span> 
     </span>
    </p>
   </div>
   <div class='ocr_carea' id='block_1_8' title="bbox 0 666 2174 747">
    <p class='ocr_par' dir='ltr' id='par_1_8' title="bbox 0 666 2174 747">
     <span class='ocr_line' id='line_1_17' title="bbox 0 666 2174 706; baseline -0.002 -8"><span class='ocrx_word' id='word_1_260' title='bbox 0 677 4 686; x_wconf 66' lang='lat'><em>³</em></span> <span class='ocrx_word' id='word_1_261' title='bbox 43 675 96 698; x_wconf 82' lang='lat' dir='ltr'>teni</span> <span class='ocrx_word' id='word_1_262' title='bbox 115 670 220 706; x_wconf 77' lang='lat' dir='ltr'>exigere</span> <span class='ocrx_word' id='word_1_263' title='bbox 246 672 328 699; x_wconf 86' lang='lat' dir='ltr'>Plaut.</span> <span class='ocrx_word' id='word_1_264' title='bbox 345 674 400 700; x_wconf 83' lang='lat' dir='ltr'>Cas.</span> <span class='ocrx_word' id='word_1_265' title='bbox 421 681 445 704; x_wconf 83' lang='lat'>2,</span> <span class='ocrx_word' id='word_1_266' title='bbox 465 681 487 705; x_wconf 93' lang='lat'>5,</span> <span class='ocrx_word' id='word_1_267' title='bbox 508 679 544 697; x_wconf 87' lang='lat'>12.</span> <span class='ocrx_word' id='word_1_268' title='bbox 563 673 582 696; x_wconf 81' lang='lat' dir='ltr'>i.</span> <span class='ocrx_word' id='word_1_269' title='bbox 607 670 750 705; x_wconf 68' lang='lat' dir='ltr'>transigere.</span> <span class='ocrx_word' id='word_1_270' title='bbox 787 669 828 696; x_wconf 87' lang='lat' dir='ltr'>Sic</span> <span class='ocrx_word' id='word_1_271' title='bbox 846 669 949 694; x_wconf 88' lang='lat' dir='ltr'>Aeuum</span> <span class='ocrx_word' id='word_1_272' title='bbox 970 668 1075 702; x_wconf 76' lang='lat' dir='ltr'>exigere</span> <span class='ocrx_word' id='word_1_273' title='bbox 1139 677 1195 694; x_wconf 86' lang='lat' dir='ltr'>nou.</span> <span class='ocrx_word' id='word_1_274' title='bbox 1208 666 1241 693; x_wconf 78' lang='lat' dir='ltr'>ad</span> <span class='ocrx_word' id='word_1_275' title='bbox 1253 668 1277 693; x_wconf 82' lang='lat' dir='ltr'>h.</span> <span class='ocrx_word' id='word_1_276' title='bbox 1289 669 1307 693; x_wconf 79' lang='lat' dir='ltr'>l.</span> <span class='ocrx_word' id='word_1_277' title='bbox 1323 674 1346 693; x_wconf 74' lang='lat' dir='ltr'>rt</span> <span class='ocrx_word' id='word_1_278' title='bbox 1361 667 1501 702; x_wconf 70' lang='lat' dir='ltr'>Obstruau.</span> <span class='ocrx_word' id='word_1_279' title='bbox 1515 675 1541 699; x_wconf 84' lang='lat'>4,</span> <span class='ocrx_word' id='word_1_280' title='bbox 1554 675 1588 692; x_wconf 88' lang='lat'>20</span> <span class='ocrx_word' id='word_1_281' title='bbox 1601 675 1664 693; x_wconf 67' lang='lat' dir='ltr'>extr.</span> <span class='ocrx_word' id='word_1_282' title='bbox 1738 668 1866 701; x_wconf 76' lang='lat' dir='ltr'>Qiiueiil.</span> <span class='ocrx_word' id='word_1_283' title='bbox 1889 677 1908 701; x_wconf 91' lang='lat'>1,</span> <span class='ocrx_word' id='word_1_284' title='bbox 1926 678 1950 702; x_wconf 89' lang='lat'>9,</span> <span class='ocrx_word' id='word_1_285' title='bbox 1972 678 1987 696; x_wconf 80' lang='lat'>2</span> <span class='ocrx_word' id='word_1_286' title='bbox 2021 672 2115 705; x_wconf 81' lang='lat' dir='ltr'>Aesopi</span> <span class='ocrx_word' id='word_1_287' title='bbox 2137 672 2174 698; x_wconf 71' lang='lat' dir='ltr'>sa.</span> 
     </span>
     <span class='ocr_line' id='line_1_18' title="bbox 0 702 2174 747; baseline -0.005 -2"><span class='ocrx_word' id='word_1_288' title='bbox 0 714 2 716; x_wconf 31' lang='lat'>*</span> <span class='ocrx_word' id='word_1_289' title='bbox 43 706 117 741; x_wconf 61' lang='lat' dir='ltr'>virg·</span> <span class='ocrx_word' id='word_1_290' title='bbox 135 707 198 747; x_wconf 65' lang='lat' dir='ltr'>Aen?</span> <span class='ocrx_word' id='word_1_291' title='bbox 217 713 243 741; x_wconf 70' lang='lat'>7,</span> <span class='ocrx_word' id='word_1_292' title='bbox 263 715 325 743; x_wconf 84' lang='lat'><strong>777·</strong></span> <span class='ocrx_word' id='word_1_293' title='bbox 363 715 386 735; x_wconf 56' lang='grc' dir='ltr'>εἴ</span> <span class='ocrx_word' id='word_1_294' title='bbox 405 707 485 735; x_wconf 78' lang='lat' dir='ltr'>Ossid·</span> <span class='ocrx_word' id='word_1_295' title='bbox 506 707 570 733; x_wconf 64' lang='lat' dir='ltr'>Met·</span> <span class='ocrx_word' id='word_1_296' title='bbox 590 714 624 738; x_wconf 84' lang='lat'>1²,</span> <span class='ocrx_word' id='word_1_297' title='bbox 639 710 694 735; x_wconf 86' lang='lat'><em>208-</em></span> <span class='ocrx_word' id='word_1_298' title='bbox 765 704 845 731; x_wconf 84' lang='lat' dir='ltr'>Ouid.</span> <span class='ocrx_word' id='word_1_299' title='bbox 863 702 949 730; x_wconf 79' lang='lat' dir='ltr'>Trist.</span> <span class='ocrx_word' id='word_1_300' title='bbox 968 711 990 734; x_wconf 84' lang='lat'>3,</span> <span class='ocrx_word' id='word_1_301' title='bbox 1002 713 1030 737; x_wconf 82' lang='lat'>4,</span> <span class='ocrx_word' id='word_1_302' title='bbox 1043 712 1075 736; x_wconf 83' lang='lat'>43</span> <span class='ocrx_word' id='word_1_303' title='bbox 1139 703 1221 729; x_wconf 87' lang='lat' dir='ltr'>bellas</span> <span class='ocrx_word' id='word_1_304' title='bbox 1235 711 1341 728; x_wconf 86' lang='lat' dir='ltr'>narrare</span> <span class='ocrx_word' id='word_1_305' title='bbox 1354 703 1473 728; x_wconf 78' lang='lat' dir='ltr'>sermone</span> <span class='ocrx_word' id='word_1_306' title='bbox 1489 710 1556 736; x_wconf 85' lang='lat' dir='ltr'>puro</span> <span class='ocrx_word' id='word_1_307' title='bbox 1575 717 1620 722; x_wconf 91' lang='lat'>——-</span> <span class='ocrx_word' id='word_1_308' title='bbox 1637 702 1731 729; x_wconf 84' lang='lat' dir='ltr'>deinde</span> <span class='ocrx_word' id='word_1_309' title='bbox 1750 704 1858 729; x_wconf 73' lang='lat' dir='ltr'>eandem</span> <span class='ocrx_word' id='word_1_310' title='bbox 1876 705 2047 744; x_wconf 83' lang='lat' dir='ltr'>gracilitatem</span> <span class='ocrx_word' id='word_1_311' title='bbox 2067 708 2174 742; x_wconf 78' lang='lat' dir='ltr'>exigere</span> 
     </span>
    </p>
   </div>
   <div class='ocr_carea' id='block_1_9' title="bbox 42 737 2176 850">
    <p class='ocr_par' dir='ltr' id='par_1_9' title="bbox 42 737 2176 850">
     <span class='ocr_line' id='line_1_19' title="bbox 44 737 2173 778; baseline 0 -10"><span class='ocrx_word' id='word_1_312' title='bbox 44 742 113 768; x_wconf 86' lang='lat' dir='ltr'>Viue</span> <span class='ocrx_word' id='word_1_313' title='bbox 126 741 177 771; x_wconf 84' lang='lat' dir='ltr'>siue</span> <span class='ocrx_word' id='word_1_314' title='bbox 190 743 293 770; x_wconf 84' lang='lat' dir='ltr'>inuidia</span> <span class='ocrx_word' id='word_1_315' title='bbox 302 763 310 776; x_wconf 93' lang='lat'>,</span> <span class='ocrx_word' id='word_1_316' title='bbox 323 744 469 778; x_wconf 83' lang='lat' dir='ltr'>mollesque</span> <span class='ocrx_word' id='word_1_317' title='bbox 482 741 612 775; x_wconf 86' lang='lat' dir='ltr'>inglorius</span> <span class='ocrx_word' id='word_1_318' title='bbox 627 741 716 767; x_wconf 86' lang='lat' dir='ltr'>Annos</span> <span class='ocrx_word' id='word_1_319' title='bbox 734 740 830 775; x_wconf 82' lang='lat' dir='ltr'>Exige,</span> <span class='ocrx_word' id='word_1_320' title='bbox 842 739 973 766; x_wconf 77' lang='lat' dir='ltr'>amicitias</span> <span class='ocrx_word' id='word_1_321' title='bbox 986 744 1012 764; x_wconf 86' lang='lat' dir='ltr'>et</span> <span class='ocrx_word' id='word_1_322' title='bbox 1025 739 1076 765; x_wconf 87' lang='lat' dir='ltr'>tibi</span> <span class='ocrx_word' id='word_1_323' title='bbox 1140 738 1200 764; x_wconf 86' lang='lat' dir='ltr'>stilo</span> <span class='ocrx_word' id='word_1_324' title='bbox 1219 737 1378 764; x_wconf 81' lang='lat' dir='ltr'>condiscant.</span> <span class='ocrx_word' id='word_1_325' title='bbox 1413 738 1455 777; x_wconf 70' lang='lat' dir='ltr'>Sic</span> <span class='ocrx_word' id='word_1_326' title='bbox 1469 737 1576 770; x_wconf 75' lang='lat' dir='ltr'>Q1inci.</span> <span class='ocrx_word' id='word_1_327' title='bbox 1590 746 1622 770; x_wconf 86' lang='grc' dir='ltr'>ιι,</span> <span class='ocrx_word' id='word_1_328' title='bbox 1638 747 1658 770; x_wconf 83' lang='grc'>3,</span> <span class='ocrx_word' id='word_1_329' title='bbox 1674 746 1699 770; x_wconf 78' lang='lat'>33</span> <span class='ocrx_word' id='word_1_330' title='bbox 1736 739 1857 765; x_wconf 85' lang='lat' dir='ltr'>Dilucida</span> <span class='ocrx_word' id='word_1_331' title='bbox 1875 746 1925 766; x_wconf 82' lang='lat' dir='ltr'>erit</span> <span class='ocrx_word' id='word_1_332' title='bbox 1945 742 2142 776; x_wconf 79' lang='lat' dir='ltr'>pronuntiatio,</span> <span class='ocrx_word' id='word_1_333' title='bbox 2155 743 2173 769; x_wconf 83' lang='lat' dir='ltr'>fi</span> 
     </span>
     <span class='ocr_line' id='line_1_20' title="bbox 44 772 2175 814; baseline 0 -10"><span class='ocrx_word' id='word_1_334' title='bbox 44 778 120 812; x_wconf 83' lang='lat' dir='ltr'>iunge</span> <span class='ocrx_word' id='word_1_335' title='bbox 133 785 215 812; x_wconf 84' lang='lat' dir='ltr'>pares.</span> <span class='ocrx_word' id='word_1_336' title='bbox 286 779 360 814; x_wconf 86' lang='lat' dir='ltr'>Virg.</span> <span class='ocrx_word' id='word_1_337' title='bbox 375 781 438 806; x_wconf 84' lang='lat' dir='ltr'>Aen.</span> <span class='ocrx_word' id='word_1_338' title='bbox 454 785 473 808; x_wconf 93' lang='lat'>1,</span> <span class='ocrx_word' id='word_1_339' title='bbox 487 784 523 811; x_wconf 83' lang='lat'>74</span> <span class='ocrx_word' id='word_1_340' title='bbox 547 777 644 803; x_wconf 87' lang='lat' dir='ltr'>Omnes</span> <span class='ocrx_word' id='word_1_341' title='bbox 658 782 686 802; x_wconf 89' lang='lat' dir='ltr'>vt</span> <span class='ocrx_word' id='word_1_342' title='bbox 705 781 789 802; x_wconf 90' lang='lat' dir='ltr'>tecum</span> <span class='ocrx_word' id='word_1_343' title='bbox 803 775 905 801; x_wconf 80' lang='lat' dir='ltr'>meritis</span> <span class='ocrx_word' id='word_1_344' title='bbox 917 782 966 808; x_wconf 92' lang='lat' dir='ltr'>pro</span> <span class='ocrx_word' id='word_1_345' title='bbox 980 774 1077 800; x_wconf 88' lang='lat' dir='ltr'>talibus</span> <span class='ocrx_word' id='word_1_346' title='bbox 1095 782 1120 808; x_wconf 91' lang='lat'>15</span> <span class='ocrx_word' id='word_1_347' title='bbox 1140 772 1235 813; x_wconf 40' lang='lat' dir='ltr'>Verba.</span> <span class='ocrx_word' id='word_1_348' title='bbox 1257 779 1312 798; x_wconf 89' lang='lat' dir='ltr'>tota</span> <span class='ocrx_word' id='word_1_349' title='bbox 1334 778 1467 806; x_wconf 77' lang='lat' dir='ltr'>exegerit,</span> <span class='ocrx_word' id='word_1_350' title='bbox 1485 778 1610 812; x_wconf 63' lang='lat' dir='ltr'>persecuta</span> <span class='ocrx_word' id='word_1_351' title='bbox 1629 778 1723 808; x_wconf 61' lang='lat' dir='ltr'>jin-rit.</span> <span class='ocrx_word' id='word_1_352' title='bbox 1778 774 1851 801; x_wconf 74' lang='lat' dir='ltr'>Idem</span> <span class='ocrx_word' id='word_1_353' title='bbox 1864 783 1884 807; x_wconf 94' lang='lat'>1,</span> <span class='ocrx_word' id='word_1_354' title='bbox 1901 784 1922 808; x_wconf 74' lang='grc' dir='ltr'>ς,</span> <span class='ocrx_word' id='word_1_355' title='bbox 1936 785 1943 802; x_wconf 92' lang='grc' dir='ltr'>ι</span> <span class='ocrx_word' id='word_1_356' title='bbox 1980 777 2120 804; x_wconf 82' lang='lat' dir='ltr'>Emendate</span> <span class='ocrx_word' id='word_1_357' title='bbox 2138 779 2175 806; x_wconf 88' lang='lat' dir='ltr'>lo-</span> 
     </span>
     <span class='ocr_line' id='line_1_21' title="bbox 42 807 2176 850; baseline -0.002 -10"><span class='ocrx_word' id='word_1_358' title='bbox 42 813 132 840; x_wconf 68' lang='lat' dir='ltr'>Annon</span> <span class='ocrx_word' id='word_1_359' title='bbox 151 813 251 847; x_wconf 86' lang='lat' dir='ltr'>Exigat.</span> <span class='ocrx_word' id='word_1_360' title='bbox 322 815 377 842; x_wconf 82' lang='lat' dir='ltr'>Sen.</span> <span class='ocrx_word' id='word_1_361' title='bbox 392 814 469 840; x_wconf 87' lang='lat' dir='ltr'>Herc.</span> <span class='ocrx_word' id='word_1_362' title='bbox 484 813 543 838; x_wconf 85' lang='lat' dir='ltr'>Oet.</span> <span class='ocrx_word' id='word_1_363' title='bbox 557 817 619 847; x_wconf 81' lang='lat'>1987</span> <span class='ocrx_word' id='word_1_364' title='bbox 655 812 724 838; x_wconf 93' lang='lat' dir='ltr'>Cum</span> <span class='ocrx_word' id='word_1_365' title='bbox 744 812 855 837; x_wconf 85' lang='lat' dir='ltr'>summas</span> <span class='ocrx_word' id='word_1_366' title='bbox 875 810 963 844; x_wconf 82' lang='lat' dir='ltr'>exiget</span> <span class='ocrx_word' id='word_1_367' title='bbox 989 810 1075 836; x_wconf 84' lang='lat' dir='ltr'>Horas</span> <span class='ocrx_word' id='word_1_368' title='bbox 1139 807 1237 844; x_wconf 89' lang='lat' dir='ltr'>quendi</span> <span class='ocrx_word' id='word_1_369' title='bbox 1249 807 1339 842; x_wconf 88' lang='lat' dir='ltr'>regula</span> <span class='ocrx_word' id='word_1_370' title='bbox 1373 823 1419 828; x_wconf 97' lang='lat'>—</span> <span class='ocrx_word' id='word_1_371' title='bbox 1454 809 1570 842; x_wconf 79' lang='lat' dir='ltr'>exigitur</span> <span class='ocrx_word' id='word_1_372' title='bbox 1583 809 1669 835; x_wconf 82' lang='lat' dir='ltr'>verbis</span> <span class='ocrx_word' id='word_1_373' title='bbox 1684 816 1727 835; x_wconf 87' lang='lat' dir='ltr'>aut</span> <span class='ocrx_word' id='word_1_374' title='bbox 1747 809 1851 843; x_wconf 79' lang='lat' dir='ltr'>lingulis</span> <span class='ocrx_word' id='word_1_375' title='bbox 1864 818 1909 836; x_wconf 87' lang='lat' dir='ltr'>aut</span> <span class='ocrx_word' id='word_1_376' title='bbox 1926 812 2063 846; x_wconf 69' lang='lat' dir='ltr'>pluribus,</span> <span class='ocrx_word' id='word_1_377' title='bbox 2083 816 2102 841; x_wconf 86' lang='lat' dir='ltr'>i.</span> <span class='ocrx_word' id='word_1_378' title='bbox 2118 821 2176 850; x_wconf 74' lang='lat' dir='ltr'>per.</span> 
     </span>
    </p>
   </div>
   <div class='ocr_carea' id='block_1_10' title="bbox 0 841 2177 884">
    <p class='ocr_par' dir='ltr' id='par_1_10' title="bbox 0 841 2177 884">
     <span class='ocr_line' id='line_1_22' title="bbox 0 841 2177 884; baseline 0.001 -10"><span class='ocrx_word' id='word_1_379' title='bbox 0 872 1 881; x_wconf 58' lang='grc'><strong>,</strong></span> <span class='ocrx_word' id='word_1_380' title='bbox 42 848 176 875; x_wconf 81' lang='lat' dir='ltr'>consumta</span> <span class='ocrx_word' id='word_1_381' title='bbox 191 849 255 875; x_wconf 85' lang='lat' dir='ltr'>dies.</span> <span class='ocrx_word' id='word_1_382' title='bbox 326 847 406 877; x_wconf 89' lang='lat' dir='ltr'>Ouid.</span> <span class='ocrx_word' id='word_1_383' title='bbox 419 849 510 874; x_wconf 89' lang='lat' dir='ltr'>Amor.</span> <span class='ocrx_word' id='word_1_384' title='bbox 524 855 544 880; x_wconf 88' lang='lat'>1,</span> <span class='ocrx_word' id='word_1_385' title='bbox 559 855 582 880; x_wconf 86' lang='lat'>5,</span> <span class='ocrx_word' id='word_1_386' title='bbox 598 856 607 873; x_wconf 90' lang='lat'>1</span> <span class='ocrx_word' id='word_1_387' title='bbox 632 847 749 873; x_wconf 79' lang='lat' dir='ltr'>Mediam</span> <span class='ocrx_word' id='word_1_388' title='bbox 764 846 819 873; x_wconf 78' lang='lat' dir='ltr'>dies</span> <span class='ocrx_word' id='word_1_389' title='bbox 831 850 952 880; x_wconf 74' lang='lat' dir='ltr'>exegerat</span> <span class='ocrx_word' id='word_1_390' title='bbox 964 845 1075 871; x_wconf 82' lang='lat' dir='ltr'>Horam.</span> <span class='ocrx_word' id='word_1_391' title='bbox 1132 847 1224 881; x_wconf 67' lang='lat' dir='ltr'>ficitur</span> <span class='ocrx_word' id='word_1_392' title='bbox 1233 863 1241 877; x_wconf 94' lang='lat'>,</span> <span class='ocrx_word' id='word_1_393' title='bbox 1252 841 1356 876; x_wconf 75' lang='lat' dir='ltr'>constat.</span> <span class='ocrx_word' id='word_1_394' title='bbox 1393 844 1443 869; x_wconf 86' lang='lat' dir='ltr'>Hic</span> <span class='ocrx_word' id='word_1_395' title='bbox 1456 844 1545 878; x_wconf 86' lang='lat' dir='ltr'>regula</span> <span class='ocrx_word' id='word_1_396' title='bbox 1559 844 1627 878; x_wconf 71' lang='lat' dir='ltr'>exigi</span> <span class='ocrx_word' id='word_1_397' title='bbox 1643 845 1745 874; x_wconf 67' lang='lat' dir='ltr'>dicitur,</span> <span class='ocrx_word' id='word_1_398' title='bbox 1759 846 1787 870; x_wconf 72' lang='lat' dir='ltr'>nl</span> <span class='ocrx_word' id='word_1_399' title='bbox 1799 845 1832 878; x_wconf 62' lang='lat' dir='ltr'>‹st</span> <span class='ocrx_word' id='word_1_400' title='bbox 1846 846 1957 872; x_wconf 59' lang='lat' dir='ltr'>adhibe-ri</span> <span class='ocrx_word' id='word_1_401' title='bbox 1971 848 2004 874; x_wconf 73' lang='lat' dir='ltr'>ad</span> <span class='ocrx_word' id='word_1_402' title='bbox 2015 857 2051 881; x_wconf 70' lang='lat' dir='ltr'>ea,</span> <span class='ocrx_word' id='word_1_403' title='bbox 2060 858 2120 884; x_wconf 79' lang='lat' dir='ltr'>quae</span> <span class='ocrx_word' id='word_1_404' title='bbox 2130 859 2177 876; x_wconf 87' lang='lat' dir='ltr'>me-</span> 
     </span>
    </p>
   </div>
   <div class='ocr_carea' id='block_1_11' title="bbox 34 879 2183 1238">
    <p class='ocr_par' dir='ltr' id='par_1_11' title="bbox 40 879 2178 919">
     <span class='ocr_line' id='line_1_23' title="bbox 40 879 2178 919; baseline -0.002 -8"><span class='ocrx_word' id='word_1_405' title='bbox 40 883 104 911; x_wconf 82' lang='lat' dir='ltr'>Stat.</span> <span class='ocrx_word' id='word_1_406' title='bbox 117 883 209 910; x_wconf 86' lang='lat' dir='ltr'>Theb.</span> <span class='ocrx_word' id='word_1_407' title='bbox 224 893 249 917; x_wconf 84' lang='lat'>2,</span> <span class='ocrx_word' id='word_1_408' title='bbox 263 893 298 918; x_wconf 81' lang='lat'>42</span> <span class='ocrx_word' id='word_1_409' title='bbox 330 885 414 912; x_wconf 82' lang='lat' dir='ltr'>Prona</span> <span class='ocrx_word' id='word_1_410' title='bbox 433 882 489 909; x_wconf 86' lang='lat' dir='ltr'>dies</span> <span class='ocrx_word' id='word_1_411' title='bbox 504 883 595 917; x_wconf 83' lang='lat' dir='ltr'>longos</span> <span class='ocrx_word' id='word_1_412' title='bbox 614 883 691 917; x_wconf 87' lang='lat' dir='ltr'>super</span> <span class='ocrx_word' id='word_1_413' title='bbox 702 889 818 917; x_wconf 86' lang='lat' dir='ltr'>aequora</span> <span class='ocrx_word' id='word_1_414' title='bbox 834 881 911 908; x_wconf 82' lang='lat' dir='ltr'>Fines</span> <span class='ocrx_word' id='word_1_415' title='bbox 925 880 1029 914; x_wconf 83' lang='lat' dir='ltr'>Exigit,</span> <span class='ocrx_word' id='word_1_416' title='bbox 1041 888 1076 907; x_wconf 82' lang='lat' dir='ltr'>at·</span> <span class='ocrx_word' id='word_1_417' title='bbox 1139 880 1223 906; x_wconf 74' lang='lat' dir='ltr'>nenda</span> <span class='ocrx_word' id='word_1_418' title='bbox 1230 879 1300 916; x_wconf 78' lang='lat' dir='ltr'>Jimt.</span> <span class='ocrx_word' id='word_1_419' title='bbox 1368 879 1449 905; x_wconf 88' lang='lat' dir='ltr'>Ouid.</span> <span class='ocrx_word' id='word_1_420' title='bbox 1462 880 1525 905; x_wconf 87' lang='lat' dir='ltr'>Met.</span> <span class='ocrx_word' id='word_1_421' title='bbox 1542 888 1562 912; x_wconf 87' lang='lat' dir='ltr'>i,</span> <span class='ocrx_word' id='word_1_422' title='bbox 1578 887 1614 909; x_wconf 74' lang='lat'>¹18</span> <span class='ocrx_word' id='word_1_423' title='bbox 1641 881 1740 914; x_wconf 81' lang='lat' dir='ltr'>Perque</span> <span class='ocrx_word' id='word_1_424' title='bbox 1754 880 1855 907; x_wconf 80' lang='lat' dir='ltr'>hiemes</span> <span class='ocrx_word' id='word_1_425' title='bbox 1867 882 2004 917; x_wconf 76' lang='lat' dir='ltr'>aestusque</span> <span class='ocrx_word' id='word_1_426' title='bbox 2016 891 2041 910; x_wconf 87' lang='lat' dir='ltr'>et</span> <span class='ocrx_word' id='word_1_427' title='bbox 2056 885 2178 919; x_wconf 68' lang='lat' dir='ltr'>inaequa-</span> 
     </span>
    </p>

    <p class='ocr_par' dir='ltr' id='par_1_12' title="bbox 34 914 2183 1238">
     <span class='ocr_line' id='line_1_24' title="bbox 61 914 2178 957; baseline 0.001 -12"><span class='ocrx_word' id='word_1_428' title='bbox 61 927 93 945; x_wconf 89' lang='lat' dir='ltr'>ue</span> <span class='ocrx_word' id='word_1_429' title='bbox 106 919 198 954; x_wconf 81' lang='lat' dir='ltr'>ingens</span> <span class='ocrx_word' id='word_1_430' title='bbox 211 921 301 947; x_wconf 88' lang='lat' dir='ltr'>medio</span> <span class='ocrx_word' id='word_1_431' title='bbox 313 924 383 946; x_wconf 85' lang='lat' dir='ltr'>natat</span> <span class='ocrx_word' id='word_1_432' title='bbox 397 918 489 945; x_wconf 84' lang='lat' dir='ltr'>vmbra</span> <span class='ocrx_word' id='word_1_433' title='bbox 502 918 644 953; x_wconf 86' lang='lat' dir='ltr'>profundo.</span> <span class='ocrx_word' id='word_1_434' title='bbox 685 919 791 954; x_wconf 70' lang='lat' dir='ltr'>Tempus</span> <span class='ocrx_word' id='word_1_435' title='bbox 803 917 968 953; x_wconf 71' lang='lat' dir='ltr'>vespertinum</span> <span class='ocrx_word' id='word_1_436' title='bbox 980 915 1077 952; x_wconf 73' lang='lat' dir='ltr'>signat,</span> <span class='ocrx_word' id='word_1_437' title='bbox 1141 915 1178 942; x_wconf 87' lang='lat' dir='ltr'>les</span> <span class='ocrx_word' id='word_1_438' title='bbox 1191 921 1341 946; x_wconf 87' lang='lat' dir='ltr'>autumnos,</span> <span class='ocrx_word' id='word_1_439' title='bbox 1360 914 1390 940; x_wconf 82' lang='lat' dir='ltr'>Et</span> <span class='ocrx_word' id='word_1_440' title='bbox 1405 914 1486 941; x_wconf 86' lang='lat' dir='ltr'>breue</span> <span class='ocrx_word' id='word_1_441' title='bbox 1498 924 1545 941; x_wconf 90' lang='lat' dir='ltr'>vcr</span> <span class='ocrx_word' id='word_1_442' title='bbox 1559 916 1646 950; x_wconf 80' lang='lat' dir='ltr'>spatiis</span> <span class='ocrx_word' id='word_1_443' title='bbox 1659 915 1746 949; x_wconf 79' lang='lat' dir='ltr'>exegit</span> <span class='ocrx_word' id='word_1_444' title='bbox 1759 922 1873 950; x_wconf 87' lang='lat' dir='ltr'>quatuor</span> <span class='ocrx_word' id='word_1_445' title='bbox 1887 926 1982 944; x_wconf 84' lang='lat' dir='ltr'>aunum</span> <span class='ocrx_word' id='word_1_446' title='bbox 1991 939 1998 951; x_wconf 88' lang='lat'>‚</span> <span class='ocrx_word' id='word_1_447' title='bbox 2017 922 2034 945; x_wconf 84' lang='lat' dir='ltr'>i.</span> <span class='ocrx_word' id='word_1_448' title='bbox 2055 920 2178 957; x_wconf 60' lang='lat' dir='ltr'>dimensus</span> 
     </span>
     <span class='ocr_line' id='line_1_25' title="bbox 34 927 2178 992; baseline -0 -12"><span class='ocrx_word' id='word_1_449' title='bbox 34 927 84 992; x_wconf 50' lang='grc' dir='ltr'>λά</span> <span class='ocrx_word' id='word_1_450' title='bbox 96 957 185 987; x_wconf 79' lang='lat' dir='ltr'>ita,ut</span> <span class='ocrx_word' id='word_1_451' title='bbox 193 955 301 990; x_wconf 79' lang='lat' dir='ltr'>Exigere</span> <span class='ocrx_word' id='word_1_452' title='bbox 314 954 429 981; x_wconf 73' lang='lat' dir='ltr'>videatur</span> <span class='ocrx_word' id='word_1_453' title='bbox 442 953 572 990; x_wconf 52' lang='lat' dir='ltr'>idem-fere</span> <span class='ocrx_word' id='word_1_454' title='bbox 586 952 629 987; x_wconf 59' lang='lat' dir='ltr'>effi</span> <span class='ocrx_word' id='word_1_455' title='bbox 641 953 707 990; x_wconf 84' lang='lat' dir='ltr'>quod</span> <span class='ocrx_word' id='word_1_456' title='bbox 721 952 848 980; x_wconf 71' lang='lat' dir='ltr'>extmdcre</span> <span class='ocrx_word' id='word_1_457' title='bbox 857 972 865 985; x_wconf 91' lang='lat'><strong>‚</strong></span> <span class='ocrx_word' id='word_1_458' title='bbox 874 954 1013 988; x_wconf 74' lang='lat' dir='ltr'>porrigere.</span> <span class='ocrx_word' id='word_1_459' title='bbox 1038 953 1079 979; x_wconf 83' lang='lat' dir='ltr'>Sic</span> <span class='ocrx_word' id='word_1_460' title='bbox 1096 960 1131 979; x_wconf 64' lang='grc' dir='ltr'>πο</span> <span class='ocrx_word' id='word_1_461' title='bbox 1141 950 1174 984; x_wconf 76' lang='lat' dir='ltr'>est</span> <span class='ocrx_word' id='word_1_462' title='bbox 1185 971 1193 983; x_wconf 98' lang='lat'>,</span> <span class='ocrx_word' id='word_1_463' title='bbox 1206 948 1349 983; x_wconf 74' lang='lat' dir='ltr'>distribuit,</span> <span class='ocrx_word' id='word_1_464' title='bbox 1363 950 1434 985; x_wconf 72' lang='lat' dir='ltr'>stium</span> <span class='ocrx_word' id='word_1_465' title='bbox 1448 953 1532 986; x_wconf 66' lang='lat' dir='ltr'>cuique</span> <span class='ocrx_word' id='word_1_466' title='bbox 1551 950 1644 976; x_wconf 70' lang='lat' dir='ltr'>modum</span> <span class='ocrx_word' id='word_1_467' title='bbox 1657 950 1798 985; x_wconf 45' lang='lat' dir='ltr'>‹il-lignium.</span> <span class='ocrx_word' id='word_1_468' title='bbox 1835 953 1903 977; x_wconf 80' lang='lat' dir='ltr'>Hinc</span> <span class='ocrx_word' id='word_1_469' title='bbox 1915 954 2022 988; x_wconf 86' lang='lat' dir='ltr'>lamque</span> <span class='ocrx_word' id='word_1_470' title='bbox 2035 956 2107 989; x_wconf 80' lang='lat' dir='ltr'>Opus</span> <span class='ocrx_word' id='word_1_471' title='bbox 2120 965 2178 983; x_wconf 78' lang='lat' dir='ltr'>exc-</span> 
     </span>
     <span class='ocr_line' id='line_1_26' title="bbox 41 985 2179 1025; baseline 0 -8"><span class='ocrx_word' id='word_1_472' title='bbox 41 991 161 1025; x_wconf 82' lang='lat' dir='ltr'>Propert.</span> <span class='ocrx_word' id='word_1_473' title='bbox 182 999 205 1023; x_wconf 94' lang='grc'>3,</span> <span class='ocrx_word' id='word_1_474' title='bbox 223 999 260 1023; x_wconf 84' lang='grc' dir='ltr'>ι9,</span> <span class='ocrx_word' id='word_1_475' title='bbox 277 998 290 1023; x_wconf 84' lang='grc'>3</span> <span class='ocrx_word' id='word_1_476' title='bbox 323 990 371 1016; x_wconf 86' lang='lat' dir='ltr'>Tu</span> <span class='ocrx_word' id='word_1_477' title='bbox 391 998 516 1024; x_wconf 89' lang='lat' dir='ltr'>quoque,</span> <span class='ocrx_word' id='word_1_478' title='bbox 541 989 590 1024; x_wconf 87' lang='lat' dir='ltr'>qui</span> <span class='ocrx_word' id='word_1_479' title='bbox 608 990 720 1016; x_wconf 80' lang='lat' dir='ltr'>aestiuos</span> <span class='ocrx_word' id='word_1_480' title='bbox 740 987 875 1023; x_wconf 76' lang='lat' dir='ltr'>spatiosius</span> <span class='ocrx_word' id='word_1_481' title='bbox 892 988 976 1021; x_wconf 86' lang='lat' dir='ltr'>exigis</span> <span class='ocrx_word' id='word_1_482' title='bbox 994 988 1078 1021; x_wconf 86' lang='lat' dir='ltr'>Ignes,</span> <span class='ocrx_word' id='word_1_483' title='bbox 1141 986 1168 1021; x_wconf 83' lang='lat' dir='ltr'>gi</span> <span class='ocrx_word' id='word_1_484' title='bbox 1181 985 1261 1013; x_wconf 87' lang='lat' dir='ltr'>Ouid.</span> <span class='ocrx_word' id='word_1_485' title='bbox 1275 986 1338 1012; x_wconf 87' lang='lat' dir='ltr'>Met.</span> <span class='ocrx_word' id='word_1_486' title='bbox 1356 993 1391 1017; x_wconf 87' lang='lat'>15,</span> <span class='ocrx_word' id='word_1_487' title='bbox 1405 991 1457 1020; x_wconf 81' lang='lat'>87¹.</span> <span class='ocrx_word' id='word_1_488' title='bbox 1492 989 1521 1012; x_wconf 66' lang='lat' dir='ltr'>tit</span> <span class='ocrx_word' id='word_1_489' title='bbox 1535 988 1602 1012; x_wconf 83' lang='lat' dir='ltr'>llor.</span> <span class='ocrx_word' id='word_1_490' title='bbox 1616 985 1667 1012; x_wconf 83' lang='lat' dir='ltr'>Od.</span> <span class='ocrx_word' id='word_1_491' title='bbox 1680 994 1703 1017; x_wconf 82' lang='lat'>3,</span> <span class='ocrx_word' id='word_1_492' title='bbox 1716 993 1757 1017; x_wconf 84' lang='lat'>30,</span> <span class='ocrx_word' id='word_1_493' title='bbox 1774 993 1783 1011; x_wconf 93' lang='lat'>1</span> <span class='ocrx_word' id='word_1_494' title='bbox 1808 986 1887 1020; x_wconf 81' lang='lat' dir='ltr'>Exegi</span> <span class='ocrx_word' id='word_1_495' title='bbox 1902 996 2104 1017; x_wconf 75' lang='lat' dir='ltr'>mouumentum</span> <span class='ocrx_word' id='word_1_496' title='bbox 2119 1000 2179 1019; x_wconf 77' lang='lat' dir='ltr'>acre</span> 
     </span>
     <span class='ocr_line' id='line_1_27' title="bbox 41 1020 2180 1060; baseline -0.003 -8"><span class='ocrx_word' id='word_1_497' title='bbox 41 1025 165 1060; x_wconf 80' lang='lat' dir='ltr'>Phoebe,</span> <span class='ocrx_word' id='word_1_498' title='bbox 177 1030 325 1052; x_wconf 73' lang='lat' dir='ltr'>moraturae</span> <span class='ocrx_word' id='word_1_499' title='bbox 339 1025 464 1052; x_wconf 75' lang='lat' dir='ltr'>contrahe</span> <span class='ocrx_word' id='word_1_500' title='bbox 478 1025 543 1052; x_wconf 87' lang='lat' dir='ltr'>lucis</span> <span class='ocrx_word' id='word_1_501' title='bbox 558 1026 616 1051; x_wconf 87' lang='lat' dir='ltr'>iter.</span> <span class='ocrx_word' id='word_1_502' title='bbox 688 1024 752 1050; x_wconf 86' lang='lat' dir='ltr'>Plin.</span> <span class='ocrx_word' id='word_1_503' title='bbox 766 1023 844 1058; x_wconf 83' lang='lat' dir='ltr'>Epist.</span> <span class='ocrx_word' id='word_1_504' title='bbox 861 1031 884 1056; x_wconf 83' lang='lat'>3,</span> <span class='ocrx_word' id='word_1_505' title='bbox 898 1031 907 1050; x_wconf 92' lang='lat'>1</span> <span class='ocrx_word' id='word_1_506' title='bbox 934 1023 1030 1049; x_wconf 86' lang='lat' dir='ltr'>Nescio</span> <span class='ocrx_word' id='word_1_507' title='bbox 1044 1032 1077 1050; x_wconf 92' lang='lat' dir='ltr'>an</span> <span class='ocrx_word' id='word_1_508' title='bbox 1142 1022 1297 1056; x_wconf 86' lang='lat' dir='ltr'>perennius,</span> <span class='ocrx_word' id='word_1_509' title='bbox 1316 1023 1373 1056; x_wconf 77' lang='lat' dir='ltr'>quia</span> <span class='ocrx_word' id='word_1_510' title='bbox 1393 1024 1420 1046; x_wconf 86' lang='lat' dir='ltr'>in</span> <span class='ocrx_word' id='word_1_511' title='bbox 1434 1021 1586 1055; x_wconf 73' lang='lat' dir='ltr'>aedificando</span> <span class='ocrx_word' id='word_1_512' title='bbox 1605 1025 1632 1046; x_wconf 82' lang='lat' dir='ltr'>in</span> <span class='ocrx_word' id='word_1_513' title='bbox 1649 1023 1742 1055; x_wconf 81' lang='lat' dir='ltr'>primis</span> <span class='ocrx_word' id='word_1_514' title='bbox 1753 1020 1864 1056; x_wconf 67' lang='lat' dir='ltr'>menfiwa</span> <span class='ocrx_word' id='word_1_515' title='bbox 1882 1030 1940 1056; x_wconf 64' lang='lat' dir='ltr'>opus</span> <span class='ocrx_word' id='word_1_516' title='bbox 1960 1026 2002 1055; x_wconf 60' lang='lat' dir='ltr'>qt.</span> <span class='ocrx_word' id='word_1_517' title='bbox 2166 1034 2180 1060; x_wconf 69' lang='grc' dir='ltr'><strong><em>ς</em></strong></span> 
     </span>
     <span class='ocr_line' id='line_1_28' title="bbox 42 1055 2180 1095; baseline 0 -8"><span class='ocrx_word' id='word_1_518' title='bbox 42 1061 128 1088; x_wconf 79' lang='lat' dir='ltr'>vllem</span> <span class='ocrx_word' id='word_1_519' title='bbox 135 1061 255 1095; x_wconf 86' lang='lat' dir='ltr'>Tempus</span> <span class='ocrx_word' id='word_1_520' title='bbox 268 1060 408 1087; x_wconf 85' lang='lat' dir='ltr'>iucundius</span> <span class='ocrx_word' id='word_1_521' title='bbox 424 1061 565 1095; x_wconf 88' lang='lat' dir='ltr'>exegerim.</span> <span class='ocrx_word' id='word_1_522' title='bbox 636 1060 705 1086; x_wconf 86' lang='lat' dir='ltr'>Ter.</span> <span class='ocrx_word' id='word_1_523' title='bbox 720 1060 784 1086; x_wconf 90' lang='lat' dir='ltr'>Hec.</span> <span class='ocrx_word' id='word_1_524' title='bbox 799 1067 826 1091; x_wconf 87' lang='lat'>2,</span> <span class='ocrx_word' id='word_1_525' title='bbox 842 1067 862 1091; x_wconf 88' lang='lat'>1,</span> <span class='ocrx_word' id='word_1_526' title='bbox 876 1067 904 1092; x_wconf 90' lang='lat'>19</span> <span class='ocrx_word' id='word_1_527' title='bbox 930 1060 992 1092; x_wconf 75' lang='lat' dir='ltr'>Quo</span> <span class='ocrx_word' id='word_1_528' title='bbox 1007 1059 1078 1093; x_wconf 85' lang='lat' dir='ltr'>quis·</span> <span class='ocrx_word' id='word_1_529' title='bbox 1142 1058 1283 1093; x_wconf 74' lang='lat' dir='ltr'>Obstruatt.</span> <span class='ocrx_word' id='word_1_530' title='bbox 1298 1057 1347 1083; x_wconf 84' lang='lat' dir='ltr'>Pro</span> <span class='ocrx_word' id='word_1_531' title='bbox 1361 1057 1518 1092; x_wconf 71' lang='lat' dir='ltr'>Compenjiire</span> <span class='ocrx_word' id='word_1_532' title='bbox 1532 1058 1595 1092; x_wconf 78' lang='lat' dir='ltr'>poni</span> <span class='ocrx_word' id='word_1_533' title='bbox 1608 1063 1716 1090; x_wconf 68' lang='lat' dir='ltr'>putant:</span> <span class='ocrx_word' id='word_1_534' title='bbox 1738 1055 1794 1081; x_wconf 89' lang='lat' dir='ltr'>Cic.</span> <span class='ocrx_word' id='word_1_535' title='bbox 1816 1055 1847 1081; x_wconf 88' lang='lat' dir='ltr'>de</span> <span class='ocrx_word' id='word_1_536' title='bbox 1869 1057 1942 1083; x_wconf 86' lang='lat' dir='ltr'>Petit.</span> <span class='ocrx_word' id='word_1_537' title='bbox 1960 1059 2039 1085; x_wconf 85' lang='lat' dir='ltr'>Cous.</span> <span class='ocrx_word' id='word_1_538' title='bbox 2055 1068 2082 1091; x_wconf 84' lang='lat'>35</span> <span class='ocrx_word' id='word_1_539' title='bbox 2108 1059 2180 1089; x_wconf 76' lang='lat' dir='ltr'>Belle</span> 
     </span>
     <span class='ocr_line' id='line_1_29' title="bbox 41 1090 2181 1132; baseline -0.002 -9"><span class='ocrx_word' id='word_1_540' title='bbox 41 1104 95 1132; x_wconf 81' lang='lat' dir='ltr'>que</span> <span class='ocrx_word' id='word_1_541' title='bbox 110 1095 187 1131; x_wconf 64' lang='lat' dir='ltr'>padio</span> <span class='ocrx_word' id='word_1_542' title='bbox 199 1095 242 1122; x_wconf 87' lang='lat' dir='ltr'>hic</span> <span class='ocrx_word' id='word_1_543' title='bbox 256 1095 340 1123; x_wconf 89' lang='lat' dir='ltr'>vitam</span> <span class='ocrx_word' id='word_1_544' title='bbox 353 1096 500 1123; x_wconf 82' lang='lat' dir='ltr'>vostrarum</span> <span class='ocrx_word' id='word_1_545' title='bbox 513 1096 608 1131; x_wconf 77' lang='lat' dir='ltr'>exigat.</span> <span class='ocrx_word' id='word_1_546' title='bbox 627 1094 696 1122; x_wconf 78' lang='lat' dir='ltr'>Add.</span> <span class='ocrx_word' id='word_1_547' title='bbox 710 1094 749 1121; x_wconf 93' lang='lat' dir='ltr'>Id.</span> <span class='ocrx_word' id='word_1_548' title='bbox 763 1095 858 1121; x_wconf 85' lang='lat' dir='ltr'>Heaut.</span> <span class='ocrx_word' id='word_1_549' title='bbox 872 1103 893 1126; x_wconf 85' lang='lat'>2,</span> <span class='ocrx_word' id='word_1_550' title='bbox 909 1102 932 1126; x_wconf 84' lang='lat'>3,</span> <span class='ocrx_word' id='word_1_551' title='bbox 944 1102 983 1126; x_wconf 97' lang='grc'>39.</span> <span class='ocrx_word' id='word_1_552' title='bbox 1003 1094 1077 1130; x_wconf 81' lang='lat' dir='ltr'>Conf.</span> <span class='ocrx_word' id='word_1_553' title='bbox 1141 1092 1288 1127; x_wconf 81' lang='lat' dir='ltr'>negandum</span> <span class='ocrx_word' id='word_1_554' title='bbox 1303 1091 1354 1123; x_wconf 84' lang='lat' dir='ltr'>est,</span> <span class='ocrx_word' id='word_1_555' title='bbox 1369 1098 1397 1118; x_wconf 87' lang='lat' dir='ltr'>vt</span> <span class='ocrx_word' id='word_1_556' title='bbox 1410 1092 1527 1118; x_wconf 86' lang='lat' dir='ltr'>ostendas</span> <span class='ocrx_word' id='word_1_557' title='bbox 1545 1091 1731 1123; x_wconf 75' lang='lat' dir='ltr'>iic-celsitatem,</span> <span class='ocrx_word' id='word_1_558' title='bbox 1746 1090 1907 1117; x_wconf 82' lang='lat' dir='ltr'>demonstres</span> <span class='ocrx_word' id='word_1_559' title='bbox 1921 1101 2000 1126; x_wconf 85' lang='lat' dir='ltr'>quam</span> <span class='ocrx_word' id='word_1_560' title='bbox 2018 1096 2125 1122; x_wconf 80' lang='lat' dir='ltr'>moleste</span> <span class='ocrx_word' id='word_1_561' title='bbox 2143 1098 2181 1123; x_wconf 85' lang='lat' dir='ltr'>se.</span> 
     </span>
     <span class='ocr_line' id='line_1_30' title="bbox 41 1125 2183 1166; baseline -0.002 -8"><span class='ocrx_word' id='word_1_562' title='bbox 41 1140 68 1160; x_wconf 84' lang='lat' dir='ltr'>n.</span> <span class='ocrx_word' id='word_1_563' title='bbox 81 1140 108 1164; x_wconf 84' lang='lat'>4.</span> <span class='ocrx_word' id='word_1_564' title='bbox 123 1134 152 1157; x_wconf 81' lang='lat' dir='ltr'>it.</span> <span class='ocrx_word' id='word_1_565' title='bbox 173 1131 291 1158; x_wconf 64' lang='lat' dir='ltr'>Exadius.</span> <span class='ocrx_word' id='word_1_566' title='bbox 529 1139 542 1164; x_wconf 93' lang='grc'>3</span> <span class='ocrx_word' id='word_1_567' title='bbox 579 1130 706 1164; x_wconf 84' lang='lat' dir='ltr'>Exigere,</span> <span class='ocrx_word' id='word_1_568' title='bbox 730 1138 870 1166; x_wconf 81' lang='lat' dir='ltr'>quocunque</span> <span class='ocrx_word' id='word_1_569' title='bbox 899 1129 969 1156; x_wconf 83' lang='lat' dir='ltr'>modo</span> <span class='ocrx_word' id='word_1_570' title='bbox 985 1136 1080 1164; x_wconf 70' lang='lat' dir='ltr'>petere,</span> <span class='ocrx_word' id='word_1_571' title='bbox 1095 1135 1127 1163; x_wconf 84' lang='lat'>25</span> <span class='ocrx_word' id='word_1_572' title='bbox 1142 1137 1199 1160; x_wconf 84' lang='lat' dir='ltr'>ras,</span> <span class='ocrx_word' id='word_1_573' title='bbox 1217 1128 1278 1154; x_wconf 84' lang='lat' dir='ltr'>aliis</span> <span class='ocrx_word' id='word_1_574' title='bbox 1297 1133 1322 1153; x_wconf 89' lang='lat' dir='ltr'>te</span> <span class='ocrx_word' id='word_1_575' title='bbox 1342 1127 1368 1152; x_wconf 89' lang='lat' dir='ltr'>id</span> <span class='ocrx_word' id='word_1_576' title='bbox 1388 1127 1466 1154; x_wconf 86' lang='lat' dir='ltr'>rebus</span> <span class='ocrx_word' id='word_1_577' title='bbox 1486 1127 1640 1154; x_wconf 71' lang='lat' dir='ltr'>exaehirum</span> <span class='ocrx_word' id='word_1_578' title='bbox 1657 1126 1706 1152; x_wconf 83' lang='lat' dir='ltr'>effe</span> <span class='ocrx_word' id='word_1_579' title='bbox 1727 1125 1888 1160; x_wconf 82' lang='lat' dir='ltr'>pei-suadeas.</span> <span class='ocrx_word' id='word_1_580' title='bbox 1925 1129 1972 1155; x_wconf 72' lang='lat' dir='ltr'>,scd</span> <span class='ocrx_word' id='word_1_581' title='bbox 1985 1131 2068 1164; x_wconf 59' lang='lat' dir='ltr'>placet</span> <span class='ocrx_word' id='word_1_582' title='bbox 2086 1133 2183 1158; x_wconf 52' lang='lat' dir='ltr'>Lambi-</span> 
     </span>
     <span class='ocr_line' id='line_1_31' title="bbox 39 1161 2182 1201; baseline 0 -8"><span class='ocrx_word' id='word_1_583' title='bbox 39 1167 110 1196; x_wconf 76' lang='lat' dir='ltr'>l&#39;lin.</span> <span class='ocrx_word' id='word_1_584' title='bbox 124 1165 202 1201; x_wconf 88' lang='lat' dir='ltr'>Epist.</span> <span class='ocrx_word' id='word_1_585' title='bbox 216 1172 240 1200; x_wconf 86' lang='lat'>8,</span> <span class='ocrx_word' id='word_1_586' title='bbox 252 1175 284 1193; x_wconf 86' lang='lat'>20</span> <span class='ocrx_word' id='word_1_587' title='bbox 307 1166 433 1201; x_wconf 81' lang='lat' dir='ltr'>Exegerat</span> <span class='ocrx_word' id='word_1_588' title='bbox 445 1175 493 1201; x_wconf 88' lang='lat' dir='ltr'>pro</span> <span class='ocrx_word' id='word_1_589' title='bbox 505 1175 567 1193; x_wconf 88' lang='lat' dir='ltr'>ocer</span> <span class='ocrx_word' id='word_1_590' title='bbox 580 1174 669 1198; x_wconf 85' lang='lat' dir='ltr'>meus,</span> <span class='ocrx_word' id='word_1_591' title='bbox 683 1172 712 1192; x_wconf 90' lang='lat' dir='ltr'>vt</span> <span class='ocrx_word' id='word_1_592' title='bbox 725 1168 847 1192; x_wconf 88' lang='lat' dir='ltr'>Amerma</span> <span class='ocrx_word' id='word_1_593' title='bbox 862 1164 969 1200; x_wconf 86' lang='lat' dir='ltr'>praedia</span> <span class='ocrx_word' id='word_1_594' title='bbox 984 1167 1026 1191; x_wconf 88' lang='lat' dir='ltr'>sua</span> <span class='ocrx_word' id='word_1_595' title='bbox 1041 1166 1080 1192; x_wconf 92' lang='lat' dir='ltr'>in-</span> <span class='ocrx_word' id='word_1_596' title='bbox 1141 1166 1218 1190; x_wconf 83' lang='lat' dir='ltr'>niana</span> <span class='ocrx_word' id='word_1_597' title='bbox 1230 1161 1320 1195; x_wconf 72' lang='lat' dir='ltr'>Iefflo,</span> <span class='ocrx_word' id='word_1_598' title='bbox 1332 1162 1517 1196; x_wconf 76' lang='lat' dir='ltr'>Exsarturuni‚</span> <span class='ocrx_word' id='word_1_599' title='bbox 1538 1163 1591 1189; x_wconf 76' lang='lat' dir='ltr'>vid.</span> <span class='ocrx_word' id='word_1_600' title='bbox 1612 1168 1775 1188; x_wconf 53' lang='lat' dir='ltr'>Exsichio.</span> <span class='ocrx_word' id='word_1_601' title='bbox 1845 1163 1955 1190; x_wconf 83' lang='lat' dir='ltr'>Ferrum</span> <span class='ocrx_word' id='word_1_602' title='bbox 1973 1166 2094 1199; x_wconf 78' lang='lat' dir='ltr'>exigere,</span> <span class='ocrx_word' id='word_1_603' title='bbox 2117 1168 2182 1193; x_wconf 75' lang='lat' dir='ltr'>Tra-</span> 
     </span>
     <span class='ocr_line' id='line_1_32' title="bbox 39 1198 2183 1238; baseline -0.003 -9"><span class='ocrx_word' id='word_1_604' title='bbox 39 1201 178 1238; x_wconf 61' lang='lat' dir='ltr'>(picei-em.</span> <span class='ocrx_word' id='word_1_605' title='bbox 247 1201 380 1236; x_wconf 63' lang='lat' dir='ltr'>Quinctil.</span> <span class='ocrx_word' id='word_1_606' title='bbox 392 1211 418 1235; x_wconf 84' lang='lat'>2,</span> <span class='ocrx_word' id='word_1_607' title='bbox 433 1211 456 1235; x_wconf 87' lang='lat'>13</span> <span class='ocrx_word' id='word_1_608' title='bbox 490 1203 579 1230; x_wconf 89' lang='lat' dir='ltr'>Nemo</span> <span class='ocrx_word' id='word_1_609' title='bbox 592 1207 680 1228; x_wconf 88' lang='lat' dir='ltr'>autem</span> <span class='ocrx_word' id='word_1_610' title='bbox 696 1210 710 1227; x_wconf 87' lang='lat' dir='ltr'>a</span> <span class='ocrx_word' id='word_1_611' title='bbox 725 1210 767 1227; x_wconf 87' lang='lat' dir='ltr'>me</span> <span class='ocrx_word' id='word_1_612' title='bbox 780 1200 867 1235; x_wconf 86' lang='lat' dir='ltr'>exigat</span> <span class='ocrx_word' id='word_1_613' title='bbox 887 1201 914 1226; x_wconf 90' lang='lat' dir='ltr'>id</span> <span class='ocrx_word' id='word_1_614' title='bbox 928 1208 1079 1235; x_wconf 81' lang='lat' dir='ltr'>praecepto-</span> <span class='ocrx_word' id='word_1_615' title='bbox 1141 1202 1215 1226; x_wconf 82' lang='lat' dir='ltr'>iicere</span> <span class='ocrx_word' id='word_1_616' title='bbox 1228 1198 1314 1235; x_wconf 75' lang='lat' dir='ltr'>enstm.</span> <span class='ocrx_word' id='word_1_617' title='bbox 1349 1198 1430 1224; x_wconf 85' lang='lat' dir='ltr'>Ouid.</span> <span class='ocrx_word' id='word_1_618' title='bbox 1440 1198 1516 1233; x_wconf 76' lang='lat' dir='ltr'>Epist.</span> <span class='ocrx_word' id='word_1_619' title='bbox 1533 1207 1559 1231; x_wconf 91' lang='lat'>9,</span> <span class='ocrx_word' id='word_1_620' title='bbox 1575 1206 1600 1231; x_wconf 94' lang='lat'>15</span> <span class='ocrx_word' id='word_1_621' title='bbox 1620 1198 1712 1232; x_wconf 84' lang='lat' dir='ltr'>Exegit</span> <span class='ocrx_word' id='word_1_622' title='bbox 1719 1198 1828 1224; x_wconf 85' lang='lat' dir='ltr'>Ferrum</span> <span class='ocrx_word' id='word_1_623' title='bbox 1844 1199 1889 1225; x_wconf 88' lang='lat' dir='ltr'>sua</span> <span class='ocrx_word' id='word_1_624' title='bbox 1903 1208 1950 1233; x_wconf 87' lang='lat' dir='ltr'>per</span> <span class='ocrx_word' id='word_1_625' title='bbox 1963 1202 2117 1235; x_wconf 84' lang='lat' dir='ltr'>praecordia</span> <span class='ocrx_word' id='word_1_626' title='bbox 2131 1211 2183 1229; x_wconf 81' lang='lat' dir='ltr'>uia.</span> 
     </span>
    </p>
   </div>
   <div class='ocr_carea' id='block_1_12' title="bbox 0 1234 2183 1275">
    <p class='ocr_par' dir='ltr' id='par_1_13' title="bbox 0 1234 2183 1275">
     <span class='ocr_line' id='line_1_33' title="bbox 0 1234 2183 1275; baseline -0.001 -12"><span class='ocrx_word' id='word_1_627' title='bbox 0 1235 3 1266; x_wconf 68' lang='grc' dir='ltr'>ἶ</span> <span class='ocrx_word' id='word_1_628' title='bbox 32 1245 204 1272; x_wconf 54' lang='grc' dir='ltr'>,ςιιιιιςειιιιι</span> <span class='ocrx_word' id='word_1_629' title='bbox 272 1237 337 1264; x_wconf 82' lang='lat' dir='ltr'>Plin.</span> <span class='ocrx_word' id='word_1_630' title='bbox 352 1238 380 1264; x_wconf 94' lang='lat' dir='ltr'>in</span> <span class='ocrx_word' id='word_1_631' title='bbox 394 1239 485 1273; x_wconf 85' lang='lat' dir='ltr'>Paneg.</span> <span class='ocrx_word' id='word_1_632' title='bbox 500 1243 532 1273; x_wconf 85' lang='lat'>78</span> <span class='ocrx_word' id='word_1_633' title='bbox 539 1244 583 1272; x_wconf 80' lang='lat' dir='ltr'>pr.</span> <span class='ocrx_word' id='word_1_634' title='bbox 609 1236 720 1272; x_wconf 87' lang='lat' dir='ltr'>Imperii</span> <span class='ocrx_word' id='word_1_635' title='bbox 734 1236 784 1263; x_wconf 91' lang='lat' dir='ltr'>hoc</span> <span class='ocrx_word' id='word_1_636' title='bbox 796 1236 910 1263; x_wconf 86' lang='lat' dir='ltr'>verbum</span> <span class='ocrx_word' id='word_1_637' title='bbox 924 1245 978 1262; x_wconf 89' lang='lat' dir='ltr'>uon</span> <span class='ocrx_word' id='word_1_638' title='bbox 992 1237 1080 1263; x_wconf 87' lang='lat' dir='ltr'>adula-</span> <span class='ocrx_word' id='word_1_639' title='bbox 1143 1241 1192 1262; x_wconf 86' lang='lat' dir='ltr'>ter.</span> <span class='ocrx_word' id='word_1_640' title='bbox 1264 1235 1374 1260; x_wconf 85' lang='lat' dir='ltr'>Ferrum</span> <span class='ocrx_word' id='word_1_641' title='bbox 1388 1243 1434 1269; x_wconf 88' lang='lat' dir='ltr'>per</span> <span class='ocrx_word' id='word_1_642' title='bbox 1446 1235 1494 1260; x_wconf 87' lang='lat' dir='ltr'>ilia</span> <span class='ocrx_word' id='word_1_643' title='bbox 1510 1234 1591 1261; x_wconf 87' lang='lat' dir='ltr'>Ouid.</span> <span class='ocrx_word' id='word_1_644' title='bbox 1605 1234 1669 1260; x_wconf 82' lang='lat' dir='ltr'>Met.</span> <span class='ocrx_word' id='word_1_645' title='bbox 1681 1242 1709 1266; x_wconf 90' lang='lat'>4,</span> <span class='ocrx_word' id='word_1_646' title='bbox 1724 1241 1778 1267; x_wconf 83' lang='lat'>733.</span> <span class='ocrx_word' id='word_1_647' title='bbox 1849 1234 1959 1275; x_wconf 81' lang='lat' dir='ltr'>Ferrum</span> <span class='ocrx_word' id='word_1_648' title='bbox 1981 1238 2067 1271; x_wconf 81' lang='lat' dir='ltr'>exegit</span> <span class='ocrx_word' id='word_1_649' title='bbox 2082 1247 2127 1271; x_wconf 80' lang='lat' dir='ltr'>per</span> <span class='ocrx_word' id='word_1_650' title='bbox 2142 1246 2183 1272; x_wconf 74' lang='lat' dir='ltr'>pe.</span> 
     </span>
    </p>
   </div>
   <div class='ocr_carea' id='block_1_13' title="bbox 42 1268 2187 1628">
    <p class='ocr_par' dir='ltr' id='par_1_14' title="bbox 43 1268 2187 1415">
     <span class='ocr_line' id='line_1_34' title="bbox 44 1268 2184 1309; baseline -0.001 -9"><span class='ocrx_word' id='word_1_651' title='bbox 44 1273 124 1302; x_wconf 75' lang='lat' dir='ltr'>tionis</span> <span class='ocrx_word' id='word_1_652' title='bbox 140 1273 203 1304; x_wconf 83' lang='lat' dir='ltr'>else,</span> <span class='ocrx_word' id='word_1_653' title='bbox 219 1272 349 1309; x_wconf 83' lang='lat' dir='ltr'>obsequio</span> <span class='ocrx_word' id='word_1_654' title='bbox 361 1280 409 1300; x_wconf 90' lang='lat' dir='ltr'>tuo</span> <span class='ocrx_word' id='word_1_655' title='bbox 428 1273 520 1305; x_wconf 89' lang='lat' dir='ltr'>crede,</span> <span class='ocrx_word' id='word_1_656' title='bbox 539 1272 610 1307; x_wconf 86' lang='lat' dir='ltr'>quod</span> <span class='ocrx_word' id='word_1_657' title='bbox 629 1281 683 1299; x_wconf 93' lang='lat' dir='ltr'>non</span> <span class='ocrx_word' id='word_1_658' title='bbox 697 1272 749 1299; x_wconf 89' lang='lat' dir='ltr'>alia</span> <span class='ocrx_word' id='word_1_659' title='bbox 764 1273 792 1299; x_wconf 89' lang='lat' dir='ltr'>in</span> <span class='ocrx_word' id='word_1_660' title='bbox 803 1281 833 1299; x_wconf 89' lang='lat' dir='ltr'>re</span> <span class='ocrx_word' id='word_1_661' title='bbox 847 1272 929 1307; x_wconf 87' lang='lat' dir='ltr'>magis</span> <span class='ocrx_word' id='word_1_662' title='bbox 945 1278 991 1298; x_wconf 80' lang='lat' dir='ltr'>aut</span> <span class='ocrx_word' id='word_1_663' title='bbox 1005 1272 1080 1299; x_wconf 84' lang='lat' dir='ltr'>Sena·</span> <span class='ocrx_word' id='word_1_664' title='bbox 1144 1270 1200 1296; x_wconf 70' lang='lat' dir='ltr'>&amp;us</span> <span class='ocrx_word' id='word_1_665' title='bbox 1214 1270 1276 1296; x_wconf 87' lang='lat' dir='ltr'>Stat.</span> <span class='ocrx_word' id='word_1_666' title='bbox 1291 1269 1383 1296; x_wconf 84' lang='lat' dir='ltr'>Theb.</span> <span class='ocrx_word' id='word_1_667' title='bbox 1398 1278 1434 1300; x_wconf 88' lang='grc' dir='ltr'>ιο,</span> <span class='ocrx_word' id='word_1_668' title='bbox 1450 1278 1504 1302; x_wconf 90' lang='grc' dir='ltr'><strong>3ο3.</strong></span> <span class='ocrx_word' id='word_1_669' title='bbox 1575 1268 1699 1295; x_wconf 80' lang='lat' dir='ltr'>Gladium</span> <span class='ocrx_word' id='word_1_670' title='bbox 1712 1277 1758 1303; x_wconf 88' lang='lat' dir='ltr'>per</span> <span class='ocrx_word' id='word_1_671' title='bbox 1771 1277 1863 1295; x_wconf 88' lang='lat' dir='ltr'>omncs</span> <span class='ocrx_word' id='word_1_672' title='bbox 1877 1278 1964 1305; x_wconf 80' lang='lat' dir='ltr'>exegit</span> <span class='ocrx_word' id='word_1_673' title='bbox 1985 1280 2073 1306; x_wconf 81' lang='lat' dir='ltr'>gentes</span> <span class='ocrx_word' id='word_1_674' title='bbox 2087 1274 2184 1301; x_wconf 78' lang='lat' dir='ltr'>Lucan.</span> 
     </span>
     <span class='ocr_line' id='line_1_35' title="bbox 43 1304 2185 1345; baseline 0 -9"><span class='ocrx_word' id='word_1_675' title='bbox 43 1315 87 1338; x_wconf 68' lang='lat' dir='ltr'>tu·</span> <span class='ocrx_word' id='word_1_676' title='bbox 105 1308 208 1344; x_wconf 80' lang='lat' dir='ltr'>exigere</span> <span class='ocrx_word' id='word_1_677' title='bbox 228 1317 243 1335; x_wconf 89' lang='lat' dir='ltr'>a</span> <span class='ocrx_word' id='word_1_678' title='bbox 261 1315 302 1341; x_wconf 88' lang='lat' dir='ltr'>te,</span> <span class='ocrx_word' id='word_1_679' title='bbox 319 1315 364 1336; x_wconf 91' lang='lat' dir='ltr'>aut</span> <span class='ocrx_word' id='word_1_680' title='bbox 384 1315 412 1335; x_wconf 92' lang='lat' dir='ltr'>tu</span> <span class='ocrx_word' id='word_1_681' title='bbox 431 1308 559 1344; x_wconf 87' lang='lat' dir='ltr'>praestare</span> <span class='ocrx_word' id='word_1_682' title='bbox 578 1309 684 1335; x_wconf 87' lang='lat' dir='ltr'>Senatui</span> <span class='ocrx_word' id='word_1_683' title='bbox 703 1307 791 1335; x_wconf 85' lang='lat' dir='ltr'>debes.</span> <span class='ocrx_word' id='word_1_684' title='bbox 863 1308 918 1335; x_wconf 86' lang='lat' dir='ltr'>Cic.</span> <span class='ocrx_word' id='word_1_685' title='bbox 933 1307 984 1334; x_wconf 77' lang='lat' dir='ltr'>Off.</span> <span class='ocrx_word' id='word_1_686' title='bbox 1004 1316 1030 1340; x_wconf 92' lang='lat'>2,</span> <span class='ocrx_word' id='word_1_687' title='bbox 1050 1310 1081 1341; x_wconf 89' lang='grc'><strong>63</strong></span> <span class='ocrx_word' id='word_1_688' title='bbox 1092 1316 1125 1341; x_wconf 84' lang='lat'>30</span> <span class='ocrx_word' id='word_1_689' title='bbox 1147 1314 1185 1338; x_wconf 88' lang='grc' dir='ltr'>ιο,</span> <span class='ocrx_word' id='word_1_690' title='bbox 1199 1314 1237 1337; x_wconf 80' lang='lat'>32.</span> <span class='ocrx_word' id='word_1_691' title='bbox 1256 1308 1275 1332; x_wconf 84' lang='lat' dir='ltr'>i.</span> <span class='ocrx_word' id='word_1_692' title='bbox 1297 1306 1387 1345; x_wconf 53' lang='lat' dir='ltr'>Osrmes</span> <span class='ocrx_word' id='word_1_693' title='bbox 1407 1307 1509 1340; x_wconf 79' lang='lat' dir='ltr'>populos</span> <span class='ocrx_word' id='word_1_694' title='bbox 1529 1304 1587 1344; x_wconf 64' lang='lat' dir='ltr'>hello</span> <span class='ocrx_word' id='word_1_695' title='bbox 1599 1305 1737 1344; x_wconf 61' lang='lat' dir='ltr'>jung-mart.</span> <span class='ocrx_word' id='word_1_696' title='bbox 1760 1304 1789 1330; x_wconf 79' lang='lat' dir='ltr'>de</span> <span class='ocrx_word' id='word_1_697' title='bbox 1801 1306 1955 1333; x_wconf 70' lang='lat' dir='ltr'>Alexandro.</span> <span class='ocrx_word' id='word_1_698' title='bbox 2027 1309 2100 1343; x_wconf 87' lang='lat' dir='ltr'>Virg.</span> <span class='ocrx_word' id='word_1_699' title='bbox 2120 1310 2185 1338; x_wconf 89' lang='lat' dir='ltr'>Aen.</span> 
     </span>
     <span class='ocr_line' id='line_1_36' title="bbox 45 1340 2185 1377; baseline -0.002 -4"><span class='ocrx_word' id='word_1_700' title='bbox 45 1345 177 1373; x_wconf 81' lang='lat' dir='ltr'>Conuenit</span> <span class='ocrx_word' id='word_1_701' title='bbox 187 1349 274 1372; x_wconf 82' lang='lat' dir='ltr'>autem</span> <span class='ocrx_word' id='word_1_702' title='bbox 287 1344 346 1371; x_wconf 80' lang='lat' dir='ltr'>cum</span> <span class='ocrx_word' id='word_1_703' title='bbox 359 1345 387 1371; x_wconf 90' lang='lat' dir='ltr'>in</span> <span class='ocrx_word' id='word_1_704' title='bbox 405 1344 491 1371; x_wconf 88' lang='lat' dir='ltr'>dando</span> <span class='ocrx_word' id='word_1_705' title='bbox 504 1343 658 1370; x_wconf 86' lang='lat' dir='ltr'>munificum</span> <span class='ocrx_word' id='word_1_706' title='bbox 678 1344 741 1376; x_wconf 81' lang='lat' dir='ltr'>else,</span> <span class='ocrx_word' id='word_1_707' title='bbox 760 1349 816 1370; x_wconf 90' lang='lat' dir='ltr'>tum</span> <span class='ocrx_word' id='word_1_708' title='bbox 829 1342 857 1369; x_wconf 89' lang='lat' dir='ltr'>in</span> <span class='ocrx_word' id='word_1_709' title='bbox 876 1343 1007 1377; x_wconf 88' lang='lat' dir='ltr'>exigendo</span> <span class='ocrx_word' id='word_1_710' title='bbox 1026 1352 1081 1369; x_wconf 89' lang='lat' dir='ltr'>non</span> <span class='ocrx_word' id='word_1_711' title='bbox 1146 1350 1186 1374; x_wconf 91' lang='grc' dir='ltr'>ιο,</span> <span class='ocrx_word' id='word_1_712' title='bbox 1200 1346 1239 1374; x_wconf 83' lang='lat'>815</span> <span class='ocrx_word' id='word_1_713' title='bbox 1267 1340 1391 1367; x_wconf 89' lang='lat' dir='ltr'>Validum</span> <span class='ocrx_word' id='word_1_714' title='bbox 1408 1349 1521 1375; x_wconf 87' lang='lat' dir='ltr'>namque</span> <span class='ocrx_word' id='word_1_715' title='bbox 1541 1346 1624 1374; x_wconf 82' lang='lat' dir='ltr'>exigit</span> <span class='ocrx_word' id='word_1_716' title='bbox 1637 1340 1722 1365; x_wconf 79' lang='lat' dir='ltr'>ensem</span> <span class='ocrx_word' id='word_1_717' title='bbox 1744 1340 1791 1366; x_wconf 85' lang='lat' dir='ltr'>Per</span> <span class='ocrx_word' id='word_1_718' title='bbox 1803 1341 1921 1367; x_wconf 88' lang='lat' dir='ltr'>medium</span> <span class='ocrx_word' id='word_1_719' title='bbox 1936 1343 2035 1370; x_wconf 79' lang='lat' dir='ltr'>Aeneas</span> <span class='ocrx_word' id='word_1_720' title='bbox 2050 1344 2185 1371; x_wconf 72' lang='lat' dir='ltr'>iuuenem,</span> 
     </span>
     <span class='ocr_line' id='line_1_37' title="bbox 49 1375 2187 1415; baseline 0 -8"><span class='ocrx_word' id='word_1_721' title='bbox 49 1379 186 1409; x_wconf 87' lang='lat' dir='ltr'>Acerbum.</span> <span class='ocrx_word' id='word_1_722' title='bbox 253 1379 327 1407; x_wconf 84' lang='lat' dir='ltr'>Idem</span> <span class='ocrx_word' id='word_1_723' title='bbox 339 1379 371 1407; x_wconf 84' lang='lat' dir='ltr'>de</span> <span class='ocrx_word' id='word_1_724' title='bbox 385 1380 454 1407; x_wconf 88' lang='lat' dir='ltr'>Clar.</span> <span class='ocrx_word' id='word_1_725' title='bbox 468 1381 542 1407; x_wconf 91' lang='lat' dir='ltr'>Orat.</span> <span class='ocrx_word' id='word_1_726' title='bbox 557 1387 574 1415; x_wconf 88' lang='lat'>7</span> <span class='ocrx_word' id='word_1_727' title='bbox 604 1380 659 1415; x_wconf 89' lang='lat' dir='ltr'>Ego</span> <span class='ocrx_word' id='word_1_728' title='bbox 678 1388 744 1406; x_wconf 85' lang='lat' dir='ltr'>vero</span> <span class='ocrx_word' id='word_1_729' title='bbox 762 1385 789 1406; x_wconf 88' lang='lat' dir='ltr'>et</span> <span class='ocrx_word' id='word_1_730' title='bbox 801 1378 947 1413; x_wconf 61' lang='lat' dir='ltr'>expefftabo</span> <span class='ocrx_word' id='word_1_731' title='bbox 960 1387 997 1409; x_wconf 82' lang='lat' dir='ltr'>ea,</span> <span class='ocrx_word' id='word_1_732' title='bbox 1010 1387 1078 1413; x_wconf 86' lang='lat' dir='ltr'>quae</span> <span class='ocrx_word' id='word_1_733' title='bbox 1144 1377 1202 1403; x_wconf 85' lang='lat' dir='ltr'>Val.</span> <span class='ocrx_word' id='word_1_734' title='bbox 1215 1376 1298 1403; x_wconf 88' lang='lat' dir='ltr'>Flacc.</span> <span class='ocrx_word' id='word_1_735' title='bbox 1311 1386 1339 1410; x_wconf 89' lang='lat'>4,</span> <span class='ocrx_word' id='word_1_736' title='bbox 1351 1384 1399 1408; x_wconf 82' lang='lat'>390</span> <span class='ocrx_word' id='word_1_737' title='bbox 1426 1377 1457 1402; x_wconf 89' lang='lat' dir='ltr'>Et</span> <span class='ocrx_word' id='word_1_738' title='bbox 1475 1376 1586 1402; x_wconf 87' lang='lat' dir='ltr'>celerem</span> <span class='ocrx_word' id='word_1_739' title='bbox 1606 1375 1701 1401; x_wconf 86' lang='lat' dir='ltr'>mediis</span> <span class='ocrx_word' id='word_1_740' title='bbox 1718 1375 1745 1400; x_wconf 89' lang='lat' dir='ltr'>iu</span> <span class='ocrx_word' id='word_1_741' title='bbox 1758 1376 1877 1402; x_wconf 86' lang='lat' dir='ltr'>cantibus</span> <span class='ocrx_word' id='word_1_742' title='bbox 1892 1377 1976 1412; x_wconf 79' lang='lat' dir='ltr'>exigit</span> <span class='ocrx_word' id='word_1_743' title='bbox 1994 1379 2101 1413; x_wconf 82' lang='lat' dir='ltr'>harpen.</span> <span class='ocrx_word' id='word_1_744' title='bbox 2139 1380 2187 1408; x_wconf 75' lang='lat' dir='ltr'>Sed</span> 
     </span>
    </p>

    <p class='ocr_par' dir='ltr' id='par_1_15' title="bbox 42 1410 2187 1628">
     <span class='ocr_line' id='line_1_38' title="bbox 83 1410 2185 1451; baseline 0 -9"><span class='ocrx_word' id='word_1_745' title='bbox 83 1415 192 1448; x_wconf 75' lang='lat' dir='ltr'>lliceris,</span> <span class='ocrx_word' id='word_1_746' title='bbox 204 1423 290 1451; x_wconf 88' lang='lat' dir='ltr'>neque</span> <span class='ocrx_word' id='word_1_747' title='bbox 307 1416 428 1451; x_wconf 82' lang='lat' dir='ltr'>exigam,</span> <span class='ocrx_word' id='word_1_748' title='bbox 439 1415 487 1442; x_wconf 83' lang='lat' dir='ltr'>nisi</span> <span class='ocrx_word' id='word_1_749' title='bbox 506 1422 553 1442; x_wconf 87' lang='lat' dir='ltr'>tuo</span> <span class='ocrx_word' id='word_1_750' title='bbox 572 1415 730 1447; x_wconf 87' lang='lat' dir='ltr'>commodo,</span> <span class='ocrx_word' id='word_1_751' title='bbox 744 1421 770 1442; x_wconf 86' lang='lat' dir='ltr'>et</span> <span class='ocrx_word' id='word_1_752' title='bbox 787 1420 864 1442; x_wconf 87' lang='lat' dir='ltr'>erunt</span> <span class='ocrx_word' id='word_1_753' title='bbox 877 1414 947 1441; x_wconf 88' lang='lat' dir='ltr'>mihi</span> <span class='ocrx_word' id='word_1_754' title='bbox 961 1420 1082 1449; x_wconf 83' lang='lat' dir='ltr'>pergrata</span> <span class='ocrx_word' id='word_1_755' title='bbox 1145 1416 1219 1439; x_wconf 80' lang='lat' dir='ltr'>etiam</span> <span class='ocrx_word' id='word_1_756' title='bbox 1230 1419 1325 1439; x_wconf 82' lang='lat' dir='ltr'>mutata</span> <span class='ocrx_word' id='word_1_757' title='bbox 1339 1410 1520 1444; x_wconf 72' lang='lat' dir='ltr'>construHione</span> <span class='ocrx_word' id='word_1_758' title='bbox 1532 1410 1604 1437; x_wconf 87' lang='lat' dir='ltr'>Idem</span> <span class='ocrx_word' id='word_1_759' title='bbox 1617 1411 1685 1437; x_wconf 80' lang='lat' dir='ltr'>Flac.</span> <span class='ocrx_word' id='word_1_760' title='bbox 1701 1413 1726 1443; x_wconf 90' lang='lat'>6,</span> <span class='ocrx_word' id='word_1_761' title='bbox 1743 1418 1788 1445; x_wconf 87' lang='lat'>572</span> <span class='ocrx_word' id='word_1_762' title='bbox 1808 1412 1887 1438; x_wconf 86' lang='lat' dir='ltr'>Illum</span> <span class='ocrx_word' id='word_1_763' title='bbox 1901 1414 1984 1448; x_wconf 85' lang='lat' dir='ltr'>exigit</span> <span class='ocrx_word' id='word_1_764' title='bbox 1998 1414 2081 1449; x_wconf 81' lang='lat' dir='ltr'>haita,</span> <span class='ocrx_word' id='word_1_765' title='bbox 2095 1418 2113 1441; x_wconf 91' lang='lat' dir='ltr'>i.</span> <span class='ocrx_word' id='word_1_766' title='bbox 2128 1425 2185 1442; x_wconf 78' lang='lat' dir='ltr'>cori-</span> 
     </span>
     <span class='ocr_line' id='line_1_39' title="bbox 56 1445 2185 1485; baseline 0 -7"><span class='ocrx_word' id='word_1_767' title='bbox 56 1459 65 1478; x_wconf 90' lang='lat'>1</span> <span class='ocrx_word' id='word_1_768' title='bbox 78 1450 194 1483; x_wconf 60' lang='lat' dir='ltr'>soluerit.</span> <span class='ocrx_word' id='word_1_769' title='bbox 263 1452 295 1478; x_wconf 83' lang='lat' dir='ltr'>Et</span> <span class='ocrx_word' id='word_1_770' title='bbox 310 1451 393 1478; x_wconf 86' lang='lat' dir='ltr'>Tusc.</span> <span class='ocrx_word' id='word_1_771' title='bbox 408 1460 428 1484; x_wconf 92' lang='lat'>1,</span> <span class='ocrx_word' id='word_1_772' title='bbox 442 1460 472 1485; x_wconf 82' lang='lat'>93</span> <span class='ocrx_word' id='word_1_773' title='bbox 493 1451 533 1478; x_wconf 86' lang='lat' dir='ltr'>Ab</span> <span class='ocrx_word' id='word_1_774' title='bbox 547 1450 597 1478; x_wconf 85' lang='lat' dir='ltr'>hoc</span> <span class='ocrx_word' id='word_1_775' title='bbox 610 1451 730 1477; x_wconf 79' lang='lat' dir='ltr'>acerbius</span> <span class='ocrx_word' id='word_1_776' title='bbox 744 1451 827 1485; x_wconf 86' lang='lat' dir='ltr'>exigit</span> <span class='ocrx_word' id='word_1_777' title='bbox 841 1456 934 1477; x_wconf 89' lang='lat' dir='ltr'>natura</span> <span class='ocrx_word' id='word_1_778' title='bbox 952 1451 1024 1485; x_wconf 89' lang='lat' dir='ltr'>quod</span> <span class='ocrx_word' id='word_1_779' title='bbox 1038 1449 1082 1476; x_wconf 90' lang='lat' dir='ltr'>de·</span> <span class='ocrx_word' id='word_1_780' title='bbox 1139 1447 1223 1484; x_wconf 75' lang='lat' dir='ltr'>fodit.</span> <span class='ocrx_word' id='word_1_781' title='bbox 1263 1447 1320 1475; x_wconf 83' lang='lat' dir='ltr'>Vid.</span> <span class='ocrx_word' id='word_1_782' title='bbox 1336 1448 1413 1474; x_wconf 79' lang='lat' dir='ltr'>Gron-</span> <span class='ocrx_word' id='word_1_783' title='bbox 1426 1447 1459 1473; x_wconf 73' lang='lat' dir='ltr'>ad</span> <span class='ocrx_word' id='word_1_784' title='bbox 1470 1447 1528 1473; x_wconf 80' lang='lat' dir='ltr'>Sen.</span> <span class='ocrx_word' id='word_1_785' title='bbox 1543 1447 1649 1473; x_wconf 91' lang='lat' dir='ltr'>Consol.</span> <span class='ocrx_word' id='word_1_786' title='bbox 1662 1445 1695 1472; x_wconf 85' lang='lat' dir='ltr'>ad</span> <span class='ocrx_word' id='word_1_787' title='bbox 1708 1447 1790 1472; x_wconf 86' lang='lat' dir='ltr'>Marc.</span> <span class='ocrx_word' id='word_1_788' title='bbox 1805 1449 1840 1473; x_wconf 90' lang='lat'>16.</span> <span class='ocrx_word' id='word_1_789' title='bbox 1876 1449 1965 1479; x_wconf 59' lang='lat' dir='ltr'>Barth.</span> <span class='ocrx_word' id='word_1_790' title='bbox 1978 1450 2012 1475; x_wconf 79' lang='lat' dir='ltr'>ad</span> <span class='ocrx_word' id='word_1_791' title='bbox 2023 1451 2084 1477; x_wconf 83' lang='lat' dir='ltr'>Stat.</span> <span class='ocrx_word' id='word_1_792' title='bbox 2092 1450 2185 1478; x_wconf 88' lang='lat' dir='ltr'>Theb.</span> 
     </span>
     <span class='ocr_line' id='line_1_40' title="bbox 44 1481 2185 1521; baseline 0 -8"><span class='ocrx_word' id='word_1_793' title='bbox 44 1485 127 1513; x_wconf 80' lang='lat' dir='ltr'>derat.</span> <span class='ocrx_word' id='word_1_794' title='bbox 192 1486 242 1513; x_wconf 79' lang='lat' dir='ltr'>Aes</span> <span class='ocrx_word' id='word_1_795' title='bbox 255 1487 323 1514; x_wconf 79' lang='lat' dir='ltr'>Hor.</span> <span class='ocrx_word' id='word_1_796' title='bbox 338 1488 418 1514; x_wconf 82' lang='lat' dir='ltr'>Sei-ni.</span> <span class='ocrx_word' id='word_1_797' title='bbox 434 1495 453 1519; x_wconf 88' lang='grc' dir='ltr'>ι,</span> <span class='ocrx_word' id='word_1_798' title='bbox 470 1494 491 1519; x_wconf 81' lang='grc' dir='ltr'>ς,</span> <span class='ocrx_word' id='word_1_799' title='bbox 503 1496 535 1519; x_wconf 88' lang='grc' dir='ltr'>ι3.</span> <span class='ocrx_word' id='word_1_800' title='bbox 607 1487 671 1513; x_wconf 88' lang='lat' dir='ltr'>Tua</span> <span class='ocrx_word' id='word_1_801' title='bbox 686 1486 765 1513; x_wconf 89' lang='lat' dir='ltr'>nobis</span> <span class='ocrx_word' id='word_1_802' title='bbox 783 1486 901 1521; x_wconf 86' lang='lat' dir='ltr'>exigitur</span> <span class='ocrx_word' id='word_1_803' title='bbox 919 1486 997 1512; x_wconf 84' lang='lat' dir='ltr'>vnica</span> <span class='ocrx_word' id='word_1_804' title='bbox 1012 1486 1083 1512; x_wconf 88' lang='lat' dir='ltr'>Ami·</span> <span class='ocrx_word' id='word_1_805' title='bbox 1101 1490 1126 1515; x_wconf 79' lang='lat'>35</span> <span class='ocrx_word' id='word_1_806' title='bbox 1146 1486 1173 1516; x_wconf 91' lang='grc'>6,</span> <span class='ocrx_word' id='word_1_807' title='bbox 1189 1488 1241 1518; x_wconf 80' lang='lat'>718-</span> <span class='ocrx_word' id='word_1_808' title='bbox 1277 1482 1345 1510; x_wconf 79' lang='lat' dir='ltr'>Add·</span> <span class='ocrx_word' id='word_1_809' title='bbox 1369 1483 1427 1509; x_wconf 72' lang='lat' dir='ltr'>Ser!-</span> <span class='ocrx_word' id='word_1_810' title='bbox 1451 1481 1523 1509; x_wconf 71' lang='lat' dir='ltr'>Med·</span> <span class='ocrx_word' id='word_1_811' title='bbox 1548 1491 1574 1508; x_wconf 91' lang='lat' dir='ltr'>V·</span> <span class='ocrx_word' id='word_1_812' title='bbox 1599 1483 1672 1508; x_wconf 84' lang='lat'>1006·</span> <span class='ocrx_word' id='word_1_813' title='bbox 1709 1481 1805 1508; x_wconf 63' lang='lat' dir='ltr'>Lucan·</span> <span class='ocrx_word' id='word_1_814' title='bbox 1831 1491 1859 1515; x_wconf 88' lang='lat'>4,</span> <span class='ocrx_word' id='word_1_815' title='bbox 1879 1487 1933 1516; x_wconf 78' lang='lat'>565.</span> <span class='ocrx_word' id='word_1_816' title='bbox 1969 1485 2040 1512; x_wconf 86' lang='lat' dir='ltr'>Flor.</span> <span class='ocrx_word' id='word_1_817' title='bbox 2062 1495 2089 1519; x_wconf 87' lang='lat'>4,</span> <span class='ocrx_word' id='word_1_818' title='bbox 2102 1495 2127 1520; x_wconf 84' lang='lat'>2,</span> <span class='ocrx_word' id='word_1_819' title='bbox 2143 1490 2185 1517; x_wconf 85' lang='lat'>68.</span> 
     </span>
     <span class='ocr_line' id='line_1_41' title="bbox 43 1517 2187 1557; baseline 0 -9"><span class='ocrx_word' id='word_1_820' title='bbox 43 1521 106 1548; x_wconf 80' lang='lat' dir='ltr'>titia</span> <span class='ocrx_word' id='word_1_821' title='bbox 118 1521 276 1557; x_wconf 37' lang='lat' dir='ltr'>Catullum,</span> <span class='ocrx_word' id='word_1_822' title='bbox 291 1529 313 1556; x_wconf 79' lang='grc' dir='ltr'><strong>ς.</strong></span> <span class='ocrx_word' id='word_1_823' title='bbox 380 1523 533 1549; x_wconf 79' lang='lat' dir='ltr'>Amicitiam</span> <span class='ocrx_word' id='word_1_824' title='bbox 545 1521 617 1549; x_wconf 84' lang='lat' dir='ltr'>Idem</span> <span class='ocrx_word' id='word_1_825' title='bbox 631 1529 676 1556; x_wconf 85' lang='lat'>97,</span> <span class='ocrx_word' id='word_1_826' title='bbox 688 1524 714 1548; x_wconf 89' lang='lat'>6.</span> <span class='ocrx_word' id='word_1_827' title='bbox 770 1522 889 1553; x_wconf 89' lang='lat' dir='ltr'>Aurum,</span> <span class='ocrx_word' id='word_1_828' title='bbox 902 1523 1018 1557; x_wconf 75' lang='lat' dir='ltr'>Repetere</span> <span class='ocrx_word' id='word_1_829' title='bbox 1032 1531 1082 1548; x_wconf 68' lang='lat' dir='ltr'>cre·</span> <span class='ocrx_word' id='word_1_830' title='bbox 1146 1520 1202 1546; x_wconf 81' lang='lat' dir='ltr'>Huc</span> <span class='ocrx_word' id='word_1_831' title='bbox 1217 1517 1315 1554; x_wconf 61' lang='lat' dir='ltr'>referas</span> <span class='ocrx_word' id='word_1_832' title='bbox 1328 1521 1401 1544; x_wconf 81' lang='lat' dir='ltr'>etiam</span> <span class='ocrx_word' id='word_1_833' title='bbox 1420 1517 1530 1552; x_wconf 63' lang='lat' dir='ltr'>Qun&amp;</span> <span class='ocrx_word' id='word_1_834' title='bbox 1545 1519 1573 1549; x_wconf 91' lang='lat'>6,</span> <span class='ocrx_word' id='word_1_835' title='bbox 1585 1526 1614 1549; x_wconf 92' lang='lat'>4,</span> <span class='ocrx_word' id='word_1_836' title='bbox 1631 1522 1644 1547; x_wconf 83' lang='lat'>8</span> <span class='ocrx_word' id='word_1_837' title='bbox 1669 1517 1753 1557; x_wconf 87' lang='lat' dir='ltr'>Prope</span> <span class='ocrx_word' id='word_1_838' title='bbox 1769 1518 1815 1544; x_wconf 87' lang='lat' dir='ltr'>sub</span> <span class='ocrx_word' id='word_1_839' title='bbox 1827 1525 1922 1546; x_wconf 83' lang='lat' dir='ltr'>conatu</span> <span class='ocrx_word' id='word_1_840' title='bbox 1937 1519 2082 1548; x_wconf 86' lang='lat' dir='ltr'>aduersarii</span> <span class='ocrx_word' id='word_1_841' title='bbox 2095 1531 2187 1549; x_wconf 83' lang='lat' dir='ltr'>manus</span> 
     </span>
     <span class='ocr_line' id='line_1_42' title="bbox 42 1552 2187 1592; baseline -0.002 -8"><span class='ocrx_word' id='word_1_842' title='bbox 42 1556 122 1584; x_wconf 75' lang='lat' dir='ltr'>ditum</span> <span class='ocrx_word' id='word_1_843' title='bbox 136 1566 233 1584; x_wconf 81' lang='lat' dir='ltr'>aurum.</span> <span class='ocrx_word' id='word_1_844' title='bbox 271 1559 352 1584; x_wconf 83' lang='lat' dir='ltr'>Plaut.</span> <span class='ocrx_word' id='word_1_845' title='bbox 366 1558 458 1585; x_wconf 83' lang='lat' dir='ltr'>Bacch.</span> <span class='ocrx_word' id='word_1_846' title='bbox 472 1566 499 1590; x_wconf 91' lang='lat'>4,</span> <span class='ocrx_word' id='word_1_847' title='bbox 513 1563 537 1590; x_wconf 83' lang='lat'>8,</span> <span class='ocrx_word' id='word_1_848' title='bbox 551 1560 582 1583; x_wconf 87' lang='grc'><strong>62</strong></span> <span class='ocrx_word' id='word_1_849' title='bbox 610 1557 701 1583; x_wconf 86' lang='lat' dir='ltr'>Hodie</span> <span class='ocrx_word' id='word_1_850' title='bbox 715 1557 818 1591; x_wconf 82' lang='lat' dir='ltr'>exigam</span> <span class='ocrx_word' id='word_1_851' title='bbox 837 1557 940 1583; x_wconf 87' lang='lat' dir='ltr'>Aurum</span> <span class='ocrx_word' id='word_1_852' title='bbox 961 1556 1029 1583; x_wconf 69' lang='lat' dir='ltr'>hoc?</span> <span class='ocrx_word' id='word_1_853' title='bbox 1051 1563 1083 1583; x_wconf 84' lang='grc' dir='ltr'><strong>Α.</strong></span> <span class='ocrx_word' id='word_1_854' title='bbox 1145 1554 1283 1589; x_wconf 86' lang='lat' dir='ltr'>exigenda.</span> <span class='ocrx_word' id='word_1_855' title='bbox 1360 1555 1496 1586; x_wconf 70' lang='grc' dir='ltr'><strong>Τναιψνε,</strong></span> <span class='ocrx_word' id='word_1_856' title='bbox 1521 1555 1653 1592; x_wconf 40' lang='lat' dir='ltr'>traiicere..</span> <span class='ocrx_word' id='word_1_857' title='bbox 1682 1552 1748 1578; x_wconf 84' lang='lat' dir='ltr'>Plin.</span> <span class='ocrx_word' id='word_1_858' title='bbox 1773 1561 1807 1585; x_wconf 82' lang='grc' dir='ltr'>ι2,</span> <span class='ocrx_word' id='word_1_859' title='bbox 1827 1562 1855 1586; x_wconf 87' lang='grc' dir='ltr'>ι9</span> <span class='ocrx_word' id='word_1_860' title='bbox 1883 1555 2018 1582; x_wconf 76' lang='lat' dir='ltr'>Praeterea</span> <span class='ocrx_word' id='word_1_861' title='bbox 2043 1557 2187 1584; x_wconf 71' lang='lat' dir='ltr'>hibernum</span> 
     </span>
     <span class='ocr_line' id='line_1_43' title="bbox 43 1588 2187 1628; baseline 0 -9"><span class='ocrx_word' id='word_1_862' title='bbox 43 1592 135 1628; x_wconf 80' lang='lat' dir='ltr'>exige,</span> <span class='ocrx_word' id='word_1_863' title='bbox 147 1601 176 1619; x_wconf 89' lang='lat' dir='ltr'>ac</span> <span class='ocrx_word' id='word_1_864' title='bbox 190 1593 315 1628; x_wconf 84' lang='lat' dir='ltr'>suspende</span> <span class='ocrx_word' id='word_1_865' title='bbox 329 1599 363 1620; x_wconf 88' lang='lat' dir='ltr'>te.</span> <span class='ocrx_word' id='word_1_866' title='bbox 435 1593 507 1619; x_wconf 88' lang='lat' dir='ltr'>Idem</span> <span class='ocrx_word' id='word_1_867' title='bbox 517 1592 607 1619; x_wconf 86' lang='lat' dir='ltr'>Bacch.</span> <span class='ocrx_word' id='word_1_868' title='bbox 622 1601 648 1625; x_wconf 86' lang='lat'>2,</span> <span class='ocrx_word' id='word_1_869' title='bbox 663 1600 687 1623; x_wconf 86' lang='lat'>2,</span> <span class='ocrx_word' id='word_1_870' title='bbox 701 1599 733 1625; x_wconf 81' lang='lat'>45</span> <span class='ocrx_word' id='word_1_871' title='bbox 753 1592 809 1626; x_wconf 72' lang='lat' dir='ltr'>Qu</span> <span class='ocrx_word' id='word_1_872' title='bbox 822 1592 855 1618; x_wconf 88' lang='lat' dir='ltr'>de</span> <span class='ocrx_word' id='word_1_873' title='bbox 867 1591 1012 1618; x_wconf 77' lang='lat' dir='ltr'>amittenda</span> <span class='ocrx_word' id='word_1_874' title='bbox 1023 1592 1083 1618; x_wconf 84' lang='lat' dir='ltr'>Bae·</span> <span class='ocrx_word' id='word_1_875' title='bbox 1145 1598 1219 1616; x_wconf 86' lang='lat' dir='ltr'>mare</span> <span class='ocrx_word' id='word_1_876' title='bbox 1234 1590 1342 1623; x_wconf 89' lang='lat' dir='ltr'>exigunt</span> <span class='ocrx_word' id='word_1_877' title='bbox 1354 1589 1422 1615; x_wconf 87' lang='lat' dir='ltr'>cirea</span> <span class='ocrx_word' id='word_1_878' title='bbox 1437 1588 1572 1618; x_wconf 79' lang='lat' dir='ltr'>brumam,</span> <span class='ocrx_word' id='word_1_879' title='bbox 1592 1588 1667 1614; x_wconf 86' lang='lat' dir='ltr'>Euris</span> <span class='ocrx_word' id='word_1_880' title='bbox 1685 1594 1741 1614; x_wconf 86' lang='lat' dir='ltr'>tum</span> <span class='ocrx_word' id='word_1_881' title='bbox 1760 1589 1874 1615; x_wconf 86' lang='lat' dir='ltr'>maxime</span> <span class='ocrx_word' id='word_1_882' title='bbox 1892 1591 2024 1617; x_wconf 85' lang='lat' dir='ltr'>flantibus.</span> <span class='ocrx_word' id='word_1_883' title='bbox 2060 1593 2098 1618; x_wconf 89' lang='lat' dir='ltr'>Hi</span> <span class='ocrx_word' id='word_1_884' title='bbox 2112 1596 2187 1620; x_wconf 74' lang='lat' dir='ltr'>recto</span> 
     </span>
    </p>
   </div>
   <div class='ocr_carea' id='block_1_14' title="bbox 0 1623 2187 1701">
    <p class='ocr_par' dir='ltr' id='par_1_16' title="bbox 0 1623 2187 1701">
     <span class='ocr_line' id='line_1_44' title="bbox 0 1623 2187 1664; baseline -0.002 -9"><span class='ocrx_word' id='word_1_885' title='bbox 0 1627 2 1634; x_wconf 90' lang='lat'>&#39;</span> <span class='ocrx_word' id='word_1_886' title='bbox 43 1627 121 1655; x_wconf 86' lang='lat' dir='ltr'>chide</span> <span class='ocrx_word' id='word_1_887' title='bbox 135 1628 236 1654; x_wconf 87' lang='lat' dir='ltr'>Aurum</span> <span class='ocrx_word' id='word_1_888' title='bbox 255 1628 298 1655; x_wconf 86' lang='lat' dir='ltr'>hic</span> <span class='ocrx_word' id='word_1_889' title='bbox 317 1628 415 1663; x_wconf 86' lang='lat' dir='ltr'>exigit,</span> <span class='ocrx_word' id='word_1_890' title='bbox 434 1631 452 1654; x_wconf 81' lang='lat' dir='ltr'>i.</span> <span class='ocrx_word' id='word_1_891' title='bbox 471 1629 546 1654; x_wconf 79' lang='lat' dir='ltr'>Petit.</span> <span class='ocrx_word' id='word_1_892' title='bbox 618 1628 723 1654; x_wconf 84' lang='lat' dir='ltr'>Annum</span> <span class='ocrx_word' id='word_1_893' title='bbox 736 1630 842 1662; x_wconf 88' lang='lat' dir='ltr'>exigere</span> <span class='ocrx_word' id='word_1_894' title='bbox 854 1629 906 1653; x_wconf 77' lang='lat' dir='ltr'>alia</span> <span class='ocrx_word' id='word_1_895' title='bbox 918 1630 1016 1653; x_wconf 80' lang='lat' dir='ltr'>notione</span> <span class='ocrx_word' id='word_1_896' title='bbox 1030 1626 1084 1653; x_wconf 84' lang='lat' dir='ltr'>vid.</span> <span class='ocrx_word' id='word_1_897' title='bbox 1147 1626 1222 1651; x_wconf 89' lang='lat' dir='ltr'>cursu</span> <span class='ocrx_word' id='word_1_898' title='bbox 1236 1633 1282 1659; x_wconf 90' lang='lat' dir='ltr'>per</span> <span class='ocrx_word' id='word_1_899' title='bbox 1297 1624 1364 1664; x_wconf 73' lang='lat' dir='ltr'>linus</span> <span class='ocrx_word' id='word_1_900' title='bbox 1382 1624 1536 1664; x_wconf 80' lang='lat' dir='ltr'>impellunt,</span> <span class='ocrx_word' id='word_1_901' title='bbox 1553 1638 1598 1663; x_wconf 35' lang='grc' dir='ltr'>-ι</span> <span class='ocrx_word' id='word_1_902' title='bbox 1620 1629 1699 1657; x_wconf 88' lang='lat' dir='ltr'>atque</span> <span class='ocrx_word' id='word_1_903' title='bbox 1717 1623 1839 1649; x_wconf 87' lang='lat' dir='ltr'>deferunt</span> <span class='ocrx_word' id='word_1_904' title='bbox 1858 1624 2020 1664; x_wconf 73' lang='lat' dir='ltr'>inportuni.</span> <span class='ocrx_word' id='word_1_905' title='bbox 2129 1625 2149 1664; x_wconf 58' lang='lat' dir='ltr'><strong>ff</strong></span> <span class='ocrx_word' id='word_1_906' title='bbox 2169 1629 2187 1654; x_wconf 88' lang='lat'>6</span> 
     </span>
     <span class='ocr_line' id='line_1_45' title="bbox 28 1657 2187 1701; baseline -0.001 -10"><span class='ocrx_word' id='word_1_907' title='bbox 28 1688 30 1691; x_wconf 80' lang='grc'>,</span> <span class='ocrx_word' id='word_1_908' title='bbox 44 1672 72 1690; x_wconf 87' lang='lat' dir='ltr'>n.</span> <span class='ocrx_word' id='word_1_909' title='bbox 86 1673 114 1698; x_wconf 79' lang='lat'>4.</span> <span class='ocrx_word' id='word_1_910' title='bbox 169 1663 266 1690; x_wconf 88' lang='lat' dir='ltr'>Lucan.</span> <span class='ocrx_word' id='word_1_911' title='bbox 279 1672 301 1696; x_wconf 80' lang='grc'>2,</span> <span class='ocrx_word' id='word_1_912' title='bbox 315 1671 350 1697; x_wconf 86' lang='lat'>24</span> <span class='ocrx_word' id='word_1_913' title='bbox 375 1664 430 1690; x_wconf 87' lang='lat' dir='ltr'>Nec</span> <span class='ocrx_word' id='word_1_914' title='bbox 444 1668 528 1690; x_wconf 85' lang='lat' dir='ltr'>mater</span> <span class='ocrx_word' id='word_1_915' title='bbox 541 1662 614 1690; x_wconf 88' lang='lat' dir='ltr'>crine</span> <span class='ocrx_word' id='word_1_916' title='bbox 627 1663 713 1690; x_wconf 90' lang='lat' dir='ltr'>soluto</span> <span class='ocrx_word' id='word_1_917' title='bbox 726 1663 815 1697; x_wconf 83' lang='lat' dir='ltr'>Exigit</span> <span class='ocrx_word' id='word_1_918' title='bbox 826 1662 858 1689; x_wconf 89' lang='lat' dir='ltr'>ad</span> <span class='ocrx_word' id='word_1_919' title='bbox 871 1663 961 1689; x_wconf 88' lang='lat' dir='ltr'>saeuos</span> <span class='ocrx_word' id='word_1_920' title='bbox 973 1662 1128 1688; x_wconf 84' lang='lat' dir='ltr'>famula-40</span> <span class='ocrx_word' id='word_1_921' title='bbox 1147 1661 1222 1695; x_wconf 87' lang='lat' dir='ltr'>Exigi</span> <span class='ocrx_word' id='word_1_922' title='bbox 1242 1668 1372 1693; x_wconf 87' lang='lat' dir='ltr'>mancipia</span> <span class='ocrx_word' id='word_1_923' title='bbox 1393 1668 1453 1693; x_wconf 90' lang='lat' dir='ltr'>quis</span> <span class='ocrx_word' id='word_1_924' title='bbox 1472 1659 1566 1684; x_wconf 81' lang='lat' dir='ltr'>dicitur</span> <span class='ocrx_word' id='word_1_925' title='bbox 1580 1667 1607 1683; x_wconf 92' lang='lat' dir='ltr'>in</span> <span class='ocrx_word' id='word_1_926' title='bbox 1620 1658 1636 1683; x_wconf 96' lang='lat' dir='ltr'>l.</span> <span class='ocrx_word' id='word_1_927' title='bbox 1651 1666 1663 1690; x_wconf 93' lang='lat'>5</span> <span class='ocrx_word' id='word_1_928' title='bbox 1677 1658 1708 1684; x_wconf 85' lang='lat' dir='ltr'>C.</span> <span class='ocrx_word' id='word_1_929' title='bbox 1723 1657 1755 1683; x_wconf 90' lang='lat' dir='ltr'>de</span> <span class='ocrx_word' id='word_1_930' title='bbox 1769 1658 1836 1684; x_wconf 85' lang='lat' dir='ltr'>seru.</span> <span class='ocrx_word' id='word_1_931' title='bbox 1849 1662 1926 1692; x_wconf 69' lang='lat' dir='ltr'>rugit.</span> <span class='ocrx_word' id='word_1_932' title='bbox 1940 1660 2187 1701; x_wconf 56' lang='lat' dir='ltr'>citdcmforrnffiflua</span> 
     </span>
    </p>
   </div>
   <div class='ocr_carea' id='block_1_15' title="bbox 44 1692 2189 1769">
    <p class='ocr_par' dir='ltr' id='par_1_17' title="bbox 44 1692 2189 1769">
     <span class='ocr_line' id='line_1_46' title="bbox 44 1692 2187 1734; baseline -0 -10"><span class='ocrx_word' id='word_1_933' title='bbox 44 1707 104 1726; x_wconf 80' lang='lat' dir='ltr'>rum</span> <span class='ocrx_word' id='word_1_934' title='bbox 120 1697 230 1724; x_wconf 88' lang='lat' dir='ltr'>Brachia</span> <span class='ocrx_word' id='word_1_935' title='bbox 247 1698 376 1733; x_wconf 68' lang='lat' dir='ltr'>plancius,</span> <span class='ocrx_word' id='word_1_936' title='bbox 395 1702 413 1725; x_wconf 86' lang='lat' dir='ltr'>i.</span> <span class='ocrx_word' id='word_1_937' title='bbox 432 1701 542 1731; x_wconf 78' lang='lat' dir='ltr'>inuitat,</span> <span class='ocrx_word' id='word_1_938' title='bbox 561 1700 667 1734; x_wconf 70' lang='lat' dir='ltr'>exemplo</span> <span class='ocrx_word' id='word_1_939' title='bbox 679 1699 725 1734; x_wconf 58' lang='grc' dir='ltr'>βω</span> <span class='ocrx_word' id='word_1_940' title='bbox 743 1704 873 1733; x_wconf 80' lang='lat' dir='ltr'>prouocat.</span> <span class='ocrx_word' id='word_1_941' title='bbox 944 1698 1083 1724; x_wconf 69' lang='lat' dir='ltr'>Benefaeta</span> <span class='ocrx_word' id='word_1_942' title='bbox 1146 1703 1218 1722; x_wconf 73' lang='lat' dir='ltr'>notat</span> <span class='ocrx_word' id='word_1_943' title='bbox 1232 1696 1306 1722; x_wconf 75' lang='lat' dir='ltr'>Non·</span> <span class='ocrx_word' id='word_1_944' title='bbox 1322 1703 1348 1726; x_wconf 79' lang='lat'>2,</span> <span class='ocrx_word' id='word_1_945' title='bbox 1361 1703 1410 1726; x_wconf 77' lang='lat'>294</span> <span class='ocrx_word' id='word_1_946' title='bbox 1431 1694 1613 1733; x_wconf 37' lang='lat' dir='ltr'>&#39;Fa’figorrpw</span> <span class='ocrx_word' id='word_1_947' title='bbox 1633 1693 1656 1718; x_wconf 79' lang='grc' dir='ltr'>Α</span> <span class='ocrx_word' id='word_1_948' title='bbox 1674 1692 1868 1731; x_wconf 48' lang='grc' dir='ltr'>Ιῐῐῢβκιςίιιιιε</span> <span class='ocrx_word' id='word_1_949' title='bbox 1897 1695 2027 1721; x_wconf 81' lang='lat' dir='ltr'>Caecilius</span> <span class='ocrx_word' id='word_1_950' title='bbox 2044 1697 2187 1730; x_wconf 80' lang='lat' dir='ltr'>Aeschino,</span> 
     </span>
     <span class='ocr_line' id='line_1_47' title="bbox 62 1728 2189 1769; baseline -0 -9"><span class='ocrx_word' id='word_1_951' title='bbox 62 1741 94 1760; x_wconf 90' lang='lat' dir='ltr'>ro</span> <span class='ocrx_word' id='word_1_952' title='bbox 113 1733 211 1760; x_wconf 79' lang='lat' dir='ltr'>debitis</span> <span class='ocrx_word' id='word_1_953' title='bbox 230 1734 360 1769; x_wconf 84' lang='lat' dir='ltr'>exigimus</span> <span class='ocrx_word' id='word_1_954' title='bbox 381 1734 438 1760; x_wconf 88' lang='lat' dir='ltr'>Cic.</span> <span class='ocrx_word' id='word_1_955' title='bbox 452 1735 525 1761; x_wconf 90' lang='lat' dir='ltr'>Brut.</span> <span class='ocrx_word' id='word_1_956' title='bbox 538 1735 574 1760; x_wconf 95' lang='lat'>16.</span> <span class='ocrx_word' id='word_1_957' title='bbox 646 1734 792 1761; x_wconf 68' lang='lat' dir='ltr'>Colleetam</span> <span class='ocrx_word' id='word_1_958' title='bbox 805 1742 819 1760; x_wconf 90' lang='lat' dir='ltr'>a</span> <span class='ocrx_word' id='word_1_959' title='bbox 834 1733 949 1759; x_wconf 88' lang='lat' dir='ltr'>conuiua</span> <span class='ocrx_word' id='word_1_960' title='bbox 961 1732 1033 1759; x_wconf 87' lang='lat' dir='ltr'>Idem</span> <span class='ocrx_word' id='word_1_961' title='bbox 1048 1733 1081 1758; x_wconf 89' lang='lat' dir='ltr'>de</span> <span class='ocrx_word' id='word_1_962' title='bbox 1146 1731 1202 1763; x_wconf 87' lang='lat' dir='ltr'>Ego</span> <span class='ocrx_word' id='word_1_963' title='bbox 1222 1730 1289 1756; x_wconf 89' lang='lat' dir='ltr'>illud</span> <span class='ocrx_word' id='word_1_964' title='bbox 1307 1730 1395 1754; x_wconf 86' lang='lat' dir='ltr'>minus</span> <span class='ocrx_word' id='word_1_965' title='bbox 1410 1728 1499 1754; x_wconf 88' lang='lat' dir='ltr'>nihilo</span> <span class='ocrx_word' id='word_1_966' title='bbox 1518 1735 1612 1760; x_wconf 77' lang='lat' dir='ltr'>exigor</span> <span class='ocrx_word' id='word_1_967' title='bbox 1629 1732 1796 1759; x_wconf 68' lang='grc' dir='ltr'><strong>ΡΟΠΟΠΗΠ),</strong></span> <span class='ocrx_word' id='word_1_968' title='bbox 1816 1736 1885 1762; x_wconf 61' lang='lat' dir='ltr'>quem</span> <span class='ocrx_word' id='word_1_969' title='bbox 1900 1730 1994 1765; x_wconf 60' lang='lat' dir='ltr'>ve&#39;rfi‘m</span> <span class='ocrx_word' id='word_1_970' title='bbox 2013 1732 2099 1757; x_wconf 73' lang='lat' dir='ltr'>laudat</span> <span class='ocrx_word' id='word_1_971' title='bbox 2114 1740 2189 1760; x_wconf 73' lang='lat' dir='ltr'>ctiam</span> 
     </span>
    </p>
   </div>
   <div class='ocr_carea' id='block_1_16' title="bbox 0 1760 2189 1908">
    <p class='ocr_par' dir='ltr' id='par_1_18' title="bbox 72 1760 2187 1802">
     <span class='ocr_line' id='line_1_48' title="bbox 72 1760 2187 1802; baseline -0 -7"><span class='ocrx_word' id='word_1_972' title='bbox 72 1774 119 1797; x_wconf 84' lang='lat' dir='ltr'>rat.</span> <span class='ocrx_word' id='word_1_973' title='bbox 131 1777 157 1802; x_wconf 84' lang='lat'>2,</span> <span class='ocrx_word' id='word_1_974' title='bbox 172 1776 224 1801; x_wconf 79' lang='lat'>253.</span> <span class='ocrx_word' id='word_1_975' title='bbox 295 1769 433 1797; x_wconf 82' lang='lat' dir='ltr'>Creditum</span> <span class='ocrx_word' id='word_1_976' title='bbox 446 1770 516 1795; x_wconf 86' lang='lat' dir='ltr'>Suet.</span> <span class='ocrx_word' id='word_1_977' title='bbox 530 1770 558 1795; x_wconf 93' lang='lat' dir='ltr'>in</span> <span class='ocrx_word' id='word_1_978' title='bbox 572 1769 646 1802; x_wconf 85' lang='lat' dir='ltr'>Vesp.</span> <span class='ocrx_word' id='word_1_979' title='bbox 661 1778 683 1795; x_wconf 90' lang='lat' dir='ltr'>c.</span> <span class='ocrx_word' id='word_1_980' title='bbox 699 1777 730 1794; x_wconf 90' lang='grc' dir='ltr'>ιι.</span> <span class='ocrx_word' id='word_1_981' title='bbox 798 1769 872 1793; x_wconf 85' lang='lat' dir='ltr'>Prius</span> <span class='ocrx_word' id='word_1_982' title='bbox 887 1776 953 1801; x_wconf 86' lang='lat' dir='ltr'>quae</span> <span class='ocrx_word' id='word_1_983' title='bbox 963 1765 1083 1795; x_wconf 85' lang='lat' dir='ltr'>Credidi,</span> <span class='ocrx_word' id='word_1_984' title='bbox 1146 1764 1214 1802; x_wconf 70' lang='lat' dir='ltr'>Geli.</span> <span class='ocrx_word' id='word_1_985' title='bbox 1228 1772 1262 1796; x_wconf 86' lang='lat'>15,</span> <span class='ocrx_word' id='word_1_986' title='bbox 1278 1772 1307 1795; x_wconf 86' lang='lat'>¹4</span> <span class='ocrx_word' id='word_1_987' title='bbox 1331 1770 1355 1789; x_wconf 77' lang='lat' dir='ltr'>ct</span> <span class='ocrx_word' id='word_1_988' title='bbox 1374 1766 1571 1800; x_wconf 59' lang='lat' dir='ltr'>interpretatur,</span> <span class='ocrx_word' id='word_1_989' title='bbox 1591 1760 1777 1800; x_wconf 77' lang='lat' dir='ltr'>Nihilominus</span> <span class='ocrx_word' id='word_1_990' title='bbox 1790 1762 1908 1797; x_wconf 86' lang='lat' dir='ltr'>exigitur</span> <span class='ocrx_word' id='word_1_991' title='bbox 1920 1764 1952 1791; x_wconf 88' lang='lat' dir='ltr'>de</span> <span class='ocrx_word' id='word_1_992' title='bbox 1966 1775 2007 1792; x_wconf 87' lang='lat' dir='ltr'>me</span> <span class='ocrx_word' id='word_1_993' title='bbox 2025 1769 2187 1801; x_wconf 88' lang='lat' dir='ltr'>portorium.</span> 
     </span>
    </p>

    <p class='ocr_par' dir='ltr' id='par_1_19' title="bbox 0 1796 2189 1908">
     <span class='ocr_line' id='line_1_49' title="bbox 0 1796 2189 1838; baseline 0 -7"><span class='ocrx_word' id='word_1_994' title='bbox 0 1827 3 1830; x_wconf 37' lang='lat' dir='ltr'>i</span> <span class='ocrx_word' id='word_1_995' title='bbox 44 1804 91 1830; x_wconf 88' lang='lat' dir='ltr'>vix</span> <span class='ocrx_word' id='word_1_996' title='bbox 104 1812 174 1830; x_wconf 89' lang='lat' dir='ltr'>anno</span> <span class='ocrx_word' id='word_1_997' title='bbox 189 1804 246 1837; x_wconf 88' lang='lat' dir='ltr'>post</span> <span class='ocrx_word' id='word_1_998' title='bbox 258 1805 333 1838; x_wconf 87' lang='lat' dir='ltr'>exegi</span> <span class='ocrx_word' id='word_1_999' title='bbox 349 1805 431 1830; x_wconf 89' lang='lat' dir='ltr'>Plaut.</span> <span class='ocrx_word' id='word_1_1000' title='bbox 447 1804 515 1830; x_wconf 80' lang='lat' dir='ltr'>Asin.</span> <span class='ocrx_word' id='word_1_1001' title='bbox 529 1812 555 1834; x_wconf 89' lang='lat'>2,</span> <span class='ocrx_word' id='word_1_1002' title='bbox 569 1812 594 1834; x_wconf 87' lang='lat'>2,</span> <span class='ocrx_word' id='word_1_1003' title='bbox 608 1811 644 1834; x_wconf 86' lang='grc'>33.</span> <span class='ocrx_word' id='word_1_1004' title='bbox 715 1801 796 1828; x_wconf 92' lang='lat' dir='ltr'>Ouid.</span> <span class='ocrx_word' id='word_1_1005' title='bbox 811 1802 876 1826; x_wconf 76' lang='lat' dir='ltr'>Fait.</span> <span class='ocrx_word' id='word_1_1006' title='bbox 891 1809 912 1832; x_wconf 83' lang='lat'>5,</span> <span class='ocrx_word' id='word_1_1007' title='bbox 926 1809 972 1832; x_wconf 80' lang='lat'>3¹4</span> <span class='ocrx_word' id='word_1_1008' title='bbox 992 1800 1083 1832; x_wconf 82' lang='lat' dir='ltr'>Exige-</span> <span class='ocrx_word' id='word_1_1009' title='bbox 1146 1799 1264 1832; x_wconf 69' lang='lat' dir='ltr'>Posuerat</span> <span class='ocrx_word' id='word_1_1010' title='bbox 1278 1800 1352 1822; x_wconf 75' lang='lat' dir='ltr'>etiam</span> <span class='ocrx_word' id='word_1_1011' title='bbox 1370 1806 1399 1822; x_wconf 76' lang='lat' dir='ltr'>ex</span> <span class='ocrx_word' id='word_1_1012' title='bbox 1412 1799 1447 1830; x_wconf 74' lang='lat' dir='ltr'>Q</span> <span class='ocrx_word' id='word_1_1013' title='bbox 1465 1796 1568 1823; x_wconf 84' lang='lat' dir='ltr'>Metelli</span> <span class='ocrx_word' id='word_1_1014' title='bbox 1587 1803 1724 1835; x_wconf 83' lang='lat' dir='ltr'>oranone,</span> <span class='ocrx_word' id='word_1_1015' title='bbox 1738 1797 1789 1823; x_wconf 78' lang='lat' dir='ltr'>sese</span> <span class='ocrx_word' id='word_1_1016' title='bbox 1802 1799 1929 1826; x_wconf 80' lang='lat' dir='ltr'>maximas</span> <span class='ocrx_word' id='word_1_1017' title='bbox 1946 1804 2067 1835; x_wconf 83' lang='lat' dir='ltr'>pecunias</span> <span class='ocrx_word' id='word_1_1018' title='bbox 2082 1804 2189 1831; x_wconf 66' lang='lat' dir='ltr'>exac&#39;tos</span> 
     </span>
     <span class='ocr_line' id='line_1_50' title="bbox 0 1830 2187 1871; baseline -0.002 -6"><span class='ocrx_word' id='word_1_1019' title='bbox 0 1835 2 1839; x_wconf 62' lang='grc'>’</span> <span class='ocrx_word' id='word_1_1020' title='bbox 43 1844 103 1866; x_wconf 83' lang='lat' dir='ltr'>rent</span> <span class='ocrx_word' id='word_1_1021' title='bbox 114 1839 217 1864; x_wconf 79' lang='lat' dir='ltr'>nostrae</span> <span class='ocrx_word' id='word_1_1022' title='bbox 237 1839 324 1871; x_wconf 88' lang='lat' dir='ltr'>qualia</span> <span class='ocrx_word' id='word_1_1023' title='bbox 338 1839 438 1864; x_wconf 85' lang='lat' dir='ltr'>Damna</span> <span class='ocrx_word' id='word_1_1024' title='bbox 454 1838 549 1863; x_wconf 73' lang='lat' dir='ltr'>notae?</span> <span class='ocrx_word' id='word_1_1025' title='bbox 620 1835 701 1861; x_wconf 88' lang='lat' dir='ltr'>Ouid.</span> <span class='ocrx_word' id='word_1_1026' title='bbox 716 1835 748 1860; x_wconf 89' lang='lat' dir='ltr'>de</span> <span class='ocrx_word' id='word_1_1027' title='bbox 760 1836 823 1860; x_wconf 86' lang='lat' dir='ltr'>Arte</span> <span class='ocrx_word' id='word_1_1028' title='bbox 836 1836 894 1859; x_wconf 89' lang='lat' dir='ltr'>Am.</span> <span class='ocrx_word' id='word_1_1029' title='bbox 913 1842 939 1865; x_wconf 84' lang='lat'>2,</span> <span class='ocrx_word' id='word_1_1030' title='bbox 953 1842 994 1864; x_wconf 82' lang='lat'>¹30</span> <span class='ocrx_word' id='word_1_1031' title='bbox 1022 1833 1082 1859; x_wconf 87' lang='lat' dir='ltr'>Exi·</span> <span class='ocrx_word' id='word_1_1032' title='bbox 1090 1836 1124 1862; x_wconf 79' lang='grc'>45</span> <span class='ocrx_word' id='word_1_1033' title='bbox 1146 1833 1204 1857; x_wconf 82' lang='lat' dir='ltr'>ess&#39;e.</span> <span class='ocrx_word' id='word_1_1034' title='bbox 1240 1832 1301 1857; x_wconf 80' lang='lat' dir='ltr'>Stat.</span> <span class='ocrx_word' id='word_1_1035' title='bbox 1315 1830 1408 1857; x_wconf 89' lang='lat' dir='ltr'>Theb.</span> <span class='ocrx_word' id='word_1_1036' title='bbox 1423 1840 1443 1863; x_wconf 90' lang='lat'>1,</span> <span class='ocrx_word' id='word_1_1037' title='bbox 1456 1833 1502 1857; x_wconf 77' lang='lat'>216</span> <span class='ocrx_word' id='word_1_1038' title='bbox 1523 1840 1551 1857; x_wconf 77' lang='lat' dir='ltr'>cx</span> <span class='ocrx_word' id='word_1_1039' title='bbox 1564 1833 1671 1867; x_wconf 70' lang='lat' dir='ltr'>persona</span> <span class='ocrx_word' id='word_1_1040' title='bbox 1686 1833 1750 1858; x_wconf 69' lang='lat' dir='ltr'>Ioui,</span> <span class='ocrx_word' id='word_1_1041' title='bbox 1762 1852 1770 1864; x_wconf 84' lang='grc'>,</span> <span class='ocrx_word' id='word_1_1042' title='bbox 1798 1835 1921 1868; x_wconf 80' lang='lat' dir='ltr'>Qionam</span> <span class='ocrx_word' id='word_1_1043' title='bbox 1945 1837 2026 1871; x_wconf 87' lang='lat' dir='ltr'>vsque</span> <span class='ocrx_word' id='word_1_1044' title='bbox 2045 1846 2187 1866; x_wconf 74' lang='lat' dir='ltr'>nocentum</span> 
     </span>
     <span class='ocr_line' id='line_1_51' title="bbox 41 1867 2189 1908; baseline 0 -9"><span class='ocrx_word' id='word_1_1045' title='bbox 41 1873 81 1908; x_wconf 75' lang='lat' dir='ltr'>git</span> <span class='ocrx_word' id='word_1_1046' title='bbox 94 1871 283 1904; x_wconf 73' lang='lat' dir='ltr'>OdryfiiFaeta</span> <span class='ocrx_word' id='word_1_1047' title='bbox 297 1878 403 1898; x_wconf 85' lang='lat' dir='ltr'>cruenta</span> <span class='ocrx_word' id='word_1_1048' title='bbox 419 1872 501 1897; x_wconf 88' lang='lat' dir='ltr'>ducis.</span> <span class='ocrx_word' id='word_1_1049' title='bbox 521 1873 539 1896; x_wconf 85' lang='lat' dir='ltr'>i.</span> <span class='ocrx_word' id='word_1_1050' title='bbox 560 1871 628 1896; x_wconf 74' lang='lat' dir='ltr'>Petit</span> <span class='ocrx_word' id='word_1_1051' title='bbox 641 1868 810 1903; x_wconf 71' lang='lat' dir='ltr'>ab1·&#39;lyſji›,vt</span> <span class='ocrx_word' id='word_1_1052' title='bbox 824 1871 926 1895; x_wconf 71' lang='lat' dir='ltr'>recitet.-</span> <span class='ocrx_word' id='word_1_1053' title='bbox 940 1870 987 1894; x_wconf 81' lang='lat' dir='ltr'>alii</span> <span class='ocrx_word' id='word_1_1054' title='bbox 999 1869 1084 1904; x_wconf 77' lang='lat' dir='ltr'>legunt</span> <span class='ocrx_word' id='word_1_1055' title='bbox 1145 1867 1241 1900; x_wconf 83' lang='lat' dir='ltr'>Exigar</span> <span class='ocrx_word' id='word_1_1056' title='bbox 1259 1867 1288 1892; x_wconf 90' lang='lat' dir='ltr'>in</span> <span class='ocrx_word' id='word_1_1057' title='bbox 1308 1875 1419 1901; x_wconf 79' lang='lat' dir='ltr'>poenaS,</span> <span class='ocrx_word' id='word_1_1058' title='bbox 1438 1869 1455 1892; x_wconf 91' lang='grc' dir='ltr'>ι’.</span> <span class='ocrx_word' id='word_1_1059' title='bbox 1472 1867 1640 1901; x_wconf 62' lang='lat' dir='ltr'>pronon-abor,</span> <span class='ocrx_word' id='word_1_1060' title='bbox 1658 1868 1790 1895; x_wconf 73' lang='lat' dir='ltr'>incitabor.</span> <span class='ocrx_word' id='word_1_1061' title='bbox 1894 1869 1914 1907; x_wconf 54' lang='lat' dir='ltr'><strong>ff</strong></span> <span class='ocrx_word' id='word_1_1062' title='bbox 1935 1878 1952 1906; x_wconf 88' lang='lat'>7</span> <span class='ocrx_word' id='word_1_1063' title='bbox 1989 1874 2148 1901; x_wconf 73' lang='lat' dir='ltr'>Permutatur</span> <span class='ocrx_word' id='word_1_1064' title='bbox 2171 1883 2189 1903; x_wconf 78' lang='lat' dir='ltr'>a</span> 
     </span>
    </p>
   </div>
   <div class='ocr_carea' id='block_1_17' title="bbox 41 1902 2186 2086">
    <p class='ocr_par' dir='ltr' id='par_1_20' title="bbox 42 1902 1888 1940">
     <span class='ocr_line' id='line_1_52' title="bbox 42 1902 1888 1940; baseline -0.003 -6"><span class='ocrx_word' id='word_1_1065' title='bbox 42 1909 113 1938; x_wconf 80' lang='lat' dir='ltr'>Fata.</span> <span class='ocrx_word' id='word_1_1066' title='bbox 184 1907 238 1933; x_wconf 85' lang='lat' dir='ltr'>Cic.</span> <span class='ocrx_word' id='word_1_1067' title='bbox 253 1908 305 1933; x_wconf 87' lang='lat' dir='ltr'>Att.</span> <span class='ocrx_word' id='word_1_1068' title='bbox 321 1916 347 1940; x_wconf 91' lang='lat'>4,</span> <span class='ocrx_word' id='word_1_1069' title='bbox 361 1914 370 1932; x_wconf 92' lang='lat'>1</span> <span class='ocrx_word' id='word_1_1070' title='bbox 391 1907 427 1932; x_wconf 85' lang='lat' dir='ltr'>Ac</span> <span class='ocrx_word' id='word_1_1071' title='bbox 446 1905 494 1931; x_wconf 84' lang='lat' dir='ltr'>nili</span> <span class='ocrx_word' id='word_1_1072' title='bbox 515 1905 595 1931; x_wconf 85' lang='lat' dir='ltr'>ctiam</span> <span class='ocrx_word' id='word_1_1073' title='bbox 615 1905 809 1939; x_wconf 87' lang='lat' dir='ltr'>praetermissos</span> <span class='ocrx_word' id='word_1_1074' title='bbox 822 1903 932 1930; x_wconf 62' lang='lat' dir='ltr'>Frutffhis</span> <span class='ocrx_word' id='word_1_1075' title='bbox 951 1910 1011 1930; x_wconf 86' lang='lat' dir='ltr'>tuae</span> <span class='ocrx_word' id='word_1_1076' title='bbox 1028 1904 1082 1929; x_wconf 81' lang='lat' dir='ltr'>sua·</span> <span class='ocrx_word' id='word_1_1077' title='bbox 1143 1903 1259 1928; x_wconf 69' lang='lat' dir='ltr'>lllsrariis</span> <span class='ocrx_word' id='word_1_1078' title='bbox 1274 1911 1327 1928; x_wconf 80' lang='lat' dir='ltr'>cum</span> <span class='ocrx_word' id='word_1_1079' title='bbox 1341 1902 1463 1936; x_wconf 83' lang='lat' dir='ltr'>Erigere:</span> <span class='ocrx_word' id='word_1_1080' title='bbox 1483 1903 1535 1928; x_wconf 78' lang='lat' dir='ltr'>vid.</span> <span class='ocrx_word' id='word_1_1081' title='bbox 1550 1902 1674 1928; x_wconf 74' lang='lat' dir='ltr'>Drakenb.</span> <span class='ocrx_word' id='word_1_1082' title='bbox 1688 1902 1722 1928; x_wconf 83' lang='lat' dir='ltr'>ad</span> <span class='ocrx_word' id='word_1_1083' title='bbox 1735 1903 1779 1929; x_wconf 85' lang='lat' dir='ltr'>Sil.</span> <span class='ocrx_word' id='word_1_1084' title='bbox 1793 1911 1820 1938; x_wconf 90' lang='lat'>7,</span> <span class='ocrx_word' id='word_1_1085' title='bbox 1834 1910 1888 1935; x_wconf 75' lang='lat'>282.</span> 
     </span>
    </p>

    <p class='ocr_par' dir='ltr' id='par_1_21' title="bbox 41 1938 2186 2086">
     <span class='ocr_line' id='line_1_53' title="bbox 41 1938 2186 1978; baseline -0.002 -9"><span class='ocrx_word' id='word_1_1086' title='bbox 41 1943 130 1972; x_wconf 82' lang='lat' dir='ltr'>vitatis</span> <span class='ocrx_word' id='word_1_1087' title='bbox 142 1942 277 1978; x_wconf 85' lang='lat' dir='ltr'>praeteriti</span> <span class='ocrx_word' id='word_1_1088' title='bbox 295 1941 422 1976; x_wconf 86' lang='lat' dir='ltr'>temporis</span> <span class='ocrx_word' id='word_1_1089' title='bbox 439 1949 568 1975; x_wconf 69' lang='lat' dir='ltr'>exegero,</span> <span class='ocrx_word' id='word_1_1090' title='bbox 582 1939 716 1975; x_wconf 63' lang='lat' dir='ltr'>profecto,</span> <span class='ocrx_word' id='word_1_1091' title='bbox 729 1947 775 1966; x_wconf 76' lang='lat' dir='ltr'>etc.</span> <span class='ocrx_word' id='word_1_1092' title='bbox 847 1940 966 1966; x_wconf 87' lang='lat' dir='ltr'>Gratiam</span> <span class='ocrx_word' id='word_1_1093' title='bbox 981 1939 1037 1965; x_wconf 92' lang='lat' dir='ltr'>Cic.</span> <span class='ocrx_word' id='word_1_1094' title='bbox 1050 1938 1083 1965; x_wconf 86' lang='lat' dir='ltr'>de</span> <span class='ocrx_word' id='word_1_1095' title='bbox 1182 1945 1199 1964; x_wconf 76' lang='lat' dir='ltr'>E</span> <span class='ocrx_word' id='word_1_1096' title='bbox 1208 1944 1225 1963; x_wconf 88' lang='grc' dir='ltr'><strong>Χ</strong></span> <span class='ocrx_word' id='word_1_1097' title='bbox 1235 1945 1255 1963; x_wconf 79' lang='lat' dir='ltr'>A</span> <span class='ocrx_word' id='word_1_1098' title='bbox 1267 1942 1284 1963; x_wconf 93' lang='lat' dir='ltr'>c</span> <span class='ocrx_word' id='word_1_1099' title='bbox 1295 1944 1316 1963; x_wconf 88' lang='lat' dir='ltr'>T</span> <span class='ocrx_word' id='word_1_1100' title='bbox 1326 1944 1344 1963; x_wconf 90' lang='lat' dir='ltr'>v</span> <span class='ocrx_word' id='word_1_1101' title='bbox 1356 1944 1368 1964; x_wconf 88' lang='lat' dir='ltr'>s</span> <span class='ocrx_word' id='word_1_1102' title='bbox 1376 1956 1385 1969; x_wconf 90' lang='lat'>,</span> <span class='ocrx_word' id='word_1_1103' title='bbox 1404 1945 1434 1969; x_wconf 90' lang='lat' dir='ltr'>a,</span> <span class='ocrx_word' id='word_1_1104' title='bbox 1454 1946 1508 1963; x_wconf 91' lang='lat' dir='ltr'>um.</span> <span class='ocrx_word' id='word_1_1105' title='bbox 1545 1938 1638 1962; x_wconf 88' lang='lat' dir='ltr'>Partic.</span> <span class='ocrx_word' id='word_1_1106' title='bbox 1675 1939 1886 1974; x_wconf 56' lang='grc' dir='ltr'>[παρεληλυθώς]</span> <span class='ocrx_word' id='word_1_1107' title='bbox 1922 1941 2009 1968; x_wconf 82' lang='lat' dir='ltr'>Aestas</span> <span class='ocrx_word' id='word_1_1108' title='bbox 2025 1943 2115 1971; x_wconf 57' lang='lat' dir='ltr'>exodia</span> <span class='ocrx_word' id='word_1_1109' title='bbox 2130 1951 2186 1973; x_wconf 68' lang='lat' dir='ltr'>em</span> 
     </span>
     <span class='ocr_line' id='line_1_54' title="bbox 43 1971 2186 2011; baseline -0.002 -5"><span class='ocrx_word' id='word_1_1110' title='bbox 43 1979 147 2007; x_wconf 81' lang='lat' dir='ltr'>Amicit.</span> <span class='ocrx_word' id='word_1_1111' title='bbox 159 1987 198 2011; x_wconf 90' lang='grc' dir='ltr'>3ο.</span> <span class='ocrx_word' id='word_1_1112' title='bbox 269 1978 330 2005; x_wconf 87' lang='lat' dir='ltr'>Iura</span> <span class='ocrx_word' id='word_1_1113' title='bbox 348 1976 438 2004; x_wconf 87' lang='lat' dir='ltr'>debita</span> <span class='ocrx_word' id='word_1_1114' title='bbox 457 1976 573 2011; x_wconf 86' lang='lat' dir='ltr'>polliciti</span> <span class='ocrx_word' id='word_1_1115' title='bbox 587 1976 656 2006; x_wconf 87' lang='lat' dir='ltr'>tori,</span> <span class='ocrx_word' id='word_1_1116' title='bbox 679 1974 816 2002; x_wconf 77' lang='lat' dir='ltr'>Verecunde</span> <span class='ocrx_word' id='word_1_1117' title='bbox 829 1973 924 2000; x_wconf 72' lang='lat' dir='ltr'>diHum</span> <span class='ocrx_word' id='word_1_1118' title='bbox 937 1975 1019 2000; x_wconf 85' lang='lat' dir='ltr'>Ouid.</span> <span class='ocrx_word' id='word_1_1119' title='bbox 1034 1975 1080 2008; x_wconf 85' lang='lat' dir='ltr'>Ep.</span> <span class='ocrx_word' id='word_1_1120' title='bbox 1145 1973 1232 2008; x_wconf 76' lang='lat' dir='ltr'>media</span> <span class='ocrx_word' id='word_1_1121' title='bbox 1246 1973 1306 1998; x_wconf 89' lang='lat' dir='ltr'>Liu.</span> <span class='ocrx_word' id='word_1_1122' title='bbox 1322 1980 1367 2004; x_wconf 80' lang='lat'>24,</span> <span class='ocrx_word' id='word_1_1123' title='bbox 1404 1991 1411 1998; x_wconf 96' lang='lat'>.</span> <span class='ocrx_word' id='word_1_1124' title='bbox 1449 1991 1455 1997; x_wconf 94' lang='lat'>.</span> <span class='ocrx_word' id='word_1_1125' title='bbox 1509 1971 1600 1998; x_wconf 81' lang='lat' dir='ltr'>Aetate</span> <span class='ocrx_word' id='word_1_1126' title='bbox 1614 1972 1703 1998; x_wconf 65' lang='lat' dir='ltr'>exacta</span> <span class='ocrx_word' id='word_1_1127' title='bbox 1716 1973 1784 2000; x_wconf 83' lang='lat' dir='ltr'>Ter.</span> <span class='ocrx_word' id='word_1_1128' title='bbox 1799 1974 1870 2001; x_wconf 88' lang='lat' dir='ltr'>Adel.</span> <span class='ocrx_word' id='word_1_1129' title='bbox 1886 1984 1908 2009; x_wconf 82' lang='grc' dir='ltr'>ς,</span> <span class='ocrx_word' id='word_1_1130' title='bbox 1920 1985 1946 2009; x_wconf 86' lang='grc'>4,</span> <span class='ocrx_word' id='word_1_1131' title='bbox 1963 1981 1999 2004; x_wconf 62' lang='grc' dir='ltr'>Μ.</span> <span class='ocrx_word' id='word_1_1132' title='bbox 2035 1980 2092 2006; x_wconf 67' lang='lat' dir='ltr'>Cic,</span> <span class='ocrx_word' id='word_1_1133' title='bbox 2109 1982 2186 2008; x_wconf 65' lang='lat' dir='ltr'>verr,</span> 
     </span>
     <span class='ocr_line' id='line_1_55' title="bbox 44 2006 2186 2049; baseline 0.001 -11"><span class='ocrx_word' id='word_1_1134' title='bbox 44 2024 88 2048; x_wconf 75' lang='lat'>20,</span> <span class='ocrx_word' id='word_1_1135' title='bbox 100 2023 145 2049; x_wconf 89' lang='lat'>40.</span> <span class='ocrx_word' id='word_1_1136' title='bbox 215 2013 365 2040; x_wconf 86' lang='lat' dir='ltr'>Mercedem</span> <span class='ocrx_word' id='word_1_1137' title='bbox 385 2012 440 2039; x_wconf 90' lang='lat' dir='ltr'>Cic.</span> <span class='ocrx_word' id='word_1_1138' title='bbox 454 2013 486 2038; x_wconf 90' lang='lat' dir='ltr'>dc</span> <span class='ocrx_word' id='word_1_1139' title='bbox 501 2012 557 2039; x_wconf 81' lang='lat' dir='ltr'>Fin.</span> <span class='ocrx_word' id='word_1_1140' title='bbox 571 2017 597 2044; x_wconf 78' lang='lat'>2,</span> <span class='ocrx_word' id='word_1_1141' title='bbox 610 2018 641 2045; x_wconf 84' lang='lat'>73</span> <span class='ocrx_word' id='word_1_1142' title='bbox 658 2020 679 2037; x_wconf 90' lang='lat' dir='ltr'>c.</span> <span class='ocrx_word' id='word_1_1143' title='bbox 697 2019 736 2037; x_wconf 88' lang='lat'>22.</span> <span class='ocrx_word' id='word_1_1144' title='bbox 808 2011 920 2036; x_wconf 89' lang='lat' dir='ltr'>Munera</span> <span class='ocrx_word' id='word_1_1145' title='bbox 935 2009 1008 2044; x_wconf 54' lang='lat' dir='ltr'>paria</span> <span class='ocrx_word' id='word_1_1146' title='bbox 1023 2018 1081 2035; x_wconf 88' lang='lat' dir='ltr'>cum</span> <span class='ocrx_word' id='word_1_1147' title='bbox 1091 2013 1123 2040; x_wconf 85' lang='grc' dir='ltr'>ςο</span> <span class='ocrx_word' id='word_1_1148' title='bbox 1146 2016 1168 2040; x_wconf 84' lang='lat'>5,</span> <span class='ocrx_word' id='word_1_1149' title='bbox 1182 2016 1209 2034; x_wconf 87' lang='lat'>21</span> <span class='ocrx_word' id='word_1_1150' title='bbox 1229 2009 1288 2033; x_wconf 87' lang='lat' dir='ltr'>Hoc</span> <span class='ocrx_word' id='word_1_1151' title='bbox 1303 2013 1404 2033; x_wconf 81' lang='lat' dir='ltr'>tantum</span> <span class='ocrx_word' id='word_1_1152' title='bbox 1420 2006 1508 2033; x_wconf 63' lang='lat' dir='ltr'>cxafia</span> <span class='ocrx_word' id='word_1_1153' title='bbox 1523 2007 1614 2033; x_wconf 80' lang='lat' dir='ltr'>Aetate</span> <span class='ocrx_word' id='word_1_1154' title='bbox 1626 2007 1726 2034; x_wconf 86' lang='lat' dir='ltr'>laboris</span> <span class='ocrx_word' id='word_1_1155' title='bbox 1739 2009 1896 2046; x_wconf 84' lang='lat' dir='ltr'>itinerisque</span> <span class='ocrx_word' id='word_1_1156' title='bbox 1915 2012 2034 2047; x_wconf 83' lang='lat' dir='ltr'>suscepit.</span> <span class='ocrx_word' id='word_1_1157' title='bbox 2064 2016 2131 2042; x_wconf 69' lang='lat' dir='ltr'>Add.</span> <span class='ocrx_word' id='word_1_1158' title='bbox 2147 2015 2186 2043; x_wconf 78' lang='lat' dir='ltr'>ld.</span> 
     </span>
     <span class='ocr_line' id='line_1_56' title="bbox 43 2043 2186 2086; baseline 0 -9"><span class='ocrx_word' id='word_1_1159' title='bbox 43 2051 118 2086; x_wconf 83' lang='lat' dir='ltr'>plena</span> <span class='ocrx_word' id='word_1_1160' title='bbox 135 2048 186 2076; x_wconf 78' lang='lat' dir='ltr'>tide</span> <span class='ocrx_word' id='word_1_1161' title='bbox 211 2048 292 2076; x_wconf 89' lang='lat' dir='ltr'>Ouid.</span> <span class='ocrx_word' id='word_1_1162' title='bbox 311 2047 389 2083; x_wconf 84' lang='lat' dir='ltr'>Epist.</span> <span class='ocrx_word' id='word_1_1163' title='bbox 410 2050 449 2081; x_wconf 87' lang='lat'>16,</span> <span class='ocrx_word' id='word_1_1164' title='bbox 468 2049 525 2083; x_wconf 83' lang='grc'><strong>376.</strong></span> <span class='ocrx_word' id='word_1_1165' title='bbox 597 2046 731 2078; x_wconf 82' lang='lat' dir='ltr'>Nomina,</span> <span class='ocrx_word' id='word_1_1166' title='bbox 751 2045 784 2071; x_wconf 83' lang='lat' dir='ltr'>ad</span> <span class='ocrx_word' id='word_1_1167' title='bbox 802 2044 978 2079; x_wconf 61' lang='lat' dir='ltr'>diffinitionem</span> <span class='ocrx_word' id='word_1_1168' title='bbox 998 2054 1082 2086; x_wconf 37' lang='lat' dir='ltr'>coge-“re</span> <span class='ocrx_word' id='word_1_1169' title='bbox 1145 2052 1194 2078; x_wconf 80' lang='lat' dir='ltr'>pro</span> <span class='ocrx_word' id='word_1_1170' title='bbox 1208 2043 1297 2070; x_wconf 86' lang='lat' dir='ltr'>Deiot.</span> <span class='ocrx_word' id='word_1_1171' title='bbox 1312 2051 1333 2069; x_wconf 89' lang='lat' dir='ltr'>c.</span> <span class='ocrx_word' id='word_1_1172' title='bbox 1348 2051 1385 2069; x_wconf 85' lang='lat'>10.</span> <span class='ocrx_word' id='word_1_1173' title='bbox 1402 2049 1424 2068; x_wconf 77' lang='lat' dir='ltr'>et</span> <span class='ocrx_word' id='word_1_1174' title='bbox 1443 2043 1526 2069; x_wconf 84' lang='lat' dir='ltr'>Tusc.</span> <span class='ocrx_word' id='word_1_1175' title='bbox 1542 2051 1551 2068; x_wconf 94' lang='lat'>1</span> <span class='ocrx_word' id='word_1_1176' title='bbox 1570 2051 1591 2069; x_wconf 92' lang='lat' dir='ltr'>c.</span> <span class='ocrx_word' id='word_1_1177' title='bbox 1604 2051 1644 2076; x_wconf 90' lang='grc'>39.</span> <span class='ocrx_word' id='word_1_1178' title='bbox 1714 2043 1774 2070; x_wconf 90' lang='lat' dir='ltr'>Liu.</span> <span class='ocrx_word' id='word_1_1179' title='bbox 1813 2065 1819 2072; x_wconf 85' lang='grc'><strong>,</strong></span> <span class='ocrx_word' id='word_1_1180' title='bbox 1856 2066 1863 2072; x_wconf 98' lang='grc'><strong>.</strong></span> <span class='ocrx_word' id='word_1_1181' title='bbox 1901 2066 1908 2073; x_wconf 96' lang='grc'><strong>.</strong></span> <span class='ocrx_word' id='word_1_1182' title='bbox 1946 2049 2114 2077; x_wconf 85' lang='lat' dir='ltr'>Venerabilis</span> <span class='ocrx_word' id='word_1_1183' title='bbox 2131 2052 2186 2080; x_wconf 86' lang='lat' dir='ltr'>viri</span> 
     </span>
    </p>
   </div>
   <div class='ocr_carea' id='block_1_18' title="bbox 0 2077 2186 2119">
    <p class='ocr_par' dir='ltr' id='par_1_22' title="bbox 0 2077 2186 2119">
     <span class='ocr_line' id='line_1_57' title="bbox 0 2077 2186 2119; baseline 0 -6"><span class='ocrx_word' id='word_1_1184' title='bbox 0 2086 3 2098; x_wconf 68' lang='lat'><strong>³</strong></span> <span class='ocrx_word' id='word_1_1185' title='bbox 45 2086 101 2116; x_wconf 71' lang='lat' dir='ltr'>Cic.</span> <span class='ocrx_word' id='word_1_1186' title='bbox 115 2086 190 2113; x_wconf 85' lang='lat' dir='ltr'>Verr.</span> <span class='ocrx_word' id='word_1_1187' title='bbox 207 2093 228 2117; x_wconf 93' lang='lat'>1,</span> <span class='ocrx_word' id='word_1_1188' title='bbox 241 2089 269 2114; x_wconf 84' lang='grc'>28</span> <span class='ocrx_word' id='word_1_1189' title='bbox 308 2084 480 2119; x_wconf 86' lang='lat' dir='ltr'>Reperiretur</span> <span class='ocrx_word' id='word_1_1190' title='bbox 495 2082 617 2118; x_wconf 87' lang='lat' dir='ltr'>pecunias</span> <span class='ocrx_word' id='word_1_1191' title='bbox 637 2081 748 2108; x_wconf 78' lang='lat' dir='ltr'>sumtiss&#39;e</span> <span class='ocrx_word' id='word_1_1192' title='bbox 761 2089 881 2113; x_wconf 86' lang='lat' dir='ltr'>mutuas,</span> <span class='ocrx_word' id='word_1_1193' title='bbox 903 2081 1022 2107; x_wconf 84' lang='lat' dir='ltr'>Nomina</span> <span class='ocrx_word' id='word_1_1194' title='bbox 1039 2084 1083 2107; x_wconf 84' lang='lat' dir='ltr'>lua</span> <span class='ocrx_word' id='word_1_1195' title='bbox 1144 2085 1223 2113; x_wconf 83' lang='lat' dir='ltr'>atque</span> <span class='ocrx_word' id='word_1_1196' title='bbox 1236 2078 1304 2105; x_wconf 86' lang='lat' dir='ltr'>adeo</span> <span class='ocrx_word' id='word_1_1197' title='bbox 1315 2077 1421 2104; x_wconf 66' lang='lat' dir='ltr'>exaeiae</span> <span class='ocrx_word' id='word_1_1198' title='bbox 1435 2078 1487 2104; x_wconf 87' lang='lat' dir='ltr'>iam</span> <span class='ocrx_word' id='word_1_1199' title='bbox 1502 2078 1610 2104; x_wconf 84' lang='lat' dir='ltr'>Aetatis.</span> <span class='ocrx_word' id='word_1_1200' title='bbox 1680 2078 1756 2114; x_wconf 83' lang='lat' dir='ltr'>Virg.</span> <span class='ocrx_word' id='word_1_1201' title='bbox 1769 2080 1867 2116; x_wconf 86' lang='lat' dir='ltr'>Georg.</span> <span class='ocrx_word' id='word_1_1202' title='bbox 1880 2091 1904 2115; x_wconf 88' lang='grc'>3,</span> <span class='ocrx_word' id='word_1_1203' title='bbox 1919 2090 1965 2115; x_wconf 90' lang='grc' dir='ltr'>ι9ο</span> <span class='ocrx_word' id='word_1_1204' title='bbox 1986 2086 2019 2111; x_wconf 91' lang='lat' dir='ltr'>At</span> <span class='ocrx_word' id='word_1_1205' title='bbox 2039 2087 2124 2113; x_wconf 86' lang='lat' dir='ltr'>tribus</span> <span class='ocrx_word' id='word_1_1206' title='bbox 2142 2096 2186 2114; x_wconf 85' lang='lat' dir='ltr'>ex-</span> 
     </span>
    </p>
   </div>
   <div class='ocr_carea' id='block_1_19' title="bbox 42 2113 2186 2651">
    <p class='ocr_par' dir='ltr' id='par_1_23' title="bbox 42 2113 2186 2651">
     <span class='ocr_line' id='line_1_58' title="bbox 45 2113 2186 2158; baseline 0 -10"><span class='ocrx_word' id='word_1_1207' title='bbox 45 2121 161 2156; x_wconf 75' lang='lat' dir='ltr'>exegisse.</span> <span class='ocrx_word' id='word_1_1208' title='bbox 214 2119 316 2146; x_wconf 88' lang='lat' dir='ltr'>Paullus</span> <span class='ocrx_word' id='word_1_1209' title='bbox 335 2120 374 2146; x_wconf 89' lang='lat' dir='ltr'>De</span> <span class='ocrx_word' id='word_1_1210' title='bbox 395 2119 496 2151; x_wconf 86' lang='lat' dir='ltr'>vsuris,</span> <span class='ocrx_word' id='word_1_1211' title='bbox 509 2118 527 2145; x_wconf 89' lang='lat' dir='ltr'>l.</span> <span class='ocrx_word' id='word_1_1212' title='bbox 541 2118 636 2150; x_wconf 90' lang='lat' dir='ltr'>Caius,</span> <span class='ocrx_word' id='word_1_1213' title='bbox 657 2118 732 2151; x_wconf 76' lang='lat' dir='ltr'>Qiae</span> <span class='ocrx_word' id='word_1_1214' title='bbox 751 2116 894 2143; x_wconf 88' lang='lat' dir='ltr'>secundum</span> <span class='ocrx_word' id='word_1_1215' title='bbox 914 2117 1028 2142; x_wconf 80' lang='lat' dir='ltr'>formam</span> <span class='ocrx_word' id='word_1_1216' title='bbox 1048 2115 1080 2142; x_wconf 90' lang='lat' dir='ltr'>ab</span> <span class='ocrx_word' id='word_1_1217' title='bbox 1145 2114 1226 2147; x_wconf 68' lang='lat' dir='ltr'>aftis,</span> <span class='ocrx_word' id='word_1_1218' title='bbox 1247 2113 1293 2140; x_wconf 86' lang='lat' dir='ltr'>vbi</span> <span class='ocrx_word' id='word_1_1219' title='bbox 1308 2119 1400 2148; x_wconf 88' lang='lat' dir='ltr'>quarta</span> <span class='ocrx_word' id='word_1_1220' title='bbox 1414 2114 1542 2140; x_wconf 81' lang='lat' dir='ltr'>accesserit</span> <span class='ocrx_word' id='word_1_1221' title='bbox 1554 2114 1641 2145; x_wconf 86' lang='lat' dir='ltr'>Aetas,</span> <span class='ocrx_word' id='word_1_1222' title='bbox 1655 2120 1700 2140; x_wconf 74' lang='lat' dir='ltr'>etc.</span> <span class='ocrx_word' id='word_1_1223' title='bbox 1772 2117 1861 2144; x_wconf 85' lang='lat' dir='ltr'>Annos</span> <span class='ocrx_word' id='word_1_1224' title='bbox 1879 2127 1926 2152; x_wconf 88' lang='lat' dir='ltr'>per</span> <span class='ocrx_word' id='word_1_1225' title='bbox 1941 2119 2186 2158; x_wconf 67' lang='lat' dir='ltr'>exaftos,antan-</span> 
     </span>
     <span class='ocr_line' id='line_1_59' title="bbox 48 2149 2186 2192; baseline 0 -8"><span class='ocrx_word' id='word_1_1226' title='bbox 48 2155 89 2184; x_wconf 73' lang='lat' dir='ltr'>his</span> <span class='ocrx_word' id='word_1_1227' title='bbox 101 2156 169 2192; x_wconf 76' lang='lat' dir='ltr'>exigi</span> <span class='ocrx_word' id='word_1_1228' title='bbox 181 2155 296 2186; x_wconf 78' lang='lat' dir='ltr'>soleant,</span> <span class='ocrx_word' id='word_1_1229' title='bbox 316 2156 396 2182; x_wconf 87' lang='lat' dir='ltr'>etiam</span> <span class='ocrx_word' id='word_1_1230' title='bbox 411 2155 428 2181; x_wconf 85' lang='lat' dir='ltr'><strong>fi</strong></span> <span class='ocrx_word' id='word_1_1231' title='bbox 443 2154 533 2181; x_wconf 87' lang='lat' dir='ltr'>omnia</span> <span class='ocrx_word' id='word_1_1232' title='bbox 541 2153 659 2180; x_wconf 88' lang='lat' dir='ltr'>Nomina</span> <span class='ocrx_word' id='word_1_1233' title='bbox 667 2153 762 2179; x_wconf 87' lang='lat' dir='ltr'>idonea</span> <span class='ocrx_word' id='word_1_1234' title='bbox 777 2152 832 2178; x_wconf 84' lang='lat' dir='ltr'>lint.</span> <span class='ocrx_word' id='word_1_1235' title='bbox 906 2152 962 2178; x_wconf 84' lang='lat' dir='ltr'>Cic.</span> <span class='ocrx_word' id='word_1_1236' title='bbox 977 2151 1008 2177; x_wconf 83' lang='lat' dir='ltr'>de</span> <span class='ocrx_word' id='word_1_1237' title='bbox 1023 2152 1081 2178; x_wconf 62' lang='grc' dir='ltr'>Ὴιη.</span> <span class='ocrx_word' id='word_1_1238' title='bbox 1144 2153 1186 2176; x_wconf 82' lang='lat' dir='ltr'>nis</span> <span class='ocrx_word' id='word_1_1239' title='bbox 1200 2151 1266 2176; x_wconf 87' lang='lat' dir='ltr'>Hor.</span> <span class='ocrx_word' id='word_1_1240' title='bbox 1279 2150 1368 2175; x_wconf 86' lang='lat' dir='ltr'>Carm.</span> <span class='ocrx_word' id='word_1_1241' title='bbox 1382 2157 1403 2181; x_wconf 78' lang='lat'>3,</span> <span class='ocrx_word' id='word_1_1242' title='bbox 1417 2157 1453 2179; x_wconf 87' lang='lat'>22,</span> <span class='ocrx_word' id='word_1_1243' title='bbox 1467 2151 1491 2174; x_wconf 80' lang='lat'>6.</span> <span class='ocrx_word' id='word_1_1244' title='bbox 1543 2149 1604 2175; x_wconf 89' lang='lat' dir='ltr'>Dies</span> <span class='ocrx_word' id='word_1_1245' title='bbox 1624 2149 1692 2175; x_wconf 88' lang='lat' dir='ltr'>Dial.</span> <span class='ocrx_word' id='word_1_1246' title='bbox 1710 2150 1742 2176; x_wconf 85' lang='lat' dir='ltr'>de</span> <span class='ocrx_word' id='word_1_1247' title='bbox 1755 2151 1863 2179; x_wconf 78' lang='lat' dir='ltr'>Orator.</span> <span class='ocrx_word' id='word_1_1248' title='bbox 1882 2163 1903 2180; x_wconf 91' lang='lat' dir='ltr'>c.</span> <span class='ocrx_word' id='word_1_1249' title='bbox 1922 2163 1963 2187; x_wconf 86' lang='lat'>42,</span> <span class='ocrx_word' id='word_1_1250' title='bbox 1979 2164 1997 2182; x_wconf 89' lang='lat'>1.</span> <span class='ocrx_word' id='word_1_1251' title='bbox 2067 2159 2186 2192; x_wconf 86' lang='lat' dir='ltr'>Propert.</span> 
     </span>
     <span class='ocr_line' id='line_1_60' title="bbox 51 2184 2186 2228; baseline -0 -10"><span class='ocrx_word' id='word_1_1252' title='bbox 51 2201 80 2228; x_wconf 76' lang='grc'>4,</span> <span class='ocrx_word' id='word_1_1253' title='bbox 113 2211 121 2220; x_wconf 94' lang='grc'><strong>.</strong></span> <span class='ocrx_word' id='word_1_1254' title='bbox 155 2211 162 2218; x_wconf 92' lang='grc'><strong>.</strong></span> <span class='ocrx_word' id='word_1_1255' title='bbox 196 2191 226 2218; x_wconf 92' lang='lat' dir='ltr'>Et</span> <span class='ocrx_word' id='word_1_1256' title='bbox 240 2190 306 2218; x_wconf 86' lang='lat' dir='ltr'>hanc</span> <span class='ocrx_word' id='word_1_1257' title='bbox 322 2191 430 2226; x_wconf 91' lang='lat' dir='ltr'>quidem</span> <span class='ocrx_word' id='word_1_1258' title='bbox 444 2190 558 2225; x_wconf 87' lang='lat' dir='ltr'>primam</span> <span class='ocrx_word' id='word_1_1259' title='bbox 569 2189 672 2223; x_wconf 86' lang='lat' dir='ltr'>exigam</span> <span class='ocrx_word' id='word_1_1260' title='bbox 688 2197 701 2214; x_wconf 89' lang='lat' dir='ltr'>a</span> <span class='ocrx_word' id='word_1_1261' title='bbox 715 2194 741 2214; x_wconf 89' lang='lat' dir='ltr'>te</span> <span class='ocrx_word' id='word_1_1262' title='bbox 752 2188 877 2222; x_wconf 78' lang='lat' dir='ltr'>Operam,</span> <span class='ocrx_word' id='word_1_1263' title='bbox 891 2193 919 2214; x_wconf 86' lang='lat' dir='ltr'>vt</span> <span class='ocrx_word' id='word_1_1264' title='bbox 933 2187 1022 2213; x_wconf 67' lang='lat' dir='ltr'>audias·</span> <span class='ocrx_word' id='word_1_1265' title='bbox 1038 2195 1079 2212; x_wconf 85' lang='lat' dir='ltr'>me</span> <span class='ocrx_word' id='word_1_1266' title='bbox 1097 2190 1125 2216; x_wconf 79' lang='lat'>55</span> <span class='ocrx_word' id='word_1_1267' title='bbox 1146 2194 1169 2218; x_wconf 88' lang='lat'>2,</span> <span class='ocrx_word' id='word_1_1268' title='bbox 1188 2193 1251 2218; x_wconf 80' lang='lat'>14,3</span> <span class='ocrx_word' id='word_1_1269' title='bbox 1279 2185 1336 2224; x_wconf 78' lang='lat' dir='ltr'>Nec</span> <span class='ocrx_word' id='word_1_1270' title='bbox 1349 2184 1382 2210; x_wconf 90' lang='lat' dir='ltr'>lic</span> <span class='ocrx_word' id='word_1_1271' title='bbox 1395 2185 1491 2224; x_wconf 71' lang='lat' dir='ltr'>Eri-ore</span> <span class='ocrx_word' id='word_1_1272' title='bbox 1510 2184 1602 2211; x_wconf 70' lang='lat' dir='ltr'>exaeto</span> <span class='ocrx_word' id='word_1_1273' title='bbox 1616 2184 1732 2220; x_wconf 72' lang='lat' dir='ltr'>(finito)</span> <span class='ocrx_word' id='word_1_1274' title='bbox 1750 2186 1860 2215; x_wconf 85' lang='lat' dir='ltr'>laetatus</span> <span class='ocrx_word' id='word_1_1275' title='bbox 1875 2189 1986 2224; x_wconf 79' lang='lat' dir='ltr'>Vlyires,</span> <span class='ocrx_word' id='word_1_1276' title='bbox 2021 2192 2113 2226; x_wconf 73' lang='lat' dir='ltr'>Quint</span> <span class='ocrx_word' id='word_1_1277' title='bbox 2127 2195 2186 2221; x_wconf 79' lang='lat' dir='ltr'>teti.</span> 
     </span>
     <span class='ocr_line' id='line_1_61' title="bbox 49 2219 2186 2263; baseline -0.001 -9"><span class='ocrx_word' id='word_1_1278' title='bbox 49 2235 116 2263; x_wconf 81' lang='lat' dir='ltr'>quae</span> <span class='ocrx_word' id='word_1_1279' title='bbox 126 2235 140 2254; x_wconf 81' lang='lat' dir='ltr'>a</span> <span class='ocrx_word' id='word_1_1280' title='bbox 152 2231 177 2254; x_wconf 86' lang='lat' dir='ltr'>te</span> <span class='ocrx_word' id='word_1_1281' title='bbox 187 2226 257 2254; x_wconf 65' lang='lat' dir='ltr'>dieta</span> <span class='ocrx_word' id='word_1_1282' title='bbox 277 2227 334 2253; x_wconf 85' lang='lat' dir='ltr'>sunt</span> <span class='ocrx_word' id='word_1_1283' title='bbox 352 2226 528 2253; x_wconf 85' lang='lat' dir='ltr'>refellentem.</span> <span class='ocrx_word' id='word_1_1284' title='bbox 599 2225 672 2251; x_wconf 87' lang='lat' dir='ltr'>Idem</span> <span class='ocrx_word' id='word_1_1285' title='bbox 686 2223 738 2250; x_wconf 87' lang='lat' dir='ltr'>Off.</span> <span class='ocrx_word' id='word_1_1286' title='bbox 758 2232 776 2254; x_wconf 88' lang='lat'>1,</span> <span class='ocrx_word' id='word_1_1287' title='bbox 788 2232 818 2257; x_wconf 89' lang='lat'>41</span> <span class='ocrx_word' id='word_1_1288' title='bbox 839 2233 860 2248; x_wconf 77' lang='lat' dir='ltr'>c.</span> <span class='ocrx_word' id='word_1_1289' title='bbox 874 2231 898 2255; x_wconf 90' lang='grc' dir='ltr'>ι3</span> <span class='ocrx_word' id='word_1_1290' title='bbox 929 2223 971 2248; x_wconf 70' lang='lat' dir='ltr'>Est</span> <span class='ocrx_word' id='word_1_1291' title='bbox 993 2229 1082 2249; x_wconf 85' lang='lat' dir='ltr'>autem</span> <span class='ocrx_word' id='word_1_1292' title='bbox 1145 2222 1183 2255; x_wconf 90' lang='lat' dir='ltr'>git</span> <span class='ocrx_word' id='word_1_1293' title='bbox 1197 2228 1270 2247; x_wconf 86' lang='lat' dir='ltr'>carae</span> <span class='ocrx_word' id='word_1_1294' title='bbox 1283 2220 1363 2246; x_wconf 87' lang='lat' dir='ltr'>litora</span> <span class='ocrx_word' id='word_1_1295' title='bbox 1376 2219 1527 2246; x_wconf 87' lang='lat' dir='ltr'>Dulichiae.</span> <span class='ocrx_word' id='word_1_1296' title='bbox 1600 2221 1710 2255; x_wconf 85' lang='lat' dir='ltr'>Frigore</span> <span class='ocrx_word' id='word_1_1297' title='bbox 1726 2223 1818 2250; x_wconf 61' lang='lat' dir='ltr'>exodio</span> <span class='ocrx_word' id='word_1_1298' title='bbox 1832 2225 1899 2251; x_wconf 86' lang='lat' dir='ltr'>Plin.</span> <span class='ocrx_word' id='word_1_1299' title='bbox 1915 2232 1954 2260; x_wconf 90' lang='lat'>17,</span> <span class='ocrx_word' id='word_1_1300' title='bbox 1967 2234 2003 2259; x_wconf 87' lang='lat'>25.</span> <span class='ocrx_word' id='word_1_1301' title='bbox 2075 2229 2124 2255; x_wconf 89' lang='lat' dir='ltr'>His</span> <span class='ocrx_word' id='word_1_1302' title='bbox 2143 2229 2186 2256; x_wconf 88' lang='lat' dir='ltr'>de.</span> 
     </span>
     <span class='ocr_line' id='line_1_62' title="bbox 48 2255 2186 2296; baseline -0.004 -6"><span class='ocrx_word' id='word_1_1303' title='bbox 48 2261 136 2290; x_wconf 70' lang='lat' dir='ltr'>infima</span> <span class='ocrx_word' id='word_1_1304' title='bbox 152 2263 269 2290; x_wconf 83' lang='lat' dir='ltr'>conditio</span> <span class='ocrx_word' id='word_1_1305' title='bbox 287 2268 313 2289; x_wconf 88' lang='lat' dir='ltr'>et</span> <span class='ocrx_word' id='word_1_1306' title='bbox 332 2263 441 2289; x_wconf 86' lang='lat' dir='ltr'>fortuna</span> <span class='ocrx_word' id='word_1_1307' title='bbox 460 2262 612 2293; x_wconf 85' lang='lat' dir='ltr'>seruorum,</span> <span class='ocrx_word' id='word_1_1308' title='bbox 630 2258 728 2294; x_wconf 90' lang='lat' dir='ltr'>quibus</span> <span class='ocrx_word' id='word_1_1309' title='bbox 747 2267 801 2285; x_wconf 89' lang='lat' dir='ltr'>non</span> <span class='ocrx_word' id='word_1_1310' title='bbox 821 2258 890 2285; x_wconf 84' lang='lat' dir='ltr'>male</span> <span class='ocrx_word' id='word_1_1311' title='bbox 905 2258 1081 2293; x_wconf 80' lang='lat' dir='ltr'>praecipiunt,</span> <span class='ocrx_word' id='word_1_1312' title='bbox 1145 2266 1218 2283; x_wconf 88' lang='lat' dir='ltr'>nium</span> <span class='ocrx_word' id='word_1_1313' title='bbox 1238 2255 1336 2282; x_wconf 71' lang='lat' dir='ltr'>exa&amp;is</span> <span class='ocrx_word' id='word_1_1314' title='bbox 1369 2257 1446 2296; x_wconf 60' lang='lat' dir='ltr'>Virg3</span> <span class='ocrx_word' id='word_1_1315' title='bbox 1464 2256 1528 2283; x_wconf 88' lang='lat' dir='ltr'>Aen.</span> <span class='ocrx_word' id='word_1_1316' title='bbox 1543 2257 1570 2288; x_wconf 88' lang='lat'>6,</span> <span class='ocrx_word' id='word_1_1317' title='bbox 1584 2258 1642 2291; x_wconf 84' lang='lat'>637.</span> <span class='ocrx_word' id='word_1_1318' title='bbox 1715 2257 1832 2293; x_wconf 86' lang='lat' dir='ltr'>Propert.</span> <span class='ocrx_word' id='word_1_1319' title='bbox 1848 2269 1870 2293; x_wconf 78' lang='lat'>3,</span> <span class='ocrx_word' id='word_1_1320' title='bbox 1885 2265 1908 2293; x_wconf 72' lang='lat'>8,</span> <span class='ocrx_word' id='word_1_1321' title='bbox 1922 2269 1953 2294; x_wconf 70' lang='lat'>29</span> <span class='ocrx_word' id='word_1_1322' title='bbox 1990 2263 2082 2296; x_wconf 65' lang='lat' dir='ltr'>Qum,</span> <span class='ocrx_word' id='word_1_1323' title='bbox 2102 2265 2186 2293; x_wconf 61' lang='lat' dir='ltr'>fuerit</span> 
     </span>
     <span class='ocr_line' id='line_1_63' title="bbox 46 2291 2186 2335; baseline -0 -10"><span class='ocrx_word' id='word_1_1324' title='bbox 46 2299 94 2334; x_wconf 84' lang='lat' dir='ltr'>qui</span> <span class='ocrx_word' id='word_1_1325' title='bbox 111 2297 148 2325; x_wconf 84' lang='lat' dir='ltr'>ita</span> <span class='ocrx_word' id='word_1_1326' title='bbox 167 2298 261 2325; x_wconf 86' lang='lat' dir='ltr'>iubent</span> <span class='ocrx_word' id='word_1_1327' title='bbox 279 2299 335 2331; x_wconf 87' lang='lat' dir='ltr'>vti,</span> <span class='ocrx_word' id='word_1_1328' title='bbox 355 2304 385 2324; x_wconf 87' lang='lat' dir='ltr'>vt</span> <span class='ocrx_word' id='word_1_1329' title='bbox 403 2296 589 2329; x_wconf 88' lang='lat' dir='ltr'>mercenariis,</span> <span class='ocrx_word' id='word_1_1330' title='bbox 603 2296 718 2330; x_wconf 83' lang='lat' dir='ltr'>Operam</span> <span class='ocrx_word' id='word_1_1331' title='bbox 732 2295 902 2330; x_wconf 85' lang='lat' dir='ltr'>exigendam,</span> <span class='ocrx_word' id='word_1_1332' title='bbox 920 2294 986 2320; x_wconf 82' lang='lat' dir='ltr'>iusta</span> <span class='ocrx_word' id='word_1_1333' title='bbox 1008 2303 1080 2328; x_wconf 83' lang='lat' dir='ltr'>prae-</span> <span class='ocrx_word' id='word_1_1334' title='bbox 1144 2292 1234 2319; x_wconf 85' lang='lat' dir='ltr'>multis</span> <span class='ocrx_word' id='word_1_1335' title='bbox 1254 2291 1343 2318; x_wconf 68' lang='lat' dir='ltr'>exa6’m</span> <span class='ocrx_word' id='word_1_1336' title='bbox 1357 2291 1499 2318; x_wconf 80' lang='lat' dir='ltr'>trientibus</span> <span class='ocrx_word' id='word_1_1337' title='bbox 1512 2291 1595 2322; x_wconf 89' lang='lat' dir='ltr'>Hora,</span> <span class='ocrx_word' id='word_1_1338' title='bbox 1608 2298 1654 2318; x_wconf 78' lang='lat' dir='ltr'>etc.</span> <span class='ocrx_word' id='word_1_1339' title='bbox 1679 2294 1698 2318; x_wconf 83' lang='grc' dir='ltr'><strong>ἱ.</strong></span> <span class='ocrx_word' id='word_1_1340' title='bbox 1715 2292 1816 2321; x_wconf 73' lang='lat' dir='ltr'>bibendo</span> <span class='ocrx_word' id='word_1_1341' title='bbox 1828 2296 1955 2331; x_wconf 72' lang='lat' dir='ltr'>conficmta</span> <span class='ocrx_word' id='word_1_1342' title='bbox 1973 2298 2054 2324; x_wconf 76' lang='lat' dir='ltr'>triens</span> <span class='ocrx_word' id='word_1_1343' title='bbox 2069 2304 2186 2335; x_wconf 77' lang='lat' dir='ltr'>poculum</span> 
     </span>
     <span class='ocr_line' id='line_1_64' title="bbox 45 2326 2185 2371; baseline -0 -10"><span class='ocrx_word' id='word_1_1344' title='bbox 45 2332 136 2361; x_wconf 80' lang='lat' dir='ltr'>benda.</span> <span class='ocrx_word' id='word_1_1345' title='bbox 207 2334 330 2360; x_wconf 84' lang='lat' dir='ltr'>Pecunias</span> <span class='ocrx_word' id='word_1_1346' title='bbox 349 2333 494 2368; x_wconf 86' lang='lat' dir='ltr'>desperatas</span> <span class='ocrx_word' id='word_1_1347' title='bbox 519 2332 576 2359; x_wconf 86' lang='lat' dir='ltr'>Cic.</span> <span class='ocrx_word' id='word_1_1348' title='bbox 595 2340 644 2366; x_wconf 83' lang='lat' dir='ltr'>pro</span> <span class='ocrx_word' id='word_1_1349' title='bbox 664 2332 784 2357; x_wconf 85' lang='lat' dir='ltr'>Muraen.</span> <span class='ocrx_word' id='word_1_1350' title='bbox 801 2339 855 2363; x_wconf 79' lang='lat'>142.</span> <span class='ocrx_word' id='word_1_1351' title='bbox 929 2330 1080 2356; x_wconf 85' lang='lat' dir='ltr'>Penlionem</span> <span class='ocrx_word' id='word_1_1352' title='bbox 1143 2335 1248 2363; x_wconf 79' lang='lat' dir='ltr'>quatuor</span> <span class='ocrx_word' id='word_1_1353' title='bbox 1261 2327 1413 2362; x_wconf 64' lang='lat' dir='ltr'>cyathorum.</span> <span class='ocrx_word' id='word_1_1354' title='bbox 1462 2327 1519 2353; x_wconf 90' lang='lat' dir='ltr'>Lux</span> <span class='ocrx_word' id='word_1_1355' title='bbox 1534 2327 1624 2354; x_wconf 66' lang='lat' dir='ltr'>exacta</span> <span class='ocrx_word' id='word_1_1356' title='bbox 1638 2326 1708 2360; x_wconf 83' lang='lat' dir='ltr'>solis,</span> <span class='ocrx_word' id='word_1_1357' title='bbox 1725 2329 1824 2356; x_wconf 80' lang='lat' dir='ltr'>Finitus</span> <span class='ocrx_word' id='word_1_1358' title='bbox 1838 2331 1892 2357; x_wconf 79' lang='lat' dir='ltr'>dies</span> <span class='ocrx_word' id='word_1_1359' title='bbox 1904 2332 1966 2359; x_wconf 84' lang='lat' dir='ltr'>Stat.</span> <span class='ocrx_word' id='word_1_1360' title='bbox 1981 2333 2046 2360; x_wconf 87' lang='lat' dir='ltr'>Silu.</span> <span class='ocrx_word' id='word_1_1361' title='bbox 2066 2344 2089 2366; x_wconf 89' lang='lat'>2,</span> <span class='ocrx_word' id='word_1_1362' title='bbox 2103 2345 2125 2368; x_wconf 63' lang='grc' dir='ltr'>ι»,</span> <span class='ocrx_word' id='word_1_1363' title='bbox 2139 2344 2185 2371; x_wconf 78' lang='lat'>47.</span> 
     </span>
     <span class='ocr_line' id='line_1_65' title="bbox 44 2362 2185 2403; baseline -0.002 -7"><span class='ocrx_word' id='word_1_1364' title='bbox 44 2369 115 2397; x_wconf 82' lang='lat' dir='ltr'>Idem</span> <span class='ocrx_word' id='word_1_1365' title='bbox 130 2370 201 2396; x_wconf 85' lang='lat' dir='ltr'>Fam.</span> <span class='ocrx_word' id='word_1_1366' title='bbox 216 2373 241 2403; x_wconf 90' lang='lat'>6,</span> <span class='ocrx_word' id='word_1_1367' title='bbox 257 2374 290 2400; x_wconf 83' lang='lat'>¹8·</span> <span class='ocrx_word' id='word_1_1368' title='bbox 361 2369 484 2396; x_wconf 77' lang='lat' dir='ltr'>Precatio</span> <span class='ocrx_word' id='word_1_1369' title='bbox 502 2369 608 2403; x_wconf 83' lang='lat' dir='ltr'>exigere</span> <span class='ocrx_word' id='word_1_1370' title='bbox 626 2367 695 2393; x_wconf 89' lang='lat' dir='ltr'>Suet.</span> <span class='ocrx_word' id='word_1_1371' title='bbox 715 2365 809 2393; x_wconf 85' lang='lat' dir='ltr'>Claud.</span> <span class='ocrx_word' id='word_1_1372' title='bbox 824 2375 844 2392; x_wconf 89' lang='lat' dir='ltr'>c.</span> <span class='ocrx_word' id='word_1_1373' title='bbox 859 2374 892 2391; x_wconf 86' lang='lat'>12.</span> <span class='ocrx_word' id='word_1_1374' title='bbox 965 2366 1080 2391; x_wconf 77' lang='lat' dir='ltr'>Pretium</span> <span class='ocrx_word' id='word_1_1375' title='bbox 1088 2365 1123 2390; x_wconf 86' lang='lat'>60</span> <span class='ocrx_word' id='word_1_1376' title='bbox 1143 2363 1296 2390; x_wconf 86' lang='lat' dir='ltr'>Maturitate</span> <span class='ocrx_word' id='word_1_1377' title='bbox 1315 2362 1406 2389; x_wconf 57' lang='lat' dir='ltr'>exausta</span> <span class='ocrx_word' id='word_1_1378' title='bbox 1426 2362 1492 2389; x_wconf 85' lang='lat' dir='ltr'>Plin.</span> <span class='ocrx_word' id='word_1_1379' title='bbox 1508 2367 1544 2394; x_wconf 85' lang='lat'>18,</span> <span class='ocrx_word' id='word_1_1380' title='bbox 1557 2370 1582 2396; x_wconf 87' lang='lat'>7.</span> <span class='ocrx_word' id='word_1_1381' title='bbox 1656 2363 1729 2397; x_wconf 88' lang='lat' dir='ltr'>Virg.</span> <span class='ocrx_word' id='word_1_1382' title='bbox 1744 2364 1842 2401; x_wconf 86' lang='lat' dir='ltr'>Georg.</span> <span class='ocrx_word' id='word_1_1383' title='bbox 1865 2375 1884 2398; x_wconf 90' lang='lat' dir='ltr'>i,</span> <span class='ocrx_word' id='word_1_1384' title='bbox 1898 2376 1946 2400; x_wconf 77' lang='lat'>435</span> <span class='ocrx_word' id='word_1_1385' title='bbox 1983 2369 2073 2396; x_wconf 67' lang='lat' dir='ltr'>Totus</span> <span class='ocrx_word' id='word_1_1386' title='bbox 2093 2378 2118 2397; x_wconf 87' lang='lat' dir='ltr'>et</span> <span class='ocrx_word' id='word_1_1387' title='bbox 2138 2372 2185 2398; x_wconf 71' lang='lat' dir='ltr'>jue</span> 
     </span>
     <span class='ocr_line' id='line_1_66' title="bbox 45 2393 2184 2438; baseline 0 -6"><span class='ocrx_word' id='word_1_1388' title='bbox 45 2405 123 2432; x_wconf 86' lang='lat' dir='ltr'>Ouid.</span> <span class='ocrx_word' id='word_1_1389' title='bbox 136 2406 228 2432; x_wconf 85' lang='lat' dir='ltr'>Amor.</span> <span class='ocrx_word' id='word_1_1390' title='bbox 243 2413 264 2438; x_wconf 89' lang='lat'>1,</span> <span class='ocrx_word' id='word_1_1391' title='bbox 279 2411 302 2437; x_wconf 78' lang='grc' dir='ltr'>Β,</span> <span class='ocrx_word' id='word_1_1392' title='bbox 315 2406 357 2438; x_wconf 88' lang='lat'>69.</span> <span class='ocrx_word' id='word_1_1393' title='bbox 429 2404 581 2431; x_wconf 74' lang='lat' dir='ltr'>Promissum</span> <span class='ocrx_word' id='word_1_1394' title='bbox 595 2403 652 2429; x_wconf 90' lang='lat' dir='ltr'>Cic.</span> <span class='ocrx_word' id='word_1_1395' title='bbox 663 2402 716 2429; x_wconf 84' lang='lat' dir='ltr'>Off.</span> <span class='ocrx_word' id='word_1_1396' title='bbox 731 2410 752 2434; x_wconf 82' lang='grc'>3,</span> <span class='ocrx_word' id='word_1_1397' title='bbox 766 2410 810 2434; x_wconf 78' lang='lat'>94.</span> <span class='ocrx_word' id='word_1_1398' title='bbox 866 2400 987 2427; x_wconf 74' lang='lat' dir='ltr'>&#39;I&#39;ributa</span> <span class='ocrx_word' id='word_1_1399' title='bbox 1007 2400 1079 2427; x_wconf 86' lang='lat' dir='ltr'>Idem</span> <span class='ocrx_word' id='word_1_1400' title='bbox 1145 2399 1214 2431; x_wconf 87' lang='lat' dir='ltr'>dies,</span> <span class='ocrx_word' id='word_1_1401' title='bbox 1233 2405 1259 2425; x_wconf 89' lang='lat' dir='ltr'>ct</span> <span class='ocrx_word' id='word_1_1402' title='bbox 1280 2399 1327 2433; x_wconf 86' lang='lat' dir='ltr'>qui</span> <span class='ocrx_word' id='word_1_1403' title='bbox 1346 2399 1483 2424; x_wconf 85' lang='lat' dir='ltr'>nascentur</span> <span class='ocrx_word' id='word_1_1404' title='bbox 1503 2398 1536 2424; x_wconf 89' lang='lat' dir='ltr'>ab</span> <span class='ocrx_word' id='word_1_1405' title='bbox 1556 2393 1605 2424; x_wconf 84' lang='lat' dir='ltr'>illo</span> <span class='ocrx_word' id='word_1_1406' title='bbox 1641 2398 1767 2426; x_wconf 65' lang='lat' dir='ltr'>Exaeunn</span> <span class='ocrx_word' id='word_1_1407' title='bbox 1784 2401 1817 2428; x_wconf 90' lang='lat' dir='ltr'>ad</span> <span class='ocrx_word' id='word_1_1408' title='bbox 1831 2403 1963 2434; x_wconf 84' lang='lat' dir='ltr'>Mensem,</span> <span class='ocrx_word' id='word_1_1409' title='bbox 1982 2404 2072 2438; x_wconf 89' lang='lat' dir='ltr'>pluuia</span> <span class='ocrx_word' id='word_1_1410' title='bbox 2087 2408 2184 2433; x_wconf 86' lang='lat' dir='ltr'>ventis-</span> 
     </span>
     <span class='ocr_line' id='line_1_67' title="bbox 44 2433 2184 2475; baseline 0 -8"><span class='ocrx_word' id='word_1_1411' title='bbox 44 2441 116 2468; x_wconf 85' lang='lat' dir='ltr'>Fam.</span> <span class='ocrx_word' id='word_1_1412' title='bbox 127 2449 151 2473; x_wconf 86' lang='lat'>3,</span> <span class='ocrx_word' id='word_1_1413' title='bbox 163 2448 188 2475; x_wconf 92' lang='lat'>7.</span> <span class='ocrx_word' id='word_1_1414' title='bbox 259 2438 378 2474; x_wconf 64' lang='lat' dir='ltr'>vectigal</span> <span class='ocrx_word' id='word_1_1415' title='bbox 403 2438 442 2465; x_wconf 89' lang='lat' dir='ltr'>Id.</span> <span class='ocrx_word' id='word_1_1416' title='bbox 457 2440 495 2472; x_wconf 79' lang='lat' dir='ltr'>Q</span> <span class='ocrx_word' id='word_1_1417' title='bbox 506 2440 574 2465; x_wconf 84' lang='lat' dir='ltr'>Frat.</span> <span class='ocrx_word' id='word_1_1418' title='bbox 590 2446 610 2470; x_wconf 91' lang='lat'>1,</span> <span class='ocrx_word' id='word_1_1419' title='bbox 626 2446 644 2463; x_wconf 92' lang='lat'>1.</span> <span class='ocrx_word' id='word_1_1420' title='bbox 715 2438 771 2463; x_wconf 87' lang='lat' dir='ltr'>Cic.</span> <span class='ocrx_word' id='word_1_1421' title='bbox 795 2437 826 2462; x_wconf 83' lang='lat' dir='ltr'>de</span> <span class='ocrx_word' id='word_1_1422' title='bbox 846 2436 938 2470; x_wconf 80' lang='lat' dir='ltr'>Legib.</span> <span class='ocrx_word' id='word_1_1423' title='bbox 956 2445 975 2467; x_wconf 91' lang='lat'>1,</span> <span class='ocrx_word' id='word_1_1424' title='bbox 996 2447 1014 2470; x_wconf 80' lang='lat'>4</span> <span class='ocrx_word' id='word_1_1425' title='bbox 1035 2438 1081 2463; x_wconf 84' lang='lat' dir='ltr'>Fa·</span> <span class='ocrx_word' id='word_1_1426' title='bbox 1142 2444 1193 2470; x_wconf 90' lang='lat' dir='ltr'>que</span> <span class='ocrx_word' id='word_1_1427' title='bbox 1208 2433 1342 2461; x_wconf 86' lang='lat' dir='ltr'>carebunt.</span> <span class='ocrx_word' id='word_1_1428' title='bbox 1377 2435 1418 2461; x_wconf 84' lang='lat' dir='ltr'>Sic</span> <span class='ocrx_word' id='word_1_1429' title='bbox 1426 2434 1524 2468; x_wconf 89' lang='lat' dir='ltr'>Georg.</span> <span class='ocrx_word' id='word_1_1430' title='bbox 1539 2442 1560 2465; x_wconf 84' lang='grc'>3,</span> <span class='ocrx_word' id='word_1_1431' title='bbox 1574 2442 1615 2466; x_wconf 86' lang='grc' dir='ltr'>ι39</span> <span class='ocrx_word' id='word_1_1432' title='bbox 1634 2434 1736 2461; x_wconf 72' lang='grc' dir='ltr'>Εκαὸἱιε</span> <span class='ocrx_word' id='word_1_1433' title='bbox 1750 2437 2184 2470; x_wconf 78' lang='lat' dir='ltr'>grauidaecumMenfibuseri-ant.</span> 
     </span>
     <span class='ocr_line' id='line_1_68' title="bbox 43 2469 2183 2511; baseline -0.002 -8"><span class='ocrx_word' id='word_1_1434' title='bbox 43 2476 116 2504; x_wconf 81' lang='lat' dir='ltr'>ciunt</span> <span class='ocrx_word' id='word_1_1435' title='bbox 134 2475 274 2510; x_wconf 81' lang='lat' dir='ltr'>imperite,</span> <span class='ocrx_word' id='word_1_1436' title='bbox 291 2475 339 2508; x_wconf 83' lang='lat' dir='ltr'>qui</span> <span class='ocrx_word' id='word_1_1437' title='bbox 357 2475 386 2500; x_wconf 90' lang='lat' dir='ltr'>in</span> <span class='ocrx_word' id='word_1_1438' title='bbox 404 2473 454 2499; x_wconf 82' lang='lat' dir='ltr'>isto</span> <span class='ocrx_word' id='word_1_1439' title='bbox 475 2473 596 2507; x_wconf 86' lang='lat' dir='ltr'>periculo</span> <span class='ocrx_word' id='word_1_1440' title='bbox 612 2481 666 2499; x_wconf 90' lang='lat' dir='ltr'>non</span> <span class='ocrx_word' id='word_1_1441' title='bbox 684 2477 712 2498; x_wconf 91' lang='lat' dir='ltr'>vt</span> <span class='ocrx_word' id='word_1_1442' title='bbox 731 2481 744 2498; x_wconf 89' lang='lat' dir='ltr'>a</span> <span class='ocrx_word' id='word_1_1443' title='bbox 758 2473 853 2504; x_wconf 67' lang='lat' dir='ltr'>roem,</span> <span class='ocrx_word' id='word_1_1444' title='bbox 880 2472 920 2498; x_wconf 89' lang='lat' dir='ltr'>scd</span> <span class='ocrx_word' id='word_1_1445' title='bbox 934 2478 962 2498; x_wconf 90' lang='lat' dir='ltr'>vt</span> <span class='ocrx_word' id='word_1_1446' title='bbox 980 2481 994 2498; x_wconf 91' lang='lat' dir='ltr'>a</span> <span class='ocrx_word' id='word_1_1447' title='bbox 1008 2472 1080 2505; x_wconf 83' lang='lat' dir='ltr'>teste,</span> <span class='ocrx_word' id='word_1_1448' title='bbox 1144 2473 1252 2497; x_wconf 88' lang='lat' dir='ltr'>Annuus</span> <span class='ocrx_word' id='word_1_1449' title='bbox 1274 2469 1373 2496; x_wconf 74' lang='lat' dir='ltr'>exae‘tis</span> <span class='ocrx_word' id='word_1_1450' title='bbox 1397 2469 1544 2504; x_wconf 84' lang='lat' dir='ltr'>completur</span> <span class='ocrx_word' id='word_1_1451' title='bbox 1563 2469 1694 2496; x_wconf 85' lang='lat' dir='ltr'>Menlibus</span> <span class='ocrx_word' id='word_1_1452' title='bbox 1716 2472 1791 2498; x_wconf 89' lang='lat' dir='ltr'>orbis</span> <span class='ocrx_word' id='word_1_1453' title='bbox 1814 2473 1887 2507; x_wconf 86' lang='lat' dir='ltr'>Virg.</span> <span class='ocrx_word' id='word_1_1454' title='bbox 1901 2475 1964 2499; x_wconf 88' lang='lat' dir='ltr'>Aen.</span> <span class='ocrx_word' id='word_1_1455' title='bbox 1986 2482 2008 2506; x_wconf 92' lang='lat'>5,</span> <span class='ocrx_word' id='word_1_1456' title='bbox 2030 2478 2074 2508; x_wconf 66' lang='lat'>46.</span> <span class='ocrx_word' id='word_1_1457' title='bbox 2111 2478 2183 2511; x_wconf 66' lang='lat' dir='ltr'>Qtia</span> 
     </span>
     <span class='ocr_line' id='line_1_69' title="bbox 42 2505 2184 2544; baseline -0.001 -6"><span class='ocrx_word' id='word_1_1458' title='bbox 42 2512 191 2538; x_wconf 86' lang='lat' dir='ltr'>Veritatem</span> <span class='ocrx_word' id='word_1_1459' title='bbox 205 2510 322 2544; x_wconf 83' lang='lat' dir='ltr'>exigunt.</span> <span class='ocrx_word' id='word_1_1460' title='bbox 393 2508 506 2535; x_wconf 85' lang='lat' dir='ltr'>Traian.</span> <span class='ocrx_word' id='word_1_1461' title='bbox 520 2508 550 2534; x_wconf 84' lang='lat' dir='ltr'>ad</span> <span class='ocrx_word' id='word_1_1462' title='bbox 567 2508 631 2535; x_wconf 82' lang='lat' dir='ltr'>Plin.</span> <span class='ocrx_word' id='word_1_1463' title='bbox 650 2516 687 2537; x_wconf 87' lang='grc' dir='ltr'>ιο,</span> <span class='ocrx_word' id='word_1_1464' title='bbox 699 2516 729 2540; x_wconf 79' lang='grc'>39</span> <span class='ocrx_word' id='word_1_1465' title='bbox 750 2507 797 2534; x_wconf 89' lang='lat' dir='ltr'>Ille</span> <span class='ocrx_word' id='word_1_1466' title='bbox 817 2507 883 2539; x_wconf 85' lang='lat' dir='ltr'>dics,</span> <span class='ocrx_word' id='word_1_1467' title='bbox 897 2516 951 2542; x_wconf 93' lang='lat' dir='ltr'>quo</span> <span class='ocrx_word' id='word_1_1468' title='bbox 964 2507 1080 2542; x_wconf 86' lang='lat' dir='ltr'>primuni</span> <span class='ocrx_word' id='word_1_1469' title='bbox 1145 2507 1245 2532; x_wconf 79' lang='lat' dir='ltr'>Menses</span> <span class='ocrx_word' id='word_1_1470' title='bbox 1257 2509 1357 2541; x_wconf 79' lang='lat' dir='ltr'>(inquit</span> <span class='ocrx_word' id='word_1_1471' title='bbox 1370 2505 1494 2536; x_wconf 84' lang='lat' dir='ltr'>Seruius)</span> <span class='ocrx_word' id='word_1_1472' title='bbox 1506 2505 1534 2531; x_wconf 89' lang='lat' dir='ltr'>in</span> <span class='ocrx_word' id='word_1_1473' title='bbox 1548 2506 1572 2531; x_wconf 89' lang='lat' dir='ltr'>se</span> <span class='ocrx_word' id='word_1_1474' title='bbox 1585 2511 1740 2537; x_wconf 84' lang='lat' dir='ltr'>recurrunt,</span> <span class='ocrx_word' id='word_1_1475' title='bbox 1756 2513 1781 2532; x_wconf 89' lang='lat' dir='ltr'>et</span> <span class='ocrx_word' id='word_1_1476' title='bbox 1799 2516 1896 2534; x_wconf 91' lang='lat' dir='ltr'>annum</span> <span class='ocrx_word' id='word_1_1477' title='bbox 1916 2509 2025 2536; x_wconf 83' lang='lat' dir='ltr'>faciunt.</span> <span class='ocrx_word' id='word_1_1478' title='bbox 2086 2513 2184 2539; x_wconf 83' lang='lat' dir='ltr'>Mcrci-</span> 
     </span>
     <span class='ocr_line' id='line_1_70' title="bbox 44 2540 2183 2581; baseline 0 -9"><span class='ocrx_word' id='word_1_1479' title='bbox 44 2546 149 2581; x_wconf 85' lang='lat' dir='ltr'>probati</span> <span class='ocrx_word' id='word_1_1480' title='bbox 162 2546 220 2571; x_wconf 87' lang='lat' dir='ltr'>sunt</span> <span class='ocrx_word' id='word_1_1481' title='bbox 233 2546 341 2576; x_wconf 81' lang='lat' dir='ltr'>milites,</span> <span class='ocrx_word' id='word_1_1482' title='bbox 358 2544 505 2571; x_wconf 84' lang='lat' dir='ltr'>Veritatem</span> <span class='ocrx_word' id='word_1_1483' title='bbox 517 2544 550 2570; x_wconf 90' lang='lat' dir='ltr'>ab</span> <span class='ocrx_word' id='word_1_1484' title='bbox 564 2544 604 2570; x_wconf 84' lang='lat' dir='ltr'>his</span> <span class='ocrx_word' id='word_1_1485' title='bbox 617 2543 730 2577; x_wconf 87' lang='lat' dir='ltr'>originis</span> <span class='ocrx_word' id='word_1_1486' title='bbox 743 2544 801 2569; x_wconf 85' lang='lat' dir='ltr'>suae</span> <span class='ocrx_word' id='word_1_1487' title='bbox 815 2543 906 2577; x_wconf 72' lang='lat' dir='ltr'>exigit.</span> <span class='ocrx_word' id='word_1_1488' title='bbox 978 2543 1033 2570; x_wconf 84' lang='lat' dir='ltr'>Cic.</span> <span class='ocrx_word' id='word_1_1489' title='bbox 1048 2544 1080 2570; x_wconf 83' lang='lat' dir='ltr'>de</span> <span class='ocrx_word' id='word_1_1490' title='bbox 1093 2544 1124 2576; x_wconf 89' lang='lat'>65</span> <span class='ocrx_word' id='word_1_1491' title='bbox 1144 2542 1192 2569; x_wconf 88' lang='lat' dir='ltr'>bus</span> <span class='ocrx_word' id='word_1_1492' title='bbox 1207 2541 1305 2568; x_wconf 61' lang='lat' dir='ltr'>cuciis</span> <span class='ocrx_word' id='word_1_1493' title='bbox 1320 2541 1425 2567; x_wconf 86' lang='lat' dir='ltr'>Colum.</span> <span class='ocrx_word' id='word_1_1494' title='bbox 1440 2550 1476 2571; x_wconf 77' lang='grc' dir='ltr'>ιο,</span> <span class='ocrx_word' id='word_1_1495' title='bbox 1491 2549 1522 2571; x_wconf 80' lang='lat'>31-</span> <span class='ocrx_word' id='word_1_1496' title='bbox 1543 2543 1561 2565; x_wconf 92' lang='lat' dir='ltr'>i.</span> <span class='ocrx_word' id='word_1_1497' title='bbox 1580 2540 1690 2565; x_wconf 66' lang='lat' dir='ltr'>venditis</span> <span class='ocrx_word' id='word_1_1498' title='bbox 1700 2541 1725 2576; x_wconf 90' lang='lat' dir='ltr'>s.</span> <span class='ocrx_word' id='word_1_1499' title='bbox 1740 2542 1853 2575; x_wconf 76' lang='lat' dir='ltr'>extrusis.</span> <span class='ocrx_word' id='word_1_1500' title='bbox 1924 2545 1991 2570; x_wconf 86' lang='lat' dir='ltr'>Ante</span> <span class='ocrx_word' id='word_1_1501' title='bbox 2006 2544 2046 2571; x_wconf 85' lang='lat' dir='ltr'>bis</span> <span class='ocrx_word' id='word_1_1502' title='bbox 2060 2548 2183 2576; x_wconf 59' lang='lat' dir='ltr'>cxafium</span> 
     </span>
     <span class='ocr_line' id='line_1_71' title="bbox 46 2575 2184 2616; baseline 0 -9"><span class='ocrx_word' id='word_1_1503' title='bbox 46 2581 104 2608; x_wconf 84' lang='lat' dir='ltr'>Fin.</span> <span class='ocrx_word' id='word_1_1504' title='bbox 116 2588 137 2611; x_wconf 87' lang='grc'>2,</span> <span class='ocrx_word' id='word_1_1505' title='bbox 150 2587 181 2615; x_wconf 83' lang='lat'>73</span> <span class='ocrx_word' id='word_1_1506' title='bbox 208 2581 266 2606; x_wconf 85' lang='lat' dir='ltr'>Hoc</span> <span class='ocrx_word' id='word_1_1507' title='bbox 285 2580 355 2606; x_wconf 88' lang='lat' dir='ltr'>enim</span> <span class='ocrx_word' id='word_1_1508' title='bbox 373 2579 420 2606; x_wconf 87' lang='lat' dir='ltr'>ille</span> <span class='ocrx_word' id='word_1_1509' title='bbox 433 2585 492 2606; x_wconf 87' lang='lat' dir='ltr'>tuus</span> <span class='ocrx_word' id='word_1_1510' title='bbox 504 2588 557 2606; x_wconf 91' lang='lat' dir='ltr'>non</span> <span class='ocrx_word' id='word_1_1511' title='bbox 571 2579 645 2611; x_wconf 89' lang='lat' dir='ltr'>vult,</span> <span class='ocrx_word' id='word_1_1512' title='bbox 662 2578 839 2613; x_wconf 79' lang='lat' dir='ltr'>omnibusque</span> <span class='ocrx_word' id='word_1_1513' title='bbox 858 2587 889 2604; x_wconf 89' lang='lat' dir='ltr'>ex</span> <span class='ocrx_word' id='word_1_1514' title='bbox 904 2578 983 2604; x_wconf 88' lang='lat' dir='ltr'>rebus</span> <span class='ocrx_word' id='word_1_1515' title='bbox 997 2579 1080 2605; x_wconf 76' lang='lat' dir='ltr'>Volu-</span> <span class='ocrx_word' id='word_1_1516' title='bbox 1145 2586 1224 2612; x_wconf 88' lang='lat' dir='ltr'>quam</span> <span class='ocrx_word' id='word_1_1517' title='bbox 1256 2576 1371 2608; x_wconf 85' lang='lat' dir='ltr'>Cynthia</span> <span class='ocrx_word' id='word_1_1518' title='bbox 1390 2576 1513 2601; x_wconf 89' lang='lat' dir='ltr'>conderet</span> <span class='ocrx_word' id='word_1_1519' title='bbox 1531 2575 1631 2601; x_wconf 84' lang='lat' dir='ltr'>Orbem</span> <span class='ocrx_word' id='word_1_1520' title='bbox 1663 2575 1759 2601; x_wconf 87' lang='lat' dir='ltr'>Lucan.</span> <span class='ocrx_word' id='word_1_1521' title='bbox 1779 2585 1805 2608; x_wconf 84' lang='lat'>2,</span> <span class='ocrx_word' id='word_1_1522' title='bbox 1826 2584 1884 2612; x_wconf 81' lang='lat'>577.</span> <span class='ocrx_word' id='word_1_1523' title='bbox 1953 2580 2072 2614; x_wconf 83' lang='lat' dir='ltr'>Propert.</span> <span class='ocrx_word' id='word_1_1524' title='bbox 2088 2591 2105 2613; x_wconf 86' lang='lat'>1,</span> <span class='ocrx_word' id='word_1_1525' title='bbox 2118 2592 2140 2616; x_wconf 87' lang='lat'>3,</span> <span class='ocrx_word' id='word_1_1526' title='bbox 2156 2588 2184 2616; x_wconf 77' lang='lat'>38</span> 
     </span>
     <span class='ocr_line' id='line_1_72' title="bbox 45 2609 2184 2651; baseline -0.001 -9"><span class='ocrx_word' id='word_1_1527' title='bbox 45 2622 142 2651; x_wconf 87' lang='lat' dir='ltr'>ptatem</span> <span class='ocrx_word' id='word_1_1528' title='bbox 162 2615 232 2650; x_wconf 83' lang='lat' dir='ltr'>quasi</span> <span class='ocrx_word' id='word_1_1529' title='bbox 250 2615 396 2642; x_wconf 80' lang='lat' dir='ltr'>mercedem</span> <span class='ocrx_word' id='word_1_1530' title='bbox 409 2616 500 2650; x_wconf 87' lang='lat' dir='ltr'>exigit.</span> <span class='ocrx_word' id='word_1_1531' title='bbox 570 2615 680 2649; x_wconf 83' lang='lat' dir='ltr'>Exigere</span> <span class='ocrx_word' id='word_1_1532' title='bbox 694 2621 721 2641; x_wconf 85' lang='lat' dir='ltr'>vt</span> <span class='ocrx_word' id='word_1_1533' title='bbox 741 2614 867 2641; x_wconf 84' lang='lat' dir='ltr'>recitetur</span> <span class='ocrx_word' id='word_1_1534' title='bbox 879 2623 984 2640; x_wconf 83' lang='lat' dir='ltr'>carmen</span> <span class='ocrx_word' id='word_1_1535' title='bbox 998 2614 1080 2641; x_wconf 87' lang='lat' dir='ltr'>Ouid.</span> <span class='ocrx_word' id='word_1_1536' title='bbox 1144 2614 1268 2645; x_wconf 87' lang='lat' dir='ltr'>Namque</span> <span class='ocrx_word' id='word_1_1537' title='bbox 1279 2611 1326 2637; x_wconf 87' lang='lat' dir='ltr'>vbi</span> <span class='ocrx_word' id='word_1_1538' title='bbox 1340 2611 1418 2644; x_wconf 70' lang='lat' dir='ltr'>longa</span> <span class='ocrx_word' id='word_1_1539' title='bbox 1432 2619 1504 2635; x_wconf 86' lang='lat' dir='ltr'>meae</span> <span class='ocrx_word' id='word_1_1540' title='bbox 1515 2609 1654 2635; x_wconf 81' lang='lat' dir='ltr'>consumfli</span> <span class='ocrx_word' id='word_1_1541' title='bbox 1667 2616 1785 2645; x_wconf 88' lang='lat' dir='ltr'>tempora</span> <span class='ocrx_word' id='word_1_1542' title='bbox 1793 2614 1890 2646; x_wconf 80' lang='lat' dir='ltr'>noeiis,</span> <span class='ocrx_word' id='word_1_1543' title='bbox 1925 2614 2077 2649; x_wconf 77' lang='lat' dir='ltr'>Languidus</span> <span class='ocrx_word' id='word_1_1544' title='bbox 2085 2619 2184 2645; x_wconf 67' lang='lat' dir='ltr'>exaffi,</span> 
     </span>
    </p>
   </div>
   <div class='ocr_carea' id='block_1_20' title="bbox 0 2644 2182 2718">
    <p class='ocr_par' dir='ltr' id='par_1_24' title="bbox 0 2644 2182 2718">
     <span class='ocr_line' id='line_1_73' title="bbox 0 2644 2182 2718; baseline 0 -41"><span class='ocrx_word' id='word_1_1545' title='bbox 0 2654 2 2670; x_wconf 65' lang='lat'>¹·</span> <span class='ocrx_word' id='word_1_1546' title='bbox 45 2660 76 2678; x_wconf 86' lang='lat' dir='ltr'>ex</span> <span class='ocrx_word' id='word_1_1547' title='bbox 89 2652 173 2678; x_wconf 85' lang='lat' dir='ltr'>Ponto</span> <span class='ocrx_word' id='word_1_1548' title='bbox 187 2659 210 2684; x_wconf 87' lang='grc'>3,</span> <span class='ocrx_word' id='word_1_1549' title='bbox 223 2658 246 2684; x_wconf 88' lang='lat'>5,</span> <span class='ocrx_word' id='word_1_1550' title='bbox 259 2660 302 2684; x_wconf 88' lang='lat'>40.</span> <span class='ocrx_word' id='word_1_1551' title='bbox 372 2650 430 2677; x_wconf 83' lang='lat' dir='ltr'>Nili</span> <span class='ocrx_word' id='word_1_1552' title='bbox 444 2651 461 2677; x_wconf 84' lang='lat' dir='ltr'>si</span> <span class='ocrx_word' id='word_1_1553' title='bbox 476 2650 590 2677; x_wconf 86' lang='lat' dir='ltr'>crudelis</span> <span class='ocrx_word' id='word_1_1554' title='bbox 606 2651 633 2677; x_wconf 88' lang='lat' dir='ltr'>id</span> <span class='ocrx_word' id='word_1_1555' title='bbox 648 2650 731 2684; x_wconf 87' lang='lat' dir='ltr'>ipsum</span> <span class='ocrx_word' id='word_1_1556' title='bbox 751 2650 851 2684; x_wconf 84' lang='lat' dir='ltr'>Exigis,</span> <span class='ocrx_word' id='word_1_1557' title='bbox 866 2655 894 2675; x_wconf 82' lang='lat' dir='ltr'>vt</span> <span class='ocrx_word' id='word_1_1558' title='bbox 907 2655 995 2682; x_wconf 89' lang='lat' dir='ltr'>pereat</span> <span class='ocrx_word' id='word_1_1559' title='bbox 1008 2649 1080 2718; x_wconf 57' lang='grc' dir='ltr'>Ῑάριῖι</span> <span class='ocrx_word' id='word_1_1560' title='bbox 1143 2648 1188 2673; x_wconf 86' lang='lat' dir='ltr'>hei</span> <span class='ocrx_word' id='word_1_1561' title='bbox 1203 2646 1271 2672; x_wconf 86' lang='lat' dir='ltr'>mihi</span> <span class='ocrx_word' id='word_1_1562' title='bbox 1284 2645 1437 2677; x_wconf 82' lang='lat' dir='ltr'>Sideribus,</span> <span class='ocrx_word' id='word_1_1563' title='bbox 1458 2647 1476 2670; x_wconf 86' lang='lat' dir='ltr'>i.</span> <span class='ocrx_word' id='word_1_1564' title='bbox 1496 2644 1601 2670; x_wconf 79' lang='lat' dir='ltr'>dilucido</span> <span class='ocrx_word' id='word_1_1565' title='bbox 1611 2644 1727 2680; x_wconf 83' lang='lat' dir='ltr'>fugatis.</span> <span class='ocrx_word' id='word_1_1566' title='bbox 1799 2648 1866 2675; x_wconf 88' lang='lat' dir='ltr'>Hor.</span> <span class='ocrx_word' id='word_1_1567' title='bbox 1884 2649 1965 2676; x_wconf 87' lang='lat' dir='ltr'>Serm.</span> <span class='ocrx_word' id='word_1_1568' title='bbox 1979 2659 2003 2682; x_wconf 88' lang='lat'>1,</span> <span class='ocrx_word' id='word_1_1569' title='bbox 2019 2660 2044 2684; x_wconf 90' lang='lat'>1,</span> <span class='ocrx_word' id='word_1_1570' title='bbox 2059 2658 2095 2683; x_wconf 84' lang='lat'>¹¹8</span> <span class='ocrx_word' id='word_1_1571' title='bbox 2135 2655 2182 2681; x_wconf 78' lang='lat' dir='ltr'>Ex.</span> 
     </span>
    </p>
   </div>
   <div class='ocr_carea' id='block_1_21' title="bbox 45 2680 2182 2723">
    <p class='ocr_par' dir='ltr' id='par_1_25' title="bbox 45 2680 2182 2723">
     <span class='ocr_line' id='line_1_74' title="bbox 45 2680 2182 2723; baseline 0.001 -10"><span class='ocrx_word' id='word_1_1572' title='bbox 45 2687 109 2714; x_wconf 89' lang='lat' dir='ltr'>Met.</span> <span class='ocrx_word' id='word_1_1573' title='bbox 127 2695 150 2719; x_wconf 86' lang='lat'>5,</span> <span class='ocrx_word' id='word_1_1574' title='bbox 165 2695 198 2712; x_wconf 87' lang='lat'>21.</span> <span class='ocrx_word' id='word_1_1575' title='bbox 270 2686 310 2712; x_wconf 84' lang='lat' dir='ltr'>Est</span> <span class='ocrx_word' id='word_1_1576' title='bbox 330 2686 378 2720; x_wconf 89' lang='lat' dir='ltr'>qui</span> <span class='ocrx_word' id='word_1_1577' title='bbox 400 2686 547 2720; x_wconf 83' lang='lat' dir='ltr'>nequitiam</span> <span class='ocrx_word' id='word_1_1578' title='bbox 566 2685 639 2711; x_wconf 88' lang='lat' dir='ltr'>locus</span> <span class='ocrx_word' id='word_1_1579' title='bbox 657 2685 743 2717; x_wconf 80' lang='lat' dir='ltr'>exigat</span> <span class='ocrx_word' id='word_1_1580' title='bbox 768 2684 805 2709; x_wconf 86' lang='lat' dir='ltr'>Id.</span> <span class='ocrx_word' id='word_1_1581' title='bbox 821 2685 911 2709; x_wconf 84' lang='lat' dir='ltr'>Amor.</span> <span class='ocrx_word' id='word_1_1582' title='bbox 932 2691 958 2714; x_wconf 82' lang='lat'>3,</span> <span class='ocrx_word' id='word_1_1583' title='bbox 981 2692 1020 2716; x_wconf 71' lang='lat'>¹4⁷</span> <span class='ocrx_word' id='word_1_1584' title='bbox 1043 2692 1050 2708; x_wconf 95' lang='lat'>1</span> <span class='ocrx_word' id='word_1_1585' title='bbox 1069 2702 1080 2708; x_wconf 49' lang='lat' dir='ltr'>i</span> <span class='ocrx_word' id='word_1_1586' title='bbox 1143 2681 1202 2708; x_wconf 65' lang='lat' dir='ltr'>aeto</span> <span class='ocrx_word' id='word_1_1587' title='bbox 1215 2686 1351 2707; x_wconf 84' lang='lat' dir='ltr'>contentus</span> <span class='ocrx_word' id='word_1_1588' title='bbox 1364 2680 1500 2714; x_wconf 85' lang='lat' dir='ltr'>Tempore</span> <span class='ocrx_word' id='word_1_1589' title='bbox 1515 2680 1594 2706; x_wconf 91' lang='lat' dir='ltr'>vitae.</span> <span class='ocrx_word' id='word_1_1590' title='bbox 1650 2681 1833 2715; x_wconf 80' lang='lat' dir='ltr'>Temporibus</span> <span class='ocrx_word' id='word_1_1591' title='bbox 1847 2684 1944 2711; x_wconf 58' lang='lat' dir='ltr'>exactis</span> <span class='ocrx_word' id='word_1_1592' title='bbox 1956 2686 2096 2715; x_wconf 88' lang='lat' dir='ltr'>Cic.Verr.</span> <span class='ocrx_word' id='word_1_1593' title='bbox 2112 2695 2182 2723; x_wconf 81' lang='lat'>1,48.</span> 
     </span>
    </p>
   </div>
   <div class='ocr_carea' id='block_1_22' title="bbox 44 2714 2184 2864">
    <p class='ocr_par' dir='ltr' id='par_1_26' title="bbox 44 2714 2184 2864">
     <span class='ocr_line' id='line_1_75' title="bbox 46 2714 2184 2761; baseline 0.001 -13"><span class='ocrx_word' id='word_1_1594' title='bbox 46 2722 133 2756; x_wconf 89' lang='lat' dir='ltr'>Exigit</span> <span class='ocrx_word' id='word_1_1595' title='bbox 146 2721 273 2748; x_wconf 81' lang='lat' dir='ltr'>necessitas</span> <span class='ocrx_word' id='word_1_1596' title='bbox 287 2721 414 2747; x_wconf 84' lang='lat' dir='ltr'>Columel.</span> <span class='ocrx_word' id='word_1_1597' title='bbox 431 2727 458 2754; x_wconf 87' lang='lat'>7,</span> <span class='ocrx_word' id='word_1_1598' title='bbox 472 2729 505 2746; x_wconf 87' lang='lat'>12.</span> <span class='ocrx_word' id='word_1_1599' title='bbox 575 2721 665 2752; x_wconf 79' lang='lat' dir='ltr'>Quini</span> <span class='ocrx_word' id='word_1_1600' title='bbox 678 2719 764 2752; x_wconf 82' lang='lat' dir='ltr'>exiget</span> <span class='ocrx_word' id='word_1_1601' title='bbox 778 2719 836 2744; x_wconf 89' lang='lat' dir='ltr'>vsus</span> <span class='ocrx_word' id='word_1_1602' title='bbox 849 2718 985 2751; x_wconf 82' lang='lat' dir='ltr'>epularum</span> <span class='ocrx_word' id='word_1_1603' title='bbox 1007 2717 1078 2744; x_wconf 85' lang='lat' dir='ltr'>ldein</span> <span class='ocrx_word' id='word_1_1604' title='bbox 1088 2725 1123 2753; x_wconf 90' lang='lat'>70</span> <span class='ocrx_word' id='word_1_1605' title='bbox 1143 2716 1244 2751; x_wconf 87' lang='lat' dir='ltr'>Vigilia</span> <span class='ocrx_word' id='word_1_1606' title='bbox 1263 2716 1341 2742; x_wconf 83' lang='lat' dir='ltr'>tertia</span> <span class='ocrx_word' id='word_1_1607' title='bbox 1361 2715 1450 2742; x_wconf 64' lang='lat' dir='ltr'>exacta</span> <span class='ocrx_word' id='word_1_1608' title='bbox 1468 2714 1541 2742; x_wconf 86' lang='lat' dir='ltr'>Idem</span> <span class='ocrx_word' id='word_1_1609' title='bbox 1554 2715 1582 2741; x_wconf 84' lang='lat' dir='ltr'>in</span> <span class='ocrx_word' id='word_1_1610' title='bbox 1596 2715 1675 2742; x_wconf 84' lang='lat' dir='ltr'>Catil.</span> <span class='ocrx_word' id='word_1_1611' title='bbox 1705 2736 1712 2748; x_wconf 95' lang='lat'>,</span> <span class='ocrx_word' id='word_1_1612' title='bbox 1726 2718 1743 2742; x_wconf 89' lang='lat'>6</span> <span class='ocrx_word' id='word_1_1613' title='bbox 1762 2726 1782 2743; x_wconf 92' lang='lat' dir='ltr'>c.</span> <span class='ocrx_word' id='word_1_1614' title='bbox 1796 2725 1820 2744; x_wconf 89' lang='lat'>2.</span> <span class='ocrx_word' id='word_1_1615' title='bbox 1891 2721 1971 2747; x_wconf 90' lang='lat' dir='ltr'>Ouid.</span> <span class='ocrx_word' id='word_1_1616' title='bbox 1991 2723 2068 2757; x_wconf 78' lang='lat' dir='ltr'>Epist.</span> <span class='ocrx_word' id='word_1_1617' title='bbox 2084 2732 2112 2759; x_wconf 88' lang='lat'>17</span> <span class='ocrx_word' id='word_1_1618' title='bbox 2137 2733 2184 2761; x_wconf 81' lang='lat'>¹77</span> 
     </span>
     <span class='ocr_line' id='line_1_76' title="bbox 44 2724 2183 2795; baseline 0.001 -11"><span class='ocrx_word' id='word_1_1619' title='bbox 44 2766 164 2794; x_wconf 87' lang='lat' dir='ltr'>prooem.</span> <span class='ocrx_word' id='word_1_1620' title='bbox 183 2765 208 2790; x_wconf 92' lang='grc'>9.</span> <span class='ocrx_word' id='word_1_1621' title='bbox 283 2756 411 2783; x_wconf 76' lang='lat' dir='ltr'>Interdum</span> <span class='ocrx_word' id='word_1_1622' title='bbox 435 2755 469 2782; x_wconf 81' lang='lat' dir='ltr'>ad</span> <span class='ocrx_word' id='word_1_1623' title='bbox 492 2757 542 2781; x_wconf 85' lang='lat' dir='ltr'>vim</span> <span class='ocrx_word' id='word_1_1624' title='bbox 565 2761 588 2780; x_wconf 76' lang='lat' dir='ltr'>et</span> <span class='ocrx_word' id='word_1_1625' title='bbox 609 2756 744 2786; x_wconf 80' lang='lat' dir='ltr'>iniuriam,</span> <span class='ocrx_word' id='word_1_1626' title='bbox 770 2760 833 2779; x_wconf 77' lang='lat' dir='ltr'>certe</span> <span class='ocrx_word' id='word_1_1627' title='bbox 854 2752 888 2778; x_wconf 77' lang='lat' dir='ltr'>ad</span> <span class='ocrx_word' id='word_1_1628' title='bbox 907 2753 1080 2779; x_wconf 74' lang='lat' dir='ltr'>vehementiam</span> <span class='ocrx_word' id='word_1_1629' title='bbox 1144 2754 1174 2779; x_wconf 90' lang='lat' dir='ltr'>Et</span> <span class='ocrx_word' id='word_1_1630' title='bbox 1189 2752 1307 2783; x_wconf 85' lang='lat' dir='ltr'>libet‚et</span> <span class='ocrx_word' id='word_1_1631' title='bbox 1326 2751 1426 2783; x_wconf 85' lang='lat' dir='ltr'>timeo,</span> <span class='ocrx_word' id='word_1_1632' title='bbox 1440 2759 1486 2777; x_wconf 87' lang='lat' dir='ltr'>nec</span> <span class='ocrx_word' id='word_1_1633' title='bbox 1500 2750 1584 2777; x_wconf 89' lang='lat' dir='ltr'>adhuc</span> <span class='ocrx_word' id='word_1_1634' title='bbox 1598 2724 1825 2780; x_wconf 39' lang='lat' dir='ltr'>exaetazsoluntas</span> <span class='ocrx_word' id='word_1_1635' title='bbox 1845 2754 1887 2781; x_wconf 82' lang='lat' dir='ltr'>Est</span> <span class='ocrx_word' id='word_1_1636' title='bbox 1900 2756 1974 2783; x_wconf 87' lang='lat' dir='ltr'>satis:</span> <span class='ocrx_word' id='word_1_1637' title='bbox 1999 2759 2026 2784; x_wconf 88' lang='lat' dir='ltr'>in</span> <span class='ocrx_word' id='word_1_1638' title='bbox 2041 2745 2125 2786; x_wconf 70' lang='lat' dir='ltr'>dubio</span> <span class='ocrx_word' id='word_1_1639' title='bbox 2140 2770 2183 2795; x_wconf 89' lang='lat' dir='ltr'>pe-</span> 
     </span>
     <span class='ocr_line' id='line_1_77' title="bbox 60 2785 2184 2829; baseline 0.001 -9"><span class='ocrx_word' id='word_1_1640' title='bbox 60 2792 164 2820; x_wconf 76' lang='lat' dir='ltr'>uandam</span> <span class='ocrx_word' id='word_1_1641' title='bbox 183 2798 207 2818; x_wconf 73' lang='lat' dir='ltr'>et</span> <span class='ocrx_word' id='word_1_1642' title='bbox 226 2790 374 2818; x_wconf 67' lang='lat' dir='ltr'>coafiionem</span> <span class='ocrx_word' id='word_1_1643' title='bbox 393 2790 514 2826; x_wconf 60' lang='lat' dir='ltr'>refertur.</span> <span class='ocrx_word' id='word_1_1644' title='bbox 550 2790 605 2816; x_wconf 89' lang='lat' dir='ltr'>Cic.</span> <span class='ocrx_word' id='word_1_1645' title='bbox 620 2789 737 2816; x_wconf 88' lang='lat' dir='ltr'>Diuinat.</span> <span class='ocrx_word' id='word_1_1646' title='bbox 752 2790 829 2815; x_wconf 83' lang='lat' dir='ltr'>Vcrr.</span> <span class='ocrx_word' id='word_1_1647' title='bbox 846 2797 876 2820; x_wconf 88' lang='grc' dir='ltr'><strong>3ο</strong></span> <span class='ocrx_word' id='word_1_1648' title='bbox 903 2788 933 2814; x_wconf 70' lang='grc' dir='ltr'>Ε(</span> <span class='ocrx_word' id='word_1_1649' title='bbox 948 2797 1029 2822; x_wconf 86' lang='lat' dir='ltr'>quum</span> <span class='ocrx_word' id='word_1_1650' title='bbox 1045 2789 1082 2815; x_wconf 86' lang='lat' dir='ltr'>es-</span> <span class='ocrx_word' id='word_1_1651' title='bbox 1143 2787 1216 2814; x_wconf 71' lang='lat' dir='ltr'>&amp;ora</span> <span class='ocrx_word' id='word_1_1652' title='bbox 1235 2786 1322 2813; x_wconf 87' lang='lat' dir='ltr'>nostra</span> <span class='ocrx_word' id='word_1_1653' title='bbox 1341 2786 1440 2812; x_wconf 82' lang='lat' dir='ltr'>labant.</span> <span class='ocrx_word' id='word_1_1654' title='bbox 1459 2789 1478 2812; x_wconf 89' lang='lat' dir='ltr'>i.</span> <span class='ocrx_word' id='word_1_1655' title='bbox 1499 2785 1647 2817; x_wconf 69' lang='lat' dir='ltr'>deliberata,</span> <span class='ocrx_word' id='word_1_1656' title='bbox 1677 2786 1729 2820; x_wconf 75' lang='lat' dir='ltr'>uqsi</span> <span class='ocrx_word' id='word_1_1657' title='bbox 1742 2788 1891 2823; x_wconf 75' lang='lat' dir='ltr'>ponderata.</span> <span class='ocrx_word' id='word_1_1658' title='bbox 1926 2793 1995 2819; x_wconf 59' lang='lat' dir='ltr'>Adit.</span> <span class='ocrx_word' id='word_1_1659' title='bbox 2011 2795 2084 2822; x_wconf 86' lang='lat' dir='ltr'>Grat.</span> <span class='ocrx_word' id='word_1_1660' title='bbox 2099 2805 2146 2829; x_wconf 82' lang='lat'>259</span> <span class='ocrx_word' id='word_1_1661' title='bbox 2159 2803 2184 2823; x_wconf 78' lang='lat' dir='ltr'>et</span> 
     </span>
     <span class='ocr_line' id='line_1_78' title="bbox 56 2795 2184 2864; baseline 0.001 -10"><span class='ocrx_word' id='word_1_1662' title='bbox 56 2835 80 2856; x_wconf 86' lang='lat' dir='ltr'>et</span> <span class='ocrx_word' id='word_1_1663' title='bbox 90 2827 174 2855; x_wconf 88' lang='lat' dir='ltr'>tritici</span> <span class='ocrx_word' id='word_1_1664' title='bbox 188 2827 293 2853; x_wconf 82' lang='lat' dir='ltr'>modius</span> <span class='ocrx_word' id='word_1_1665' title='bbox 307 2826 429 2853; x_wconf 80' lang='lat' dir='ltr'>sestertiis</span> <span class='ocrx_word' id='word_1_1666' title='bbox 441 2827 574 2862; x_wconf 89' lang='lat' dir='ltr'>quinque,</span> <span class='ocrx_word' id='word_1_1667' title='bbox 595 2834 643 2860; x_wconf 91' lang='lat' dir='ltr'>pro</span> <span class='ocrx_word' id='word_1_1668' title='bbox 655 2825 791 2851; x_wconf 88' lang='lat' dir='ltr'>frumento</span> <span class='ocrx_word' id='word_1_1669' title='bbox 805 2825 833 2850; x_wconf 86' lang='lat' dir='ltr'>in</span> <span class='ocrx_word' id='word_1_1670' title='bbox 848 2822 953 2849; x_wconf 85' lang='lat' dir='ltr'>modios</span> <span class='ocrx_word' id='word_1_1671' title='bbox 968 2823 1080 2857; x_wconf 68' lang='lat' dir='ltr'>singulos</span> <span class='ocrx_word' id='word_1_1672' title='bbox 1143 2824 1228 2850; x_wconf 87' lang='lat' dir='ltr'>Burm.</span> <span class='ocrx_word' id='word_1_1673' title='bbox 1301 2821 1413 2848; x_wconf 86' lang='lat' dir='ltr'>Pecunia</span> <span class='ocrx_word' id='word_1_1674' title='bbox 1429 2821 1518 2848; x_wconf 62' lang='lat' dir='ltr'>exac‘ta</span> <span class='ocrx_word' id='word_1_1675' title='bbox 1531 2821 1586 2848; x_wconf 82' lang='lat' dir='ltr'>Cic.</span> <span class='ocrx_word' id='word_1_1676' title='bbox 1601 2820 1633 2847; x_wconf 86' lang='lat' dir='ltr'>de</span> <span class='ocrx_word' id='word_1_1677' title='bbox 1647 2795 1682 2848; x_wconf 48' lang='lat' dir='ltr'>lg.</span> <span class='ocrx_word' id='word_1_1678' title='bbox 1699 2823 1731 2848; x_wconf 91' lang='lat' dir='ltr'>D.</span> <span class='ocrx_word' id='word_1_1679' title='bbox 1747 2832 1768 2856; x_wconf 79' lang='grc'>3,</span> <span class='ocrx_word' id='word_1_1680' title='bbox 1783 2829 1824 2858; x_wconf 78' lang='lat'>84.</span> <span class='ocrx_word' id='word_1_1681' title='bbox 1896 2827 1966 2854; x_wconf 78' lang='lat' dir='ltr'>Ensis</span> <span class='ocrx_word' id='word_1_1682' title='bbox 1979 2830 2099 2864; x_wconf 66' lang='lat' dir='ltr'>exafius,</span> <span class='ocrx_word' id='word_1_1683' title='bbox 2118 2834 2184 2858; x_wconf 82' lang='lat' dir='ltr'>Tra-</span> 
     </span>
    </p>
   </div>
   <div class='ocr_carea' id='block_1_23' title="bbox 45 2857 2182 2902">
    <p class='ocr_par' dir='ltr' id='par_1_27' title="bbox 45 2857 2182 2902">
     <span class='ocr_line' id='line_1_79' title="bbox 45 2857 2182 2902; baseline 0.002 -12"><span class='ocrx_word' id='word_1_1684' title='bbox 45 2861 181 2892; x_wconf 80' lang='lat' dir='ltr'>duodenos</span> <span class='ocrx_word' id='word_1_1685' title='bbox 201 2862 331 2889; x_wconf 78' lang='lat' dir='ltr'>sestertios</span> <span class='ocrx_word' id='word_1_1686' title='bbox 350 2862 467 2902; x_wconf 80' lang='lat' dir='ltr'>exegisse.</span> <span class='ocrx_word' id='word_1_1687' title='bbox 521 2861 592 2888; x_wconf 89' lang='lat' dir='ltr'>Idem</span> <span class='ocrx_word' id='word_1_1688' title='bbox 614 2869 663 2895; x_wconf 83' lang='lat' dir='ltr'>pro</span> <span class='ocrx_word' id='word_1_1689' title='bbox 682 2861 757 2886; x_wconf 85' lang='lat' dir='ltr'>Font.</span> <span class='ocrx_word' id='word_1_1690' title='bbox 778 2868 794 2892; x_wconf 87' lang='lat'><em>9</em></span> <span class='ocrx_word' id='word_1_1691' title='bbox 827 2860 919 2893; x_wconf 82' lang='lat' dir='ltr'>ltaque</span> <span class='ocrx_word' id='word_1_1692' title='bbox 937 2859 1080 2885; x_wconf 88' lang='lat' dir='ltr'>Titurium</span> <span class='ocrx_word' id='word_1_1693' title='bbox 1142 2857 1235 2885; x_wconf 61' lang='lat' dir='ltr'>iec‘iur:</span> <span class='ocrx_word' id='word_1_1694' title='bbox 1252 2857 1466 2884; x_wconf 85' lang='lat' dir='ltr'>Sen.Herc.Oet.</span> <span class='ocrx_word' id='word_1_1695' title='bbox 1480 2857 1497 2883; x_wconf 92' lang='lat' dir='ltr'>s.</span> <span class='ocrx_word' id='word_1_1696' title='bbox 1513 2863 1529 2891; x_wconf 90' lang='lat'>7</span> <span class='ocrx_word' id='word_1_1697' title='bbox 1560 2857 1606 2883; x_wconf 85' lang='lat' dir='ltr'>Eat</span> <span class='ocrx_word' id='word_1_1698' title='bbox 1620 2866 1666 2891; x_wconf 88' lang='lat' dir='ltr'>per</span> <span class='ocrx_word' id='word_1_1699' title='bbox 1678 2864 1748 2885; x_wconf 83' lang='lat' dir='ltr'>artus</span> <span class='ocrx_word' id='word_1_1700' title='bbox 1757 2860 1825 2886; x_wconf 79' lang='lat' dir='ltr'>Ensis</span> <span class='ocrx_word' id='word_1_1701' title='bbox 1842 2862 1947 2890; x_wconf 73' lang='lat' dir='ltr'>exa6h1s</span> <span class='ocrx_word' id='word_1_1702' title='bbox 1961 2873 2042 2892; x_wconf 88' lang='lat' dir='ltr'>meos.</span> <span class='ocrx_word' id='word_1_1703' title='bbox 2098 2867 2182 2895; x_wconf 89' lang='lat' dir='ltr'>Ouid.</span> 
     </span>
    </p>
   </div>
   <div class='ocr_carea' id='block_1_24' title="bbox 43 2892 2183 3005">
    <p class='ocr_par' dir='ltr' id='par_1_28' title="bbox 43 2892 2183 3005">
     <span class='ocr_line' id='line_1_80' title="bbox 43 2892 2183 2936; baseline 0 -9"><span class='ocrx_word' id='word_1_1704' title='bbox 43 2899 163 2928; x_wconf 87' lang='lat' dir='ltr'>Tolosae</span> <span class='ocrx_word' id='word_1_1705' title='bbox 177 2903 317 2933; x_wconf 87' lang='lat' dir='ltr'>quaternos</span> <span class='ocrx_word' id='word_1_1706' title='bbox 332 2897 453 2924; x_wconf 88' lang='lat' dir='ltr'>denarios</span> <span class='ocrx_word' id='word_1_1707' title='bbox 473 2897 501 2924; x_wconf 90' lang='lat' dir='ltr'>in</span> <span class='ocrx_word' id='word_1_1708' title='bbox 514 2896 622 2931; x_wconf 86' lang='lat' dir='ltr'>singulas</span> <span class='ocrx_word' id='word_1_1709' title='bbox 635 2896 692 2922; x_wconf 89' lang='lat' dir='ltr'>vini</span> <span class='ocrx_word' id='word_1_1710' title='bbox 712 2894 850 2936; x_wconf 80' lang='lat' dir='ltr'>amphoras</span> <span class='ocrx_word' id='word_1_1711' title='bbox 865 2894 1080 2935; x_wconf 64' lang='lat' dir='ltr'>portet-iinouii-</span> <span class='ocrx_word' id='word_1_1712' title='bbox 1092 2902 1123 2931; x_wconf 77' lang='lat'>73</span> <span class='ocrx_word' id='word_1_1713' title='bbox 1144 2895 1207 2921; x_wconf 85' lang='lat' dir='ltr'>Met.</span> <span class='ocrx_word' id='word_1_1714' title='bbox 1222 2901 1244 2927; x_wconf 89' lang='lat'>5,</span> <span class='ocrx_word' id='word_1_1715' title='bbox 1263 2901 1302 2928; x_wconf 89' lang='lat'>171</span> <span class='ocrx_word' id='word_1_1716' title='bbox 1324 2893 1388 2920; x_wconf 91' lang='lat' dir='ltr'>Non</span> <span class='ocrx_word' id='word_1_1717' title='bbox 1402 2892 1596 2932; x_wconf 60' lang='lat' dir='ltr'>circumspcftis</span> <span class='ocrx_word' id='word_1_1718' title='bbox 1610 2892 1730 2920; x_wconf 60' lang='lat' dir='ltr'>exactum</span> <span class='ocrx_word' id='word_1_1719' title='bbox 1744 2894 1848 2923; x_wconf 85' lang='lat' dir='ltr'>viribus</span> <span class='ocrx_word' id='word_1_1720' title='bbox 1855 2898 1956 2926; x_wconf 84' lang='lat' dir='ltr'>Enseiu.</span> <span class='ocrx_word' id='word_1_1721' title='bbox 2029 2902 2124 2936; x_wconf 75' lang='lat' dir='ltr'>Sagitta</span> <span class='ocrx_word' id='word_1_1722' title='bbox 2139 2912 2183 2930; x_wconf 79' lang='lat' dir='ltr'>cx-</span> 
     </span>
     <span class='ocr_line' id='line_1_81' title="bbox 45 2928 2182 2971; baseline -0.003 -9"><span class='ocrx_word' id='word_1_1723' title='bbox 45 2944 80 2962; x_wconf 85' lang='lat' dir='ltr'>ne</span> <span class='ocrx_word' id='word_1_1724' title='bbox 100 2934 215 2969; x_wconf 79' lang='lat' dir='ltr'>exegiss&#39;e.</span> <span class='ocrx_word' id='word_1_1725' title='bbox 252 2933 308 2959; x_wconf 85' lang='lat' dir='ltr'>Cic.</span> <span class='ocrx_word' id='word_1_1726' title='bbox 322 2933 353 2959; x_wconf 88' lang='lat' dir='ltr'>de</span> <span class='ocrx_word' id='word_1_1727' title='bbox 368 2933 461 2967; x_wconf 88' lang='lat' dir='ltr'>Legib.</span> <span class='ocrx_word' id='word_1_1728' title='bbox 476 2942 495 2965; x_wconf 86' lang='lat'>1,</span> <span class='ocrx_word' id='word_1_1729' title='bbox 509 2942 535 2966; x_wconf 93' lang='lat'>4.</span> <span class='ocrx_word' id='word_1_1730' title='bbox 571 2931 643 2958; x_wconf 88' lang='lat' dir='ltr'>Idem</span> <span class='ocrx_word' id='word_1_1731' title='bbox 656 2931 687 2958; x_wconf 88' lang='lat' dir='ltr'>de</span> <span class='ocrx_word' id='word_1_1732' title='bbox 702 2932 760 2958; x_wconf 90' lang='lat' dir='ltr'>Fin.</span> <span class='ocrx_word' id='word_1_1733' title='bbox 776 2939 798 2961; x_wconf 79' lang='lat'>2,</span> <span class='ocrx_word' id='word_1_1734' title='bbox 813 2939 852 2962; x_wconf 91' lang='lat'>119</span> <span class='ocrx_word' id='word_1_1735' title='bbox 884 2931 924 2956; x_wconf 89' lang='lat' dir='ltr'>An</span> <span class='ocrx_word' id='word_1_1736' title='bbox 946 2938 1079 2970; x_wconf 79' lang='lat' dir='ltr'>exigerem</span> <span class='ocrx_word' id='word_1_1737' title='bbox 1142 2930 1198 2970; x_wconf 59' lang='lat' dir='ltr'>adia</span> <span class='ocrx_word' id='word_1_1738' title='bbox 1218 2938 1264 2965; x_wconf 86' lang='lat' dir='ltr'>per</span> <span class='ocrx_word' id='word_1_1739' title='bbox 1282 2929 1411 2970; x_wconf 75' lang='lat' dir='ltr'>summum</span> <span class='ocrx_word' id='word_1_1740' title='bbox 1431 2928 1497 2954; x_wconf 84' lang='lat' dir='ltr'>latus</span> <span class='ocrx_word' id='word_1_1741' title='bbox 1516 2928 1597 2954; x_wconf 91' lang='lat' dir='ltr'>Ouid.</span> <span class='ocrx_word' id='word_1_1742' title='bbox 1610 2929 1673 2955; x_wconf 87' lang='lat' dir='ltr'>Met.</span> <span class='ocrx_word' id='word_1_1743' title='bbox 1693 2937 1729 2969; x_wconf 66' lang='grc' dir='ltr'>ιι,</span> <span class='ocrx_word' id='word_1_1744' title='bbox 1744 2938 1799 2965; x_wconf 89' lang='lat'>572.</span> <span class='ocrx_word' id='word_1_1745' title='bbox 1871 2935 2006 2971; x_wconf 58' lang='lat' dir='ltr'>Expulffis:</span> <span class='ocrx_word' id='word_1_1746' title='bbox 2031 2944 2075 2968; x_wconf 83' lang='lat' dir='ltr'>vt,</span> <span class='ocrx_word' id='word_1_1747' title='bbox 2089 2938 2182 2966; x_wconf 62' lang='lat' dir='ltr'>Liberi</span> 
     </span>
     <span class='ocr_line' id='line_1_82' title="bbox 46 2964 2182 3005; baseline -0 -8"><span class='ocrx_word' id='word_1_1748' title='bbox 46 2972 130 3003; x_wconf 78' lang='lat' dir='ltr'>exte,</span> <span class='ocrx_word' id='word_1_1749' title='bbox 143 2978 315 3005; x_wconf 83' lang='lat' dir='ltr'>cogeremque</span> <span class='ocrx_word' id='word_1_1750' title='bbox 333 2974 362 2996; x_wconf 88' lang='lat' dir='ltr'>vt</span> <span class='ocrx_word' id='word_1_1751' title='bbox 378 2968 549 3003; x_wconf 87' lang='lat' dir='ltr'>responderes</span> <span class='ocrx_word' id='word_1_1752' title='bbox 559 2988 566 2999; x_wconf 96' lang='lat'>,</span> <span class='ocrx_word' id='word_1_1753' title='bbox 585 2967 632 2993; x_wconf 81' lang='lat' dir='ltr'>nisi</span> <span class='ocrx_word' id='word_1_1754' title='bbox 648 2975 768 2998; x_wconf 85' lang='lat' dir='ltr'>vererer,</span> <span class='ocrx_word' id='word_1_1755' title='bbox 782 2974 814 2992; x_wconf 87' lang='lat' dir='ltr'>ne</span> <span class='ocrx_word' id='word_1_1756' title='bbox 834 2965 974 2992; x_wconf 80' lang='lat' dir='ltr'>Herculem</span> <span class='ocrx_word' id='word_1_1757' title='bbox 994 2967 1080 3000; x_wconf 89' lang='lat' dir='ltr'>ipsum</span> <span class='ocrx_word' id='word_1_1758' title='bbox 1142 2974 1213 3000; x_wconf 83' lang='lat' dir='ltr'>regis</span> <span class='ocrx_word' id='word_1_1759' title='bbox 1235 2964 1320 2991; x_wconf 65' lang='lat' dir='ltr'>exaeh</span> <span class='ocrx_word' id='word_1_1760' title='bbox 1344 2965 1404 2991; x_wconf 89' lang='lat' dir='ltr'>Liu.</span> <span class='ocrx_word' id='word_1_1761' title='bbox 1419 2972 1438 2996; x_wconf 88' lang='grc' dir='ltr'>ι,</span> <span class='ocrx_word' id='word_1_1762' title='bbox 1452 2966 1495 2990; x_wconf 92' lang='lat'>60.</span> <span class='ocrx_word' id='word_1_1763' title='bbox 1565 2964 1648 2998; x_wconf 83' lang='lat' dir='ltr'>Reges</span> <span class='ocrx_word' id='word_1_1764' title='bbox 1668 2965 1722 2991; x_wconf 73' lang='lat' dir='ltr'>cic.</span> <span class='ocrx_word' id='word_1_1765' title='bbox 1736 2965 1768 2992; x_wconf 84' lang='lat' dir='ltr'>de</span> <span class='ocrx_word' id='word_1_1766' title='bbox 1781 2967 1855 2994; x_wconf 86' lang='lat' dir='ltr'>Orat.</span> <span class='ocrx_word' id='word_1_1767' title='bbox 1871 2977 1891 3002; x_wconf 87' lang='lat'>1,</span> <span class='ocrx_word' id='word_1_1768' title='bbox 1905 2977 1936 3005; x_wconf 85' lang='grc'>37</span> <span class='ocrx_word' id='word_1_1769' title='bbox 1950 2980 1971 2997; x_wconf 85' lang='lat' dir='ltr'>c.</span> <span class='ocrx_word' id='word_1_1770' title='bbox 1988 2980 2013 3004; x_wconf 87' lang='lat'>9.</span> <span class='ocrx_word' id='word_1_1771' title='bbox 2061 2975 2092 2999; x_wconf 83' lang='lat' dir='ltr'>Et</span> <span class='ocrx_word' id='word_1_1772' title='bbox 2106 2969 2182 3001; x_wconf 76' lang='lat' dir='ltr'>Poin-</span> 
     </span>
    </p>
   </div>
   <div class='ocr_carea' id='block_1_25' title="bbox 48 2998 2182 3043">
    <p class='ocr_par' dir='ltr' id='par_1_29' title="bbox 48 2998 2182 3043">
     <span class='ocr_line' id='line_1_83' title="bbox 48 2998 2182 3043; baseline -0.001 -11"><span class='ocrx_word' id='word_1_1773' title='bbox 48 3014 89 3039; x_wconf 67' lang='lat' dir='ltr'>ea,</span> <span class='ocrx_word' id='word_1_1774' title='bbox 103 3014 168 3040; x_wconf 88' lang='lat' dir='ltr'>quae</span> <span class='ocrx_word' id='word_1_1775' title='bbox 181 3014 229 3040; x_wconf 85' lang='lat' dir='ltr'>pro</span> <span class='ocrx_word' id='word_1_1776' title='bbox 248 3005 328 3031; x_wconf 85' lang='lat' dir='ltr'>salute</span> <span class='ocrx_word' id='word_1_1777' title='bbox 347 3004 465 3039; x_wconf 89' lang='lat' dir='ltr'>gentium</span> <span class='ocrx_word' id='word_1_1778' title='bbox 485 3005 587 3031; x_wconf 86' lang='lat' dir='ltr'>summo</span> <span class='ocrx_word' id='word_1_1779' title='bbox 607 3002 698 3029; x_wconf 77' lang='lat' dir='ltr'>labore</span> <span class='ocrx_word' id='word_1_1780' title='bbox 717 3001 835 3037; x_wconf 80' lang='lat' dir='ltr'>gellisset,</span> <span class='ocrx_word' id='word_1_1781' title='bbox 850 3001 991 3036; x_wconf 84' lang='lat' dir='ltr'>voluptatis</span> <span class='ocrx_word' id='word_1_1782' title='bbox 1005 3003 1079 3029; x_wconf 87' lang='lat' dir='ltr'>causa</span> <span class='ocrx_word' id='word_1_1783' title='bbox 1142 3011 1204 3041; x_wconf 54' lang='grc' dir='ltr'>ΡΨ,</span> <span class='ocrx_word' id='word_1_1784' title='bbox 1219 3001 1234 3027; x_wconf 92' lang='lat' dir='ltr'>l.</span> <span class='ocrx_word' id='word_1_1785' title='bbox 1251 3010 1266 3028; x_wconf 84' lang='lat'>2</span> <span class='ocrx_word' id='word_1_1786' title='bbox 1285 2998 1309 3036; x_wconf 85' lang='lat'>§.</span> <span class='ocrx_word' id='word_1_1787' title='bbox 1324 3009 1336 3032; x_wconf 87' lang='grc'>3</span> <span class='ocrx_word' id='word_1_1788' title='bbox 1351 3001 1382 3026; x_wconf 87' lang='grc' dir='ltr'><strong>Ι).</strong></span> <span class='ocrx_word' id='word_1_1789' title='bbox 1401 2999 1434 3026; x_wconf 89' lang='lat' dir='ltr'>de</span> <span class='ocrx_word' id='word_1_1790' title='bbox 1447 2999 1523 3033; x_wconf 84' lang='lat' dir='ltr'>Orig.</span> <span class='ocrx_word' id='word_1_1791' title='bbox 1537 2999 1613 3025; x_wconf 88' lang='lat' dir='ltr'>Iuris.</span> <span class='ocrx_word' id='word_1_1792' title='bbox 1686 3001 1766 3027; x_wconf 89' lang='lat' dir='ltr'>Ouid.</span> <span class='ocrx_word' id='word_1_1793' title='bbox 1781 3002 1868 3030; x_wconf 78' lang='lat' dir='ltr'>Trist.</span> <span class='ocrx_word' id='word_1_1794' title='bbox 1883 3015 1911 3039; x_wconf 87' lang='lat'>4,</span> <span class='ocrx_word' id='word_1_1795' title='bbox 1924 3015 1951 3039; x_wconf 86' lang='lat'>4,</span> <span class='ocrx_word' id='word_1_1796' title='bbox 1964 3014 1999 3040; x_wconf 87' lang='lat'>70</span> <span class='ocrx_word' id='word_1_1797' title='bbox 2032 3009 2094 3041; x_wconf 69' lang='lat' dir='ltr'>Qto</span> <span class='ocrx_word' id='word_1_1798' title='bbox 2114 3009 2182 3043; x_wconf 76' lang='lat' dir='ltr'>post.</span> 
     </span>
    </p>
   </div>
   <div class='ocr_carea' id='block_1_26' title="bbox 0 3034 2181 3080">
    <p class='ocr_par' dir='ltr' id='par_1_30' title="bbox 0 3034 2181 3080">
     <span class='ocr_line' id='line_1_84' title="bbox 0 3034 2181 3080; baseline 0 -13"><span class='ocrx_word' id='word_1_1799' title='bbox 0 3066 15 3080; x_wconf 51' lang='lat'>‚·</span> <span class='ocrx_word' id='word_1_1800' title='bbox 50 3040 139 3076; x_wconf 69' lang='lat' dir='ltr'>gellisse</span> <span class='ocrx_word' id='word_1_1801' title='bbox 158 3040 273 3067; x_wconf 70' lang='lat' dir='ltr'>diceres!</span> <span class='ocrx_word' id='word_1_1802' title='bbox 343 3041 453 3075; x_wconf 83' lang='lat' dir='ltr'>Exigere</span> <span class='ocrx_word' id='word_1_1803' title='bbox 467 3046 491 3066; x_wconf 80' lang='lat' dir='ltr'>et</span> <span class='ocrx_word' id='word_1_1804' title='bbox 503 3040 620 3073; x_wconf 86' lang='lat' dir='ltr'>Rogare,</span> <span class='ocrx_word' id='word_1_1805' title='bbox 641 3042 742 3073; x_wconf 75' lang='lat' dir='ltr'>opponit</span> <span class='ocrx_word' id='word_1_1806' title='bbox 761 3038 816 3064; x_wconf 88' lang='lat' dir='ltr'>Cic.</span> <span class='ocrx_word' id='word_1_1807' title='bbox 833 3038 904 3064; x_wconf 85' lang='lat' dir='ltr'>Fam.</span> <span class='ocrx_word' id='word_1_1808' title='bbox 919 3046 941 3069; x_wconf 84' lang='lat'>2,</span> <span class='ocrx_word' id='word_1_1809' title='bbox 958 3045 971 3070; x_wconf 86' lang='lat'>5</span> <span class='ocrx_word' id='word_1_1810' title='bbox 991 3038 1079 3065; x_wconf 90' lang='lat' dir='ltr'>Graue</span> <span class='ocrx_word' id='word_1_1811' title='bbox 1143 3046 1237 3072; x_wconf 87' lang='lat' dir='ltr'>quam,</span> <span class='ocrx_word' id='word_1_1812' title='bbox 1251 3035 1365 3063; x_wconf 89' lang='lat' dir='ltr'>dubium</span> <span class='ocrx_word' id='word_1_1813' title='bbox 1378 3034 1414 3061; x_wconf 89' lang='lat' dir='ltr'>est</span> <span class='ocrx_word' id='word_1_1814' title='bbox 1431 3035 1489 3070; x_wconf 84' lang='lat' dir='ltr'>pius</span> <span class='ocrx_word' id='word_1_1815' title='bbox 1508 3043 1541 3061; x_wconf 91' lang='lat' dir='ltr'>an</span> <span class='ocrx_word' id='word_1_1816' title='bbox 1557 3035 1704 3068; x_wconf 82' lang='lat' dir='ltr'>sceleratus,</span> <span class='ocrx_word' id='word_1_1817' title='bbox 1717 3037 1821 3064; x_wconf 83' lang='lat' dir='ltr'>Orestes</span> <span class='ocrx_word' id='word_1_1818' title='bbox 1856 3040 1967 3067; x_wconf 72' lang='lat' dir='ltr'>Exaeius</span> <span class='ocrx_word' id='word_1_1819' title='bbox 1980 3042 2059 3068; x_wconf 87' lang='lat' dir='ltr'>furiis</span> <span class='ocrx_word' id='word_1_1820' title='bbox 2073 3050 2181 3071; x_wconf 75' lang='lat' dir='ltr'>venerat</span> 
     </span>
    </p>
   </div>
   <div class='ocr_carea' id='block_1_27' title="bbox 49 3071 2181 3505">
    <p class='ocr_par' dir='ltr' id='par_1_31' title="bbox 49 3071 2181 3505">
     <span class='ocr_line' id='line_1_85' title="bbox 49 3071 2181 3111; baseline 0.002 -9"><span class='ocrx_word' id='word_1_1821' title='bbox 49 3075 88 3102; x_wconf 79' lang='lat' dir='ltr'>&#39;est</span> <span class='ocrx_word' id='word_1_1822' title='bbox 98 3076 167 3110; x_wconf 80' lang='lat' dir='ltr'>enim</span> <span class='ocrx_word' id='word_1_1823' title='bbox 178 3075 279 3102; x_wconf 87' lang='lat' dir='ltr'>homini</span> <span class='ocrx_word' id='word_1_1824' title='bbox 297 3075 406 3111; x_wconf 88' lang='lat' dir='ltr'>pudenti</span> <span class='ocrx_word' id='word_1_1825' title='bbox 425 3082 513 3110; x_wconf 84' lang='lat' dir='ltr'>petere</span> <span class='ocrx_word' id='word_1_1826' title='bbox 526 3074 630 3109; x_wconf 87' lang='lat' dir='ltr'>aliquid</span> <span class='ocrx_word' id='word_1_1827' title='bbox 641 3082 763 3108; x_wconf 86' lang='lat' dir='ltr'>magnum</span> <span class='ocrx_word' id='word_1_1828' title='bbox 776 3073 809 3099; x_wconf 88' lang='lat' dir='ltr'>ab</span> <span class='ocrx_word' id='word_1_1829' title='bbox 821 3082 869 3105; x_wconf 89' lang='lat' dir='ltr'>eo,</span> <span class='ocrx_word' id='word_1_1830' title='bbox 883 3073 915 3099; x_wconf 88' lang='lat' dir='ltr'>de</span> <span class='ocrx_word' id='word_1_1831' title='bbox 929 3082 983 3108; x_wconf 91' lang='lat' dir='ltr'>quo</span> <span class='ocrx_word' id='word_1_1832' title='bbox 996 3074 1021 3100; x_wconf 90' lang='lat' dir='ltr'>se</span> <span class='ocrx_word' id='word_1_1833' title='bbox 1036 3073 1079 3100; x_wconf 84' lang='lat' dir='ltr'>be·</span> <span class='ocrx_word' id='word_1_1834' title='bbox 1098 3075 1130 3101; x_wconf 84' lang='lat'>80</span> <span class='ocrx_word' id='word_1_1835' title='bbox 1141 3074 1194 3108; x_wconf 88' lang='lat' dir='ltr'>ipse</span> <span class='ocrx_word' id='word_1_1836' title='bbox 1209 3072 1268 3098; x_wconf 90' lang='lat' dir='ltr'>suis.</span> <span class='ocrx_word' id='word_1_1837' title='bbox 1340 3071 1435 3098; x_wconf 88' lang='lat' dir='ltr'>Versus</span> <span class='ocrx_word' id='word_1_1838' title='bbox 1449 3071 1521 3097; x_wconf 85' lang='lat' dir='ltr'>tenui</span> <span class='ocrx_word' id='word_1_1839' title='bbox 1529 3071 1632 3105; x_wconf 88' lang='lat' dir='ltr'>pumice</span> <span class='ocrx_word' id='word_1_1840' title='bbox 1645 3071 1750 3098; x_wconf 59' lang='lat' dir='ltr'>exafiius</span> <span class='ocrx_word' id='word_1_1841' title='bbox 1764 3073 1880 3108; x_wconf 83' lang='lat' dir='ltr'>Propert.</span> <span class='ocrx_word' id='word_1_1842' title='bbox 1893 3083 1915 3108; x_wconf 87' lang='grc'>3,</span> <span class='ocrx_word' id='word_1_1843' title='bbox 1929 3084 1948 3108; x_wconf 92' lang='grc' dir='ltr'>ι,</span> <span class='ocrx_word' id='word_1_1844' title='bbox 1962 3081 1984 3106; x_wconf 83' lang='grc'><strong>8.</strong></span> <span class='ocrx_word' id='word_1_1845' title='bbox 1999 3080 2018 3103; x_wconf 88' lang='lat' dir='ltr'>i.</span> <span class='ocrx_word' id='word_1_1846' title='bbox 2051 3080 2181 3109; x_wconf 73' lang='lat' dir='ltr'>olicus-,ac-</span> 
     </span>
     <span class='ocr_line' id='line_1_86' title="bbox 51 3104 2181 3148; baseline 0.002 -11"><span class='ocrx_word' id='word_1_1847' title='bbox 51 3119 85 3138; x_wconf 88' lang='lat' dir='ltr'>ne</span> <span class='ocrx_word' id='word_1_1848' title='bbox 96 3110 218 3138; x_wconf 87' lang='lat' dir='ltr'>meritum</span> <span class='ocrx_word' id='word_1_1849' title='bbox 230 3117 315 3146; x_wconf 87' lang='lat' dir='ltr'>putet:</span> <span class='ocrx_word' id='word_1_1850' title='bbox 337 3121 370 3139; x_wconf 92' lang='lat' dir='ltr'>ne</span> <span class='ocrx_word' id='word_1_1851' title='bbox 384 3110 422 3144; x_wconf 86' lang='lat' dir='ltr'>id,</span> <span class='ocrx_word' id='word_1_1852' title='bbox 435 3110 506 3146; x_wconf 88' lang='lat' dir='ltr'>quod</span> <span class='ocrx_word' id='word_1_1853' title='bbox 520 3117 599 3145; x_wconf 87' lang='lat' dir='ltr'>petat,</span> <span class='ocrx_word' id='word_1_1854' title='bbox 612 3110 716 3144; x_wconf 83' lang='lat' dir='ltr'>exigere</span> <span class='ocrx_word' id='word_1_1855' title='bbox 731 3109 813 3143; x_wconf 80' lang='lat' dir='ltr'>magis</span> <span class='ocrx_word' id='word_1_1856' title='bbox 825 3117 904 3143; x_wconf 90' lang='lat' dir='ltr'>quam</span> <span class='ocrx_word' id='word_1_1857' title='bbox 917 3117 1018 3143; x_wconf 86' lang='lat' dir='ltr'>rogare,</span> <span class='ocrx_word' id='word_1_1858' title='bbox 1033 3116 1078 3136; x_wconf 77' lang='lat' dir='ltr'>etc.</span> <span class='ocrx_word' id='word_1_1859' title='bbox 1140 3115 1224 3136; x_wconf 78' lang='lat' dir='ltr'>curate</span> <span class='ocrx_word' id='word_1_1860' title='bbox 1237 3104 1338 3143; x_wconf 60' lang='lat' dir='ltr'>fabius.</span> <span class='ocrx_word' id='word_1_1861' title='bbox 1375 3107 1416 3133; x_wconf 89' lang='lat' dir='ltr'>Sic</span> <span class='ocrx_word' id='word_1_1862' title='bbox 1434 3106 1472 3133; x_wconf 91' lang='lat' dir='ltr'>Id.</span> <span class='ocrx_word' id='word_1_1863' title='bbox 1488 3115 1510 3141; x_wconf 79' lang='lat'>3,</span> <span class='ocrx_word' id='word_1_1864' title='bbox 1524 3114 1550 3141; x_wconf 85' lang='lat'>7,</span> <span class='ocrx_word' id='word_1_1865' title='bbox 1566 3115 1594 3132; x_wconf 92' lang='lat'>10</span> <span class='ocrx_word' id='word_1_1866' title='bbox 1613 3106 1716 3133; x_wconf 65' lang='lat' dir='ltr'>Exae‘tis</span> <span class='ocrx_word' id='word_1_1867' title='bbox 1731 3108 1845 3135; x_wconf 84' lang='lat' dir='ltr'>Calamis</span> <span class='ocrx_word' id='word_1_1868' title='bbox 1865 3111 1891 3136; x_wconf 91' lang='lat' dir='ltr'>se</span> <span class='ocrx_word' id='word_1_1869' title='bbox 1909 3111 1977 3138; x_wconf 87' lang='lat' dir='ltr'>mihi</span> <span class='ocrx_word' id='word_1_1870' title='bbox 1995 3112 2036 3139; x_wconf 74' lang='lat' dir='ltr'>iae</span> <span class='ocrx_word' id='word_1_1871' title='bbox 2049 3120 2074 3139; x_wconf 84' lang='lat' dir='ltr'>et</span> <span class='ocrx_word' id='word_1_1872' title='bbox 2095 3115 2181 3148; x_wconf 87' lang='lat' dir='ltr'>equis.</span> 
     </span>
     <span class='ocr_line' id='line_1_87' title="bbox 50 3139 2181 3184; baseline 0.001 -11"><span class='ocrx_word' id='word_1_1873' title='bbox 50 3145 179 3173; x_wconf 80' lang='lat' dir='ltr'>videatur.</span> <span class='ocrx_word' id='word_1_1874' title='bbox 246 3146 302 3174; x_wconf 81' lang='lat' dir='ltr'>Cic.</span> <span class='ocrx_word' id='word_1_1875' title='bbox 316 3146 348 3174; x_wconf 89' lang='lat' dir='ltr'>de</span> <span class='ocrx_word' id='word_1_1876' title='bbox 362 3148 436 3175; x_wconf 91' lang='lat' dir='ltr'>Orat.</span> <span class='ocrx_word' id='word_1_1877' title='bbox 449 3156 473 3179; x_wconf 88' lang='lat'>2,</span> <span class='ocrx_word' id='word_1_1878' title='bbox 485 3152 527 3176; x_wconf 83' lang='lat'>128</span> <span class='ocrx_word' id='word_1_1879' title='bbox 564 3148 626 3179; x_wconf 85' lang='lat' dir='ltr'>Q1o</span> <span class='ocrx_word' id='word_1_1880' title='bbox 645 3145 749 3172; x_wconf 84' lang='lat' dir='ltr'>facilius</span> <span class='ocrx_word' id='word_1_1881' title='bbox 770 3145 797 3171; x_wconf 90' lang='lat' dir='ltr'>id</span> <span class='ocrx_word' id='word_1_1882' title='bbox 810 3153 824 3171; x_wconf 87' lang='lat' dir='ltr'>a</span> <span class='ocrx_word' id='word_1_1883' title='bbox 839 3153 864 3171; x_wconf 86' lang='lat' dir='ltr'>tc</span> <span class='ocrx_word' id='word_1_1884' title='bbox 878 3145 981 3179; x_wconf 87' lang='lat' dir='ltr'>exigam</span> <span class='ocrx_word' id='word_1_1885' title='bbox 990 3165 997 3177; x_wconf 89' lang='lat'>,</span> <span class='ocrx_word' id='word_1_1886' title='bbox 1006 3145 1077 3180; x_wconf 89' lang='lat' dir='ltr'>quod</span> <span class='ocrx_word' id='word_1_1887' title='bbox 1140 3143 1269 3171; x_wconf 83' lang='lat' dir='ltr'>Laudatur</span> <span class='ocrx_word' id='word_1_1888' title='bbox 1282 3142 1390 3169; x_wconf 70' lang='lat' dir='ltr'>Calamis</span> <span class='ocrx_word' id='word_1_1889' title='bbox 1395 3139 1540 3175; x_wconf 82' lang='lat' dir='ltr'>statuarius</span> <span class='ocrx_word' id='word_1_1890' title='bbox 1553 3145 1623 3177; x_wconf 82' lang='lat' dir='ltr'>equis</span> <span class='ocrx_word' id='word_1_1891' title='bbox 1630 3145 1759 3178; x_wconf 68' lang='lat' dir='ltr'>praeclare</span> <span class='ocrx_word' id='word_1_1892' title='bbox 1771 3144 1911 3172; x_wconf 68' lang='lat' dir='ltr'>elaboratis.</span> <span class='ocrx_word' id='word_1_1893' title='bbox 1982 3148 2049 3174; x_wconf 90' lang='lat' dir='ltr'>Hor.</span> <span class='ocrx_word' id='word_1_1894' title='bbox 2064 3150 2142 3182; x_wconf 82' lang='lat' dir='ltr'>Epist.</span> <span class='ocrx_word' id='word_1_1895' title='bbox 2157 3159 2181 3184; x_wconf 88' lang='lat'>2,</span> 
     </span>
     <span class='ocr_line' id='line_1_88' title="bbox 51 3177 2181 3218; baseline 0.002 -10"><span class='ocrx_word' id='word_1_1896' title='bbox 51 3187 128 3218; x_wconf 85' lang='lat' dir='ltr'>peto,</span> <span class='ocrx_word' id='word_1_1897' title='bbox 149 3179 217 3208; x_wconf 81' lang='lat' dir='ltr'>nihii</span> <span class='ocrx_word' id='word_1_1898' title='bbox 235 3181 286 3208; x_wconf 88' lang='lat' dir='ltr'>tibi</span> <span class='ocrx_word' id='word_1_1899' title='bbox 308 3191 323 3210; x_wconf 87' lang='lat' dir='ltr'>a</span> <span class='ocrx_word' id='word_1_1900' title='bbox 339 3192 382 3211; x_wconf 89' lang='lat' dir='ltr'>me</span> <span class='ocrx_word' id='word_1_1901' title='bbox 402 3182 545 3218; x_wconf 81' lang='lat' dir='ltr'>postulanti</span> <span class='ocrx_word' id='word_1_1902' title='bbox 562 3181 696 3209; x_wconf 87' lang='lat' dir='ltr'>recusab0.</span> <span class='ocrx_word' id='word_1_1903' title='bbox 767 3180 904 3207; x_wconf 84' lang='lat' dir='ltr'>Pecuniam</span> <span class='ocrx_word' id='word_1_1904' title='bbox 923 3181 1078 3216; x_wconf 83' lang='lat' dir='ltr'>imperatam</span> <span class='ocrx_word' id='word_1_1905' title='bbox 1142 3189 1162 3212; x_wconf 89' lang='grc' dir='ltr'>ι,</span> <span class='ocrx_word' id='word_1_1906' title='bbox 1182 3186 1214 3214; x_wconf 92' lang='grc'>72</span> <span class='ocrx_word' id='word_1_1907' title='bbox 1248 3177 1389 3205; x_wconf 84' lang='lat' dir='ltr'>Emendata</span> <span class='ocrx_word' id='word_1_1908' title='bbox 1418 3177 1507 3204; x_wconf 88' lang='lat' dir='ltr'>videri</span> <span class='ocrx_word' id='word_1_1909' title='bbox 1543 3177 1704 3213; x_wconf 87' lang='lat' dir='ltr'>Pulchraque</span> <span class='ocrx_word' id='word_1_1910' title='bbox 1722 3185 1747 3205; x_wconf 88' lang='lat' dir='ltr'>et</span> <span class='ocrx_word' id='word_1_1911' title='bbox 1770 3180 1868 3207; x_wconf 68' lang='lat' dir='ltr'>exactis</span> <span class='ocrx_word' id='word_1_1912' title='bbox 1886 3182 2027 3209; x_wconf 88' lang='lat' dir='ltr'>minimum</span> <span class='ocrx_word' id='word_1_1913' title='bbox 2049 3184 2181 3217; x_wconf 77' lang='lat' dir='ltr'>distantia,</span> 
     </span>
     <span class='ocr_line' id='line_1_89' title="bbox 51 3213 2178 3251; baseline 0.002 -8"><span class='ocrx_word' id='word_1_1914' title='bbox 51 3217 124 3245; x_wconf 78' lang='lat' dir='ltr'>Caes.</span> <span class='ocrx_word' id='word_1_1915' title='bbox 137 3217 166 3244; x_wconf 85' lang='lat' dir='ltr'>B.</span> <span class='ocrx_word' id='word_1_1916' title='bbox 179 3213 208 3242; x_wconf 85' lang='lat' dir='ltr'>C.</span> <span class='ocrx_word' id='word_1_1917' title='bbox 221 3225 244 3249; x_wconf 87' lang='grc'>3,</span> <span class='ocrx_word' id='word_1_1918' title='bbox 258 3225 293 3249; x_wconf 81' lang='grc'>32.</span> <span class='ocrx_word' id='word_1_1919' title='bbox 358 3218 441 3246; x_wconf 89' lang='lat' dir='ltr'>Ouid.</span> <span class='ocrx_word' id='word_1_1920' title='bbox 455 3219 519 3245; x_wconf 89' lang='lat' dir='ltr'>Met.</span> <span class='ocrx_word' id='word_1_1921' title='bbox 532 3227 560 3251; x_wconf 84' lang='lat'>4,</span> <span class='ocrx_word' id='word_1_1922' title='bbox 577 3226 622 3250; x_wconf 89' lang='lat'>190</span> <span class='ocrx_word' id='word_1_1923' title='bbox 658 3216 745 3251; x_wconf 86' lang='lat' dir='ltr'>Exigit</span> <span class='ocrx_word' id='word_1_1924' title='bbox 759 3216 852 3243; x_wconf 87' lang='lat' dir='ltr'>indicii</span> <span class='ocrx_word' id='word_1_1925' title='bbox 869 3224 1013 3242; x_wconf 87' lang='lat' dir='ltr'>memorem</span> <span class='ocrx_word' id='word_1_1926' title='bbox 1028 3217 1078 3249; x_wconf 79' lang='lat' dir='ltr'>Cy-</span> <span class='ocrx_word' id='word_1_1927' title='bbox 1141 3215 1236 3241; x_wconf 84' lang='lat' dir='ltr'>miror.</span> <span class='ocrx_word' id='word_1_1928' title='bbox 1307 3213 1382 3239; x_wconf 86' lang='lat' dir='ltr'>Acies</span> <span class='ocrx_word' id='word_1_1929' title='bbox 1395 3213 1469 3240; x_wconf 85' lang='lat' dir='ltr'>falcis</span> <span class='ocrx_word' id='word_1_1930' title='bbox 1481 3213 1586 3246; x_wconf 65' lang='lat' dir='ltr'>entita,</span> <span class='ocrx_word' id='word_1_1931' title='bbox 1603 3214 1656 3240; x_wconf 85' lang='lat' dir='ltr'>vid.</span> <span class='ocrx_word' id='word_1_1932' title='bbox 1677 3221 1775 3242; x_wconf 71' lang='lat' dir='ltr'>Aeim.</span> <span class='ocrx_word' id='word_1_1933' title='bbox 1848 3217 1924 3244; x_wconf 82' lang='lat' dir='ltr'>Fides</span> <span class='ocrx_word' id='word_1_1934' title='bbox 1953 3219 2033 3246; x_wconf 88' lang='lat' dir='ltr'>Ouid.</span> <span class='ocrx_word' id='word_1_1935' title='bbox 2052 3229 2082 3246; x_wconf 85' lang='lat' dir='ltr'>cx</span> <span class='ocrx_word' id='word_1_1936' title='bbox 2103 3222 2178 3250; x_wconf 85' lang='lat' dir='ltr'>Pont.</span> 
     </span>
     <span class='ocr_line' id='line_1_90' title="bbox 52 3249 2177 3287; baseline 0.001 -7"><span class='ocrx_word' id='word_1_1937' title='bbox 52 3252 156 3280; x_wconf 85' lang='lat' dir='ltr'>there’i&#39;a</span> <span class='ocrx_word' id='word_1_1938' title='bbox 167 3252 284 3280; x_wconf 82' lang='lat' dir='ltr'>Poenam.</span> <span class='ocrx_word' id='word_1_1939' title='bbox 336 3253 407 3281; x_wconf 86' lang='lat' dir='ltr'>Idem</span> <span class='ocrx_word' id='word_1_1940' title='bbox 416 3254 480 3281; x_wconf 87' lang='lat' dir='ltr'>Fast.</span> <span class='ocrx_word' id='word_1_1941' title='bbox 492 3262 518 3287; x_wconf 83' lang='lat'>4,</span> <span class='ocrx_word' id='word_1_1942' title='bbox 532 3261 579 3285; x_wconf 82' lang='lat'>230</span> <span class='ocrx_word' id='word_1_1943' title='bbox 624 3253 695 3279; x_wconf 85' lang='lat' dir='ltr'>Huic</span> <span class='ocrx_word' id='word_1_1944' title='bbox 715 3253 811 3279; x_wconf 86' lang='lat' dir='ltr'>Poenas</span> <span class='ocrx_word' id='word_1_1945' title='bbox 831 3251 915 3286; x_wconf 87' lang='lat' dir='ltr'>exigit</span> <span class='ocrx_word' id='word_1_1946' title='bbox 938 3252 977 3278; x_wconf 92' lang='lat' dir='ltr'>ira</span> <span class='ocrx_word' id='word_1_1947' title='bbox 999 3252 1078 3278; x_wconf 88' lang='lat' dir='ltr'>Deae.</span> <span class='ocrx_word' id='word_1_1948' title='bbox 1093 3251 1122 3280; x_wconf 78' lang='lat'>85</span> <span class='ocrx_word' id='word_1_1949' title='bbox 1142 3260 1170 3284; x_wconf 82' lang='lat'>4,</span> <span class='ocrx_word' id='word_1_1950' title='bbox 1183 3259 1209 3283; x_wconf 89' lang='lat'>9,</span> <span class='ocrx_word' id='word_1_1951' title='bbox 1223 3251 1266 3283; x_wconf 89' lang='lat'>46.</span> <span class='ocrx_word' id='word_1_1952' title='bbox 1286 3251 1305 3275; x_wconf 87' lang='lat' dir='ltr'>i.</span> <span class='ocrx_word' id='word_1_1953' title='bbox 1323 3255 1455 3281; x_wconf 82' lang='lat' dir='ltr'>accurata,</span> <span class='ocrx_word' id='word_1_1954' title='bbox 1467 3249 1592 3285; x_wconf 76' lang='lat' dir='ltr'>religiosa.</span> <span class='ocrx_word' id='word_1_1955' title='bbox 1645 3250 1740 3276; x_wconf 78' lang='lat' dir='ltr'>Forma</span> <span class='ocrx_word' id='word_1_1956' title='bbox 1753 3250 1825 3277; x_wconf 87' lang='lat' dir='ltr'>Idem</span> <span class='ocrx_word' id='word_1_1957' title='bbox 1838 3252 1902 3280; x_wconf 85' lang='lat' dir='ltr'>Met.</span> <span class='ocrx_word' id='word_1_1958' title='bbox 1916 3263 1936 3286; x_wconf 90' lang='lat' dir='ltr'>i,</span> <span class='ocrx_word' id='word_1_1959' title='bbox 1950 3257 2012 3287; x_wconf 89' lang='lat'>406.</span> <span class='ocrx_word' id='word_1_1960' title='bbox 2066 3258 2096 3281; x_wconf 71' lang='lat' dir='ltr'>lit</span> <span class='ocrx_word' id='word_1_1961' title='bbox 2111 3256 2177 3284; x_wconf 84' lang='lat' dir='ltr'>Fast.</span> 
     </span>
     <span class='ocr_line' id='line_1_91' title="bbox 50 3284 2179 3326; baseline 0.002 -11"><span class='ocrx_word' id='word_1_1962' title='bbox 50 3289 142 3317; x_wconf 80' lang='lat' dir='ltr'>Datiui</span> <span class='ocrx_word' id='word_1_1963' title='bbox 159 3286 226 3312; x_wconf 79' lang='lat' dir='ltr'>illius</span> <span class='ocrx_word' id='word_1_1964' title='bbox 243 3288 292 3314; x_wconf 82' lang='lat' dir='ltr'>alia</span> <span class='ocrx_word' id='word_1_1965' title='bbox 309 3292 412 3326; x_wconf 76' lang='lat' dir='ltr'>exempla</span> <span class='ocrx_word' id='word_1_1966' title='bbox 431 3289 499 3316; x_wconf 75' lang='lat' dir='ltr'>dedit</span> <span class='ocrx_word' id='word_1_1967' title='bbox 518 3288 603 3325; x_wconf 76' lang='lat' dir='ltr'>Heius.</span> <span class='ocrx_word' id='word_1_1968' title='bbox 620 3288 653 3314; x_wconf 71' lang='grc' dir='ltr'>ατί</span> <span class='ocrx_word' id='word_1_1969' title='bbox 665 3288 802 3315; x_wconf 88' lang='lat' dir='ltr'>Claudian.</span> <span class='ocrx_word' id='word_1_1970' title='bbox 818 3290 833 3314; x_wconf 92' lang='grc'><strong>6</strong></span> <span class='ocrx_word' id='word_1_1971' title='bbox 852 3287 930 3314; x_wconf 88' lang='lat' dir='ltr'>Cons.</span> <span class='ocrx_word' id='word_1_1972' title='bbox 945 3288 1016 3314; x_wconf 89' lang='lat' dir='ltr'>Hon.</span> <span class='ocrx_word' id='word_1_1973' title='bbox 1034 3295 1080 3320; x_wconf 85' lang='lat'>113.</span> <span class='ocrx_word' id='word_1_1974' title='bbox 1143 3296 1166 3319; x_wconf 85' lang='grc'>3,</span> <span class='ocrx_word' id='word_1_1975' title='bbox 1182 3288 1223 3312; x_wconf 87' lang='lat'>162</span> <span class='ocrx_word' id='word_1_1976' title='bbox 1250 3285 1298 3311; x_wconf 87' lang='lat' dir='ltr'>Ille</span> <span class='ocrx_word' id='word_1_1977' title='bbox 1312 3293 1398 3311; x_wconf 87' lang='lat' dir='ltr'>moras</span> <span class='ocrx_word' id='word_1_1978' title='bbox 1410 3284 1489 3317; x_wconf 88' lang='lat' dir='ltr'>solis,</span> <span class='ocrx_word' id='word_1_1979' title='bbox 1501 3285 1597 3320; x_wconf 88' lang='lat' dir='ltr'>quibus</span> <span class='ocrx_word' id='word_1_1980' title='bbox 1608 3284 1636 3311; x_wconf 91' lang='lat' dir='ltr'>in</span> <span class='ocrx_word' id='word_1_1981' title='bbox 1650 3286 1693 3312; x_wconf 84' lang='lat' dir='ltr'>sua</span> <span class='ocrx_word' id='word_1_1982' title='bbox 1705 3285 1774 3320; x_wconf 82' lang='lat' dir='ltr'>ligna</span> <span class='ocrx_word' id='word_1_1983' title='bbox 1787 3286 1901 3321; x_wconf 86' lang='lat' dir='ltr'>rediret,</span> <span class='ocrx_word' id='word_1_1984' title='bbox 1937 3289 2069 3317; x_wconf 86' lang='lat' dir='ltr'>Traditur</span> <span class='ocrx_word' id='word_1_1985' title='bbox 2080 3292 2179 3319; x_wconf 64' lang='lat' dir='ltr'>exactis</span> 
     </span>
     <span class='ocr_line' id='line_1_92' title="bbox 52 3320 2179 3362; baseline 0 -11"><span class='ocrx_word' id='word_1_1986' title='bbox 52 3321 229 3351; x_wconf 82' lang='lat' dir='ltr'>Ouid.Trist.</span> <span class='ocrx_word' id='word_1_1987' title='bbox 244 3329 266 3354; x_wconf 88' lang='lat'>5,</span> <span class='ocrx_word' id='word_1_1988' title='bbox 280 3328 302 3355; x_wconf 67' lang='grc' dir='ltr'>Β,</span> <span class='ocrx_word' id='word_1_1989' title='bbox 314 3331 331 3357; x_wconf 88' lang='lat'>9</span> <span class='ocrx_word' id='word_1_1990' title='bbox 364 3325 410 3352; x_wconf 82' lang='lat' dir='ltr'>Exi</span> <span class='ocrx_word' id='word_1_1991' title='bbox 429 3331 454 3353; x_wconf 87' lang='lat' dir='ltr'>et</span> <span class='ocrx_word' id='word_1_1992' title='bbox 466 3324 500 3352; x_wconf 85' lang='lat' dir='ltr'>ah</span> <span class='ocrx_word' id='word_1_1993' title='bbox 514 3324 604 3359; x_wconf 89' lang='lat' dir='ltr'>dignas</span> <span class='ocrx_word' id='word_1_1994' title='bbox 619 3323 700 3351; x_wconf 87' lang='lat' dir='ltr'>vltrix</span> <span class='ocrx_word' id='word_1_1995' title='bbox 716 3323 853 3350; x_wconf 82' lang='lat' dir='ltr'>Ramnulia</span> <span class='ocrx_word' id='word_1_1996' title='bbox 866 3331 975 3358; x_wconf 82' lang='lat' dir='ltr'>poenas:</span> <span class='ocrx_word' id='word_1_1997' title='bbox 992 3324 1079 3357; x_wconf 86' lang='lat' dir='ltr'>Impo-</span> <span class='ocrx_word' id='word_1_1998' title='bbox 1142 3321 1292 3357; x_wconf 66' lang='lat' dir='ltr'>disposuisse</span> <span class='ocrx_word' id='word_1_1999' title='bbox 1300 3320 1389 3347; x_wconf 83' lang='lat' dir='ltr'>Notis.</span> <span class='ocrx_word' id='word_1_2000' title='bbox 1458 3321 1525 3347; x_wconf 88' lang='lat' dir='ltr'>Hor.</span> <span class='ocrx_word' id='word_1_2001' title='bbox 1539 3321 1622 3346; x_wconf 87' lang='lat' dir='ltr'>Scrm.</span> <span class='ocrx_word' id='word_1_2002' title='bbox 1635 3329 1660 3354; x_wconf 86' lang='lat'>2,</span> <span class='ocrx_word' id='word_1_2003' title='bbox 1673 3330 1701 3354; x_wconf 86' lang='lat'>4,</span> <span class='ocrx_word' id='word_1_2004' title='bbox 1715 3324 1747 3354; x_wconf 80' lang='lat'>36</span> <span class='ocrx_word' id='word_1_2005' title='bbox 1783 3322 1840 3349; x_wconf 87' lang='lat' dir='ltr'>Nec</span> <span class='ocrx_word' id='word_1_2006' title='bbox 1860 3323 1907 3350; x_wconf 83' lang='lat' dir='ltr'>fibi</span> <span class='ocrx_word' id='word_1_2007' title='bbox 1929 3331 2065 3351; x_wconf 85' lang='lat' dir='ltr'>coenatum</span> <span class='ocrx_word' id='word_1_2008' title='bbox 2087 3328 2179 3362; x_wconf 65' lang='lat' dir='ltr'>quini,</span> 
     </span>
     <span class='ocr_line' id='line_1_93' title="bbox 52 3355 2178 3395; baseline 0 -9"><span class='ocrx_word' id='word_1_2009' title='bbox 52 3359 102 3386; x_wconf 77' lang='lat' dir='ltr'>sito</span> <span class='ocrx_word' id='word_1_2010' title='bbox 119 3358 201 3385; x_wconf 85' lang='lat' dir='ltr'>calcas</span> <span class='ocrx_word' id='word_1_2011' title='bbox 219 3356 288 3391; x_wconf 84' lang='lat' dir='ltr'>quod</span> <span class='ocrx_word' id='word_1_2012' title='bbox 305 3367 361 3386; x_wconf 88' lang='lat' dir='ltr'>mea</span> <span class='ocrx_word' id='word_1_2013' title='bbox 379 3361 404 3387; x_wconf 87' lang='lat' dir='ltr'>fa</span> <span class='ocrx_word' id='word_1_2014' title='bbox 433 3369 446 3388; x_wconf 90' lang='lat' dir='ltr'>a</span> <span class='ocrx_word' id='word_1_2015' title='bbox 465 3360 540 3395; x_wconf 85' lang='lat' dir='ltr'>pede.</span> <span class='ocrx_word' id='word_1_2016' title='bbox 612 3361 708 3386; x_wconf 85' lang='lat' dir='ltr'>Poenas</span> <span class='ocrx_word' id='word_1_2017' title='bbox 726 3358 758 3386; x_wconf 91' lang='lat' dir='ltr'>de</span> <span class='ocrx_word' id='word_1_2018' title='bbox 772 3359 862 3394; x_wconf 87' lang='lat' dir='ltr'>aliquo</span> <span class='ocrx_word' id='word_1_2019' title='bbox 880 3358 961 3385; x_wconf 91' lang='lat' dir='ltr'>Ouid.</span> <span class='ocrx_word' id='word_1_2020' title='bbox 975 3359 1039 3385; x_wconf 92' lang='lat' dir='ltr'>Met.</span> <span class='ocrx_word' id='word_1_2021' title='bbox 1055 3363 1078 3390; x_wconf 84' lang='lat'>8,</span> <span class='ocrx_word' id='word_1_2022' title='bbox 1142 3365 1242 3385; x_wconf 86' lang='lat' dir='ltr'>temere</span> <span class='ocrx_word' id='word_1_2023' title='bbox 1254 3362 1359 3391; x_wconf 86' lang='lat' dir='ltr'>arroget</span> <span class='ocrx_word' id='word_1_2024' title='bbox 1376 3361 1477 3388; x_wconf 91' lang='lat' dir='ltr'>artem,</span> <span class='ocrx_word' id='word_1_2025' title='bbox 1497 3356 1534 3382; x_wconf 90' lang='lat' dir='ltr'>Ni</span> <span class='ocrx_word' id='word_1_2026' title='bbox 1549 3355 1620 3390; x_wconf 89' lang='lat' dir='ltr'>prius</span> <span class='ocrx_word' id='word_1_2027' title='bbox 1635 3356 1724 3383; x_wconf 63' lang='lat' dir='ltr'>exafila</span> <span class='ocrx_word' id='word_1_2028' title='bbox 1732 3359 1806 3384; x_wconf 85' lang='lat' dir='ltr'>tenui</span> <span class='ocrx_word' id='word_1_2029' title='bbox 1820 3359 1931 3385; x_wconf 82' lang='lat' dir='ltr'>Ratione</span> <span class='ocrx_word' id='word_1_2030' title='bbox 1941 3360 2070 3394; x_wconf 87' lang='lat' dir='ltr'>saporum.</span> <span class='ocrx_word' id='word_1_2031' title='bbox 2091 3365 2109 3388; x_wconf 86' lang='lat' dir='ltr'>i.</span> <span class='ocrx_word' id='word_1_2032' title='bbox 2130 3365 2178 3389; x_wconf 81' lang='lat' dir='ltr'>Ex.</span> 
     </span>
     <span class='ocr_line' id='line_1_94' title="bbox 52 3391 2178 3433; baseline 0.002 -12"><span class='ocrx_word' id='word_1_2033' title='bbox 52 3403 107 3429; x_wconf 78' lang='lat'>530.</span> <span class='ocrx_word' id='word_1_2034' title='bbox 143 3395 173 3420; x_wconf 75' lang='lat' dir='ltr'>Et</span> <span class='ocrx_word' id='word_1_2035' title='bbox 187 3393 250 3418; x_wconf 88' lang='lat' dir='ltr'>Met.</span> <span class='ocrx_word' id='word_1_2036' title='bbox 265 3400 303 3425; x_wconf 89' lang='lat'>14,</span> <span class='ocrx_word' id='word_1_2037' title='bbox 317 3399 366 3428; x_wconf 77' lang='lat'>478</span> <span class='ocrx_word' id='word_1_2038' title='bbox 391 3396 422 3423; x_wconf 88' lang='lat' dir='ltr'>Et</span> <span class='ocrx_word' id='word_1_2039' title='bbox 433 3396 543 3431; x_wconf 80' lang='lat' dir='ltr'>antiquo</span> <span class='ocrx_word' id='word_1_2040' title='bbox 560 3404 691 3422; x_wconf 84' lang='lat' dir='ltr'>memores</span> <span class='ocrx_word' id='word_1_2041' title='bbox 705 3394 736 3422; x_wconf 87' lang='lat' dir='ltr'>de</span> <span class='ocrx_word' id='word_1_2042' title='bbox 750 3395 859 3422; x_wconf 87' lang='lat' dir='ltr'>vulnere</span> <span class='ocrx_word' id='word_1_2043' title='bbox 874 3395 970 3420; x_wconf 86' lang='lat' dir='ltr'>Poenas</span> <span class='ocrx_word' id='word_1_2044' title='bbox 990 3394 1078 3428; x_wconf 83' lang='lat' dir='ltr'>Exigit</span> <span class='ocrx_word' id='word_1_2045' title='bbox 1141 3391 1196 3421; x_wconf 59' lang='lat' dir='ltr'>aste</span> <span class='ocrx_word' id='word_1_2046' title='bbox 1208 3395 1317 3429; x_wconf 81' lang='lat' dir='ltr'>cognita.</span> <span class='ocrx_word' id='word_1_2047' title='bbox 1389 3392 1502 3427; x_wconf 78' lang='lat' dir='ltr'>Compar.</span> <span class='ocrx_word' id='word_1_2048' title='bbox 1520 3391 1636 3419; x_wconf 86' lang='lat' dir='ltr'>Martial.</span> <span class='ocrx_word' id='word_1_2049' title='bbox 1649 3400 1677 3425; x_wconf 84' lang='lat'>4,</span> <span class='ocrx_word' id='word_1_2050' title='bbox 1693 3398 1726 3426; x_wconf 83' lang='lat'>87</span> <span class='ocrx_word' id='word_1_2051' title='bbox 1751 3393 1829 3420; x_wconf 89' lang='lat' dir='ltr'>Nihil</span> <span class='ocrx_word' id='word_1_2052' title='bbox 1842 3395 1972 3427; x_wconf 74' lang='lat' dir='ltr'>exafflus,</span> <span class='ocrx_word' id='word_1_2053' title='bbox 1984 3396 2178 3433; x_wconf 85' lang='lat' dir='ltr'>eruditiusque.</span> 
     </span>
     <span class='ocr_line' id='line_1_95' title="bbox 51 3426 2178 3465; baseline -0.001 -7"><span class='ocrx_word' id='word_1_2054' title='bbox 51 3432 120 3458; x_wconf 86' lang='lat' dir='ltr'>alma</span> <span class='ocrx_word' id='word_1_2055' title='bbox 133 3430 231 3456; x_wconf 86' lang='lat' dir='ltr'>Venus.</span> <span class='ocrx_word' id='word_1_2056' title='bbox 295 3428 359 3456; x_wconf 77' lang='lat' dir='ltr'>Liu.</span> <span class='ocrx_word' id='word_1_2057' title='bbox 373 3438 412 3463; x_wconf 85' lang='lat'>29,</span> <span class='ocrx_word' id='word_1_2058' title='bbox 447 3452 453 3458; x_wconf 91' lang='lat'>.</span> <span class='ocrx_word' id='word_1_2059' title='bbox 490 3452 496 3459; x_wconf 93' lang='lat'>.</span> <span class='ocrx_word' id='word_1_2060' title='bbox 532 3431 580 3458; x_wconf 87' lang='lat' dir='ltr'>Sed</span> <span class='ocrx_word' id='word_1_2061' title='bbox 598 3437 623 3458; x_wconf 87' lang='lat' dir='ltr'>ct</span> <span class='ocrx_word' id='word_1_2062' title='bbox 635 3440 705 3458; x_wconf 89' lang='lat' dir='ltr'>nunc</span> <span class='ocrx_word' id='word_1_2063' title='bbox 725 3437 750 3457; x_wconf 89' lang='lat' dir='ltr'>et</span> <span class='ocrx_word' id='word_1_2064' title='bbox 764 3431 838 3465; x_wconf 85' lang='lat' dir='ltr'>saepe</span> <span class='ocrx_word' id='word_1_2065' title='bbox 852 3430 930 3461; x_wconf 81' lang='lat' dir='ltr'>alias,</span> <span class='ocrx_word' id='word_1_2066' title='bbox 944 3429 992 3456; x_wconf 87' lang='lat' dir='ltr'>dea</span> <span class='ocrx_word' id='word_1_2067' title='bbox 1007 3430 1077 3456; x_wconf 86' lang='lat' dir='ltr'>suam</span> <span class='ocrx_word' id='word_1_2068' title='bbox 1091 3435 1127 3460; x_wconf 87' lang='lat'>90</span> <span class='ocrx_word' id='word_1_2069' title='bbox 1142 3430 1209 3456; x_wconf 84' lang='lat' dir='ltr'>Vsus</span> <span class='ocrx_word' id='word_1_2070' title='bbox 1223 3427 1342 3455; x_wconf 73' lang='lat' dir='ltr'>exaffior</span> <span class='ocrx_word' id='word_1_2071' title='bbox 1355 3426 1474 3454; x_wconf 88' lang='lat' dir='ltr'>Scribon.</span> <span class='ocrx_word' id='word_1_2072' title='bbox 1488 3434 1532 3461; x_wconf 89' lang='lat'>97.</span> <span class='ocrx_word' id='word_1_2073' title='bbox 1587 3427 1680 3463; x_wconf 78' lang='lat' dir='ltr'>Superi.</span> <span class='ocrx_word' id='word_1_2074' title='bbox 1706 3427 1773 3454; x_wconf 88' lang='lat' dir='ltr'>Plin.</span> <span class='ocrx_word' id='word_1_2075' title='bbox 1787 3429 1864 3463; x_wconf 82' lang='lat' dir='ltr'>Epist.</span> <span class='ocrx_word' id='word_1_2076' title='bbox 1877 3435 1900 3462; x_wconf 85' lang='lat'>8,</span> <span class='ocrx_word' id='word_1_2077' title='bbox 1914 3438 1940 3462; x_wconf 80' lang='lat'>23</span> <span class='ocrx_word' id='word_1_2078' title='bbox 1965 3431 2045 3465; x_wconf 75' lang='lat' dir='ltr'>Qiod</span> <span class='ocrx_word' id='word_1_2079' title='bbox 2063 3432 2109 3459; x_wconf 86' lang='lat' dir='ltr'>ille</span> <span class='ocrx_word' id='word_1_2080' title='bbox 2130 3434 2178 3461; x_wconf 89' lang='lat' dir='ltr'>ob.</span> 
     </span>
     <span class='ocr_line' id='line_1_96' title="bbox 51 3455 2178 3505; baseline 0.002 -12"><span class='ocrx_word' id='word_1_2081' title='bbox 51 3465 155 3497; x_wconf 76' lang='lat' dir='ltr'>sedem,</span> <span class='ocrx_word' id='word_1_2082' title='bbox 174 3465 299 3503; x_wconf 79' lang='lat' dir='ltr'>suumque</span> <span class='ocrx_word' id='word_1_2083' title='bbox 319 3455 441 3499; x_wconf 58' lang='lat' dir='ltr'>templum</span> <span class='ocrx_word' id='word_1_2084' title='bbox 458 3466 502 3493; x_wconf 81' lang='lat' dir='ltr'>aut</span> <span class='ocrx_word' id='word_1_2085' title='bbox 523 3472 604 3493; x_wconf 87' lang='lat' dir='ltr'>tutata</span> <span class='ocrx_word' id='word_1_2086' title='bbox 623 3467 675 3502; x_wconf 89' lang='lat' dir='ltr'>cst,</span> <span class='ocrx_word' id='word_1_2087' title='bbox 694 3472 739 3494; x_wconf 87' lang='lat' dir='ltr'>aut</span> <span class='ocrx_word' id='word_1_2088' title='bbox 758 3475 772 3493; x_wconf 89' lang='lat' dir='ltr'>a</span> <span class='ocrx_word' id='word_1_2089' title='bbox 792 3465 969 3493; x_wconf 79' lang='lat' dir='ltr'>violatoribus</span> <span class='ocrx_word' id='word_1_2090' title='bbox 987 3466 1078 3499; x_wconf 86' lang='lat' dir='ltr'>grauia</span> <span class='ocrx_word' id='word_1_2091' title='bbox 1141 3465 1262 3500; x_wconf 86' lang='lat' dir='ltr'>sequium</span> <span class='ocrx_word' id='word_1_2092' title='bbox 1276 3463 1403 3490; x_wconf 87' lang='lat' dir='ltr'>Seruiano</span> <span class='ocrx_word' id='word_1_2093' title='bbox 1416 3462 1572 3489; x_wconf 67' lang='lat' dir='ltr'>exae&#39;tiffimo</span> <span class='ocrx_word' id='word_1_2094' title='bbox 1585 3463 1646 3490; x_wconf 87' lang='lat' dir='ltr'>viro</span> <span class='ocrx_word' id='word_1_2095' title='bbox 1661 3463 1804 3498; x_wconf 76' lang='lat' dir='ltr'>praestitit?</span> <span class='ocrx_word' id='word_1_2096' title='bbox 1838 3466 1914 3491; x_wconf 88' lang='lat' dir='ltr'>Plura</span> <span class='ocrx_word' id='word_1_2097' title='bbox 1927 3467 2040 3494; x_wconf 75' lang='lat' dir='ltr'>Borrich.</span> <span class='ocrx_word' id='word_1_2098' title='bbox 2056 3469 2178 3505; x_wconf 77' lang='lat' dir='ltr'>Cogitate.</span> 
     </span>
    </p>
   </div>
   <div class='ocr_carea' id='block_1_28' title="bbox 21 3497 2180 3537">
    <p class='ocr_par' dir='ltr' id='par_1_32' title="bbox 21 3497 2180 3537">
     <span class='ocr_line' id='line_1_97' title="bbox 21 3497 2180 3537; baseline 0.002 -9"><span class='ocrx_word' id='word_1_2099' title='bbox 21 3510 34 3515; x_wconf 60' lang='lat'><em>*</em></span> <span class='ocrx_word' id='word_1_2100' title='bbox 50 3501 153 3537; x_wconf 81' lang='lat' dir='ltr'>piacula</span> <span class='ocrx_word' id='word_1_2101' title='bbox 165 3505 259 3532; x_wconf 81' lang='lat' dir='ltr'>exeg1t.</span> <span class='ocrx_word' id='word_1_2102' title='bbox 330 3498 485 3534; x_wconf 78' lang='lat' dir='ltr'>Supplicium</span> <span class='ocrx_word' id='word_1_2103' title='bbox 497 3502 530 3529; x_wconf 89' lang='lat' dir='ltr'>ab</span> <span class='ocrx_word' id='word_1_2104' title='bbox 543 3503 652 3537; x_wconf 89' lang='lat' dir='ltr'>aliquo,</span> <span class='ocrx_word' id='word_1_2105' title='bbox 670 3504 760 3530; x_wconf 74' lang='lat' dir='ltr'>Punire</span> <span class='ocrx_word' id='word_1_2106' title='bbox 778 3503 881 3537; x_wconf 82' lang='lat' dir='ltr'>aliquem</span> <span class='ocrx_word' id='word_1_2107' title='bbox 895 3501 960 3527; x_wconf 83' lang='lat' dir='ltr'>Plin.</span> <span class='ocrx_word' id='word_1_2108' title='bbox 974 3500 1005 3533; x_wconf 84' lang='lat' dir='ltr'>de</span> <span class='ocrx_word' id='word_1_2109' title='bbox 1020 3501 1077 3528; x_wconf 90' lang='lat' dir='ltr'>Vir.</span> <span class='ocrx_word' id='word_1_2110' title='bbox 1140 3502 1171 3528; x_wconf 83' lang='lat' dir='ltr'>Et</span> <span class='ocrx_word' id='word_1_2111' title='bbox 1185 3509 1239 3527; x_wconf 85' lang='lat' dir='ltr'>cum</span> <span class='ocrx_word' id='word_1_2112' title='bbox 1254 3501 1335 3526; x_wconf 78' lang='lat' dir='ltr'>Genit.</span> <span class='ocrx_word' id='word_1_2113' title='bbox 1352 3498 1423 3525; x_wconf 83' lang='lat' dir='ltr'>Artis</span> <span class='ocrx_word' id='word_1_2114' title='bbox 1436 3497 1550 3531; x_wconf 69' lang='lat' dir='ltr'>exaGtus,</span> <span class='ocrx_word' id='word_1_2115' title='bbox 1564 3501 1633 3525; x_wconf 84' lang='lat' dir='ltr'>cuius</span> <span class='ocrx_word' id='word_1_2116' title='bbox 1648 3502 1839 3534; x_wconf 66' lang='lat' dir='ltr'>comparatitium</span> <span class='ocrx_word' id='word_1_2117' title='bbox 1861 3499 1893 3533; x_wconf 65' lang='lat' dir='ltr'>est</span> <span class='ocrx_word' id='word_1_2118' title='bbox 1913 3501 2041 3529; x_wconf 60' lang='lat' dir='ltr'>exactior.</span> <span class='ocrx_word' id='word_1_2119' title='bbox 2095 3505 2180 3532; x_wconf 60' lang='lat' dir='ltr'>Ouids</span> 
     </span>
    </p>
   </div>
   <div class='ocr_carea' id='block_1_29' title="bbox 0 3534 2176 3573">
    <p class='ocr_par' dir='ltr' id='par_1_33' title="bbox 0 3534 2176 3573">
     <span class='ocr_line' id='line_1_98' title="bbox 0 3534 2176 3573; baseline 0.001 -9"><span class='ocrx_word' id='word_1_2120' title='bbox 0 3543 11 3573; x_wconf 47' lang='grc' dir='ltr'><em>ᾖ</em></span> <span class='ocrx_word' id='word_1_2121' title='bbox 51 3536 131 3564; x_wconf 89' lang='lat' dir='ltr'>Illust.</span> <span class='ocrx_word' id='word_1_2122' title='bbox 151 3542 175 3562; x_wconf 82' lang='lat' dir='ltr'>et</span> <span class='ocrx_word' id='word_1_2123' title='bbox 186 3534 257 3561; x_wconf 89' lang='lat' dir='ltr'>Flor.</span> <span class='ocrx_word' id='word_1_2124' title='bbox 273 3541 295 3565; x_wconf 83' lang='lat'>3,</span> <span class='ocrx_word' id='word_1_2125' title='bbox 311 3541 395 3566; x_wconf 86' lang='lat'>19,12.</span> <span class='ocrx_word' id='word_1_2126' title='bbox 461 3537 529 3565; x_wconf 87' lang='lat' dir='ltr'>Suet.</span> <span class='ocrx_word' id='word_1_2127' title='bbox 547 3539 631 3573; x_wconf 85' lang='lat' dir='ltr'>Calig.</span> <span class='ocrx_word' id='word_1_2128' title='bbox 646 3547 668 3564; x_wconf 89' lang='lat' dir='ltr'>c.</span> <span class='ocrx_word' id='word_1_2129' title='bbox 682 3545 713 3573; x_wconf 82' lang='lat'>27</span> <span class='ocrx_word' id='word_1_2130' title='bbox 753 3538 854 3565; x_wconf 87' lang='lat' dir='ltr'>Votum</span> <span class='ocrx_word' id='word_1_2131' title='bbox 879 3537 964 3571; x_wconf 85' lang='lat' dir='ltr'>exegit</span> <span class='ocrx_word' id='word_1_2132' title='bbox 983 3535 1016 3563; x_wconf 89' lang='lat' dir='ltr'>ab</span> <span class='ocrx_word' id='word_1_2133' title='bbox 1036 3545 1079 3569; x_wconf 89' lang='lat' dir='ltr'>eo,</span> <span class='ocrx_word' id='word_1_2134' title='bbox 1141 3536 1206 3563; x_wconf 85' lang='lat' dir='ltr'>Fast.</span> <span class='ocrx_word' id='word_1_2135' title='bbox 1227 3544 1249 3568; x_wconf 91' lang='grc'>3,</span> <span class='ocrx_word' id='word_1_2136' title='bbox 1264 3540 1306 3567; x_wconf 83' lang='lat'>383</span> <span class='ocrx_word' id='word_1_2137' title='bbox 1326 3534 1474 3561; x_wconf 88' lang='lat' dir='ltr'>Mamurius</span> <span class='ocrx_word' id='word_1_2138' title='bbox 1492 3543 1613 3565; x_wconf 85' lang='lat' dir='ltr'>morum,</span> <span class='ocrx_word' id='word_1_2139' title='bbox 1632 3534 1755 3561; x_wconf 83' lang='lat' dir='ltr'>fabraene</span> <span class='ocrx_word' id='word_1_2140' title='bbox 1769 3534 1887 3561; x_wconf 72' lang='lat' dir='ltr'>exac&#39;iior</span> <span class='ocrx_word' id='word_1_2141' title='bbox 1905 3537 1969 3563; x_wconf 88' lang='lat' dir='ltr'>artis</span> <span class='ocrx_word' id='word_1_2142' title='bbox 2006 3537 2120 3566; x_wconf 85' lang='lat' dir='ltr'>Difficile</span> <span class='ocrx_word' id='word_1_2143' title='bbox 2140 3541 2176 3568; x_wconf 86' lang='lat' dir='ltr'>est</span> 
     </span>
    </p>
   </div>
   <div class='ocr_carea' id='block_1_30' title="bbox 0 3579 10 3624">
    <p class='ocr_par' dir='ltr' id='par_1_34' title="bbox 0 3579 10 3624">
     <span class='ocr_line' id='line_1_99' title="bbox 0 3579 10 3624; baseline 0 0"><span class='ocrx_word' id='word_1_2144' title='bbox 0 3579 10 3624; x_wconf 68' lang='grc' dir='ltr'><strong><em>ἶ</em></strong></span> 
     </span>
    </p>
   </div>
   <div class='ocr_carea' id='block_1_31' title="bbox 49 3568 2176 3682">
    <p class='ocr_par' dir='ltr' id='par_1_35' title="bbox 49 3568 2176 3682">
     <span class='ocr_line' id='line_1_100' title="bbox 53 3568 2175 3634; baseline 0.002 -35"><span class='ocrx_word' id='word_1_2145' title='bbox 53 3573 100 3634; x_wconf 61' lang='lat' dir='ltr'>qui</span> <span class='ocrx_word' id='word_1_2146' title='bbox 112 3580 160 3607; x_wconf 87' lang='lat' dir='ltr'>pro</span> <span class='ocrx_word' id='word_1_2147' title='bbox 173 3570 253 3597; x_wconf 89' lang='lat' dir='ltr'>salute</span> <span class='ocrx_word' id='word_1_2148' title='bbox 265 3569 307 3596; x_wconf 90' lang='lat' dir='ltr'>sua</span> <span class='ocrx_word' id='word_1_2149' title='bbox 321 3568 497 3603; x_wconf 85' lang='lat' dir='ltr'>gladiatoriam</span> <span class='ocrx_word' id='word_1_2150' title='bbox 510 3582 616 3609; x_wconf 85' lang='lat' dir='ltr'>operam</span> <span class='ocrx_word' id='word_1_2151' title='bbox 631 3574 792 3609; x_wconf 87' lang='lat' dir='ltr'>promiserat.</span> <span class='ocrx_word' id='word_1_2152' title='bbox 830 3574 929 3599; x_wconf 91' lang='lat' dir='ltr'>Votum</span> <span class='ocrx_word' id='word_1_2153' title='bbox 944 3572 1079 3607; x_wconf 86' lang='lat' dir='ltr'>reposcere</span> <span class='ocrx_word' id='word_1_2154' title='bbox 1141 3571 1219 3603; x_wconf 89' lang='lat' dir='ltr'>illud,</span> <span class='ocrx_word' id='word_1_2155' title='bbox 1233 3571 1336 3602; x_wconf 87' lang='lat' dir='ltr'>dicere,</span> <span class='ocrx_word' id='word_1_2156' title='bbox 1349 3569 1437 3596; x_wconf 80' lang='lat' dir='ltr'>claufit</span> <span class='ocrx_word' id='word_1_2157' title='bbox 1451 3579 1525 3604; x_wconf 89' lang='lat' dir='ltr'>opus.</span> <span class='ocrx_word' id='word_1_2158' title='bbox 1561 3568 1682 3603; x_wconf 77' lang='lat' dir='ltr'>substant.</span> <span class='ocrx_word' id='word_1_2159' title='bbox 1704 3569 1778 3608; x_wconf 84' lang='lat' dir='ltr'>Virg.</span> <span class='ocrx_word' id='word_1_2160' title='bbox 1792 3570 1856 3597; x_wconf 86' lang='lat' dir='ltr'>Aen.</span> <span class='ocrx_word' id='word_1_2161' title='bbox 1872 3579 1892 3604; x_wconf 95' lang='lat'>1,</span> <span class='ocrx_word' id='word_1_2162' title='bbox 1906 3579 1945 3604; x_wconf 83' lang='lat'>313</span> <span class='ocrx_word' id='word_1_2163' title='bbox 1965 3574 2101 3607; x_wconf 79' lang='lat' dir='ltr'>Quaerere</span> <span class='ocrx_word' id='word_1_2164' title='bbox 2114 3585 2175 3604; x_wconf 90' lang='lat' dir='ltr'>con-</span> 
     </span>
     <span class='ocr_line' id='line_1_101' title="bbox 71 3603 1809 3664; baseline -0.003 -30"><span class='ocrx_word' id='word_1_2165' title='bbox 71 3610 119 3634; x_wconf 75' lang='lat' dir='ltr'>ixit</span> <span class='ocrx_word' id='word_1_2166' title='bbox 131 3606 214 3643; x_wconf 75' lang='lat' dir='ltr'>paullo</span> <span class='ocrx_word' id='word_1_2167' title='bbox 228 3603 292 3640; x_wconf 79' lang='lat' dir='ltr'>post·</span> <span class='ocrx_word' id='word_1_2168' title='bbox 481 3604 501 3644; x_wconf 57' lang='lat' dir='ltr'><strong>ff</strong></span> <span class='ocrx_word' id='word_1_2169' title='bbox 521 3618 540 3642; x_wconf 88' lang='lat'>4</span> <span class='ocrx_word' id='word_1_2170' title='bbox 575 3611 736 3652; x_wconf 53' lang='lat' dir='ltr'>Exarninare,</span> <span class='ocrx_word' id='word_1_2171' title='bbox 749 3609 793 3645; x_wconf 80' lang='lat' dir='ltr'>fiu</span> <span class='ocrx_word' id='word_1_2172' title='bbox 812 3606 967 3641; x_wconf 66' lang='lat' dir='ltr'>Acstimaref</span> <span class='ocrx_word' id='word_1_2173' title='bbox 978 3607 1031 3641; x_wconf 77' lang='lat' dir='ltr'>siue</span> <span class='ocrx_word' id='word_1_2174' title='bbox 1051 3606 1079 3632; x_wconf 80' lang='lat' dir='ltr'>id</span> <span class='ocrx_word' id='word_1_2175' title='bbox 1091 3608 1123 3635; x_wconf 79' lang='lat'>93</span> <span class='ocrx_word' id='word_1_2176' title='bbox 1141 3607 1241 3639; x_wconf 86' lang='lat' dir='ltr'>stituit,</span> <span class='ocrx_word' id='word_1_2177' title='bbox 1256 3606 1387 3640; x_wconf 86' lang='lat' dir='ltr'>sociisque</span> <span class='ocrx_word' id='word_1_2178' title='bbox 1407 3605 1498 3632; x_wconf 66' lang='lat' dir='ltr'>exaeia</span> <span class='ocrx_word' id='word_1_2179' title='bbox 1518 3605 1626 3632; x_wconf 84' lang='lat' dir='ltr'>referre.</span> <span class='ocrx_word' id='word_1_2180' title='bbox 1645 3607 1663 3630; x_wconf 88' lang='lat' dir='ltr'>i.</span> <span class='ocrx_word' id='word_1_2181' title='bbox 1683 3606 1809 3664; x_wconf 63' lang='lat' dir='ltr'>rxguiltta.</span> 
     </span>
     <span class='ocr_line' id='line_1_102' title="bbox 49 3637 2176 3682; baseline -0.002 -12"><span class='ocrx_word' id='word_1_2182' title='bbox 49 3642 170 3680; x_wconf 72' lang='lat' dir='ltr'>pondere,</span> <span class='ocrx_word' id='word_1_2183' title='bbox 182 3642 222 3668; x_wconf 81' lang='lat' dir='ltr'>vel</span> <span class='ocrx_word' id='word_1_2184' title='bbox 239 3640 324 3676; x_wconf 68' lang='lat' dir='ltr'>regida</span> <span class='ocrx_word' id='word_1_2185' title='bbox 336 3637 455 3675; x_wconf 77' lang='lat' dir='ltr'>fiat,fiue</span> <span class='ocrx_word' id='word_1_2186' title='bbox 465 3640 517 3675; x_wconf 74' lang='lat' dir='ltr'>solo</span> <span class='ocrx_word' id='word_1_2187' title='bbox 529 3651 617 3671; x_wconf 78' lang='lat' dir='ltr'>mentis</span> <span class='ocrx_word' id='word_1_2188' title='bbox 629 3644 729 3671; x_wconf 76' lang='lat' dir='ltr'>iudtcro.</span> <span class='ocrx_word' id='word_1_2189' title='bbox 764 3644 906 3670; x_wconf 85' lang='lat' dir='ltr'>Columnas</span> <span class='ocrx_word' id='word_1_2190' title='bbox 921 3643 953 3670; x_wconf 89' lang='lat' dir='ltr'>ad</span> <span class='ocrx_word' id='word_1_2191' title='bbox 969 3651 1079 3682; x_wconf 76' lang='lat' dir='ltr'>perpcn-</span> <span class='ocrx_word' id='word_1_2192' title='bbox 1177 3648 1193 3667; x_wconf 79' lang='lat' dir='ltr'><strong>E</strong></span> <span class='ocrx_word' id='word_1_2193' title='bbox 1203 3647 1279 3668; x_wconf 83' lang='lat' dir='ltr'>xAC</span> <span class='ocrx_word' id='word_1_2194' title='bbox 1289 3648 1310 3667; x_wconf 85' lang='lat' dir='ltr'>T</span> <span class='ocrx_word' id='word_1_2195' title='bbox 1321 3647 1347 3667; x_wconf 82' lang='grc' dir='ltr'><strong>Ε.</strong></span> <span class='ocrx_word' id='word_1_2196' title='bbox 1369 3641 1437 3668; x_wconf 86' lang='lat' dir='ltr'>Adu.</span> <span class='ocrx_word' id='word_1_2197' title='bbox 1474 3642 1598 3668; x_wconf 86' lang='lat' dir='ltr'>Perorare</span> <span class='ocrx_word' id='word_1_2198' title='bbox 1611 3638 1699 3665; x_wconf 65' lang='lat' dir='ltr'>exaCIe</span> <span class='ocrx_word' id='word_1_2199' title='bbox 1730 3638 1801 3666; x_wconf 81' lang='lat' dir='ltr'>idon.</span> <span class='ocrx_word' id='word_1_2200' title='bbox 1817 3640 1861 3675; x_wconf 87' lang='lat' dir='ltr'>Ep.</span> <span class='ocrx_word' id='word_1_2201' title='bbox 1875 3648 1900 3676; x_wconf 91' lang='grc'>7,</span> <span class='ocrx_word' id='word_1_2202' title='bbox 1919 3651 1944 3675; x_wconf 89' lang='lat'>9.</span> <span class='ocrx_word' id='word_1_2203' title='bbox 1979 3644 2105 3681; x_wconf 65' lang='grc' dir='ltr'><strong>Ροῐῃροῃ,</strong></span> <span class='ocrx_word' id='word_1_2204' title='bbox 2120 3649 2176 3674; x_wconf 62' lang='lat' dir='ltr'>Me,</span> 
     </span>
    </p>
   </div>
   <div class='ocr_carea' id='block_1_32' title="bbox 1 3674 2175 3714">
    <p class='ocr_par' dir='ltr' id='par_1_36' title="bbox 1 3674 2175 3714">
     <span class='ocr_line' id='line_1_103' title="bbox 1 3674 2175 3714; baseline 0.001 -7"><span class='ocrx_word' id='word_1_2205' title='bbox 1 3683 5 3698; x_wconf 67' lang='lat'>&#39;=</span> <span class='ocrx_word' id='word_1_2206' title='bbox 54 3679 167 3707; x_wconf 86' lang='lat' dir='ltr'>diculum</span> <span class='ocrx_word' id='word_1_2207' title='bbox 176 3677 231 3705; x_wconf 73' lang='lat' dir='ltr'>Cic·</span> <span class='ocrx_word' id='word_1_2208' title='bbox 241 3677 317 3702; x_wconf 74' lang='lat' dir='ltr'>Verr·</span> <span class='ocrx_word' id='word_1_2209' title='bbox 333 3683 352 3707; x_wconf 79' lang='lat'>¹,</span> <span class='ocrx_word' id='word_1_2210' title='bbox 362 3682 400 3707; x_wconf 79' lang='lat'>¹33</span> <span class='ocrx_word' id='word_1_2211' title='bbox 413 3683 434 3701; x_wconf 73' lang='lat' dir='ltr'>C·</span> <span class='ocrx_word' id='word_1_2212' title='bbox 449 3682 483 3707; x_wconf 80' lang='lat'>5¹·</span> <span class='ocrx_word' id='word_1_2213' title='bbox 517 3678 596 3706; x_wconf 91' lang='lat' dir='ltr'>Ouid.</span> <span class='ocrx_word' id='word_1_2214' title='bbox 609 3681 682 3707; x_wconf 84' lang='lat' dir='ltr'>Rem.</span> <span class='ocrx_word' id='word_1_2215' title='bbox 691 3681 804 3714; x_wconf 80' lang='lat' dir='ltr'>Am.372</span> <span class='ocrx_word' id='word_1_2216' title='bbox 822 3679 861 3706; x_wconf 84' lang='lat' dir='ltr'>Ad</span> <span class='ocrx_word' id='word_1_2217' title='bbox 873 3686 996 3706; x_wconf 86' lang='lat' dir='ltr'>numeros</span> <span class='ocrx_word' id='word_1_2218' title='bbox 1003 3685 1079 3711; x_wconf 85' lang='lat' dir='ltr'>exige</span> <span class='ocrx_word' id='word_1_2219' title='bbox 1141 3677 1164 3703; x_wconf 90' lang='lat' dir='ltr'>la</span> <span class='ocrx_word' id='word_1_2220' title='bbox 1178 3686 1196 3707; x_wconf 88' lang='lat'>1,</span> <span class='ocrx_word' id='word_1_2221' title='bbox 1209 3687 1228 3710; x_wconf 90' lang='lat'>4</span> <span class='ocrx_word' id='word_1_2222' title='bbox 1241 3683 1305 3703; x_wconf 81' lang='lat' dir='ltr'>extr.</span> <span class='ocrx_word' id='word_1_2223' title='bbox 1326 3676 1404 3703; x_wconf 89' lang='lat' dir='ltr'>Nunc</span> <span class='ocrx_word' id='word_1_2224' title='bbox 1428 3675 1544 3704; x_wconf 64' lang='lat' dir='ltr'>exactius</span> <span class='ocrx_word' id='word_1_2225' title='bbox 1563 3684 1621 3701; x_wconf 83' lang='lat' dir='ltr'>oras</span> <span class='ocrx_word' id='word_1_2226' title='bbox 1634 3674 1747 3708; x_wconf 78' lang='lat' dir='ltr'>situsque</span> <span class='ocrx_word' id='word_1_2227' title='bbox 1761 3674 1866 3703; x_wconf 64' lang='lat' dir='ltr'>dicturo</span> <span class='ocrx_word' id='word_1_2228' title='bbox 1880 3677 1942 3704; x_wconf 88' lang='lat' dir='ltr'>inde</span> <span class='ocrx_word' id='word_1_2229' title='bbox 1955 3679 1990 3706; x_wconf 84' lang='lat' dir='ltr'>est</span> <span class='ocrx_word' id='word_1_2230' title='bbox 2003 3683 2175 3709; x_wconf 85' lang='lat' dir='ltr'>commodiffi-</span> 
     </span>
    </p>
   </div>
   <div class='ocr_carea' id='block_1_33' title="bbox 54 3709 2175 4025">
    <p class='ocr_par' dir='ltr' id='par_1_37' title="bbox 55 3709 2175 3750">
     <span class='ocr_line' id='line_1_104' title="bbox 55 3709 2175 3750; baseline 0.002 -9"><span class='ocrx_word' id='word_1_2231' title='bbox 55 3722 172 3750; x_wconf 86' lang='lat' dir='ltr'>quaeque</span> <span class='ocrx_word' id='word_1_2232' title='bbox 191 3713 257 3740; x_wconf 84' lang='lat' dir='ltr'>suos.</span> <span class='ocrx_word' id='word_1_2233' title='bbox 325 3711 397 3745; x_wconf 88' lang='lat' dir='ltr'>Opus</span> <span class='ocrx_word' id='word_1_2234' title='bbox 417 3709 448 3736; x_wconf 82' lang='lat' dir='ltr'>ad</span> <span class='ocrx_word' id='word_1_2235' title='bbox 461 3710 515 3737; x_wconf 84' lang='lat' dir='ltr'>suas</span> <span class='ocrx_word' id='word_1_2236' title='bbox 532 3714 600 3741; x_wconf 71' lang='lat' dir='ltr'>vires</span> <span class='ocrx_word' id='word_1_2237' title='bbox 617 3715 689 3742; x_wconf 85' lang='lat' dir='ltr'>Idem</span> <span class='ocrx_word' id='word_1_2238' title='bbox 707 3716 739 3742; x_wconf 88' lang='lat' dir='ltr'>de</span> <span class='ocrx_word' id='word_1_2239' title='bbox 751 3716 814 3741; x_wconf 92' lang='lat' dir='ltr'>Arte</span> <span class='ocrx_word' id='word_1_2240' title='bbox 825 3716 883 3741; x_wconf 85' lang='lat' dir='ltr'>Am.</span> <span class='ocrx_word' id='word_1_2241' title='bbox 899 3723 921 3746; x_wconf 92' lang='grc'>2,</span> <span class='ocrx_word' id='word_1_2242' title='bbox 935 3721 989 3746; x_wconf 86' lang='lat'>502.</span> <span class='ocrx_word' id='word_1_2243' title='bbox 1047 3714 1077 3739; x_wconf 76' lang='lat' dir='ltr'>Et</span> <span class='ocrx_word' id='word_1_2244' title='bbox 1140 3721 1213 3738; x_wconf 90' lang='lat' dir='ltr'>mum</span> <span class='ocrx_word' id='word_1_2245' title='bbox 1232 3712 1361 3746; x_wconf 86' lang='lat' dir='ltr'>incipere,</span> <span class='ocrx_word' id='word_1_2246' title='bbox 1375 3712 1443 3739; x_wconf 88' lang='lat' dir='ltr'>vnde</span> <span class='ocrx_word' id='word_1_2247' title='bbox 1463 3718 1559 3742; x_wconf 84' lang='lat' dir='ltr'>terras,</span> <span class='ocrx_word' id='word_1_2248' title='bbox 1571 3717 1616 3736; x_wconf 70' lang='lat' dir='ltr'>etc.</span> <span class='ocrx_word' id='word_1_2249' title='bbox 1653 3715 1677 3735; x_wconf 81' lang='lat' dir='ltr'>et</span> <span class='ocrx_word' id='word_1_2250' title='bbox 1690 3709 1759 3736; x_wconf 85' lang='lat' dir='ltr'>Gell.</span> <span class='ocrx_word' id='word_1_2251' title='bbox 1774 3719 1794 3743; x_wconf 87' lang='lat'>1,</span> <span class='ocrx_word' id='word_1_2252' title='bbox 1809 3719 1822 3744; x_wconf 88' lang='grc'>3</span> <span class='ocrx_word' id='word_1_2253' title='bbox 1852 3712 2031 3749; x_wconf 81' lang='lat' dir='ltr'>Anquisitius,</span> <span class='ocrx_word' id='word_1_2254' title='bbox 2049 3718 2175 3749; x_wconf 59' lang='lat' dir='ltr'>exactius.</span> 
     </span>
    </p>

    <p class='ocr_par' dir='ltr' id='par_1_38' title="bbox 55 3745 2079 3786">
     <span class='ocr_line' id='line_1_105' title="bbox 55 3745 2079 3786; baseline 0 -10"><span class='ocrx_word' id='word_1_2255' title='bbox 55 3750 132 3786; x_wconf 76' lang='lat' dir='ltr'>Epist.</span> <span class='ocrx_word' id='word_1_2256' title='bbox 145 3755 176 3782; x_wconf 90' lang='grc' dir='ltr'>ιι,</span> <span class='ocrx_word' id='word_1_2257' title='bbox 191 3753 204 3779; x_wconf 89' lang='lat'>8</span> <span class='ocrx_word' id='word_1_2258' title='bbox 224 3747 279 3782; x_wconf 90' lang='lat' dir='ltr'>Ipse</span> <span class='ocrx_word' id='word_1_2259' title='bbox 292 3746 362 3773; x_wconf 85' lang='lat' dir='ltr'>necis</span> <span class='ocrx_word' id='word_1_2260' title='bbox 376 3754 496 3780; x_wconf 88' lang='lat' dir='ltr'>cuperem</span> <span class='ocrx_word' id='word_1_2261' title='bbox 509 3748 608 3782; x_wconf 84' lang='lat' dir='ltr'>nostrae</span> <span class='ocrx_word' id='word_1_2262' title='bbox 622 3751 749 3786; x_wconf 60' lang='lat' dir='ltr'>speffiator</span> <span class='ocrx_word' id='word_1_2263' title='bbox 762 3750 864 3783; x_wconf 72' lang='lat' dir='ltr'>adesset,</span> <span class='ocrx_word' id='word_1_2264' title='bbox 900 3748 1077 3783; x_wconf 72' lang='lat' dir='ltr'>A116iorisque</span> <span class='ocrx_word' id='word_1_2265' title='bbox 1140 3747 1296 3782; x_wconf 69' lang='lat' dir='ltr'>pressiusque</span> <span class='ocrx_word' id='word_1_2266' title='bbox 1309 3747 1415 3774; x_wconf 79' lang='lat' dir='ltr'>diss&#39;erit.</span> <span class='ocrx_word' id='word_1_2267' title='bbox 1485 3747 1565 3773; x_wconf 87' lang='lat' dir='ltr'>Pascis</span> <span class='ocrx_word' id='word_1_2268' title='bbox 1579 3750 1606 3771; x_wconf 90' lang='lat' dir='ltr'>vt</span> <span class='ocrx_word' id='word_1_2269' title='bbox 1619 3745 1667 3779; x_wconf 86' lang='lat' dir='ltr'>qui</span> <span class='ocrx_word' id='word_1_2270' title='bbox 1680 3745 1836 3773; x_wconf 70' lang='lat' dir='ltr'>exafflffime</span> <span class='ocrx_word' id='word_1_2271' title='bbox 1849 3748 1938 3777; x_wconf 89' lang='lat' dir='ltr'>Sidon.</span> <span class='ocrx_word' id='word_1_2272' title='bbox 1951 3751 1997 3785; x_wconf 88' lang='lat' dir='ltr'>Ep.</span> <span class='ocrx_word' id='word_1_2273' title='bbox 2011 3760 2032 3785; x_wconf 78' lang='grc' dir='ltr'>ς,</span> <span class='ocrx_word' id='word_1_2274' title='bbox 2048 3762 2079 3779; x_wconf 86' lang='grc' dir='ltr'>ιι,</span> 
     </span>
    </p>

    <p class='ocr_par' dir='ltr' id='par_1_39' title="bbox 55 3779 2174 3819">
     <span class='ocr_line' id='line_1_106' title="bbox 55 3779 2174 3819; baseline 0.001 -7"><span class='ocrx_word' id='word_1_2275' title='bbox 55 3785 136 3812; x_wconf 67' lang='lat' dir='ltr'>oeulis</span> <span class='ocrx_word' id='word_1_2276' title='bbox 149 3784 296 3819; x_wconf 85' lang='lat' dir='ltr'>exigeretur</span> <span class='ocrx_word' id='word_1_2277' title='bbox 303 3783 384 3817; x_wconf 88' lang='lat' dir='ltr'>Opus.</span> <span class='ocrx_word' id='word_1_2278' title='bbox 454 3780 584 3809; x_wconf 74' lang='lat' dir='ltr'>Columel.</span> <span class='ocrx_word' id='word_1_2279' title='bbox 599 3793 618 3817; x_wconf 90' lang='lat'>1,</span> <span class='ocrx_word' id='word_1_2280' title='bbox 631 3791 644 3815; x_wconf 77' lang='lat'>8</span> <span class='ocrx_word' id='word_1_2281' title='bbox 670 3787 741 3813; x_wconf 88' lang='lat' dir='ltr'>Nam</span> <span class='ocrx_word' id='word_1_2282' title='bbox 754 3795 808 3813; x_wconf 91' lang='lat' dir='ltr'>non</span> <span class='ocrx_word' id='word_1_2283' title='bbox 821 3786 857 3812; x_wconf 84' lang='lat' dir='ltr'>est</span> <span class='ocrx_word' id='word_1_2284' title='bbox 870 3784 952 3811; x_wconf 86' lang='lat' dir='ltr'>nostri</span> <span class='ocrx_word' id='word_1_2285' title='bbox 966 3784 1131 3819; x_wconf 84' lang='lat' dir='ltr'>negotii,100</span> <span class='ocrx_word' id='word_1_2286' title='bbox 1174 3789 1190 3809; x_wconf 84' lang='lat' dir='ltr'>E</span> <span class='ocrx_word' id='word_1_2287' title='bbox 1199 3791 1216 3810; x_wconf 88' lang='lat' dir='ltr'>x</span> <span class='ocrx_word' id='word_1_2288' title='bbox 1226 3790 1273 3811; x_wconf 81' lang='lat' dir='ltr'>Ac</span> <span class='ocrx_word' id='word_1_2289' title='bbox 1283 3789 1305 3810; x_wconf 87' lang='grc' dir='ltr'>Τ</span> <span class='ocrx_word' id='word_1_2290' title='bbox 1315 3790 1335 3809; x_wconf 91' lang='grc' dir='ltr'><strong><em>ν</em></strong></span> <span class='ocrx_word' id='word_1_2291' title='bbox 1344 3791 1357 3810; x_wconf 88' lang='lat' dir='ltr'>s</span> <span class='ocrx_word' id='word_1_2292' title='bbox 1366 3803 1373 3815; x_wconf 96' lang='lat'>,</span> <span class='ocrx_word' id='word_1_2293' title='bbox 1393 3781 1431 3809; x_wconf 80' lang='lat' dir='ltr'>sis.</span> <span class='ocrx_word' id='word_1_2294' title='bbox 1450 3791 1484 3807; x_wconf 90' lang='lat' dir='ltr'>m.</span> <span class='ocrx_word' id='word_1_2295' title='bbox 1521 3779 1690 3815; x_wconf 59' lang='lat' dir='ltr'>[dno&#39;nfamt]</span> <span class='ocrx_word' id='word_1_2296' title='bbox 1726 3782 1775 3808; x_wconf 84' lang='lat' dir='ltr'>Pro</span> <span class='ocrx_word' id='word_1_2297' title='bbox 1787 3783 1948 3811; x_wconf 68' lang='lat' dir='ltr'>venditione.-</span> <span class='ocrx_word' id='word_1_2298' title='bbox 1982 3790 2021 3813; x_wconf 71' lang='grc' dir='ltr'>μία</span> <span class='ocrx_word' id='word_1_2299' title='bbox 2035 3798 2108 3818; x_wconf 78' lang='lat' dir='ltr'>merx,</span> <span class='ocrx_word' id='word_1_2300' title='bbox 2116 3787 2174 3814; x_wconf 85' lang='lat' dir='ltr'>dum</span> 
     </span>
    </p>

    <p class='ocr_par' dir='ltr' id='par_1_40' title="bbox 57 3813 2173 3856">
     <span class='ocr_line' id='line_1_107' title="bbox 57 3813 2173 3856; baseline 0.001 -9"><span class='ocrx_word' id='word_1_2301' title='bbox 57 3819 164 3847; x_wconf 78' lang='lat' dir='ltr'>alterum</span> <span class='ocrx_word' id='word_1_2302' title='bbox 178 3821 323 3854; x_wconf 88' lang='lat' dir='ltr'>imperare,</span> <span class='ocrx_word' id='word_1_2303' title='bbox 342 3824 367 3844; x_wconf 89' lang='lat' dir='ltr'>et</span> <span class='ocrx_word' id='word_1_2304' title='bbox 381 3817 491 3843; x_wconf 85' lang='lat' dir='ltr'>alterum</span> <span class='ocrx_word' id='word_1_2305' title='bbox 510 3816 610 3849; x_wconf 86' lang='lat' dir='ltr'>docere,</span> <span class='ocrx_word' id='word_1_2306' title='bbox 627 3822 794 3856; x_wconf 68' lang='lat' dir='ltr'>nequeenim</span> <span class='ocrx_word' id='word_1_2307' title='bbox 807 3822 878 3848; x_wconf 69' lang='grc' dir='ltr'>ηᾶε</span> <span class='ocrx_word' id='word_1_2308' title='bbox 891 3820 996 3855; x_wconf 84' lang='lat' dir='ltr'>exigere</span> <span class='ocrx_word' id='word_1_2309' title='bbox 1010 3829 1076 3854; x_wconf 88' lang='lat' dir='ltr'>opus</span> <span class='ocrx_word' id='word_1_2310' title='bbox 1139 3818 1270 3851; x_wconf 77' lang='lat' dir='ltr'>venditur,</span> <span class='ocrx_word' id='word_1_2311' title='bbox 1289 3821 1399 3855; x_wconf 80' lang='lat' dir='ltr'>exigitur</span> <span class='ocrx_word' id='word_1_2312' title='bbox 1419 3827 1434 3844; x_wconf 88' lang='lat' dir='ltr'>a</span> <span class='ocrx_word' id='word_1_2313' title='bbox 1452 3816 1535 3848; x_wconf 83' lang='lat' dir='ltr'>nobis,</span> <span class='ocrx_word' id='word_1_2314' title='bbox 1554 3814 1583 3841; x_wconf 79' lang='lat' dir='ltr'>id</span> <span class='ocrx_word' id='word_1_2315' title='bbox 1598 3813 1631 3848; x_wconf 78' lang='lat' dir='ltr'>est</span> <span class='ocrx_word' id='word_1_2316' title='bbox 1651 3819 1782 3844; x_wconf 72' lang='lat' dir='ltr'>emittitur.</span> <span class='ocrx_word' id='word_1_2317' title='bbox 1820 3820 1949 3852; x_wconf 63' lang='lat' dir='ltr'>Quinctil.</span> <span class='ocrx_word' id='word_1_2318' title='bbox 1994 3823 2040 3848; x_wconf 87' lang='lat' dir='ltr'>ecl.</span> <span class='ocrx_word' id='word_1_2319' title='bbox 2057 3832 2075 3854; x_wconf 88' lang='lat'>1,</span> <span class='ocrx_word' id='word_1_2320' title='bbox 2092 3831 2104 3848; x_wconf 87' lang='lat'><em>2</em></span> <span class='ocrx_word' id='word_1_2321' title='bbox 2131 3824 2173 3849; x_wconf 79' lang='lat' dir='ltr'>Sa-</span> 
     </span>
    </p>

    <p class='ocr_par' dir='ltr' id='par_1_41' title="bbox 59 3852 2170 3892">
     <span class='ocr_line' id='line_1_108' title="bbox 59 3852 2170 3892; baseline 0.001 -10"><span class='ocrx_word' id='word_1_2322' title='bbox 59 3855 134 3888; x_wconf 83' lang='lat' dir='ltr'>valet‚</span> <span class='ocrx_word' id='word_1_2323' title='bbox 150 3854 276 3891; x_wconf 87' lang='lat' dir='ltr'>qui‚quid</span> <span class='ocrx_word' id='word_1_2324' title='bbox 289 3860 333 3880; x_wconf 88' lang='lat' dir='ltr'>aut</span> <span class='ocrx_word' id='word_1_2325' title='bbox 351 3853 464 3888; x_wconf 88' lang='lat' dir='ltr'>qualiter</span> <span class='ocrx_word' id='word_1_2326' title='bbox 472 3852 621 3879; x_wconf 84' lang='lat' dir='ltr'>faciendum</span> <span class='ocrx_word' id='word_1_2327' title='bbox 634 3854 673 3888; x_wconf 83' lang='lat' dir='ltr'>lit,</span> <span class='ocrx_word' id='word_1_2328' title='bbox 687 3856 719 3883; x_wconf 87' lang='lat' dir='ltr'>ab</span> <span class='ocrx_word' id='word_1_2329' title='bbox 733 3857 851 3884; x_wconf 69' lang='lat' dir='ltr'>subie&amp;o</span> <span class='ocrx_word' id='word_1_2330' title='bbox 865 3856 949 3883; x_wconf 83' lang='lat' dir='ltr'>discit.</span> <span class='ocrx_word' id='word_1_2331' title='bbox 1004 3856 1076 3882; x_wconf 90' lang='lat' dir='ltr'>Huic</span> <span class='ocrx_word' id='word_1_2332' title='bbox 1139 3853 1288 3881; x_wconf 65' lang='lat' dir='ltr'>crosanetus</span> <span class='ocrx_word' id='word_1_2333' title='bbox 1299 3860 1430 3881; x_wconf 86' lang='lat' dir='ltr'>mercator</span> <span class='ocrx_word' id='word_1_2334' title='bbox 1443 3858 1620 3885; x_wconf 86' lang='lat' dir='ltr'>opportunum</span> <span class='ocrx_word' id='word_1_2335' title='bbox 1632 3852 1727 3879; x_wconf 84' lang='lat' dir='ltr'>mercis</span> <span class='ocrx_word' id='word_1_2336' title='bbox 1740 3853 1859 3880; x_wconf 64' lang='lat' dir='ltr'>exae&#39;uini</span> <span class='ocrx_word' id='word_1_2337' title='bbox 1874 3862 1939 3889; x_wconf 83' lang='lat' dir='ltr'>puto</span> <span class='ocrx_word' id='word_1_2338' title='bbox 1958 3857 2067 3883; x_wconf 85' lang='lat' dir='ltr'>inuenit.</span> <span class='ocrx_word' id='word_1_2339' title='bbox 2097 3858 2170 3892; x_wconf 85' lang='lat' dir='ltr'>Conf.</span> 
     </span>
    </p>

    <p class='ocr_par' dir='ltr' id='par_1_42' title="bbox 58 3887 2171 3928">
     <span class='ocr_line' id='line_1_109' title="bbox 58 3887 2171 3928; baseline 0 -9"><span class='ocrx_word' id='word_1_2340' title='bbox 58 3891 133 3927; x_wconf 71' lang='lat' dir='ltr'>operi</span> <span class='ocrx_word' id='word_1_2341' title='bbox 148 3890 273 3926; x_wconf 81' lang='lat' dir='ltr'>exigendo</span> <span class='ocrx_word' id='word_1_2342' title='bbox 293 3889 363 3924; x_wconf 78' lang='lat' dir='ltr'>quasi</span> <span class='ocrx_word' id='word_1_2343' title='bbox 388 3888 517 3924; x_wconf 88' lang='lat' dir='ltr'>quandam</span> <span class='ocrx_word' id='word_1_2344' title='bbox 537 3887 683 3916; x_wconf 87' lang='lat' dir='ltr'>machinam</span> <span class='ocrx_word' id='word_1_2345' title='bbox 697 3891 891 3919; x_wconf 87' lang='lat' dir='ltr'>fabricauerunt</span> <span class='ocrx_word' id='word_1_2346' title='bbox 904 3891 1035 3918; x_wconf 90' lang='lat' dir='ltr'>Columel.</span> <span class='ocrx_word' id='word_1_2347' title='bbox 1053 3900 1076 3924; x_wconf 88' lang='grc'>3,</span> <span class='ocrx_word' id='word_1_2348' title='bbox 1140 3892 1224 3917; x_wconf 79' lang='lat' dir='ltr'>Burm.</span> <span class='ocrx_word' id='word_1_2349' title='bbox 1240 3898 1264 3923; x_wconf 93' lang='lat' dir='ltr'>p.</span> <span class='ocrx_word' id='word_1_2350' title='bbox 1278 3892 1329 3916; x_wconf 79' lang='lat'>261.</span> <span class='ocrx_word' id='word_1_2351' title='bbox 1349 3896 1373 3915; x_wconf 83' lang='lat' dir='ltr'>et</span> <span class='ocrx_word' id='word_1_2352' title='bbox 1386 3889 1496 3922; x_wconf 78' lang='lat' dir='ltr'>Exigere</span> <span class='ocrx_word' id='word_1_2353' title='bbox 1510 3895 1607 3913; x_wconf 74' lang='lat' dir='ltr'>merces</span> <span class='ocrx_word' id='word_1_2354' title='bbox 1618 3896 1644 3913; x_wconf 83' lang='lat' dir='ltr'>n·</span> <span class='ocrx_word' id='word_1_2355' title='bbox 1660 3897 1677 3914; x_wconf 84' lang='grc' dir='ltr'>ι.</span> <span class='ocrx_word' id='word_1_2356' title='bbox 1731 3889 1785 3921; x_wconf 70' lang='lat' dir='ltr'>Sic,</span> <span class='ocrx_word' id='word_1_2357' title='bbox 1799 3890 1829 3916; x_wconf 88' lang='lat'>111</span> <span class='ocrx_word' id='word_1_2358' title='bbox 1847 3893 1973 3924; x_wconf 85' lang='lat' dir='ltr'>pecuniae</span> <span class='ocrx_word' id='word_1_2359' title='bbox 1992 3892 2097 3923; x_wconf 79' lang='lat' dir='ltr'>exac&#39;iu,</span> <span class='ocrx_word' id='word_1_2360' title='bbox 2110 3895 2171 3928; x_wconf 71' lang='lat' dir='ltr'>legit</span> 
     </span>
    </p>

    <p class='ocr_par' dir='ltr' id='par_1_43' title="bbox 59 3923 1906 3961">
     <span class='ocr_line' id='line_1_110' title="bbox 59 3923 1906 3961; baseline -0.001 -7"><span class='ocrx_word' id='word_1_2361' title='bbox 59 3935 94 3960; x_wconf 83' lang='lat'>13,</span> <span class='ocrx_word' id='word_1_2362' title='bbox 107 3935 137 3954; x_wconf 85' lang='grc' dir='ltr'>ιι.</span> <span class='ocrx_word' id='word_1_2363' title='bbox 205 3926 260 3953; x_wconf 90' lang='lat' dir='ltr'>Cic.</span> <span class='ocrx_word' id='word_1_2364' title='bbox 274 3926 344 3952; x_wconf 85' lang='lat' dir='ltr'>Fam.</span> <span class='ocrx_word' id='word_1_2365' title='bbox 357 3930 380 3957; x_wconf 85' lang='lat'>8,</span> <span class='ocrx_word' id='word_1_2366' title='bbox 393 3928 409 3951; x_wconf 95' lang='grc'><strong>6</strong></span> <span class='ocrx_word' id='word_1_2367' title='bbox 434 3925 511 3951; x_wconf 87' lang='lat' dir='ltr'>Nunc</span> <span class='ocrx_word' id='word_1_2368' title='bbox 525 3924 541 3950; x_wconf 79' lang='lat' dir='ltr'>si</span> <span class='ocrx_word' id='word_1_2369' title='bbox 557 3924 587 3950; x_wconf 92' lang='lat' dir='ltr'>ad</span> <span class='ocrx_word' id='word_1_2370' title='bbox 608 3923 681 3950; x_wconf 86' lang='lat' dir='ltr'>illam</span> <span class='ocrx_word' id='word_1_2371' title='bbox 700 3926 824 3953; x_wconf 86' lang='lat' dir='ltr'>summam</span> <span class='ocrx_word' id='word_1_2372' title='bbox 836 3929 976 3954; x_wconf 87' lang='lat' dir='ltr'>veritatem</span> <span class='ocrx_word' id='word_1_2373' title='bbox 991 3926 1077 3961; x_wconf 82' lang='lat' dir='ltr'>legiti-</span> <span class='ocrx_word' id='word_1_2374' title='bbox 1140 3926 1228 3952; x_wconf 78' lang='lat' dir='ltr'>Graeu.</span> <span class='ocrx_word' id='word_1_2375' title='bbox 1243 3928 1269 3950; x_wconf 86' lang='lat' dir='ltr'>in</span> <span class='ocrx_word' id='word_1_2376' title='bbox 1283 3925 1337 3951; x_wconf 91' lang='lat' dir='ltr'>Cic.</span> <span class='ocrx_word' id='word_1_2377' title='bbox 1352 3925 1422 3951; x_wconf 87' lang='lat' dir='ltr'>Fam.</span> <span class='ocrx_word' id='word_1_2378' title='bbox 1436 3931 1459 3956; x_wconf 82' lang='lat'>5,</span> <span class='ocrx_word' id='word_1_2379' title='bbox 1473 3931 1514 3948; x_wconf 88' lang='lat'>20.</span> <span class='ocrx_word' id='word_1_2380' title='bbox 1549 3924 1620 3955; x_wconf 82' lang='lat' dir='ltr'>Alii,</span> <span class='ocrx_word' id='word_1_2381' title='bbox 1640 3923 1669 3949; x_wconf 92' lang='lat' dir='ltr'>In</span> <span class='ocrx_word' id='word_1_2382' title='bbox 1684 3925 1791 3957; x_wconf 86' lang='lat' dir='ltr'>pecunia</span> <span class='ocrx_word' id='word_1_2383' title='bbox 1808 3925 1906 3953; x_wconf 69' lang='lat' dir='ltr'>exaCta.</span> 
     </span>
    </p>

    <p class='ocr_par' dir='ltr' id='par_1_44' title="bbox 54 3957 2172 4025">
     <span class='ocr_line' id='line_1_111' title="bbox 54 3957 2172 4024; baseline -0.001 -33"><span class='ocrx_word' id='word_1_2384' title='bbox 54 3970 125 3991; x_wconf 83' lang='lat' dir='ltr'>mum</span> <span class='ocrx_word' id='word_1_2385' title='bbox 138 3963 180 3990; x_wconf 91' lang='lat' dir='ltr'>ius</span> <span class='ocrx_word' id='word_1_2386' title='bbox 193 3961 328 4024; x_wconf 84' lang='lat' dir='ltr'>exegeris,1</span> <span class='ocrx_word' id='word_1_2387' title='bbox 335 3960 486 4024; x_wconf 86' lang='lat' dir='ltr'>1cauendum</span> <span class='ocrx_word' id='word_1_2388' title='bbox 502 3960 553 3987; x_wconf 84' lang='lat' dir='ltr'>tibi</span> <span class='ocrx_word' id='word_1_2389' title='bbox 565 3959 626 3993; x_wconf 86' lang='lat' dir='ltr'>erit,</span> <span class='ocrx_word' id='word_1_2390' title='bbox 640 3968 672 3986; x_wconf 86' lang='lat' dir='ltr'>nc</span> <span class='ocrx_word' id='word_1_2391' title='bbox 683 3968 776 3996; x_wconf 83' lang='lat' dir='ltr'>parum</span> <span class='ocrx_word' id='word_1_2392' title='bbox 787 3962 938 3997; x_wconf 77' lang='lat' dir='ltr'>simpliciter</span> <span class='ocrx_word' id='word_1_2393' title='bbox 950 3968 975 3990; x_wconf 81' lang='lat' dir='ltr'>et</span> <span class='ocrx_word' id='word_1_2394' title='bbox 989 3962 1122 3998; x_wconf 84' lang='lat' dir='ltr'>candi-105</span> <span class='ocrx_word' id='word_1_2395' title='bbox 1174 3967 1191 3988; x_wconf 77' lang='grc' dir='ltr'><strong>Ε</strong></span> <span class='ocrx_word' id='word_1_2396' title='bbox 1202 3967 1248 3988; x_wconf 74' lang='grc' dir='ltr'>ΧΑ</span> <span class='ocrx_word' id='word_1_2397' title='bbox 1257 3966 1356 4022; x_wconf 56' lang='grc' dir='ltr'>εΤοέ</span> <span class='ocrx_word' id='word_1_2398' title='bbox 1367 3980 1375 3991; x_wconf 92' lang='grc'>,</span> <span class='ocrx_word' id='word_1_2399' title='bbox 1394 3959 1456 3985; x_wconf 67' lang='lat' dir='ltr'>oris.</span> <span class='ocrx_word' id='word_1_2400' title='bbox 1477 3967 1512 3985; x_wconf 88' lang='lat' dir='ltr'>m.</span> <span class='ocrx_word' id='word_1_2401' title='bbox 1546 3957 1731 3996; x_wconf 64' lang='lat' dir='ltr'>[daupeins-op]</span> <span class='ocrx_word' id='word_1_2402' title='bbox 1767 3961 1819 3996; x_wconf 73' lang='lat' dir='ltr'>Qi</span> <span class='ocrx_word' id='word_1_2403' title='bbox 1830 3964 1917 3998; x_wconf 69' lang='lat' dir='ltr'>exigit.</span> <span class='ocrx_word' id='word_1_2404' title='bbox 1947 3961 2048 3994; x_wconf 85' lang='lat' dir='ltr'>Regum</span> <span class='ocrx_word' id='word_1_2405' title='bbox 2062 3961 2172 3989; x_wconf 71' lang='lat' dir='ltr'>exa&amp;or</span> 
     </span>
     <span class='ocr_line' id='line_1_112' title="bbox 198 3998 2169 4025; baseline 0.001 -3"><span class='ocrx_word' id='word_1_2406' title='bbox 198 4004 218 4025; x_wconf 91' lang='lat' dir='ltr'>v</span> <span class='ocrx_word' id='word_1_2407' title='bbox 227 4003 246 4025; x_wconf 94' lang='lat' dir='ltr'>o</span> <span class='ocrx_word' id='word_1_2408' title='bbox 254 4003 280 4023; x_wconf 82' lang='lat'>1..</span> <span class='ocrx_word' id='word_1_2409' title='bbox 349 4015 356 4022; x_wconf 94' lang='lat'>.</span> <span class='ocrx_word' id='word_1_2410' title='bbox 1371 4003 1386 4021; x_wconf 85' lang='lat' dir='ltr'>r</span> <span class='ocrx_word' id='word_1_2411' title='bbox 1403 4002 1418 4022; x_wconf 87' lang='lat' dir='ltr'>r</span> <span class='ocrx_word' id='word_1_2412' title='bbox 2107 3998 2169 4025; x_wconf 87' lang='lat' dir='ltr'>Liu.</span> 
     </span>
    </p>
   </div>
  </div>
 </body>
</html>
