2479 4225
433 201 696 243 DE'P

75 291 235 326 depfiticium
256 291 288 318 tic
308 290 406 323 facito,
427 298 534 322 manus,
556 291 711 318 mortarium
731 298 762 316 ue
781 289 848 315 bene
864 288 968 321 lanato,
987 288 1099 317 farinam

29 354 39 359 ..
75 327 105 354 in
122 327 278 354 mortarium
298 326 401 358 indito,
423 335 505 361 aquae
526 326 661 360 paullatim
677 325 708 352 ad
729 326 783 356 ito,
801 323 969 359 subigitoque
983 324 1099 358 pulchre.

75 362 124 389 vbi
136 361 201 388 bene
212 362 360 396 subegeris,
379 361 521 396 defingito,
541 362 700 397 coquitoque
712 359 759 386 sub
772 359 847 385 festu.

112 404 177 424 DEP
187 399 228 424 VB
238 404 298 429 ER,
330 398 370 423 vel
389 403 432 423 DE
442 404 456 423 ι’
466 398 548 423 VBIS
558 417 566 429 ,
600 393 707 430 [ἅνηέος]
742 393 836 421 dicitur
851 395 892 425 Is,
913 396 956 428 qui
969 393 1001 419 ad
1011 394 1099 429 puber-

72 436 137 459 tatis
144 442 220 458 annos
232 441 278 458 non
284 435 370 467 potuit
377 435 516 466 peruenire.
552 430 751 464 Hincdepubem
758 429 983 465 porcum,(inquit
991 430 1100 463 Festus‚)
1126 435 1140 462 ς

75 467 229 500 lactentem,
249 469 296 502 qui
307 466 457 502 prohibitus
471 467 500 494 fit
512 467 589 502 pubes
603 465 669 491 fieri.

110 510 128 529 D
137 509 153 529 E
162 509 177 529 1²
187 501 231 529 ΨΧ)
240 509 256 529 E
265 509 302 536 T,
335 503 390 534 uit,
423 507 474 529 ere.
517 498 681 536 [drudam]
729 498 847 526 Pudorem
870 499 982 526 abiicere.
1017 499 1097 527 Ouid.

75 537 152 571 Epist.
165 547 193 572 4,
209 546 248 571 ¹53
272 538 418 572 Depuduit‚
443 538 620 572 profugusque
638 534 723 569 pudor
742 536 786 561 sua
805 535 873 570 signa
889 536 1015 570 reliquit,
1038 536 1062 562 h.
1077 544 1097 561 e.

74 582 164 599 omnem
182 573 259 600 abieci
272 573 397 609 pudorem.
449 572 515 600 Add.
532 570 604 597 Idem
616 570 707 597 Amor.
721 578 741 601 3,
756 579 787 603 11,
804 579 823 603 4
848 571 878 597 Et
893 580 958 605 quae
971 570 1098 604 depuduit

75 607 162 639 ferre,
180 609 263 635 tulisse
276 608 363 643 pudet.
431 610 487 635 Sen.
501 605 531 632 de
544 605 770 639 Tranquil.Vitae
808 624 814 632 .
851 626 857 632 .
893 607 920 633 Si
932 606 1030 632 duritia
1042 606 1097 631 oris

73 643 121 670 ille
135 643 184 670 hoc
197 643 293 678 potuit,
314 645 359 679 qui
371 642 469 670 affiduis
481 640 605 668 conuiciis
619 641 749 675 depudere
764 640 900 668 didicerat.
936 640 1007 676 Conf.
1024 639 1098 667 idem

74 677 107 705 de
121 678 208 706 Const.
223 679 278 714 Sap.
298 688 364 714 «κη.
411 692 414 693 ⁷
433 674 549 711 Depttdet
567 677 691 702 interdum
700 675 850 712 ſsmplicitcr
864 676 912 710 est,
930 676 994 713 quod
1005 676 1097 703 Pudet:

74 714 142 741 Vell.
155 722 181 747 2,
195 721 234 748 73,
247 723 259 746 3
283 716 349 741 Cum
363 722 422 740 eum
431 720 484 739 non
498 710 649 745 depuderet.

109 756 127 775 D
136 756 205 775 Epv
215 755 233 775 n
244 757 259 776 ις
270 758 282 776 s
292 756 310 776 C
320 758 339 777 O
348 769 355 782 ,
381 749 411 775 is.
459 753 497 772 tuo
511 746 568 782 vfiaes
582 745 614 780 est
628 746 784 778 Hieronym.
797 748 830 774 ad
842 746 962 774 Eustoch.
982 747 1045 773 Non
1057 746 1099 773 de-

71 783 183 818 pudesco
203 784 363 812 infelicitatis
378 790 458 809 meae.

71 819 174 854 publici
189 820 326 854 spectaculi
339 816 544 853 depudescerem.

109 860 127 880 D
136 861 152 881 E
161 862 176 881 1>
185 863 204 881 v
214 863 231 882 D
241 857 251 882 i
261 862 279 882 c
289 862 322 886 o,
345 858 395 880 are.
431 851 586 887 [ἐνωγνεύω]
616 859 666 888 pro
686 853 820 888 stuprare,
844 852 902 888 vfiaes
919 850 952 885 est
973 852 1099 880 Laberius

70 888 99 917 in
113 890 204 917 Mimis
216 910 224 922 ,
242 888 299 923 teste
312 888 396 915 Gellio
411 890 448 920 16,
461 896 478 922 7
490 895 535 923 pr.

108 933 126 952 D
135 933 150 952 Ε
159 933 202 952 Pv
211 931 232 952 G
243 930 264 952 N
277 930 296 951 ο
306 944 315 956 ,
334 927 383 949 ire.
422 922 647 956 [κατοιμοέχομαι]
683 925 795 959 Pugnare
809 922 974 955 vehementer,
989 929 1099 959 pugnam

70 959 237 988 decretoriam.
760 958 765 963 '

70 1003 139 1022 vata.
210 995 263 1022 Cic.
280 1003 327 1028 pro
342 994 454 1020 Caecina
479 1003 500 1020 c.
515 996 544 1020 16
575 994 639 1020 Non
658 994 708 1020 erit
726 1002 773 1019 cur
790 992 939 1028 depugnare
959 1003 1099 1029 quisquam

89 1031 175 1058 osthac
188 1028 338 1066 poffeffionis
351 1030 425 1055 causa
437 1029 518 1062 velit,
538 1029 581 1055 sed
600 1038 632 1055 ne
652 1028 718 1055 illud
735 1028 860 1064 quidem,
879 1038 926 1055 cur
943 1038 1096 1064 repugnare.

69 1040 143 1093 {dem
159 1074 204 1101 pro
217 1065 297 1092 Planc.
318 1073 348 1097 93
373 1073 393 1090 c.
407 1069 434 1096 38
463 1064 489 1091 Si
508 1066 608 1099 semper
624 1073 683 1090 cum
701 1064 750 1096 iis,
774 1065 933 1099 quibuscum
954 1065 1098 1101 aliquando

70 1101 264 1132 contendimus,
283 1099 479 1135 depugnemus:
505 1100 534 1126 de
546 1099 645 1136 forensi
659 1103 822 1126 contentione.

69 1145 164 1171 guare,
187 1135 239 1163 vid.
258 1142 272 1162 P
280 1142 297 1161 E
306 1141 324 1161 R
334 1142 350 1161 E
362 1142 383 1162 G
392 1142 409 1161 R
418 1142 444 1162 E.

75 219 131 244 101

890 1102 999 1135 Peregre
1018 1101 1098 1136 depu-

516 1136 641 1169 Depugna
654 1135 757 1169 potius,
776 1144 855 1170 quani
866 1136 963 1162 seruias
979 1137 1033 1163 Cic.
1044 1139 1096 1163 Att.
1108 1145 1136 1172 25

70 1179 98 1207 7,
118 1180 142 1206 7.
209 1170 318 1197 Collatis
336 1170 412 1204 signis
431 1170 578 1205 depugnare
596 1171 677 1197 Plaut.
691 1170 774 1197 Calin.
794 1179 825 1203 2,
846 1178 859 1204 5
877 1177 941 1198 extr.
1013 1173 1098 1199 Verfis

69 1206 162 1242 gladiis
174 1205 321 1240 depugnare
338 1206 410 1232 Idem
423 1206 507 1232 Calin.
521 1215 546 1238 2,
559 1213 582 1238 ς,
594 1209 633 1237 36.
671 1207 748 1238 Item,
768 1207 924 1240 Depugnare
943 1207 1014 1233 classe
1033 1208 1099 1234 Plin.

69 1249 98 1277 7,
111 1244 148 1273 56.
197 1242 362 1275 Depugnauit
375 1250 433 1267 cum
447 1242 524 1267 Gallo
537 1241 605 1275 apud
621 1241 749 1267 Anienem
763 1249 920 1276 prouocatus
932 1243 1100 1277 Torquatus,

68 1276 207 1312 voluptatis
220 1278 293 1302 causa
312 1278 367 1303 Cic.
381 1277 413 1303 de
428 1277 484 1303 Fin.
497 1285 520 1309 3,
534 1284 574 1311 73.

67 1321 90 1340 e.
105 1320 140 1347 17.
171 1331 175 1338 ,
203 1313 357 1346 Depugnant
371 1313 440 1339 inter
453 1313 478 1338 se
490 1313 562 1338 ferro
576 1312 646 1339 Hirt.
660 1313 687 1339 B.
700 1312 784 1339 Afric.
821 1332 829 1339 .

68 1356 94 1380 2,
105 1356 130 1380 2,
142 1355 176 1380 24
197 1349 251 1381 Qu
266 1347 347 1374 homo
366 1357 425 1374 cum
445 1348 534 1374 animo
549 1347 609 1373 inde
628 1347 660 1374 ab
672 1348 779 1374 incunte
797 1353 880 1375 aetate
894 1348 1024 1383 depugnat
1042 1351 1105 1377 suo:

68 1382 203 1417 Depugnat
223 1383 342 1418 voluptas
363 1392 421 1409 cum
439 1382 571 1410 honestate
591 1383 646 1410 Cic.
666 1383 745 1409 Acad.
759 1392 787 1416 4,
806 1392 863 1416 140.
934 1384 1000 1411 Plin.
1018 1393 1064 1418 21,
1084 1391 1098 1416 8

67 1418 141 1444 Paria
153 1427 219 1444 nunc
233 1425 425 1454 componuntur
434 1439 442 1450 ,
461 1424 487 1444 et
504 1425 597 1445 natura
614 1424 693 1453 atque
706 1418 810 1445 luxuria
823 1419 978 1454 depugnant.
1049 1421 1100 1447 De-

62 1455 180 1487 Pugnare
192 1454 293 1486 feram,
313 1463 379 1489 quae
392 1454 497 1488 regioni
512 1460 588 1481 nocet
617 1454 722 1488 leian.
735 1454 752 1480 l.
772 1463 782 1480 1
806 1453 829 1491 §.
849 1454 891 1481 sed
903 1455 922 1482 fi
934 1456 993 1490 quis
1005 1464 1100 1490 operas

65 1487 97 1514 D.
111 1487 142 1514 de
155 1489 319 1523 postulando.
373 1489 413 1516 Ad
428 1489 628 1524 depugnandum
646 1490 706 1524 cogi
725 1490 815 1524 Nepos
828 1499 854 1523 2,
862 1500 890 1524 4,
905 1501 933 1525 4.
1002 1492 1102 1526 Copiae
1112 1506 1139 1533 33

62 1531 165 1558 paratae
178 1524 210 1551 ad
223 1524 425 1559 depugnandum
438 1526 495 1552 Cic.
509 1526 580 1551 Fam.
593 1527 619 1558 6,
632 1533 658 1558 4-
729 1525 775 1551 Sil.
796 1534 839 1557 10,
853 1533 904 1560 475
925 1527 1042 1559 Qiinam
1055 1527 1102 1554 ille

67 1558 184 1586 finistrae
198 1559 327 1594 depugnet
339 1561 420 1587 morti
435 1560 548 1587 iuuenis.
743 1558 763 1597 ff
784 1569 800 1586 2
841 1562 875 1587 Vt
894 1561 1035 1595 dimicare,
1050 1570 1101 1598 pro

25 1604 27 1606 ·
64 1594 209 1628 periclitari
217 1599 340 1631 ponitur,
352 1595 392 1629 fic
406 1596 570 1631 Depugnare.
639 1595 705 1621 Plin.
721 1597 794 1628 36,1;
814 1596 832 1621 s.
844 1604 879 1628 24
899 1596 928 1622 de
941 1598 1101 1632 Amphithea-

62 1635 104 1656 tro
116 1630 247 1663 Curionis,
267 1632 340 1664 Ecce,
351 1631 464 1665 Populus
478 1632 610 1657 Romanus
622 1631 769 1662 vniuersus,
783 1631 855 1657 velut
874 1631 975 1657 duobus
988 1632 1102 1666 nauigiis

645 1278 800 1311 Depugnare
820 1278 894 1305 fen-o
912 1278 968 1304 Cic.
983 1279 1065 1306 Tusc.
1081 1288 1098 1306 2

64 1664 211 1699 impositus,
221 1666 292 1693 binis
310 1667 461 1693 cardinibus
477 1666 632 1697 sustinetur,
649 1671 674 1691 et
694 1666 719 1691 se
735 1665 821 1704 ipsum
840 1666 1030 1700 depugnantem
1049 1669 1102 1701 spe·
1113 1681 1150 1705 40

66 1699 133 1731 fiat,
153 1701 283 1735 periturus
295 1709 431 1728 momento
443 1702 535 1735 aliquo
550 1701 644 1726 luxatis
656 1699 793 1726 machinis.
827 1715 873 1721 —
909 1702 977 1727 Vera
989 1711 1103 1736 namque

66 1735 252 1762 confitentibus
272 1737 384 1771 Populus
404 1738 537 1763 Romanus
561 1735 667 1762 funebri
688 1743 797 1761 munere
820 1734 852 1761 ad
870 1736 1003 1761 tumulum
1020 1737 1102 1769 patris

65 1769 122 1796 eius
137 1770 294 1805 depugnauit
308 1772 455 1799 vniuersus.

54 1830 56 1833 .
100 1811 145 1830 DE
153 1812 168 1830 P
177 1811 197 1829 ν
207 1811 227 1830 G
238 1812 260 1830 N
269 1813 291 1831 A
301 1812 323 1831 T
333 1813 354 1831 ν
362 1813 390 1831 R.
439 1804 547 1837 Impers.
584 1802 802 1836 [καταμάχεται]
838 1802 904 1827 Plin.
919 1811 960 1834 12,
979 1809 988 1828 1
1017 1804 1103 1838 Depu-

62 1843 157 1871 gnatur
178 1839 325 1864 mensuram
346 1838 516 1864 secundarum
538 1837 612 1862 causa
637 1844 697 1861 cum
720 1836 793 1862 feris.

63 1872 237 1899 Calend.1an.
255 1873 307 1899 erit
326 1872 430 1898 fortafl‘e
448 1870 598 1906 praesidio:
631 1876 675 1896 aut
695 1870 802 1904 quidem
821 1876 880 1897 ante
899 1872 1101 1907 depugnabitur.

60 1907 243 1942 Depugnatum
256 1907 458 1943 haudquaquam
473 1905 615 1932 certamine
626 1905 750 1939 ambiguo
762 1906 822 1932 Liu.
836 1914 861 1941 7,
897 1927 903 1932 .
938 1927 945 1934 .

96 1950 119 1971 ‚D
128 1951 144 1970 E
155 1950 170 1970 Ρ
181 1951 201 1970 V
209 1950 230 1970 G
241 1951 263 1970 N
271 1951 293 1970 A
302 1949 323 1969 Τ
333 1950 353 1969 V
362 1950 374 1970 S
382 1963 391 1975 ‚
416 1951 449 1975 a,
468 1951 522 1968 um.
556 1941 649 1967 Partic.
685 1941 978 1977 [καταμεμαχεσμὲνος]
1013 1943 1096 1972 Plaut,

66 1979 137 2006 Men.
147 1987 169 2011 ς,
177 1981 203 2010 6,
216 1988 241 2012 31
264 1978 312 2005 Sed
323 1984 424 2011 metuo,
435 1987 468 2004 ne
481 1978 538 2004 sero
550 1977 672 2008 veniam,
689 1976 836 2010 depugnato
850 1977 957 2011 praelio.

101 2021 119 2041 D
128 2021 144 2040 E
154 2020 170 2040 ι’
183 2021 203 2040 ν
212 2020 322 2041 GNAT
332 2021 342 2040 1
353 2020 372 2041 0
384 2033 394 2046 ,
414 2014 482 2040 onis.
507 2013 527 2038 f.
563 2012 612 2038 Iul.
626 2011 732 2037 Firmic.
747 2012 775 2038 in
788 2013 871 2047 praef.
885 2022 903 2046 4
923 2014 953 2039 In
969 2012 1027 2040 otio
1040 2023 1102 2041 con·
1112 2028 1145 2053 50

62 2049 182 2082 stitutus,
202 2056 227 2076 et
243 2048 385 2076 forensium
398 2050 572 2075 certaminum
585 2046 823 2081 depugnationibus
837 2049 972 2075 liberatus
1042 2051 1101 2077 Vna

63 2085 222 2119 depugnatio
234 2085 270 2111 est
282 2085 371 2111 fronte
386 2085 467 2118 longo
473 2084 546 2109 Cato
558 2089 597 2117 ap.
606 2082 678 2108 Non.
691 2090 715 2114 3,
727 2087 766 2115 89.
787 2084 820 2110 al.
835 2084 1001 2118 repugnatio,
1030 2084 1099 2114 Add.

64 2122 156 2155 Veget.
169 2129 192 2154 3,
203 2129 245 2147 20.
300 2119 417 2146 Tertull.
433 2119 465 2144 de
477 2117 561 2152 Speel.
581 2127 602 2143 c.
619 2122 651 2146 18.

99 2154 121 2183 ‘n
130 2162 169 2182 ΕΡ
179 2162 200 2181 v
211 2163 233 2183 G
241 2162 264 2182 N
272 2162 295 2182 A
304 2161 327 2182 ‘r
338 2162 400 2189 0R,
425 2154 487 2182 oris.
524 2162 559 2180 m.
597 2151 664 2179 Idem
677 2161 706 2178 ac
720 2153 804 2189 Pugil.
839 2154 894 2181 ICt.
909 2153 976 2181 Cod.
1014 2174 1020 2182 .

102 2198 122 2217 D
130 2198 170 2218 ΕΡ
180 2198 200 2218 ν
209 2198 226 2217 1.
237 2198 251 2217 P
262 2198 281 2218 o
289 2210 298 2223 ‚
317 2194 369 2218 are.
405 2188 547 2225 οἰποσαρκῶ,
566 2187 644 2215 Gloss:
658 2188 714 2215 Lat.
726 2188 772 2216 Gr.
808 2189 911 2226 Pulpam
922 2190 948 2226 s.
964 2199 1050 2217 carnes
1056 2175 1104 2218 'au-
1113 2204 1141 2232 55

58 2225 135 2262 ferre
155 2226 183 2252 de
201 2225 295 2262 offibus.
344 2256 350 2258 ,

100 2267 313 2293 nrrvrsm,
339 2267 529 2293 Drrvrso,
549 2264 778 2293 nmvnson,
798 2265 1005 2289 DEPVLSVS.
1041 2260 1102 2288 Vid.

65 2301 250 2326 DEPELLO.

102 2330 356 2364 DE'PVLVfflRO,
375 2335 430 2359 are.
467 2332 535 2358 Hinc

101 2374 144 2394 DE
152 2375 167 2394 P
178 2375 197 2393 ν
206 2375 222 2394 L
230 2375 250 2394 ν
258 2375 274 2395 E
285 2374 332 2394 RA
340 2375 362 2394 N
372 2374 385 2395 s
393 2387 400 2399 ‚
425 2368 502 2394 antis.
537 2366 630 2393 Partic.
665 2366 747 2394 Plaut.
758 2366 848 2402 Suppl.
861 2366 952 2394 Aulul.
966 2366 1013 2396 vlt.
1032 2376 1060 2395 v.
1073 2374 1101 2401 25
1113 2373 1149 2398 60

64 2403 89 2430 Ο
103 2403 172 2437 spes!
199 2404 224 2430 Ο
238 2412 284 2430 cor
298 2402 399 2430 ludium
413 2402 586 2438 depuluerans
598 2411 688 2429 mcum
701 2402 706 2429 l

99 2445 118 2464 D
127 2446 143 2465 Ε
153 2446 196 2465 PV
205 2441 255 2465 NG'
264 2445 283 2464 O
292 2458 300 2471 ‚
324 2441 377 2466 cre.
419 2440 475 2465 Hoc
488 2438 587 2465 verbum
605 2447 634 2464 ex
647 2439 722 2465 MSS.
737 2437 834 2465 Pithon·
846 2438 932 2465 Persio
945 2440 977 2470 6,
990 2443 1022 2472 78
1045 2437 1101 2464 red-

62 2473 130 2500 didit
149 2474 315 2509 Cafizubonus,
333 2474 475 2508 Depunge,
493 2473 542 2500 vbi
560 2473 659 2505 lissam,
675 2480 723 2508 pro
743 2475 786 2500 vul
803 2493 810 2499 .
827 2474 953 2508 Dcpinge.
996 2473 1101 2500 Videtur·

62 2517 143 2535 autem
156 2518 167 2534 e
181 2511 293 2536 literaria
302 2508 359 2535 'iudo
374 2516 398 2535 et
412 2507 609 2549 Grammatzstice
626 2508 751 2542 affitmtum
764 2511 786 2543 es
796 2509 807 2535 ὲ
820 2510 925 2539 verbum,
945 2515 974 2536 vt
986 2508 1048 2534 idem
1054 2509 1100 2543 stt,

61 2544 127 2580 quod
138 2547 323 2580 interpungere,
335 2543 547 2581 finem-affigimur
555 2547 719 2579 procum-enti
733 2547 856 2571 orationi:
881 2543 946 2580 quod
950 2544 1032 2581 facile
1041 2551 1101 2579 pro·
1111 2552 1143 2584 65

61 2580 166 2612 habunt,
188 2583 230 2615 qui
241 2579 377 2611 attendent,
392 2581 433 2606 hic
447 2579 475 2606 de
487 2583 590 2606 termino
599 2577 714 2614 ponendo
725 2579 894 2615 voluptatibus
901 2579 1036 2615 sermonem
1050 2578 1103 2613 ejffi',

63 2623 131 2674 giem
145 2618 187 2651 qui
193 2614 302 2648 statuit,
320 2615 384 2641 idem
400 2613 433 2648 cst
445 2616 589 2647 inuentor,
609 2615 767 2649 Chrfflppe,
787 2616 828 2642 tui
847 2621 873 2641 et
891 2615 982 2641 finitor
1000 2617 1099 2641 acerui.

64 2650 138 2684 *uod
150 2650 183 2676 ad
194 2650 281 2676 libram
297 2650 321 2685 s.
331 2649 454 2682 stateram
472 2653 582 2676 recurrit
596 2650 762 2685 Cafizubonus‚
777 2651 840 2676 mihi
859 2651 956 2686 quidem
973 2650 1103 2676 videbatur

63 2684 215 2719 impeditius.
253 2685 324 2718 Quod
336 2685 490 2717 Depungere
509 2687 582 2710 etiam
592 2685 765 2711 Tertulliano
779 2685 837 2712 adu.
849 2686 964 2716 Marc-2,
973 2691 990 2718 7
1001 2684 1100 2711 tribui-

926 1313 1097 1341 l'laut.Trin.
1107 1329 1140 1355 30

865 1837 920 1863 Cic.
936 1837 989 1863 Att.
1012 1841 1056 1871 16,
1078 1848 1101 1865 11
1112 1848 1145 1875 45

1567 200 1838 240 DER

2134 216 2199 244 102

1167 289 1263 316 frustra
1277 294 1380 325 egomet
1393 298 1497 350 metuit}
1514 288 1559 316 has
1577 290 1692 316 rationes
1709 287 1814 322 deputo.
1860 289 1907 316 Sed
1920 288 1952 322 ‘st
1964 294 1990 317 in
2003 294 2102 327 optimis
2115 290 2197 324 libris,

1167 326 1241 351 Puto.
1312 325 1440 359 Deputare
1455 325 1486 351 de
1500 325 1569 357 icto,
1589 330 1692 359 peccato
1704 324 1823 350 Tei-tull.
1837 323 1870 349 dc
1884 326 1960 351 l’oen.
1977 336 1998 352 c.
2012 335 2033 359 3.
2059 330 2076 353 i.
2087 333 2136 361 pro
2148 329 2196 354 tali

1167 360 1262 387 habere.
1511 369 1522 392 3
1559 359 1693 393 Postremae
1713 362 1802 385 aetatis
1815 358 1982 394 scriptoribus
2001 362 2033 395 est
2051 361 2197 394 Ddstuare,

1167 395 1288 432 (leogart,
1315 405 1333 422 e.
1347 404 1371 431 g.
1390 395 1455 430 apud
1468 396 1536 430 bulp.
1549 397 1635 423 Seuer.
1648 404 1674 428 2,
1687 403 1704 429 7
1729 395 1855 430 Deputari
1870 394 2006 429 leonibus,
2026 397 2059 430 cst
2074 399 2197 425 Damnari

1167 431 1199 456 ad
1211 429 1306 463 lustias.
1354 432 1386 456 Et
1399 439 1411 456 2
1421 431 1500 456 Maec.
1514 440 1531 463 4
1558 433 1588 457 In
1602 431 1668 458 alios
1681 431 1779 456 sumtus
1792 430 1920 464 deputari.

1203 472 1457 497 DEPVTATVS‚
1479 474 1508 496 a,
1529 475 1581 492 um.
1617 467 1710 494 Partic.
1748 465 1866 492 Macrob.
1881 466 1981 491 Saturn.
1993 473 2020 500 7,
2041 476 2071 501 ¹4
2096 469 2134 495 Ad
2154 469 2196 495 de.

1165 507 1280 535 putatam
1310 501 1359 527 libi
1377 509 1390 527 a
1410 506 1501 527 natura
1519 501 1603 527 sedem
1621 501 1724 537 proprii
1742 501 1827 527 sensus
1846 507 1993 527 recurrunt.
2069 504 2138 538 sulp,
2156 506 2196 529 se-

1165 545 1220 563 vcr.
1241 546 1265 568 1,
1284 543 1310 569 53
1335 535 1432 563 Turba
1451 537 1599 563 exercendis
1618 537 1785 571 colendisque
1803 537 1872 570 agris
1884 536 2014 570 deputata.
2067 539 2109 565 Sic
2123 541 2196 575 vulgo

1165 572 1307 605 Deputatos
1328 578 1433 604 vocant,
1450 573 1492 607 qui
1505 573 1619 609 Delegati
1633 572 1729 600 dicemli
1741 572 1813 609 sunt.
1854 571 1911 598 Vid.
1929 570 2010 605 Vorst.
2025 572 2054 598 de
2065 574 2196 601 lanMen

1125 619 1153 637 10
1164 608 1232 643 Susp.
1249 614 1277 642 p.
1294 616 1341 641 ¹50·

1200 647 1381 671 DEvam,
1401 642 1447 667 fre.
1484 641 1595 667 Caedere.
1631 639 1713 666 Lucil.
1750 660 1757 666 .
1793 660 1800 666 .
1837 641 1985 677 Palmisque
1998 642 2127 669 misellam
2147 643 2196 669 De-

1162 678 1238 712 puuit
1253 686 1311 707 me,
1327 676 1512 704 i.Verbera11it
1524 685 1578 702 me:
1599 676 1671 710 quod
1686 676 1770 710 ipsum
1782 684 1814 704 ex
1828 678 1928 705 Graeco
1941 678 1977 705 est
1989 679 2071 705 παίειν.
2101 677 2197 705 festus.

1169 713 1226 740 Vid.
1239 712 1340 748 Salmas:
1354 715 1381 738 in
1395 711 1476 738 Solin.
1495 721 1518 745 p.
1532 721 1569 744 4¹-
1606 711 1670 737 Edit.
1683 714 1796 739 iteratae.

1202 755 1219 775 D
1228 755 1243 774 Ε
1252 754 1266 772 r
1275 749 1300 773 γ’
1310 754 1330 774 G
1339 755 1348 774 1
1358 754 1381 778 s,
1390 756 1411 772 e.
1432 746 1492 772 Adi.
1514 748 1604 773 paruis
1611 748 1649 775 vel
1657 747 1730 772 nullis
1737 748 1844 776 vatibus.
1879 750 1946 777 Hor.
1956 750 2006 778 Sat.
2014 758 2035 783 ι,
2043 759 2069 785 2,
2075 759 2105 785 93
2114 752 2196 788 Depy.

531 783 597 808 Item.
606 782 682 817 Apul.
696 783 759 809 Met.
776 791 804 809 ιο
829 792 854 817 p.
868 790 927 815 253,
946 790 958 815 3
987 783 1101 810 Infamia
1128 793 1153 820 ις
1164 784 1218 819 gis,
1238 784 1344 816 nasuta,
1362 781 1439 809 breui
1459 782 1553 814 latere,
1575 791 1605 809 ac
1623 782 1688 817 pede
1707 783 1788 816 longo
1803 783 1848 811 est.

1542 855 1572 887 D
1666 855 1692 887 E

1791 857 1836 902 Q

1199 930 1218 951 D
1227 930 1244 950 ε
1253 930 1304 964 qv
1314 921 1358 950 ER
1368 931 1386 951 ο
1395 931 1413 951 R
1422 944 1431 956 ‚
1457 924 1523 951 estus
1542 925 1596 951 sum
1606 945 1615 957 ,
1646 924 1694 951 eri.
1732 924 1743 956 [
1755 926 1957 959 καταμέμφαμα.
1970 931 1982 962 ]
2029 929 2111 963 Idm,
2136 931 2201 969 quod

295 959 460 993 Depugnauit
472 959 581 985 Graecia
593 958 660 993 apud
673 959 801 985 Salamina
815 958 877 984 l'lin.
885 967 911 990 2,
920 966 946 991 ες
965 958 1035 999 cle-vi
1043 962 1100 995 pri-
1109 972 1144 991 20
1165 961 1268 995 Qteror.
1305 960 1394 987 Valer.
1412 961 1509 994 Argon.
1529 968 1550 992 ς,
1570 965 1622 993 448
1645 961 1712 985 Ante
1734 968 1825 985 omnes
1844 961 1928 987 secum
1947 963 2067 997 dequesta
2086 966 2199 994 labores,

1164 996 1225 1021 Stat.
1240 994 1330 1022 Theb.
1345 1004 1365 1027 1,
1378 1004 1433 1028 404
1453 996 1548 1035 Eadem
1566 995 1613 1021 sub
1629 994 1707 1021 noete
1722 995 1820 1034 soporat
1846 995 1940 1034 ‘Lustra
1956 999 2031 1031 terit,
2051 1001 2201 1038 similesque

1164 1031 1252 1057 Notos
1270 1029 1423 1065 dequestus,
1443 1037 1468 1057 et
1487 1030 1600 1063 imbres,
1625 1036 1670 1057 etc.
1725 1029 1792 1057 Add.
1813 1029 1915 1058 ibidem
1940 1041 1976 1064 11,
1995 1037 2056 1069 627.
2110 1038 2200 1067 Sidon,

1163 1067 1307 1101 Ep‘9'9'
1550 1104 1580 1135 D
1662 1103 1689 1135 E
1776 1104 1804 1136 R

1201 1173 1373 1204 ΒἘΚᾹΒΟ,
1397 1173 1415 1200 si
1424 1193 1432 1205 ‚
1458 1174 1529 1206 sum,
1550 1173 1603 1200 ere.
1640 1170 1768 1207 [οἷποξέω]
1805 1173 1929 1209 Simplicis
1935 1173 2118 1212 significationi
2130 1179 2203 1206 addit

1165 1208 1242 1239 illud,
1260 1208 1288 1235 de
1301 1218 1346 1244 quo
1359 1209 1457 1244 aliquid
1467 1208 1574 1236 radendo
1587 1207 1711 1243 aufertur.
1748 1210 1831 1243 Caput
1845 1215 1919 1236 tuum
1933 1210 2038 1238 deradat
2052 1213 2120 1240 Geli.
2129 1223 2165 1249 17,
2178 1224 2203 1247 9.

1165 1245 1262 1271 Comas
1280 1244 1357 1278 Apul.
1371 1245 1435 1270 Met.
1454 1253 1467 1277 ς
1496 1253 1520 1278 p.
1538 1252 1592 1279 172.
1637 1275 1644 1283 .
1664 1243 1774 1278 Vngulis
1795 1244 1920 1272 deraditis
1945 1247 2025 1273 latera
2043 1248 2205 1277 Christiano-

1165 1288 1225 1306 rum
1237 1279 1354 1306 Tertull.
1372 1280 1446 1314 Apol.
1467 1289 1487 1305 c.
1502 1287 1537 1307 12.
1607 1278 1724 1312 min-34,
1738 1287 1759 1305 ¹1
1787 1279 1909 1315 Namque
1924 1288 1949 1308 et
1965 1291 1981 1308 e
1994 1282 2090 1317 lapide,
2103 1293 2135 1311 ex
2148 1294 2204 1319 quo

1166 1315 1291 1349 coquitur
1301 1323 1355 1348 aes,
1374 1314 1518 1342 deraditur.
1572 1314 1639 1341 Cato
1658 1323 1680 1340 c.
1696 1323 1734 1340 121
1756 1315 1794 1341 De
1806 1316 1878 1350 virga
1891 1317 1960 1343 lauri
1972 1318 2100 1346 deradito.
2146 1321 2205 1347 Cel-

1166 1351 1207 1377 sus
1221 1358 1250 1383 5,
1286 1370 1292 1377 .
1331 1370 1338 1377 .
1374 1350 1422 1377 Sed
1437 1359 1469 1376 ne
1482 1350 1527 1376 illa
1542 1349 1650 1384 quidem
1664 1349 1827 1384 negligenda,
1840 1352 1886 1378 vbi
1901 1353 2002 1387 integra
2015 1360 2074 1381 cute
2091 1356 2207 1385 interior

1167 1395 1225 1422 pars
1238 1386 1328 1413 collisa
1341 1385 1394 1418 est,
1412 1393 1457 1412 aut
1469 1385 1516 1412 vbi
1530 1385 1649 1411 derasum
1663 1385 1727 1420 quid
1736 1404 1742 1415 ‚
1761 1387 1914 1414 attritumue
1928 1388 1972 1414 est.
2062 1415 2068 1417 .

1204 1427 1222 1447 D
1231 1428 1247 1448 E
1257 1427 1277 1447 R
1286 1421 1308 1448 A'
1318 1428 1331 1448 S
1340 1428 1361 1447 V
1371 1427 1385 1448 s
1394 1441 1403 1454 ,
1421 1430 1452 1454 a,
1472 1430 1526 1447 um.
1561 1421 1654 1447 Partic.
1691 1421 1788 1447 Omnia
1802 1421 1889 1449 derasa
1902 1429 1961 1450 ante
1973 1424 1989 1450 fl
2003 1425 2103 1459 capillis
2116 1433 2206 1455 conte-

1168 1463 1266 1491 guntur
1278 1456 1345 1483 Cels.
1358 1464 1385 1491 7,
1401 1459 1427 1483 6.
1481 1456 1528 1483 Pix
1541 1455 1653 1482 nauibus
1666 1455 1731 1483 Plin.
1747 1458 1782 1487 16,
1800 1465 1835 1483 12.
1890 1458 1993 1486 Surculi
2013 1461 2080 1487 Geli.
2093 1469 2132 1497 17,
2143 1471 2169 1495 9.

1203 1498 1273 1519 DER
1282 1499 1315 1519 131
1325 1499 1346 1518 Α
1355 1512 1364 1524 ,
1382 1501 1420 1519 ae.
1458 1492 1477 1518 f.
1515 1493 1634 1527 impetigo
1654 1491 1721 1526 apud
1732 1491 1851 1519 Medicas.

1203 1535 1223 1555 Ι)
1233 1533 1249 1553 E
1257 1535 1276 1554 R
1287 1534 1302 1555 Β
1312 1535 1321 1553 1
1331 1528 1349 1554 ὁ
1358 1535 1370 1554 s
1379 1535 1399 1554 ν
1408 1535 1421 1554 s
1430 1547 1438 1559 ‚
1458 1536 1482 1559 a,
1504 1536 1558 1553 uni.
1595 1526 1656 1552 Adi.
1692 1526 1786 1552 oetan.
1801 1528 1895 1554 Horat.
1906 1536 1928 1561 1,
1943 1537 1972 1556 ιο
1991 1530 2113 1559 Derbiofi
2126 1533 2208 1566 oculi,

1169 1571 1236 1598 quos
1253 1563 1456 1596 Impetiginosos
1481 1562 1601 1588 dicimus.
1691 1580 1692 1583 .

1204 1605 1223 1624 D
1232 1604 1248 1623 E
1258 1604 1277 1623 R
1286 1604 1302 1623 c
1311 1604 1327 1623 E
1336 1604 1356 1623 A
1366 1616 1373 1627 ,
1391 1605 1429 1622 ae.
1465 1597 1485 1623 f.
1523 1596 1607 1622 Herba
1619 1595 1785 1631 Apollinaris.
1823 1598 1899 1632 Apul.
1913 1598 1945 1624 de
1958 1599 2040 1626 Herb.
2060 1609 2081 1626 c.
2094 1609 2137 1628 22.

1206 1638 1276 1658 DER
1287 1637 1306 1657 C
1317 1628 1402 1664 ero,
1411 1631 1449 1657 fis.
1473 1632 1492 1657 f.
1529 1633 1624 1657 Nomen
1635 1631 1759 1657 cuiusdam
1773 1631 1846 1663 deae,
1865 1633 1892 1658 de
1908 1642 1955 1668 qua
1972 1635 2077 1662 Diodor.
2094 1645 2121 1668 3,
2157 1655 2164 1662 .
2202 1656 2209 1663 .

1171 1667 1245 1693 quta
1257 1666 1401 1702 Ascalonem
1419 1668 1486 1692 facus
1498 1664 1546 1699 esi,
1565 1666 1608 1691 vbi
1620 1667 1734 1700 templum
1752 1665 1857 1701 insignis
1870 1667 1941 1700 deae,
1960 1679 2031 1704 quam
2045 1671 2105 1704 Syri
2119 1678 2210 1699 vocant

1168 1701 1290 1736 Δερκετὼ,
1307 1701 1420 1728 muliebri
1424 1701 1522 1736 specie:
1542 1701 1660 1735 reliquum
1678 1709 1735 1726 vero
1753 1708 1842 1735 corpus
1854 1702 1943 1738 figura
1956 1705 2053 1740 piscis,
2072 1709 2141 1732 cidus
2154 1706 2211 1740 filia

1169 1736 1329 1768 Semiramis,
1351 1746 1365 1762 a
1382 1735 1499 1763 columbis
1518 1735 1619 1761 educata
1630 1734 1675 1768 fit.

1171 1778 1221 1795 cam
1237 1770 1292 1796 alio
1306 1771 1415 1797 nomine
1428 1772 1569 1805 Atargaten
1588 1770 1651 1796 dici.
1706 1770 1774 1797 Idem
1786 1771 1852 1798 dicit
1865 1773 1958 1801 Strabo
1973 1783 1998 1809 ι)-
2016 1777 2048 1802 ad
2062 1776 2106 1802 fin.
2149 1776 2209 1804 Vid.

1170 1810 1376 1831 ATERGATis.
1431 1807 1493 1834 Sunt
1501 1806 1564 1841 sane
1576 1807 1684 1831 nominis
1697 1809 1826 1842 utriusque
1840 1809 1920 1835 eadem
1933 1811 2063 1844 elementa,
2084 1811 2150 1848 quod
2160 1822 2211 1839 non

1168 1841 1303 1875 ignorant,
1319 1843 1366 1875 qui
1378 1844 1482 1867 orientis
1493 1843 1633 1877 linguarum
1647 1850 1695 1867 non
1704 1841 1766 1877 fiant
1778 1845 1899 1877 imperiti.

1205 1880 1223 1899 D
1232 1881 1248 1901 E
1259 1881 1277 1900 R
1287 1881 1303 1901 Ε
1314 1881 1330 1900 L
1340 1882 1379 1915 115
1388 1882 1437 1915 (gv
1445 1883 1463 1904 0
1471 1896 1480 1909 ,
1500 1876 1568 1911 iqui,
1589 1876 1682 1908 ictum,
1703 1879 1754 1903 ere.
1789 1881 1872 1915 Auget
1885 1881 2038 1915 aliquantum
2044 1879 2211 1917 significatio·

1169 1917 1222 1935 nem
1235 1909 1305 1937 verbi
1318 1910 1450 1946 Relinque
1460 1931 1467 1943 ‚
1486 1919 1508 1938 et
1520 1911 1648 1947 resspondet
1657 1911 1718 1946 fere
1731 1913 1821 1939 Graeco
1840 1913 2022 1946 ἓγκαταλείπωι
2043 1923 2072 1942 vt
2085 1917 2211 1953 intelliga·

1168 1951 1211 1971 tur
1224 1954 1291 1977 eum,
1310 1948 1353 1981 qui
1371 1946 1521 1982 relinquitur
1533 1951 1560 1972 in
1573 1948 1635 1972 malo
1648 1944 1699 1979 egffiv.
1741 1947 1798 1973 Cic.
1813 1957 1861 1982 pro
1873 1950 1985 1976 Caecina
2001 1959 2043 1982 103
2062 1960 2084 1977 c.
2098 1960 2126 1983 35
2145 1960 2212 1980 extr.

1170 1980 1335 2014 Derelinquo
1350 1981 1401 2008 iam
1417 1990 1583 2008 communem
1596 1982 1713 2013 causam,
1733 1983 1826 2016 Populi
1840 1985 1954 2010 Romani
1967 1985 2007 2010 ius
2019 1985 2048 2011 in
2061 1987 2146 2013 vestra
2158 1987 2211 2014 fide

1169 2023 1197 2040 ac
1211 2015 1341 2050 religione
1354 2016 1467 2051 depono.
1538 2016 1611 2043 Idem
1626 2017 1704 2042 Verr.
1718 2025 1731 2048 3
1746 2020 1780 2048 (1)
1801 2027 1846 2044 120
1868 2028 1889 2044 c.
1905 2027 1929 2051 51
1950 2020 2077 2047 Permulti
2094 2021 2212 2056 locuple-

1168 2055 1206 2077 tes
1222 2050 1342 2077 homines
1351 2072 1359 2084 ,
1376 2053 1464 2086 magni
1477 2058 1503 2079 et
1515 2052 1577 2078 naui
1591 2057 1706 2077 aratores
1717 2059 1793 2085 agros
1806 2052 1872 2079 latos
1889 2054 1981 2087 (hodie
1993 2056 2085 2092 legitur
2099 2057 2212 2090 Laetos)

1171 2091 1197 2111 et
1209 2085 1309 2113 fertiles
1323 2086 1485 2119 desererent,
1505 2093 1626 2120 totasque
1644 2083 1776 2113 arationes
1790 2087 2013 2124 derelinquerent.
2085 2092 2213 2121 Animum

1170 2120 1199 2147 in
1211 2121 1287 2155 graui
1304 2120 1489 2157 derelinquere
1504 2130 1586 2148 coeno
1600 2122 1686 2148 Catul.
1701 2129 1739 2156 17,
1753 2131 1792 2156 25.
2105 2142 2107 2145 -

1208 2162 1228 2182 D
1239 2163 1255 2182 E
1264 2163 1307 2182 RE
1315 2163 1332 2183 1.
1343 2163 1354 2182 1
1363 2163 1381 2184 c
1389 2164 1410 2183 T
1419 2164 1440 2183 ν
1449 2164 1462 2184 s
1471 2177 1479 2189 ,
1497 2166 1511 2183 a
1519 2177 1527 2189 ‚
1553 2166 1608 2183 um.
1644 2157 1737 2185 Partic.
1773 2159 1987 2196 [καταλειφθᾰς]
2022 2162 2089 2189 Plin.
2111 2172 2155 2197 10,
2176 2166 2213 2191 60

1168 2191 1252 2218 Vrina
1265 2191 1332 2218 fiunt
1348 2201 1399 2218 oua
1412 2192 1538 2219 derelicta
1551 2192 1730 2220 incubatione.
1801 2195 1856 2222 Cic.
1870 2197 1924 2223 Att.
1939 2202 1962 2230 8,
1977 2206 1986 2224 1
2013 2199 2085 2225 Haec
2104 2200 2200 2234 oppida

1170 2233 1249 2261 atque
1263 2236 1337 2254 oram
1350 2228 1512 2254 maritimam
1525 2228 1604 2255 illum
1617 2238 1666 2264 pro
1680 2229 1808 2257 derelictio
1824 2230 1930 2259 habere.
1955 2233 2094 2260 Iabolenus
2109 2235 2126 2260 l.
2140 2220 2215 2270 quod

1169 2263 1260 2289 seruus
1280 2263 1311 2288 D.
1329 2262 1361 2289 de
1383 2263 1495 2297 stipulat.
1509 2265 1609 2291 feruor.
1646 2264 1727 2297 Quod
1746 2266 1835 2293 seruus
1850 2267 1986 2302 stipulatus
1999 2269 2051 2303 est,
2071 2278 2150 2305 quem
2166 2271 2214 2298 do-

1170 2298 1257 2324 minus
1271 2307 1320 2333 pro
1332 2298 1460 2326 derelicto
1474 2298 1603 2332 habebat,
1623 2300 1724 2326 nullius
1744 2301 1780 2326 est
1793 2304 1922 2330 momenti
1937 2315 1943 2330 ε
1968 2304 2030 2340 quia
2044 2307 2091 2340 qui
2102 2306 2154 2332 Pro
2169 2306 2214 2333 de-

1169 2333 1264 2360 relic'm
1277 2343 1334 2360 rem
1348 2333 1442 2367 habet,
1463 2336 1538 2361 omni
1551 2335 1632 2362 modo
1649 2344 1664 2362 a
1675 2336 1700 2362 sc
1712 2336 1813 2364 reiecit.
1911 2340 1967 2366 Cic.
1990 2340 2019 2366 in
2033 2340 2113 2367 Catil.
2134 2350 2143 2368 1
2182 2349 2216 2375 25·

1169 2364 1191 2395 ἒ.
1207 2378 1235 2396 ιο
1262 2368 1364 2409 Nactus
1378 2369 1414 2396 est
1432 2378 1463 2396 ex
1476 2370 1601 2404 perditis,
1619 2377 1698 2405 atque
1713 2372 1746 2398 ab
1758 2373 1834 2400 omni
1853 2382 1908 2400 non
1926 2375 2007 2402 modo
2025 2362 2215 2409 fortuna‚'ve-

1169 2407 1229 2431 rum
1242 2410 1324 2431 etiam
1338 2404 1381 2439 spe
1395 2405 1528 2432 derelictis
1542 2407 1681 2433 conflatam
1695 2407 1881 2442 improborum
1894 2419 2009 2438 manum.
2079 2412 2214 2439 Incultum

1167 2445 1193 2466 et
1211 2439 1369 2466 dei-elifium
1386 2440 1472 2467 solum
1493 2441 1594 2476 Cic2de
1607 2442 1675 2469 Clar.
1690 2443 1764 2470 Orat.
1785 2447 1813 2470 16
1837 2453 1858 2470 c.
1874 2454 1901 2478 4.
1974 2445 2076 2472 Auctor
2094 2445 2125 2471 ad
2144 2446 2213 2474 Her.

1168 2484 1192 2508 3,
1206 2484 1231 2508 31
1251 2476 1318 2502 Item
1331 2476 1499 2503 commodius
1512 2477 1548 2503 est
1566 2477 1595 2504 in
1608 2477 1734 2505 derelicta
1742 2498 1751 2511 ,
1768 2488 1847 2514 quam
1862 2480 1891 2506 in
1905 2480 2003 2507 celebri
2016 2480 2125 2514 regione
2138 2481 2214 2509 locos

1167 2519 1226 2538 com
1246 2520 1328 2538 arare.

1204 2521 1248 2573 D}
1261 2553 1304 2573 RE
1313 2555 1329 2573 L
1339 2555 1348 2573 ι
1357 2554 1374 2574 c
1383 2554 1433 2574 Τν
1442 2554 1470 2578 s,
1490 2545 1529 2573 sis.
1549 2557 1584 2574 m.
1620 2547 1783 2581 [ὑπόληψις]
1819 2547 1888 2574 Geli.
1902 2557 1931 2582 4,
1943 2557 1971 2576 12
1989 2549 2050 2576 Siue
2063 2551 2123 2585 quis
2135 2551 2213 2579 arbo.

1168 2591 1225 2609 rem
1238 2582 1309 2608 suam
1322 2581 1481 2615 vineamque
1496 2582 1622 2608 habuerat
1636 2582 1786 2614 derelictui,
1799 2591 1853 2609 non
1864 2583 1891 2609 id
1905 2584 1957 2610 fine
1970 2593 2055 2618 poena
2069 2586 2131 2613 fuit.

1207 2623 1225 2643 D
1235 2623 1304 2643 ERE
1314 2623 1448 2643 L1c‘r1o
1458 2635 1466 2647 ‚
1485 2616 1551 2642 anis.
1571 2616 1591 2642 f.
1628 2616 1810 2651 [κατάληψις]
1847 2619 1902 2645 Cic.
1917 2619 1969 2646 Off.
1984 2628 1996 2652 3
2009 2630 2030 2647 c.
2044 2622 2061 2647 6
2080 2621 2129 2648 Sed
2143 2626 2215 2654 com}

1168 2653 1254 2678 munis
1268 2651 1390 2677 Vtilitatis
1402 2650 1541 2677 dereiiffio
1558 2657 1649 2677 contra
1662 2657 1782 2679 naturam
1796 2653 1832 2678 est
1846 2664 1852 2679 :
1889 2654 1925 2680 est
1943 2655 2016 2681 enim
2036 2656 2141 2683 iniusta.

1203 2693 1222 2712 D
1231 2693 1246 2712 b·
1254 2693 1273 2712 R
1282 2692 1298 2711 E
1306 2693 1321 2712 Ρ
1330 2692 1347 2712 Ε
1357 2692 1378 2711 N
1388 2692 1409 2710 T
1419 2692 1444 2712 Ε.
1465 2686 1533 2712 Adu.
1571 2686 1721 2720 [ἐξαίφνης]
1758 2689 1815 2713 Vna
1829 2688 1865 2714 est
1879 2688 1963 2716 dic‘tio
1976 2691 2021 2724 (vt
2033 2694 2071 2718 ait
2081 2692 2214 2725 Donatus)

1718 1736 1756 1761 De
1774 1736 1821 1762 hac
1840 1738 1906 1764 Plin.
1922 1746 1943 1771 5,
1957 1748 1980 1772 13
2000 1747 2024 1766 et
2037 1749 2066 1773 23
2089 1741 2133 1767 vbi
2146 1741 2211 1768 dicit

65 2726 125 2752 tur,
146 2719 207 2745 illud
224 2720 257 2745 ad
269 2719 402 2752 Dispungo
414 2721 542 2753 pertinet,
560 2727 585 2744 v.
599 2727 624 2743 o.

99 2760 167 2780 DEP
177 2760 297 2786 VRGO,
318 2759 370 2780 are.
397 2752 562 2789 [καθαρεύω]
597 2752 730 2785 Mandat-e,
746 2759 770 2780 et
782 2753 889 2780 nitidum
899 2753 995 2789 facere.
1033 2754 1099 2779 Cato

64 2798 86 2815 c.
102 2797 142 2815 112
174 2790 205 2814 Et
222 2789 239 2815 fi
254 2798 306 2823 qua
323 2788 396 2815 acina
417 2794 538 2822 corrupta
559 2794 651 2818 erunt,
671 2788 826 2823 depurgato.
898 2789 1002 2815 Colum.
1021 2797 1062 2819 ιε,
1081 2796 1098 2820 9

63 2824 156 2851 Cautes
175 2823 290 2850 la&11cae
309 2824 341 2850 ab
354 2825 410 2850 imo
424 2823 580 2858 depurgatos
592 2828 712 2854 eatenus,
731 2830 776 2850 etc.
809 2823 811 2825 ’
850 2824 916 2850 Cato
934 2832 955 2848 c.
971 2830 1008 2855 151
1028 2823 1100 2849 Ter-

62 2868 121 2886 ram
132 2868 193 2886 cum
207 2859 320 2885 stercore
334 2860 400 2886 bene
413 2859 596 2889 commisceto,
610 2857 754 2892 depurgato
766 2857 800 2885 ab
811 2858 909 2891 herba,
925 2857 1100 2892 graminibus-

65 2903 125 2929 que.
197 2894 275 2928 Qiali
297 2894 397 2921 malum
413 2894 483 2920 malo
501 2894 628 2928 depurges
647 2893 790 2920 Commod.
809 2893 884 2920 Instr.
907 2903 928 2919 c.
951 2896 982 2926 65
1014 2902 1039 2927 p.
1059 2901 1140 2931 9375

65 2931 148 2957 Plaut.
167 2930 246 2957 Sticn.
266 2939 297 2962 2,
315 2938 343 2961 3,
361 2938 393 2963 34
422 2929 479 2956 Alii
501 2929 580 2963 pisces
603 2928 761 2963 depurgate‚
779 2937 847 2964 quos
867 2929 980 2963 piscator
1001 2928 1099 2955 attulit.

65 2965 125 2993 Liu.
144 2974 191 2998 39,
208 2973 232 2998 35
263 2965 361 2992 Filium
381 2965 486 2999 mittere
503 2966 614 2991 Romam
635 2964 709 2991 sunul
734 2965 767 2991 ad
786 2964 952 2999 depurganda
973 2964 1100 2996 crimina,

65 3001 138 3028 simul
165 3001 198 3027 ad
222 3000 407 3036 deprecandam
431 3001 499 3027 iram
523 3001 630 3027 Senatus
651 3000 748 3026 statuit.
792 3001 867 3035 ,Atti
892 3000 986 3026 codices
1010 3000 1100 3028 habent

65 3036 209 3070 Purganda.

103 3078 121 3098 D
130 3079 146 3099 Ε
154 3079 168 3099 Ρ
177 3078 198 3097 ν
207 3079 226 3098 R
235 3078 255 3098 G
265 3078 286 3098 A
296 3078 317 3098 T
325 3078 346 3097 v
354 3078 366 3099 s
374 3091 382 3103 ,
399 3081 423 3104 a,
443 3080 498 3098 um.
534 3072 628 3098 Partic.
664 3070 759 3097 Caules
766 3070 881 3098 lactucae
889 3071 922 3098 ab
937 3071 992 3099 imo
1006 3070 1101 3106 depur-
1110 3081 1143 3107 30

66 3108 119 3143 gati
131 3107 235 3134 Colum.
250 3115 286 3138 12,
301 3116 327 3140 9.
352 3107 431 3134 Add.
444 3108 537 3134 Caton.
555 3107 587 3134 R.
601 3107 631 3133 R.
652 3116 673 3133 c.
691 3115 736 3133 112.

80 3147 84 3149 ·
102 3144 366 3169 DEPVRGATI'V
377 3149 434 3175 vs,
461 3152 491 3176 a,
521 3151 576 3169 um.
613 3141 676 3169 Adi.
711 3141 782 3169 Cael.
813 3141 903 3170 Aurei.
933 3143 1010 3168 Acut.
1029 3150 1053 3174 3,
1072 3144 1101 3169 16

67 3178 258 3212 Depurgatiuae
270 3177 377 3204 virtutis
391 3179 447 3204 else.

69 3220 121 3279 dja)
129 3219 145 3240 Ε
156 3220 170 3239 P
183 3219 202 3239 v
210 3220 230 3240 R
239 3213 356 3274 OHsorte
373 3214 472 3240 uerbum
479 3213 560 3250 ficit,
573 3212 639 3248 quod
642 3211 817 3249 fignificaret‚
832 3220 883 3249 pus
895 3215 1043 3250 exprimere,
1063 3214 1104 3240 ve1

121 3257 208 3284 ergere.
280 3258 322 3275 mc

1168 2720 1302 2747 aduerbiis
1320 2720 1540 2755 praepositionem
1559 2721 1697 2755 separatim
1716 2732 1770 2749 non
1789 2722 1919 2751 addimus.
1956 2725 2025 2753 Ter.
2045 2727 2109 2754 Hec.
2122 2736 2185 2762 4,1‚
2198 2736 2213 2760 3

1167 2758 1205 2782 Ita
1218 2756 1346 2789 corripuit
1356 2755 1496 2789 derepente
1509 2756 1602 2782 tacitus
1617 2757 1668 2783 sese
1682 2757 1714 2784 ad
1727 2758 1818 2785 filiam.
1889 2761 1946 2787 Cic.
1960 2770 2007 2795 pro
2021 2762 2109 2796 Ligar.
2125 2772 2148 2795 13
2162 2771 2183 2789 c.
2199 2770 2215 2796 ς

1168 2792 1216 2817 Τιι
1229 2791 1368 2824 derepente
1380 2791 1511 2824 irrupiffes
1519 2811 1527 2824 ‚
1548 2797 1573 2817 et
1586 2792 1699 2819 clamare
1712 2794 1842 2828 coepisses.
1914 2797 1989 2823 Alios
2003 2797 2213 2833 derepenteCar-

1167 2825 1341 2859 thaginienses
1355 2834 1401 2860 per
1414 2826 1511 2860 viginti
1524 2835 1605 2853 annos
1618 2828 1703 2855 edidit
1725 2830 1785 2856 Liu.
1801 2839 1835 2861 21,
1849 2839 1890 2864 41.
1961 2832 2017 2858 Cic.
2032 2833 2064 2859 de
2084 2834 2175 2860 Diuin.
2190 2843 2213 2867 1,

1167 2863 1203 2887 66
1222 2860 1270 2887 Sed
1293 2861 1357 2896 quid
1378 2862 1462 2888 oculis
1487 2871 1579 2896 rapere
1599 2863 1654 2890 visa
1677 2865 1713 2890 est
1734 2865 1874 2899 derepente
1893 2866 2071 2895 ardentibus?
2140 2869 2211 2896 Add.

1167 2897 1248 2959 {xiicim
1261 2897 1338 2924 Most.
1353 2906 1374 2929 1,
1389 2906 1412 2931 2,
1424 2904 1464 2933 57.
1484 2904 1507 2924 et
1520 2899 1591 2924 Men.
1600 2906 1623 2932 5,
1631 2907 1657 2932 2,
1674 2908 1709 2926 12.
1746 2902 1810 2928 Sunt
1821 2908 1912 2936 tamen,
1926 2907 1969 2939 qui
1980 2903 2078 2938 diuzjim
2085 2903 2211 2940 scribant.

1195 2943 1203 2958 1
1225 2953 1231 2959 .
1247 2939 1285 2959 DE
1305 2941 1331 2959 n.
1341 2941 1378 2959 10.

1204 2969 1500 2996 DEREPENTiNo.
1542 2969 1624 2996 Etiam
1644 2969 1711 3005 quafi
1729 2970 1837 2998 Aduerb.
1875 2973 1950 3007 Apul.
1971 2973 2071 3000 Florid.
2092 2983 2103 3006 3
2122 2984 2147 3008 p.
2168 2984 2210 3008 353

1154 3003 1241 3041 vQuid
1262 3003 1436 3038 derepentino
1454 3004 1487 3031 ab
1505 3003 1556 3031 hoc
1575 3005 1778 3039 splendidiffimo
1793 3008 1932 3042 conspe6tu
1953 3009 2038 3035 vestro
2052 3009 2212 3044 distulerim,

1167 3047 1214 3066 otc.
1252 3039 1325 3074 Cous.
1341 3039 1400 3065 ibid.
1412 3047 1440 3075 p.
1449 3044 1504 3074 365.
1540 3040 1587 3066 sca
1599 3039 1693 3067 refh'us
1705 3041 1848 3069 diuidimus.
1884 3044 1922 3070 De
1936 3045 2093 3078 Repentino.

1205 3082 1223 3101 D
1233 3080 1249 3101 Ε
1259 3078 1328 3101 RE?
1340 3080 1358 3101 Ο
1368 3095 1375 3105 ,
1397 3077 1450 3102 ere.
1487 3075 1644 3110 Cornpofitum
1671 3086 1699 3102 ex
1720 3077 1759 3103 De
1772 3084 1795 3103 et
1809 3078 1891 3112 Repo.
1927 3079 1991 3106 Plin.
2007 3085 2030 3112 8,
2042 3082 2074 3112 36
2091 3080 2210 3114 Ingredi-

2033 3114 2102 3143 Add.
2123 3117 2209 3142 Varro

1112 2730 1148 2758 70

1168 3117 1248 3136 untur
1262 3116 1286 3136 et
1300 3110 1417 3145 bipedes.
1451 3110 1585 3139 Arborem
1597 3111 1679 3139 auersi
1694 3111 1831 3147 derepunt.
1848 3114 1876 3139 de
1889 3113 1961 3148 vrfis.

1168 3153 1208 3182 af.
1223 3147 1294 3173 Non.
1311 3153 1352 3179 ις,
1367 3155 1402 3172 12.

1204 3187 1222 3207 D
1231 3188 1247 3207 E
1256 3189 1275 3208 R
1285 3189 1320 3209 1D
1329 3188 1346 3209 E
1355 3188 1373 3208 O
1383 3202 1391 3213 ‚
1415 3181 1434 3208 fi
1441 3201 1448 3212 ,
1474 3182 1531 3208 sum
1539 3201 1547 3214 ‚
1576 3186 1629 3209 ere.
1663 3182 1829 3216 [καταγελῶ
1852 3184 2037 3220 ἓκμυκτηρίζω]
2074 3186 2191 3220 Donatus
2200 3195 2209 3212 τ

1167 3216 1247 3243 Ridet
1261 3218 1308 3252 qui
1321 3217 1475 3251 simpliciter
1486 3217 1573 3245 ridet..
1600 3218 1720 3251 Deridet,
1729 3219 1841 3252 quicum
1853 3220 1959 3247 alterius
1972 3220 2092 3246 irrilione
2106 3226 2132 3246 et
2143 3230 2208 3247 con-

1112 3257 1142 3286 85
1168 3258 1251 3279 temtu
1265 3252 1342 3279 ridet.
1414 3254 1491 3279 Hunc
1513 3252 1684 3280 deridendum
1703 3254 1780 3280 vobis
1801 3256 1915 3289 praebeo
1932 3256 2046 3282 Terent.
2061 3256 2126 3282 Eun.
2141 3264 2164 3289 ς,
2178 3265 2208 3289 9,

107 3288 304 3323 DEngRArt
315 3289 351 3315 Ο,
370 3284 438 3311 onis.
473 3284 493 3311 f.
531 3283 600 3310 Cels.
635 3287 654 3310 ι’.
669 3284 783 3319 expreffi'o
792 3287 876 3320 puris.
1169 3296 1210 3323 57.
1283 3287 1443 3323 Loripedem
1463 3288 1548 3316 reditis
1569 3287 1702 3321 derideat,
1722 3289 1880 3324 Aethiopem
1895 3291 1967 3317 albus
1997 3291 2114 3317 quenal.
2127 3299 2151 3321 2,
2165 3300 2206 3323 23.

107 3322 270 3358 -DEPVT-o,
298 3324 348 3345 are.
386 3319 555 3355 [περικόπτω]
603 3319 709 3346 Verbum
728 3319 848 3353 rusticum
866 3326 891 3346 et
907 3321 1027 3356 agricolis
1041 3326 1101 3356 pro·
1169 3324 1225 3350 Cic.
1238 3325 1317 3351 Verr.
1330 3332 1353 3357 5,
1368 3333 1409 3356 103
1425 3333 1445 3350 c.
1460 3332 1490 3356 39
1519 3324 1642 3350 Derisum
1661 3324 1741 3351 credo
1759 3326 1807 3351 esse
1825 3326 1960 3352 hominem
1978 3331 2107 3352 amantem
2121 3335 2134 3352 a
2153 3327 2207 3354 suis

64 3358 161 3388 Prwm,
175 3353 296 3386 ’'estc-‘ando
304 3361 425 3390 purgare.
469 3356 534 3382 Cato
550 3364 572 3381 c.
587 3362 618 3387 50
644 3355 698 3383 Vbi
710 3356 815 3385 vineam
831 3355 1014 3391 deputaueris,
1031 3365 1101 3383 acer·
1167 3359 1331 3386 consiliariis.
1402 3359 1483 3386 Ouid.
1500 3359 1585 3385 Trist.
1599 3367 1621 3392 ς,
1637 3368 1658 3385 ιι
1677 3359 1805 3386 Derident
1819 3361 1906 3387 stolidi
1921 3360 2001 3386 verba
2014 3361 2094 3387 latina
2114 3362 2206 3389 Getae.

69 3396 133 3415 vum
154 3385 296 3422 lignorum,
315 3390 504 3425 virgarumque
523 3390 613 3416 facito.

71 3421 104 3449 de
120 3423 194 3449 Nuce
210 3423 248 3453 63.
271 3426 288 3449 i.
302 3435 382 3452 ramos
399 3427 508 3453 umbram
523 3427 659 3461 facientes.

64 3464 113 3494 ¹per
126 3457 310 3496 translationem
321 3459 353 3492 est
366 3461 479 3496 Censere,
499 3461 654 3494 exzstimare,
673 3461 791 3487 iudicare.

73 3502 102 3526 19
128 3491 342 3554 3³³¹341d·d¹&um
354 3496 432 3526 vobis
451 3503 515 3532 puto
529 3497 583 3523 iam
596 3503 674 3531 atque
691 3497 798 3533 deputo.

71 3536 105 3562 45
132 3538 159 3555 ex
203 3536 271 3559 celo,

175 3563 256 3603 Proin
268 3561 374 3602 yide,ne
388 3575 464 3600 quem
475 3572 504 3594 tu
516 3568 564 3594 esse
575 3567 696 3594 hebetem
709 3567 816 3603 deputes
828 3577 911 3604 aeque
923 3577 953 3596 ae
967 3578 1051 3605 pecus,

176 3599 200 3624 Is
220 3602 346 3633 iapientia
366 3602 499 3638 munitum(
511 3603 600 3638 peetus
619 3604 755 3638 egregium
770 3610 860 3639 gerat,

177 3633 274 3667 Teque
294 3641 375 3667 regno
394 3638 509 3672 expellat.
532 3668 534 3670 .

71 3669 183 3704 Deputat
196 3669 221 3694 se
234 3668 383 3703 indignam,
404 3672 478 3698 matri
491 3682 564 3700 meae
585 3683 652 3709 quae
669 3674 792 3701 concedat
812 3675 880 3702 Ter.
893 3676 958 3702 Hec.
973 3683 994 3707 3,
1012 3683 1036 3708 5,
1055 3682 1098 3709 27.

68 3704 143 3745 idem
159 3705 251 3743 ¹Heaut.
265 3713 291 3736 1,
311 3713 330 3736 ι,
345 3709 371 3735 83
398 3705 468 3732 Malo
485 3709 591 3742 quidem
611 3719 653 3736 mc
668 3709 778 3744 dignum
795 3711 893 3745 quouis
914 3711 1052 3746 deputem,
1071 3711 1098 3737 Si
1166 3715 1225 3748 le.
1240 3714 1268 3740 in
1280 3714 1298 3740 l.
1313 3714 1357 3740 sed
1368 3723 1401 3740 an
1412 3714 1483 3741 vltro
1498 3714 1529 3739 D.
1544 3713 1575 3738 de
1588 3711 1684 3745 Neget.
1698 3712 1758 3745 gest.

68 3739 98 3765 1d
116 3740 227 3778 faciam,
247 3746 292 3766 etc.
349 3739 463 3765 Laudans
477 3742 548 3783 'hunc-
561 3747 637 3771 locum
656 3745 711 3772 Cic.
726 3746 807 3772 Tusc.
821 3755 848 3778 3,
868 3748 898 3778 63
919 3756 941 3772 c.
956 3754 989 3780 27
1009 3745 1099 3778 addit,
1202 3756 1220 3776 D
1230 3757 1273 3777 ER
1283 3752 1296 3776 ῑ
1304 3756 1385 3780 svs,
1405 3758 1435 3782 a,
1453 3758 1506 3775 um.
1528 3747 1619 3773 Partic.
1656 3746 1875 3782 [καταγελαιθεὶς]
1911 3748 2035 3775 Derisum
2048 3755 2126 3784 atque
2139 3758 2200 3776 con-

70 3775 144 3815 Malo
158 3775 182 3800 se
196 3775 304 3814 dignum
318 3774 438 3809 deputat,
456 3776 504 3801 mfi
513 3780 591 3806 unser
603 3780 640 3807 fit.
704 3782 842 3816 Deputare
860 3781 971 3808 alicuius
990 3790 1098 3817 operam
1108 3796 1155 3815 100
1165 3790 1274 3812 temtum
1287 3785 1445 3811 beneficium
1465 3784 1519 3810 Cic.
1532 3783 1607 3808 Verr.
1621 3789 1644 3814 3,
1658 3789 1702 3815 215
1715 3792 1737 3809 c.
1750 3791 1792 3815 92.
1827 3783 1896 3810 Add.
1909 3785 1976 3811 Hor.
1991 3783 2023 3810 de
2036 3785 2099 3811 Arte
2111 3795 2135 3811 v.
2144 3793 2201 3817 45²-

70 3817 146 3849 parui
160 3810 320 3850 pretii-Ter.
333 3811 396 3850 Hec.
410 3818 431 3843 ς,
442 3819 454 3842 3
468 3818 512 3846 pr.
558 3814 605 3849 Vbi
619 3816 750 3848 Donatus,
776 3817 888 3852 Deputat
906 3817 983 3852 parui
1001 3817 1098 3852 pretii,
1204 3827 1222 3847 D
1232 3827 1248 3847 E
1257 3828 1275 3847 R
1286 3821 1320 3847 is
1329 3827 1349 3845 ν
1361 3818 1428 3851 s,fis.
1445 3828 1481 3844 m.
1517 3814 1764 3853 [καταμαδιάμαοι]
1800 3818 1930 3852 Qinffii.
1939 3822 1988 3852 6‚4
2009 3821 2031 3845 A
2045 3820 2130 3846 derisu
2143 3828 2199 3846 non

72 3852 133 3877 quia
151 3845 186 3885 sic
195 3845 431 3888 salicetabutitur.
490 3846 600 3882 Deputat
619 3852 695 3884 parui
714 3861 790 3884 eam,
804 3853 851 3887 qui
867 3851 974 3888 deputat
993 3861 1050 3879 eam
1068 3853 1099 3879 in
1166 3856 1256 3891 procul
1269 3855 1340 3882 abest
1351 3855 1426 3881 risus.
1496 3853 1575 3879 Lenis
1588 3852 1686 3879 derisus
1707 3854 1838 3887 Qiine'nl.
1851 3857 1876 3887 6,
1891 3863 1916 3880 2.
1985 3855 2104 3882 Incidere
2119 3855 2146 3880 in
2158 3863 2201 3887 ea,

73 3887 102 3905 re
122 3879 218 3906 nullius
237 3886 316 3916 pretn
335 3881 544 3922 contumendain.
612 3884 678 3912 Ter.
692 3886 797 3914 Phorm.
815 3896 840 3920 2,
859 3897 878 3918 1,
899 3891 927 3914 16
959 3887 1100 3923 Qudquid
1166 3900 1233 3925 quae
1251 3891 1366 3917 derisum
1386 3889 1500 3923 effugere
1519 3897 1572 3916 non
1593 3889 1694 3924 possunt
1717 3890 1773 3915 Sen.
1787 3890 1847 3916 Exc.
1862 3891 1954 3916 Contr.
1966 3890 2049 3917 Praef.
2064 3899 2082 3922 4
2095 3899 2119 3923 p.
2133 3898 2200 3922 444.

72 3916 256 3955 praem-*spem
271 3923 388 3948 eueniat,
407 3926 485 3943 omne
505 3917 533 3945 id
545 3917 668 3952 deputare
682 3923 729 3948 effe
747 3923 776 3948 in
786 3923 868 3950 lucro.
911 3924 983 3949 Hunc
1003 3925 1098 3960 uersum
1165 3928 1219 3954 Effe
1232 3926 1330 3952 derisui
1349 3923 1455 3951 Phaedr.
1470 3933 1490 3957 1,
1504 3932 1536 3951 11.
1607 3923 1648 3952 Ad
1661 3923 1776 3955 derisum
1788 3925 1850 3953 duci
1869 3925 1907 3952 ld.
1921 3932 1947 3961 5,
1960 3932 1985 3959 7.
2040 3925 2114 3961 Conf-
2121 3923 2199 3951 Prud.

63 3957 132 3995 ‘citat
151 3949 294 3979 cic.Tusc.
307 3960 329 3986 3,
340 3961 372 3987 30
393 3961 414 3980 c.
429 3961 468 3988 ¹4·
539 3953 607 3981 Ter.
619 3954 691 3982 Adel.
703 3965 730 3990 2,
743 3966 754 3985 1
774 3965 838 3986 extr.
860 3958 909 3987 Sed
921 3968 999 3987 nemo
1013 3960 1098 3994 dabit,
1110 3970 1153 3996 10,-
1165 3963 1193 3991 iu
1207 3963 1326 3990 Romano
1337 3969 1362 3988 v.
1375 3964 1434 3994 248.
1473 3995 1503 4024 N
1720 3976 1730 3983 ν
1915 3964 1919 3974 ’“

1536 4003 1551 4023 2
2147 3998 2198 4023 Ds-

685 3391 748 3417 Falx
767 3390 873 3427 deputat
893 3391 998 3418 vmbras
1018 3392 1099 3418 Ouid.

861 3424 881 3464 ff
903 3435 918 3452 z
953 3428 1147 3465 Deputare‚90

836 3462 918 3488 Plaut.
931 3463 1020 3489 Pseud.
1031 3463 1100 3490 Prol.

852 3498 909 3534 Cic.
923 3498 955 3525 de
969 3499 1061 3526 Diuin.
1081 3508 1101 3531 1,

1168 3395 1225 3422 Cic.
1240 3395 1271 3421 de
1283 3397 1356 3422 Orat.
1370 3403 1393 3427 3,
1408 3403 1432 3428 51
1453 3396 1541 3428 Qiare
1553 3403 1644 3421 omnes
1658 3395 1721 3422 istos
1734 3404 1776 3422 me
1790 3396 1897 3422 aneton*
1909 3395 2025 3422 deridete
2046 3401 2125 3431 atque
2143 3406 2206 3423 con-

1167 3431 1286 3458 temnite.
1358 3430 1413 3457 Cic.
1428 3439 1476 3464 pro
1490 3430 1582 3457 Flacco
1594 3432 1630 3465 76
1642 3440 1663 3457 c.
1675 3439 1700 3462 31
1732 3431 1883 3465 Pergameni
1897 3437 1922 3456 te
1940 3430 2093 3458 deriserunt.
2129 3432 2206 3466 Qiid

1167 3473 1196 3493 tu
1210 3468 1218 3493 3
1255 3466 1312 3493 ludi
1328 3472 1354 3492 te
1372 3474 1425 3492 non
1445 3465 1608 3499 intelligebas
1623 3467 1632 3492 3
1701 3466 1783 3492 Discit
1799 3466 1869 3492 enim
1889 3465 1968 3492 citius
1984 3467 2159 3502 meminitque
2173 3468 2207 3494 li-

1167 3502 1272 3529 bentius
1293 3501 1375 3535 illud,
1406 3501 1487 3534 Qod
1498 3501 1557 3536 quis
1574 3500 1688 3532 deridet,
1709 3510 1786 3535 quam
1806 3500 1877 3535 quod
1903 3502 1997 3536 probat
2017 3508 2042 3529 et
2062 3502 2206 3532 veneratur

1167 3538 1235 3564 Hor.
1249 3537 1328 3572 Epist.
1342 3546 1364 3569 2,
1378 3546 1398 3570 1,
1413 3539 1472 3571 264.
1543 3537 1676 3563 Contraria
1692 3545 1700 3560 :
1737 3536 1792 3562 Cic.
1811 3536 1842 3562 de
1861 3537 1924 3571 Opt.
1944 3538 2010 3564 Gen.
2025 3539 2100 3565 Orat.
2116 3547 2139 3565 11
2152 3548 2174 3565 c.
2184 3548 2205 3572 4

1168 3573 1233 3599 Satis
1246 3573 1316 3600 enim
1330 3572 1371 3599 his
1383 3581 1423 3599 res
1436 3572 1489 3607 ipsa
1501 3571 1652 3606 respondet,
1675 3579 1755 3605 quum
1768 3576 1812 3597 aut
1825 3580 1879 3598 non
1897 3571 2074 3600 adhibeantur
2093 3573 2125 3599 ad
2145 3583 2204 3600 cau-

1168 3609 1220 3640 sas,
1237 3615 1281 3635 aut
1294 3608 1409 3635 adhibiti
1422 3607 1591 3634 derideantur
1605 3618 1610 3633 z
1645 3614 1705 3631 nam
1717 3604 1735 3631 fi
1747 3605 1926 3640 audeantur,
1947 3609 2006 3635 effet
2019 3609 2046 3635 id
2059 3610 2143 3643 ipsum
2157 3611 2204 3635 At-

1167 3643 1291 3670 ticorum.
1362 3642 1471 3670 Derides
1493 3644 1577 3669 Varro
1590 3643 1620 3668 R.
1635 3641 1665 3667 R.
1677 3649 1700 3672 3,
1714 3647 1740 3672 2,
1753 3648 1787 3674 ις.
1806 3642 1840 3668 ad
1851 3652 1909 3675 eum,
1923 3647 1969 3679 qui
1980 3653 2030 3671 rem
2036 3644 2116 3680 supra
2123 3644 2204 3680 fidem

1165 3685 1246 3715 auget.
1317 3678 1446 3705 Deridere
1459 3678 1626 3708 sententiam,
1639 3682 1687 3710 pro
1702 3677 1841 3710 Improbare
1852 3678 1897 3714 fiu
1916 3682 2053 3715 opinionem
2072 3680 2204 3716 confutare

1111 3617 1144 3644 9⁵
