2479 4225
9 287 33 296 *⁶
71 288 183 318 queper
194 289 225 308 ae
244 287 295 307 uor
329 278 385 306 Iam
398 278 526 307 medium.

30 2102 33 2110 ι
77 2085 197 2112 minibus
209 2085 303 2110 Horat.
315 2082 398 2117 Epod.
413 2091 447 2115 11,
460 2091 495 2115 33.

31 2915 37 2921 ι
81 2899 189 2925 docente.

25 2966 36 2986 7
81 2976 129 2996 etc.
149 2967 302 2999 Gaditanis,
315 2966 386 3002 quod
399 2968 514 2993 Conatus
533 2966 745 2993 aduersariorum
760 2966 929 3000 infregissent.

58 0 82 26 ι’Ἰ
106 0 108 4 .

0 0 73 79 r,

16 74 31 90 Ι,

45 126 48 134 ι

71 202 158 243 1105
497 189 514 229 1
601 190 645 231 N
731 189 765 230 F

596 279 671 314 Virg.
686 279 746 307 Cul.
763 285 803 312 173
821 277 931 314 Scaliger
942 279 980 303 ita
992 276 1042 314 legi
1056 278 1112 304 vult

71 326 102 345 ex
115 318 189 343 MSS.
213 316 238 343 Ο
259 316 302 342 uia
315 321 394 342 toruo
408 316 507 351 saepius
522 324 643 350 arrepens
650 315 818 348 infrendere,
834 314 878 341 vbi
889 312 971 340 editur
981 313 1112 347 arripiens

71 351 227 386 infringere.
245 353 281 377 De
295 350 409 387 serpente
423 354 498 378 irato.
828 380 831 383 .

109 395 120 414 1
128 393 148 413 N
156 393 173 413 F
183 394 201 414 R
210 384 279 425 quv
290 393 306 413 Ε
316 393 336 411 N
347 394 360 413 s
369 406 376 418 ‚
396 387 472 414 entis.
492 385 553 414 Adi.
590 383 725 419 [liri-umor,
737 384 850 418 σπάνιος]
886 384 978 409 Parum
992 382 1110 420 frequen-

72 428 162 450 tatum.
180 428 219 454 vt,
232 421 386 457 infrequens
394 423 499 449 Senatus
508 441 516 455 ‚
534 422 670 448 Paucorum
684 423 826 449 Smatorum
838 426 967 445 conuentus
981 419 1040 445 Liu.
1056 422 1109 452 3,6.
1133 425 1147 452 ς

72 458 130 486 Cic.
145 459 183 491 Q
193 457 262 484 Frat.
276 466 299 489 2,
314 466 338 484 12
359 458 429 484 Nam
444 457 529 492 pridie
537 457 608 490 Idus,
620 466 703 492 quum
712 456 811 491 Appius
823 455 945 491 Senatum
960 454 1110 489 infrequen-

72 496 127 521 tem
141 492 273 529 coegisset.
344 495 396 528 Qti
407 503 455 520 non
463 493 632 556 [frequentem
672 492 741 520 Vnde
752 491 907 524 Infrequens
923 490 998 516 miles
1017 490 1111 517 dicitur

72 538 89 556 a
102 528 192 561 Festo,
217 529 272 563 Qui
293 528 394 555 diutius
412 528 460 555 abe
502 537 517 555 a
537 527 622 562 lignis.
679 528 759 554 Plant.
773 525 885 552 Trncul.
904 533 928 555 2,
948 534 967 556 1,
986 535 1012 558 19
1036 527 1110 560 Qiin

72 560 120 591 vbi
137 564 205 590 nihil
221 566 279 596 det,
292 573 341 599 pro
354 564 521 599 infrequente
534 573 594 590 eum
608 563 695 590 mittas
707 561 804 589 militia
818 560 934 587 domum.
971 562 1032 587 Aur.
1042 561 1111 588 Vi&-

73 598 107 626 de
116 598 187 626 Viris
200 600 296 627 illustr.
310 609 332 626 e.
345 609 386 633 43.

73 634 181 666 scribis,
198 642 224 661 et
244 636 358 666 Romae,
379 642 404 662 et
424 635 453 662 in
470 635 583 670 praediis
602 634 671 660 infre
691 642 763 660 uens.
843 631 939 658 Cultor
959 633 1111 667 infrequens

74 670 187 696 deorum
206 671 274 697 Hor.
288 672 376 698 Carm.
390 679 408 700 1.
422 679 464 705 34,
479 681 497 698 1.
569 643 742 697 lutei-digium
758 667 862 703 leian.
877 667 904 693 in
918 668 934 692 l.
948 677 957 693 1
972 669 1003 694 D.
1017 669 1048 694 de
1063 669 1113 695 1111-

74 706 185 740 grando.
255 707 313 732 Cum
329 707 458 733 Genitiuo:
483 706 554 733 Gell.
576 714 608 738 13,
626 713 658 737 24
689 705 754 731 Non
771 712 853 738 vsque
866 708 965 729 tcmcre
985 713 1017 730 eo
1031 705 1114 730 Infre-

75 750 158 777 quens
170 743 226 768 sum
243 750 340 768 vocum
355 742 526 775 Latinarum,
545 749 608 776 quas
626 739 758 767 subliciuo
775 745 819 766 aut
837 739 1010 765 tumultuario
1028 740 1114 766 studio

458 601 513 627 Cic.
528 599 639 633 QFrat.
654 608 675 632 3,
686 607 703 632 9
717 599 734 624 s.
748 598 795 623 vlt.
815 597 845 622 Et
861 597 916 622 sum
933 597 1070 631 equidem,
1083 606 1111 624 vt
1129 605 1158 624 10

1565 189 1833 232 INF

1176 279 1340 307 extenuantis
1358 287 1420 314 opes
1439 280 1510 311 suas,
1530 278 1690 314 vrbiumque
1713 280 1772 306 suae
1793 280 1904 310 ditionis
1919 284 2056 318 egestatem
2072 287 2214 320 querentis.

1175 316 1221 343 Te
1236 325 1312 350 negas
1331 315 1445 342 infracto
1461 317 1545 342 Remo
1558 316 1724 342 commoneri
1737 316 1792 342 Cic.
1809 318 1885 343 Acad.
1901 329 1918 352 4
1931 328 1952 346 e.
1968 329 2006 353 25.
2077 322 2212 351 IdemAtt,

1175 360 1242 384 9,12
1273 352 1348 378 Tum
1368 351 1513 385 poterimus
1533 350 1695 383 deliberare,
1708 359 1762 377 non
1781 351 1879 379 scilicet
1900 355 2001 388 integra
2015 356 2068 388 Re,
2081 358 2123 384 scd
2143 365 2213 386 certe

1175 388 1263 413 minus
1286 387 1413 419 infracta,
1437 395 1515 419 quam
1535 387 1552 412 ti
1572 395 1622 414 vna
1644 386 1787 421 proieceris
1809 392 1843 413 tc.
1915 390 1969 415 Rex
1984 393 2064 417 armis
2084 393 2214 420 infractus

1176 422 1244 448 Veli.
1261 431 1285 453 2,
1299 430 1340 457 37,
1352 431 1374 448 2.
1395 421 1462 448 ΛΜ.
1478 432 1498 447 (.
1513 431 1551 454 39,
1568 431 1586 449 1.
1655 423 1756 449 Veritas
1769 420 1889 456 pluribus
1903 425 1987 450 modis
2001 426 2109 454 infracta
2124 429 2215 457 Tacit.

1175 458 1242 484 Hm.
1259 466 1278 490 1,
1294 466 1311 483 1.
1384 456 1460 483 Vires
1481 457 1606 484 infractae
1625 457 1656 484 ad
1677 458 1776 493 praelia
1795 463 1899 492 torpent
1928 460 2002 492 Virg.
2023 462 2087 488 Aen.
2106 473 2122 495 9
2151 474 2214 498 499,

1176 494 1266 520 Virtus
1289 492 1400 519 infracta
1416 493 1477 518 Stat.
1494 492 1575 518 Achil.
1589 502 1614 525 2,
1629 502 1676 526 213.
1748 495 1848 521 Vocem
1863 493 2019 527 infractam,
2038 486 2215 534 capilltimque

1177 535 1232 556 arte
1246 528 1418 562 compositum
1430 534 1475 553 etc.
1493 528 1563 554 Geli.
1579 537 1600 560 3,
1616 537 1637 561 5.
1707 529 1820 564 Compar.
1840 529 1951 556 Pericles
1963 529 2086 558 oratione
2098 535 2168 561 nulla
2183 544 2215 562 ex

1176 571 1249 598 parte
1270 563 1426 590 infractiore
1445 563 1615 589 concionatus
1628 563 1663 590 est
1682 564 1740 590 Val.
1755 566 1826 592 Max.
1840 572 1861 598 ς,
1877 573 1904 591 10
1918 572 1970 591 ext.
1985 574 2003 592 1.
2158 570 2178 606 q
2199 580 2216 597 2

1177 599 1305 626 infractus
1321 606 1367 634 pro
1384 608 1431 625 non
1446 597 1553 634 fracia,
1577 609 1629 625 cum
1649 599 1782 636 diligenter
1806 600 1951 635 quatficrint
1970 599 2099 634 Vorflius,
2115 604 2219 638 Parcus,

1177 636 1313 667 Ceam-ius,
1333 636 1438 670 reliqui,
1458 634 1562 659 nondum
1586 635 1656 660 habet
1673 634 1795 662 oticlorem
1815 636 1982 668 Hieronymo
2000 641 2176 673 antiqumrem,
2194 647 2219 667 ee

1179 670 1324 703 Synunach.
1339 670 1417 704 Epist.
1433 679 1453 701 1,
1467 678 1479 701 3
1507 669 1613 696 Fractae
1627 679 1689 703 opes
1706 671 1830 698 infrafios
1843 673 1945 698 animos
1960 680 2125 705 repererunt.

1217 713 1225 732 1
1238 713 1258 732 N
1271 712 1343 732 FRA
1353 711 1371 731 c
1383 713 1404 732 T
1416 712 1469 737 10,
1494 706 1562 731 onis.
1588 706 1607 731 f.
1643 705 1806 740 [ἓκίκλασις]
1848 708 1896 738 Vt,
1910 707 2040 734 infractio
2060 709 2160 741 animi,
2172 716 2219 744 pro

1178 740 1365 774 Inconstantia,
1378 739 1564 776 vclfral'l'ione.
1601 739 1656 767 Cic.
1669 742 1751 768 'ruse
1766 750 1787 775 3,
1802 750 1831 775 14
1844 745 1865 768 e'.
1879 751 1895 777 7
1915 744 2064 770 Verisimile
2078 744 2114 770 est
2129 745 2221 779 igitur,

2132 202 2215 238 1106

75 777 151 807 colo,
166 783 194 803 vt
207 777 273 803 hanc
284 777 407 812 ignorem
420 777 666 812 interpretationem
680 775 840 810 vulgariam,
859 777 878 800 i.
899 784 945 800 non
959 775 1015 801 adro
1024 782 1115 810 parum
1135 780 1159 807 ις
1180 778 1208 803 in
1222 786 1299 812 quem
1315 777 1382 802 cadit
1396 776 1534 809 aegritudo
1543 796 1550 806 ‚
1569 776 1597 801 in
1610 775 1723 804 eundem
1735 777 1827 804 cadere
1839 778 1979 810 timorem,
1992 785 2018 806 ct
2031 779 2221 808 insi-achonem

73 820 134 839 utor
152 813 224 838 ltbris
245 819 269 838 et
290 815 376 849 lingua
390 814 497 843 Latina,
517 822 564 838 non
584 814 622 838 ita
640 815 771 847 imperitus
783 810 847 846 fiaem.
919 811 1025 847 Copiae·
1035 811 1116 837 infre-

75 853 230 883 quenttores
245 848 420 882 imponuntur
439 849 511 875 Caes.
524 848 552 874 B.
566 848 596 874 C.
610 855 633 880 3,
646 855 670 873 2.
741 848 802 880 Qta
820 845 1054 881 infrequentiffima
1073 855 1116 874 vr-

75 883 119 911 bis
132 885 189 909 sunt
204 884 261 910 Liu.
274 893 309 916 31,
325 892 358 916 23.
658 902 662 904 Ἴ

113 925 123 944 1
134 925 156 943 Ν
169 925 185 945 r
194 925 211 945 n
221 925 318 958 aqva
329 926 348 944 N
359 924 399 945 ‘r1
410 924 431 945 Α
441 938 450 951 ,
467 926 506 945 ae.
529 918 549 944 f.
585 918 712 952 [σπανία]
747 918 852 943 Raritas
864 922 888 942 et
896 920 1021 951 paucitas.
1057 917 1113 944 Cic.

76 956 116 989 Q
134 955 202 980 Frat.
222 963 244 987 3,
267 963 276 980 1
307 955 413 980 Summa
442 954 637 988 infrequentia,
656 961 739 988 quum
762 952 842 979 vellet
873 952 962 985 exire,
991 962 1006 979 a
1031 958 1112 980 coss.
1129 959 1165 979 20
1179 954 1335 982 vulneribus
1356 953 1488 980 insi-iamt.

75 996 192 1018 retentus
206 990 252 1016 est.

75 1032 132 1053 erat
153 1025 268 1052 Senatus.

116 1067 125 1086 1
136 1068 156 1087 N
167 1067 183 1087 F
192 1068 211 1088 R
221 1067 319 1099 12qu
329 1067 351 1087 N
362 1065 384 1086 'r
395 1067 417 1086 A
427 1065 448 1085 'r
458 1067 478 1086 v
487 1067 516 1091 s,
532 1068 546 1086 a
555 1079 562 1090 ,
581 1068 634 1086 um.
655 1057 714 1085 Adi.
749 1056 841 1084 Sidon.
856 1057 933 1092 Epist.
947 1069 968 1090 4»
981 1067 1009 1085 10
1031 1059 1066 1085 Vt
1077 1067 1117 1086 re-

77 1095 127 1128 bus
145 1096 262 1122 amicitia
282 1101 433 1129 vegetetur,
446 1104 513 1130 quae
533 1095 621 1121 verbis
635 1094 832 1128 infrequentata
845 1099 987 1128 torpuerat.
1042 1095 1117 1121 Idem

76 1128 195 1166 Epist-3»,
211 1139 235 1161 ις
260 1131 379 1157 Mettum
391 1131 615 1165 infrequentatum
630 1129 723 1156 durius
737 1129 844 1156 texitur.

117 1173 157 1193 1N
167 1173 183 1193 F
194 1172 211 1192 R
222 1165 236 1192 1⁰
243 1172 286 1193 CO
296 1186 304 1197 ‚
325 1166 353 1191 ui
368 1173 391 1191 ct
408 1166 466 1196 aui,
482 1169 571 1198 atum,
590 1169 642 1191 ire.
677 1164 815 1199 [ἒντρίέω]
852 1164 918 1191 Idem
931 1164 994 1200 quod
1008 1166 1117 1197 fricare,

75 1208 100 1229 et
121 1201 242 1228 Fricando
260 1201 426 1237 confundere,
449 1203 489 1228 vel
507 1200 628 1228 Fricando
650 1204 723 1226 etiam
745 1200 851 1226 illinere.
903 1202 1015 1227 Dtcimus
1038 1207 1118 1227 autem

75 1237 204 1264 Infricare
217 1246 261 1263 vas
273 1237 376 1267 cinere,
399 1244 422 1262 et
435 1237 560 1263 Cinerem
574 1235 701 1262 infricare
721 1235 782 1262 vasi.
836 1235 966 1262 Columel.
981 1245 1014 1266 12,
1030 1245 1060 1268 30
1086 1237 1118 1263 Et

76 1273 166 1307 pondo
181 1272 352 1306 quadrantem
367 1271 501 1306 amphoris
516 1271 623 1305 singulis
635 1271 761 1297 infricato
776 1277 801 1297 et
814 1271 938 1298 oblinito.
995 1272 1062 1298 Plin.
1078 1280 1118 1304 30,

302 989 366 1016 Liu.
378 998 403 1022 z,
418 997 447 1022 23
469 990 527 1016 Nec
546 990 589 1024 agi
608 989 754 1024 quidquam
767 996 814 1022 per
832 987 1040 1023 infrequentiam
1059 994 1116 1023 pot-

74 1352 165 1370 nerem
179 1352 210 1369 ex
223 1350 299 1370 aceto
312 1343 445 1369 intricare.

115 1385 125 1404 1
136 1386 157 1405 N
168 1386 210 1405 rR
220 1380 381 1410 ica‘Tvs,
400 1386 430 1410 a,
451 1387 504 1404 um.
530 1377 624 1404 Partic.
659 1376 718 1411 [ἓντ
733 1379 826 1412 coasts]
862 1377 928 1404 Plin.
939 1379 982 1410 26,
997 1382 1011 1408 8
1034 1378 1064 1404 Et
1078 1377 1119 1404 in-

77 1414 170 1442 fricata
185 1414 352 1444 Polemonia,
365 1413 549 1440 aristolochiae
563 1413 673 1440 110(οᾶἲο
686 1388 768 1439 foiiis.
790 1413 858 1440 Add.
871 1413 943 1440 Idem
958 1422 997 1445 30,
1012 1422 1048 1440 12.

113 1455 313 1480 mrmcrvs,
333 1458 362 1482 a,
380 1458 433 1474 um.
453 1448 514 1475 Adi.
535 1448 612 1475 Idem.
648 1449 716 1475 Plin.
728 1457 773 1480 20,
788 1457 822 1480 13.
842 1449 1031 1483 Marc.E1npir.
1045 1458 1066 1475 c.
1082 1457 1119 1475 10.

73 1519 177 1548 hibere.

114 1564 123 1582 1
134 1564 154 1583 N
164 1563 181 1582 F
191 1562 227 1583 Rl
240 1560 377 1593 Gasco,
397 1554 451 1581 ere.
487 1553 669 1590 Defrigcfiere.
705 1554 773 1581 Cels.
788 1561 812 1588 ς,
828 1562 868 1588 25,
883 1565 903 1590 4
930 1556 999 1582 Cum
1014 1554 1123 1582 infrixit

76 1592 207 1626 catapotia
219 1591 294 1617 fiunt.
330 1590 397 1617 Add.
413 1591 504 1624 Vegct.
521 1598 542 1621 3,
554 1595 594 1619 28.

114 1635 124 1654 1
134 1634 155 1652 N
165 1633 227 1654 1:1³1
238 1628 304 1653 Gi‘n
314 1632 351 1656 o,
378 1629 430 1651 are.
471 1625 635 1661 Refrigerare
662 1625 760 1652 Medici
789 1628 900 1661 antiqui.
952 1625 1063 1653 Theod.
1090 1625 1123 1652 de

76 1706 102 1761 p.
115 1706 177 1732 727.
216 1697 418 1732 Borrich.C0git.
428 1702 456 1731 p.
470 1702 520 1728 138.
571 1696 681 1724 Secunda
698 1699 837 1732 corripitur
857 1697 977 1724 Macrob.
999 1705 1017 1729 1,
1036 1706 1082 1731 24,
1103 1706 1122 1724 ι.

93 1733 201 1767 nfrigdo
218 1733 315 1759 Macer.
328 1740 354 1764 2,
368 1741 391 1764 3,
407 1739 432 1765 7.

114 1774 371 1799 1NFR1G1DAT10,
391 1767 458 1793 onis.
479 1766 499 1793 f.
524 1768 616 1802 Veget.
631 1776 650 1798 1,
664 1775 694 1800 29
720 1766 829 1794 Sudoris
844 1767 929 1793 subita
944 1766 1123 1802 infrigidatio.

115 1809 125 1830 1
136 1812 156 1830 N
166 1810 182 1830 F
191 1811 210 1831 R
219 1806 231 1830 ῑ
241 1810 290 1830 GO
299 1822 306 1834 ,
327 1804 369 1835 xi,
389 1802 478 1835 Cium,
498 1804 551 1829 ὅτε.
588 1802 767 1837 [ἔντηγυινίζω]
803 1804 880 1829 Simul
892 1802 978 1837 frigo,
991 1804 1031 1827 uel
1041 1805 1068 1827 in
1077 1809 1123 1835 pa-

75 1839 150 1871 teHa,
165 1846 209 1864 aut
220 1839 270 1864 alio
283 1842 371 1873 quouis
386 1837 557 1870 instrumento.

75 1874 149 1905 ruine
161 1873 297 1899 infriCtam
311 1873 416 1906 potioni
429 1878 537 1905 propter
547 1871 703 1898 anhelitum.
734 1871 787 1898 Sed
798 1874 924 1897 variatur.
944 1872 1011 1897 Nam
1024 1870 1124 1905 quidam

74 1909 236 1938 latratum,
249 1907 338 1933 Elzeu.
351 1907 498 1933 Infriatam.
518 1906 547 1932 de
559 1913 626 1932 ruta.
654 1920 655 1924 =

112 1951 122 1970 1
133 1951 155 1970 N
165 1950 182 1970 F
190 1950 209 1970 R
218 1951 227 1969 1
236 1950 257 1969 N
267 1949 289 1970 G
299 1947 319 1968 O
328 1962 335 1974 ,
361 1942 403 1976 egi
411 1962 420 1974 ,
441 1941 546 1975 atium,
571 1944 626 1968 ere.
667 1939 831 1975 [ἓπικλοέξω]
869 1940 935 1967 Idem
956 1940 1020 1976 quod
1046 1941 1124 1967 fran-

95 1989 147 2010 ere,
172 1985 237 2005 certe
260 1981 347 2004 conari
364 1978 499 2013 frangere.
535 1977 601 2004 Pliu.
614 1985 657 2010 22,
673 1980 689 2003 6
716 1977 758 2002 Nc
779 1976 891 2002 insidens
913 1976 965 2002 ales
986 1976 1123 2009 infringat.

101 2015 147 2041 ilia
165 2014 314 2047 infringere
333 2013 414 2039 Ouid.
430 2013 494 2038 Met.
510 2020 548 2042 10,
562 2020 612 2043 191.

79 2053 132 2079 156.
153 2053 171 2076 i.
190 2049 350 2078 debilitatur,
363 2055 393 2073 υτ
412 2049 479 2082 loqui
496 2056 544 2073 non
558 2046 644 2081 pollit.
716 2046 834 2072 Lumbos
855 2052 880 2072 et
894 2046 959 2071 latus
980 2046 1077 2079 infregi
1093 2045 1124 2071 li-

566 2081 648 2108 Ouid.
661 2082 724 2108 Met.
744 2090 769 2114 9,
784 2088 830 2110 108
850 2081 879 2107 de
894 2082 998 2107 Hercule
1005 2081 1124 2116 furente,

45 2130 47 2133 ·
77 2120 158 2155 Saepe
172 2125 344 2146 retentantem
365 2124 432 2145 totas
445 2118 591 2152 infringere
609 2117 692 2143 vestes
710 2133 758 2143 .-
777 2116 890 2143 videres.
929 2118 1017 2152 Pingit
1033 2118 1125 2142 Hercu-

75 2157 122 2184 lem
136 2155 264 2182 detrahere
274 2161 401 2181 conantem
415 2152 502 2184 vellem
518 2152 586 2187 thffi
596 2153 721 2188 fiznguine
735 2159 895 2181 venenatam,
906 2151 954 2187 fid
963 2158 1124 2177 retentantem

77 2227 184 2256 Lucre&
202 2228 300 2288 6'Stlfii2t
312 2260 393 2287 etiam
405 2259 501 2286 111ιᾶ115
518 2268 566 2293 per
578 2257 685 2289 nubila,
697 2257 745 2291 qni
759 2255 830 2290 quasi
843 2262 965 2281 murmur

236 2297 306 2324 Dant
320 2295 492 2329 infringendo
505 2294 636 2328 grauiter;
658 2291 736 2326 quod>
746 2291 809 2317 item
825 2290 854 2316 fit
868 2291 897 2316 in
909 2290 969 2316 altis

235 2330 403 2359 Fluminibus
418 2327 567 2363 m'agnoque
579 2328 661 2360 mari,
676 2336 735 2353 cum
749 2327 882 2361 frangitur
893 2326 972 2353 aestu.

110 2409 146 2430 at.
182 2402 238 2429 Cic.
252 2402 306 2428 Att.
321 2408 348 2435 7,
362 2409 378 2426 2
411 2400 466 2434 Ego
478 2406 578 2431 autem,
592 2407 676 2433 quum
689 2397 782 2429 sciam,
797 2406 876 2432 quam
890 2396 920 2423 fis
940 2397 1033 2426 fortis,
1045 2395 1124 2422 vehe-

77 2438 192 2467 mentius
211 2438 260 2464 etse
279 2436 407 2471 quiddam
430 2436 562 2468 suspicor,
581 2433 654 2468 quod
676 2439 701 2459 te
720 2438 797 2466 cogat
817 2432 923 2464 cedere,
945 2438 971 2458 et
986 2440 1125 2466 propemo-

78 2475 141 2503 dum
154 2473 292 2506 infringat.
365 2471 425 2497 Liu.
438 2476 475 2502 38,
490 2470 518 2495 16
538 2469 604 2495 Non
616 2474 703 2495 tamen
722 2469 758 2495 ita
771 2468 882 2502 infregit
895 2468 1006 2494 Animos
1020 2476 1123 2499 corum,

78 2517 108 2538 vt
121 2508 271 2536 absisterent
285 2506 409 2539 imperio.
480 2505 594 2531 Terent.
608 2504 684 2530 Adel.
698 2512 724 2536 2,
739 2513 760 2536 1,
774 2506 810 2537 46
828 2503 942 2530 Homini
955 2503 1053 2529 misero
1066 2502 1124 2536 plus

79 2545 238 2581 quingentos
251 2541 384 2575 Colaphos
404 2539 515 2575 infregit
534 2539 612 2566 mihi.

78 2581 168 2608 fecifl'e
182 2577 324 2604 Aeschinus
337 2577 473 2608 videatur,
487 2585 545 2602 eum
560 2575 648 2605 sonitu
663 2575 688 2601 se
701 2575 894 2610 colaphizatum
915 2574 1050 2609 fignificat.
1082 2574 1124 2599 In-

80 2616 161 2650 fregit
181 2620 286 2645 autem,
305 2612 393 2641 illisit,
406 2611 519 2638 inflixit:
552 2617 580 2638 vt
597 2610 628 2638 fit
648 2611 749 2643 sensus,
770 2611 873 2637 Inssixit
895 2609 1000 2636 homini
1026 2609 1125 2635 misero

80 2652 138 2687 plus
153 2659 232 2684 quarn
247 2649 405 2683 quingentos
412 2647 552 2681 Colaphos.
619 2646 769 2680 Infringere
780 2646 822 2680 effe
835 2655 888 2672 cum
907 2653 970 2672 motu
990 2646 1127 2671 vehementi

80 2691 217 2721 imponere,
230 2687 332 2710 iniicere
351 2682 456 2710 nllentlzt
475 2685 548 2708 etiam
568 2682 629 2708 Stat.
642 2681 734 2708 Theb.
750 2691 769 2713 2,
785 2689 826 2715 555
848 2680 965 2707 Abseissis
979 2680 1126 2713 infringens

75 2758 143 2795 saxa
156 2758 303 2787 eminentia,
317 2757 430 2780 enstitur.
466 2754 506 2779 Sic
521 2753 654 2787 Articuios
671 2752 819 2786 infringere
836 2750 945 2785 Quintil.
959 2760 990 2782 11,
1003 2758 1026 2783 3,
1041 2755 1079 2782 158
1094 2747 1127 2782 cst

80 2794 169 2820 leuiter
190 2789 283 2818 tractis
302 2797 324 2815 et
344 2787 589 2823 inflexis-‚lirepitum
608 2788 675 2814 illum
696 2791 816 2814 minutum
836 2790 953 2813 excitare.
1010 2788 1050 2812 Sic
1064 2786 1127 2811 Stat.

83 2827 181 2854 Achill.
202 2835 222 2859 1,
237 2833 283 2860 575
308 2819 392 2851 Modo
412 2823 500 2850 dulcia
518 2830 596 2850 notae
615 2823 673 2850 Fila
690 2822 761 2855 lyrae
785 2838 831 2843 —-
855 2822 982 2849 monstrat
1002 2821 1128 2856 ducitque

82 2872 209 2894 manum,
230 2861 383 2895 digitosque
402 2860 505 2885 sonanti
524 2859 650 2893 infringit
668 2859 799 2891 citharae,
818 2857 847 2885 de
865 2858 961 2885 Achille
976 2857 1125 2884 Dezdamian

82 2933 241 2964 Cordubae,
257 2932 383 2958 omnibus
405 2932 499 2965 gratias
517 2931 663 2965 generatim
684 2930 753 2965 agit,
767 2930 871 2956 ciuibus
885 2929 1011 2956 Romanis
1021 2950 1027 2960 ,
1042 2927 1125 2989 qugd,

995 2965 1064 2990 Deos
1098 2972 1128 2990 11-

35 3022 39 3030 .
53 3024 59 3029 .
82 3005 144 3034 mili
159 3009 264 3038 precatu
283 3003 344 3029 Stat.
360 3003 445 3028 Achil.
461 3011 479 3032 1,
493 3010 550 3035 144.
619 3000 806 3028 Difficultatem
820 3001 918 3027 montis
936 3000 1043 3027 Colum.
1058 3009 1083 3031 2,
1100 3009 1127 3032 4.

83 3041 141 3068 Cic.
155 3049 205 3073 pro
218 3040 298 3065 Corn.
313 3038 385 3065 Balb.
400 3046 425 3070 15
446 3037 486 3064 Est
493 3038 565 3064 enim
574 3036 643 3064 labes
650 3036 730 3063 huius
742 3038 837 3064 saeculi
850 3037 991 3072 quaedam,
1002 3042 1028 3062 et
1040 3044 1127 3062 macu-

84 3076 125 3108 la,
136 3076 231 3102 virtuti
245 3073 382 3103 inuidere,
394 3073 462 3099 velle
475 3073 559 3107 ipsum
574 3073 668 3100 florem
682 3072 824 3107 Dignitatis
842 3073 999 3107 infringere.

85 3112 130 3138 cit.
144 3112 211 3137 Ann.
223 3121 251 3143 4,
268 3119 296 3142 19
325 3110 382 3136 Nec
402 3109 602 3142 infringendum
616 3109 738 3135 Consulis
750 3110 806 3140 Ius,
820 3109 894 3135 cuius
912 3108 1013 3142 vigiliis
1029 3106 1126 3133 nitere-

44 3146 46 3149 ’
83 3153 138 3173 tur.
208 3146 264 3172 Cic.
277 3144 305 3172 {n
318 3145 394 3172 Orat.
408 3147 422 3171 6
452 3146 542 3178 Quare
556 3154 609 3171 non
623 3144 674 3176 est,
693 3152 739 3170 cur
757 3143 914 3178 eorum,qui
935 3146 960 3170 se
974 3143 1059 3169 studio
1074 3142 1128 3169 elo-

85 3181 210 3218 quentiae
228 3181 402 3214 dediderunt,
426 3181 487 3215 Spes
511 3180 686 3214 infringatur,
704 3186 749 3212 aut
774 3181 918 3215 languescat
939 3179 1082 3210 industria,
1107 3181 1126 3204 i.

28 3224 40 3237 τ’
90 3216 168 3246 Valde
175 3216 327 3252 frangatur.
398 3216 567 3243 Tribunatus
588 3216 701 3250 infringi
717 3221 743 3242 et
756 3215 892 3243 debilitari
910 3215 1052 3242 videbatur
1070 3214 1127 3240 Cic.

56 3259 59 3265 “
87 3253 120 3280 de
136 3253 211 3279 Orat.
225 3260 235 3277 1
247 3260 268 3277 e.
281 3259 309 3286 Ἰ.

30 3286 49 3311 it
85 3290 165 3317 litum
181 3285 384 3320 infringeretur,
398 3288 520 3323 aciesque
534 3287 735 3320 distenderetur,
745 3295 790 3315 etc.
824 3287 892 3317 Add.
908 3286 945 3314 ib.
958 3295 980 3312 c.
992 3294 1035 3319 92.
1077 3285 1126 3311 Vi-

41 3322 44 3329 *
85 3333 128 3353 res
140 3323 253 3350 alicuius
265 3322 382 3355 Propert.
396 3332 416 3355 1,
430 3332 470 3356 14,
484 3332 522 3358 17.

124 3363 277 3386 111111Αο
289 3363 375 3388 TVS,
394 3366 424 3392 a,
440 3369 493 3386 um.
519 3358 612 3385 Partic.

648 3357 826 3393 [ἕπικλοιιθείς]
863 3356 994 3385 Columel.
1013 3360 1037 3388 8,
1052 3363 1091 3391 r7‚
1105 3364 1126 3388 ¹3

87 3396 176 3424 Nuces
195 3392 285 3427 digitis
304 3392 431 3420 infractae
451 3395 509 3422 sunt
530 3395 637 3421 dandae.

727 3394 869 3429 Metaphor.
898 3394 971 3427 Virg.
987 3393 1052 3418 Aen.
1068 3401 1103 3423 12,
1117 3400 1128 3418 1

71 3467 170 3493 ‚thraci
184 3464 239 3492 Ind.
269 3463 376 3490 Seruius
392 3470 472 3490 tomen
484 3466 612 3493 maiorem
631 3467 678 3492 effe
692 3465 792 3492 sensium
810 3465 949 3496 contendit,
963 3463 979 3490 fi
995 3463 1126 3489 Infrac'ms

44 3501 51 3515 '·
88 3501 268 3535 intelligamus
280 3507 328 3533 pro
342 3498 465 3526 Robustis
478 3506 504 3527 et
517 3502 626 3528 validis:
650 3502 676 3528 h.
692 3511 714 3528 e.
734 3501 789 3534 Qui
805 3501 877 3535 prius
892 3500 1007 3526 solebant
1018 3498 1126 3524 infratffi

88 3538 146 3564 else.
183 3537 268 3567 Male„
279 3540 350 3570 puto.
422 3535 497 3561 Aeno
514 3537 628 3564 infracto
643 3538 687 3564 Sil.
709 3544 743 3569 15,
764 3538 816 3568 651.
885 3537 940 3563 Cic.
955 3535 1011 3561 Post
1025 3534 1078 3560 red.
1093 3533 1125 3560 ad

48 3595 49 3599 ,
89 3572 171 3607 Q1ir.
191 3580 220 3603 19
239 3580 260 3597 c.
281 3576 294 3599 8
323 3570 389 3596 Eum
402 3570 490 3597 tamen
504 3571 579 3604 vidi,
602 3582 684 3607 quum
705 3573 764 3598 esset
783 3573 881 3598 summa
901 3570 1049 3602 senectute,
1073 3578 1127 3595 non

43 3647 45 3650 ⁴
90 3644 196 3670 firmato
210 3647 289 3676 atque
301 3646 439 3667 renouato.
475 3642 588 3669 Budaeus
600 3640 645 3670 'hic
663 3651 751 3671 contra
770 3643 846 3670 libros
863 3645 940 3679 legit,
961 3642 1025 3668 Non
1045 3640 1126 3667 modo

64 3699 67 3705 .
89 3678 206 3706 infrafio
225 3677 330 3706 animo.
355 3683 384 3702 vt
402 3676 532 3703 infractus
551 3680 608 3704 Non
623 3678 740 3714 fraciam
760 3677 888 3714 ligm‘ficet.
959 3677 1023 3704 Plin.
1049 3682 1072 3706 82
1095 3683 1128 3708 50

50 3734 53 3739 ,
89 3714 224 3742 Auriculis
239 3712 323 3746 longis
337 3711 525 3746 infraffisque,
542 3714 621 3739 armis
634 3724 712 3749 quam
723 3709 887 3742 villolillimis
896 3735 904 3746 ‚
917 3720 962 3740 ete.
1007 3714 1076 3746 Quas
1089 3711 1129 3738 in-

89 3750 186 3777 ἔταξας
206 3757 280 3775 aures
299 3754 371 3774 vocat
386 3749 499 3779 Plinius,
512 3756 550 3773 eae
563 3748 667 3776 Colum‘.
687 3758 714 3784 7,
729 3753 755 3783 6,
769 3759 785 3777 2
797 3751 860 3786 sunt
881 3748 1001 3775 flaccidae
1019 3754 1043 3773 et
1058 3756 1129 3781 prae-

89 3787 236 3826 grauentes.
271 3785 309 3810 De
320 3782 412 3817 Capris
433 3789 536 3817 utroque
554 3784 604 3808 loco
618 3784 697 3818 sermo
717 3785 758 3820 qli.

89 3828 180 3848 manes
199 3818 313 3847 faciebat
333 3819 447 3852 impetus
465 3818 522 3844 Cic.
535 3826 584 3852 pro
598 3818 684 3845 Domo
704 3829 724 3846 e.
739 3830 783 3854 24.
855 3823 894 3847 Ira
911 3819 1022 3846 infracta
1035 3819 1128 3845 consti-

56 3852 60 3860 ’
91 3856 125 3884 tit
140 3855 222 3883 Ouid.
236 3856 301 3882 Met.
321 3857 346 3885 6,
359 3856 398 3880 61.
488 3852 608 3888 Loquela
638 3853 734 3881 blanda
764 3856 874 3883 infra&a
908 3857 1011 3882 Lucret.
1034 3862 1057 3887 ς,
1078 3863 1129 3887 23¹-

90 3891 249 3924 Magnitudo
268 3890 352 3916 animi
371 3889 509 3921 interrita,
525 3897 555 3915 ae
574 3897 607 3914 ne
630 3888 737 3916 fortuna
754 3892 860 3925 quidem
883 3891 994 3918 infraGm
1018 3891 1092 3917 Curt.
1107 3895 1131 3924 8,

93 3934 132 3958 14,
150 3935 197 3960 44.
232 3925 301 3952 Add.
315 3928 340 3958 6,
354 3935 380 3959 2,
394 3934 429 3952 21.
449 3931 472 3951 et
490 3933 516 3958 9,
529 3933 554 3956 2,
573 3932 635 3956 30»
685 3925 774 3951 Minae
792 3926 918 3954 infractae
937 3927 982 3954 Sil.
997 3934 1024 3960 7,
1041 3934 1082 3959 125
1101 3932 1131 3952 vt

44 3964 53 3973 ⁷
92 3961 151 3988 Irae
163 3961 240 3988 cassae
252 3970 278 3988 v.
298 3969 349 3995 ¹23·

250 4002 333 4026 vor.
370 3998 405 4026 11.

61 1316 90 1340 ,3
114 1309 146 1334 Et
159 1308 221 1334 ideo
240 1307 407 1334 tolerabilius
428 1306 463 1333 est
475 1307 579 1342 passeris
591 1306 728 1341 pullorum
742 1307 879 1334 sarmentis
893 1312 1069 1334 crematorum
1081 1307 1118 1334 ci·
1132 1313 1165 1338 30

683 2013 786 2045 Lingua
807 2011 965 2043 infringitur
983 2011 1086 2036 Lucret·
1103 2019 1124 2041 3,
1143 2013 1175 2039 50
1189 2020 1291 2041 tuentur
1301 2011 1574 2047 pqlleriores‚praster
1590 2010 1713 2045 Pighium.

69 2366 99 2442 B
119 2377 137 2395 2
171 2368 219 2394 Per
230 2368 420 2393 translationem
437 2373 575 2400 quocunque
586 2363 655 2390 modo
669 2363 798 2388 debilitare
812 2363 851 2388 vel
867 2362 962 2387 mollire
974 2360 1032 2387 adeo
1044 2358 1125 2395 figni—
1135 2365 1170 2390 60
1190 2374 1224 2392 ne
1237 2365 1301 2400 quid
1316 2365 1485 2391 infucauerit,

96 2414 109 2430 c

376 3253 450 3279 Caes.
463 3253 491 3279 B.
506 3253 536 3278 C.
551 3261 571 3284 3,
586 3260 626 3278 101
652 3253 687 3278 Vt
702 3252 802 3286 primus
820 3253 956 3283 excursus,
971 3251 1065 3284 visque
1078 3249 1127 3275 rni-
1144 3253 1174 3282 85
1190 3251 1250 3286 dyst}
1261 3262 1276 3278 a
1295 3252 1375 3284 vitta,
1389 3252 1457 3278 docet
1469 3251 1574 3277 Lucret.
1589 3259 1607 3282 1,
1622 3255 1650 3280 88
1669 3249 1697 3275 de
1711 3250 1739 3282 Ip

48 3619 51 3622 ·
88 3609 171 3635 modo
183 3615 238 3633 non
251 3605 366 3632 infracto
378 3605 469 3632 animo
481 3613 588 3641 propter
599 3607 810 3643 magnitudinem
824 3606 977 3635 calamitatis
987 3626 994 3637 ‚
1013 3605 1054 3632 sed
1066 3614 1127 3631 con·
1137 3618 1171 3644 95
1183 3608 1259 3643 salua
1278 3611 1378 3634 interim
1394 3608 1501 3641 propria
1515 3609 1643 3640 utriusque
1655 3603 1846 3639 Jrgmjiratione.

420 3960 478 3988 Liu.
493 3966 532 3993 ΞΒ,
546 3968 577 3994 14
595 3960 627 3986 Et
640 3960 729 3986 oratio
741 3960 796 3987 fuit
813 3963 943 3991 summiss'a
962 3968 988 3990 et
1006 3961 1131 3995 infradia,
1141 3970 1184 3998 105
1195 3967 1252 3988 ante
1264 3961 1360 3987 caedem
1371 3961 1477 3987 collatis.

1179 812 1310 848 quandam
1324 811 1421 843 animi,
1435 819 1460 838 et
1474 811 1660 838 dcmiffioncm.

1216 856 1224 875 1
1235 856 1255 875 N
1268 855 1327 874 FRx
1338 854 1356 873 Ο
1366 866 1374 879 ,
1392 851 1444 873 are.
1481 847 1623 881 [ἔπιλειάω]
1663 848 1764 878 fratre,
1777 854 1802 874 ct
1815 851 1842 874 in
1857 851 1966 874 minutas
1978 855 2065 883 partes
2078 854 2222 878 comminue.

1179 893 1222 916 re,
1241 893 1294 910 cum
1313 885 1438 909 notatione
1454 883 1511 916 loct,
1524 892 1569 918 quo
1583 882 1673 909 cadant
1692 884 1732 909 illc
1746 887 1875 910 mt'nutiae.
1911 885 1978 910 Cato
1992 885 2022 910 R.
2040 886 2069 911 R.
2085 894 2129 918 29,
2142 892 2184 920 84,
2195 895 2222 914 2.

1179 920 1210 946 In
1222 928 1317 954 aquam
1329 917 1368 945 Id.
1381 920 1433 950 156,
1449 927 1476 950 4.
1529 918 1662 945 Columel.
1675 923 1700 950 8,
1712 927 1736 951 5,
1750 927 1777 944 22
1804 920 1891 953 Atque
1907 919 1941 946 ita
1956 920 2070 954 paullum
2084 922 2141 948 triti
2163 922 2223 949 salis

1543 954 1618 980 Idem
1631 961 1658 988 7,
1671 963 1695 987 ς,
1711 962 1735 980 12
1767 955 1961 990 Super-fusoque
1979 962 2069 988 aceto,
2092 957 2133 983 vel
2153 958 2223 985 aeris

1178 991 1305 1024 aerugine
1325 989 1441 1016 infriata.
2016 1002 2019 1005 *

1219 1033 1259 1052 lN
1270 1032 1312 1052 FR
1323 1031 1342 1051 o
1354 1033 1372 1051 N
1384 1032 1410 1055 s,
1432 1022 1519 1050 endis.
1555 1023 1616 1050 Adi.
1653 1022 1736 1049 Ouid.
1753 1032 1784 1050 ex
1797 1024 1870 1051 Pont.
1886 1033 1913 1057 4,
1928 1032 1966 1057 ιο,
1981 1033 2005 1057 31
2035 1026 2086 1052 Hic
2106 1028 2162 1061 agri
2183 1028 2223 1054 in-

1180 1061 1305 1123 frqndebs,
1332 1060 1375 1087 hic
1398 1060 1496 1094 spicula
1521 1059 1602 1087 cineta
1624 1058 1743 1085 venenis.
1769 1060 1795 1086 h.
1815 1069 1834 1086 c.
1860 1063 1928 1095 Agri
1954 1064 2009 1094 Jme
2033 1062 2174 1097 jrmzdzbur
2199 1070 2226 1090 ee

1181 1107 1212 1124 ar
1228 1106 1265 1124 ort
1283 1107 1320 1123 us.

1219 1139 1228 1158 1
1243 1138 1262 1158 Ν
1277 1139 1319 1158 FR
1329 1138 1347 1158 o
1357 1138 1378 1158 N
1388 1137 1505 1158 ΤΑΤΕ.
1529 1129 1598 1156 Adu.
1634 1128 1800 1165 impudenter.
1838 1129 1957 1162 Fulgent.
1975 1130 2088 1164 Exposit.
2110 1132 2226 1160 sermon.

1182 1168 1266 1202 antiq.
1281 1176 1310 1194 22
1324 1167 1450 1194 Catillare
1464 1166 1500 1192 est
1517 1175 1564 1200 par
1583 1165 1680 1191 alienas
1694 1164 1789 1191 domos
1804 1164 1949 1191 infrontate
1961 1174 2060 1199 gyrare.
2104 1168 2160 1193 Vid.
2173 1169 2227 1195 Sat.

1179 1203 1241 1240 onas.
1254 1203 1287 1229 ad
1302 1203 1408 1237 Vopisc.
1422 1202 1450 1228 in
1465 1201 1632 1228 Numeriano
1650 1209 1672 1226 c.
1686 1208 1720 1232 13.

1219 1246 1228 1264 1
1239 1245 1260 1263 N
1273 1244 1289 1264 F
1301 1245 1320 1264 R
1330 1245 1349 1263 v
1360 1244 1379 1263 G
1389 1245 1398 1263 1
1410 1243 1426 1263 F
1438 1244 1454 1263 Ε
1463 1244 1491 1267 R,
1505 1245 1528 1268 a,
1541 1245 1596 1263 um.
1618 1235 1678 1262 Adi.
1698 1235 1765 1262 idem
1775 1239 1848 1269 atque
1860 1233 2040 1271 infrut‘lnosur.
2065 1235 2230 1271 Infrugifera

1181 1274 1263 1301 arbor
1276 1275 1335 1300 Vet.
1349 1274 1417 1299 Hor.
1431 1272 1584 1299 Scholiastes
1597 1272 1628 1298 ad
1640 1272 1729 1298 Carm.
1745 1278 1769 1300 2,
1783 1277 1818 1302 15,
1832 1280 1858 1303 4.

1220 1317 1261 1336 ΙΝ
1273 1315 1289 1335 F
1301 1315 1319 1335 R
1330 1316 1349 1335 V
1361 1314 1378 1335 C
1391 1314 1441 1335 TV
1451 1310 1471 1334 ὁ
1481 1315 1493 1334 S
1504 1315 1523 1334 V
1533 1315 1562 1340 S,
1581 1316 1609 1338 a,
1630 1316 1685 1333 um.
1723 1305 1785 1332 Adi.
1826 1303 1968 1339 [ἄκαρπος]
2010 1306 2085 1342 Qod
2113 1307 2230 1342 frut‘lum

1183 1345 1311 1381 nonfert.
1348 1343 1479 1370 Columel.
1494 1351 1527 1374 11,
1539 1351 1565 1374 2,
1579 1351 1605 1375 32
1632 1341 1690 1368 Post
1707 1350 1787 1375 quem
1808 1342 1879 1369 diem
1899 1341 1954 1367 sera
1972 1347 1998 1367 et
2019 1336 2184 1370 intrueiuosa
2199 1344 2230 1371 fit

1183 1379 1341 1408 huiusmodi
1353 1387 1442 1406 rerum
1461 1378 1572 1404 cultura.
1625 1377 1699 1404 Idem
1717 1382 1741 1408 8,
1762 1386 1781 1410 4
1810 1375 1988 1402 infructuosas
2007 1377 2092 1410 vites,
2105 1379 2230 1406 fecunda:

1183 1416 1218 1444 fic
1238 1416 1328 1442 facito.
1387 1415 1428 1441 Sic
1443 1414 1508 1440 Plin.
1525 1416 1569 1446 16,
1584 1415 1617 1439 26
1651 1412 1730 1439 Fiunt
1749 1411 1877 1447 quaedam
1896 1412 1948 1438 toci
1968 1413 2038 1439 vitio
2055 1414 2230 1441 infructuosa.

1188 1453 1303 1479 Tralate.
1374 1450 1487 1484 Epistola
1501 1450 1560 1475 Sen.
1574 1450 1705 1476 Controu.
1720 1456 1756 1480 19.
1828 1446 1932 1473 Malitia
1945 1447 2112 1475 Tacit.Hist.
2125 1458 2145 1482 1,
2158 1459 2193 1483 51,
2204 1459 2230 1477 2..

1223 1529 1292 1549 INF
1305 1522 1537 1548 va‘rvosis.
1556 1517 1624 1545 Adu.
1661 1517 1737 1545 Idem.

1186 1559 1281 1594 gustin.
1295 1566 1321 1590 9,
1336 1567 1355 1590 4
1366 1563 1389 1583 et
1403 1563 1455 1591 137.
1473 1559 1504 1582 it.
1522 1549 1554 1581 ae
1566 1555 1598 1580 C.
1611 1554 1643 1580 D.
1660 1562 1696 1584 21,
1710 1561 1735 1586 9.

1223 1601 1262 1621 IN
1272 1600 1288 1619 F
1297 1600 1315 1620 R
1324 1599 1370 1618 vc
1381 1598 1403 1618 Τ
1414 1599 1433 1619 ν
1444 1597 1464 1618 o
1475 1599 1488 1618 s
1497 1592 1535 1617 1'T
1544 1597 1565 1616 A
1575 1598 1587 1616 s
1596 1609 1604 1621 ,
1623 1589 1682 1615 atis.
1707 1588 1728 1615 f.
1765 1587 1884 1614 Tertull.
1897 1587 1930 1614 de
1942 1587 2046 1615 Resurr.
2060 1590 2145 1616 carnis
2160 1600 2182 1616 c.
2197 1598 2233 1623 33-

1223 1635 1234 1655 1
1244 1636 1266 1654 N
1278 1634 1294 1654 F
1303 1635 1322 1654 R
1331 1635 1351 1654 V
1362 1635 1383 1654 N
1393 1629 1433 1653 ῐΤ
1442 1634 1461 1653 V
1470 1634 1483 1653 S
1493 1649 1500 1661 ,
1514 1635 1527 1652 a
1535 1646 1544 1658 ,
1564 1634 1616 1651 um.
1638 1624 1698 1650 Adi.
1736 1624 1840 1658 Proprie
1852 1623 1952 1650 videtur
1965 1623 2008 1656 eff&
2021 1628 2063 1658 qui
2070 1625 2134 1659 frm
2146 1628 2235 1661 nescit,

113 1491 123 1511 1
135 1492 157 1512 N
169 1491 212 1512 PR
221 1492 230 1510 1
242 1491 259 1511 c
269 1492 291 1511 T
300 1491 310 1510 ι
321 1490 340 1510 0
350 1504 360 1523 ,
377 1485 445 1510 onis.
467 1485 488 1510 f.
524 1484 592 1511 Cels.
606 1489 630 1517 8,
644 1493 666 1511 11
673 1483 725 1520 fin.
743 1484 930 1511 Infriffloncm
943 1484 1065 1511 membro
1077 1484 1120 1511 ad·
1137 1488 1166 1515 35
1185 1488 1275 1515 Preces
1289 1486 1355 1512 Plin.
1369 1486 1448 1520 Epist.
1461 1490 1485 1516 8,
1497 1493 1537 1516 23.

1774 1515 1904 1552 Epistolae
1917 1518 2030 1544 Hieron.
2042 1524 2083 1552 89,
2097 1527 2119 1553 5.
2138 1528 2162 1547 et
2179 1521 2232 1548 Au-

77 1662 164 1690 D'iaet.
180 1672 201 1690 c.
215 1671 225 1688 1
239 1668 262 1687 et
274 1670 299 1687 2·
333 1660 404 1687 Cael·
418 1660 508 1687 Aurei·
527 1669 548 1693 1,
565 1669 584 1691 1,
604 1668 650 1694 44·
691 1661 750 1687 Vsd·
775 1659 839 1694 VOstJ
854 1661 882 1687 dc
900 1661 952 1687 Vst-
965 1663 995 1688 L·
1009 1663 1038 1688 L·
1057 1670 1085 1695 4,
1109 1670 1122 1688 2
1136 1666 1173 1692 40
1180 1662 1300 1700 stupidus
1315 1663 1348 1689 ad
1366 1663 1434 1699 usum
1449 1663 1566 1688 honarum
1578 1670 1675 1691 rerum,
1688 1658 1856 1693 α’πριρόκαλος,
1868 1665 1897 1683 vt
1911 1657 1944 1691 est
1958 1662 1985 1684 in
1999 1659 2058 1684 Vet.
2073 1660 2153 1686 Glon'.
2188 1662 2236 1686 Fe-

1188 1700 1256 1730 stus,
1277 1699 1418 1725 Fruniscor
1438 1704 1465 1723 et
1482 1697 1614 1723 frunitum
1635 1695 1705 1720 dixit
1716 1694 1800 1732 Cam,
1819 1702 1920 1727 nosque
1939 1699 1999 1718 cum
2018 1693 2104 1719 adhuc
2122 1695 2235 1722 dicimus

1189 1735 1367 1766 infrunitum,
1381 1739 1481 1759 certum
1494 1732 1544 1762 est,
1556 1731 1679 1763 antiquos
1700 1729 1792 1754 dixnse
1811 1728 1954 1754 frunitum.
2027 1729 2087 1755 Seu,
2101 1730 2133 1755 de
2147 1731 2237 1757 Benef-

1189 1773 1253 1803 3,16
1267 1776 1332 1795 extr.
1354 1768 1485 1794 Infrunita
1505 1772 1531 1792 et
1549 1765 1658 1797 antiqua
1675 1764 1725 1794 est,
1745 1771 1810 1796 quae
1823 1763 1904 1788 nescit
1924 1763 2124 1791 matrimonium
2144 1766 2235 1793 vocari

1188 1814 1272 1830 vnum
1285 1803 1444 1829 adulterium
1460 1800 1526 1836 quast
1543 1801 1610 1825 dicae
1620 1818 1626 1829 ,
1640 1799 1715 1833 nestit
1724 1798 1787 1832 frui
1800 1798 1869 1823 bom's
1881 1798 1984 1834 saeculi.
2056 1800 2114 1826 Sen.
2129 1802 2160 1826 de
2176 1802 2236 1828 Vita

603 1838 670 1863 Plin.
684 1846 728 1870 20,
742 1846 766 1868 13
791 1836 928 1863 Dederunt
941 1843 967 1862 et
980 1845 1039 1861 cum
1054 1836 1124 1861 bitu·
1141 1837 1175 1862 45
1190 1840 1268 1865 Beata
1281 1847 1308 1867 23
1335 1838 1437 1871 Sapiens
1451 1844 1497 1861 nec
1511 1834 1623 1865 jactabit
1635 1834 1756 1865 diuitias,
1769 1841 1815 1859 nec
1830 1833 1982 1859 abscondet:
2007 1833 2118 1861 alterum
2133 1834 2236 1869 (ioc‘ia.

1189 1874 1237 1908 re)
1251 1872 1377 1899 infruniti
1392 1871 1475 1897 animi
1490 1870 1525 1896 est
1545 1878 1590 1897 etc.
1609 1869 1733 1894 οιὸπλετοι
1751 1871 1813 1894 enim
1824 1870 1877 1901 Jtue
1891 1877 1967 1903 nuper
1981 1869 2085 1895 diuitias
2103 1875 2235 1906 consecuti,

1188 1908 1295 1935 nondum
1311 1908 1375 1943 frui
1387 1908 1439 1933 illis
1448 1905 1554 1941 poffimr.
1591 1904 1719 1930 Laudatur
1732 1906 1805 1929 etiam
1819 1903 1876 1929 Val.
1890 1904 1960 1929 Max.
1975 1912 1996 1935 5,
2011 1912 2027 1939 7
2041 1911 2093 1931 ext.
2110 1914 2119 1932 1
2148 1907 2236 1934 Selem-

1188 1946 1215 1971 ci
1232 1944 1301 1978 regis
1321 1943 1392 1968 filius
1405 1941 1551 1968 Antiochus
1564 1947 1694 1965 nouercae
1708 1938 1866 1964 Stratonices
1886 1938 2019 1965 infrunito
2038 1948 2129 1968 amore
2149 1951 2236 1969 corre-

1190 1986 1258 2013 ptus.
1303 1978 1350 2004 Sed
1369 1987 1396 2003 ea
1415 1975 1447 2009 est
1466 1975 1608 2002 coniectura
1621 1975 1715 2008 Lipflif
1734 1974 1794 2000 Iibr'i
1814 1982 1895 2000 omnes
1916 1970 2040 2007 infinito',
2066 1977 2131 2011 quod
2147 1981 2236 2004 merito

1758 2008 1805 2036 Sed
1815 2011 1887 2034 etiam
1901 2009 1991 2035 Gellio
2004 2018 2031 2042 4,
2046 2019 2062 2042 9
2073 2019 2174 2046 praeter
2186 2023 2238 2040 rem

1189 2049 1312 2076 tribuitur
1330 2057 1345 2074 a
1360 2048 1487 2074 Carrionc.
1534 2045 1607 2072 Libri
1621 2054 1716 2077 omncs,
1731 2043 1821 2070 Verba
1841 2043 1858 2069 si
1879 2050 2020 2078 perpetua,
2034 2052 2060 2072 et
2078 2047 2197 2080 infinita,
2209 2054 2238 2076 et

1189 2083 1364 2111 obtundentia
1388 2097 1434 2102 ·-
1457 2090 1544 2116 neque
1563 2079 1816 2112 laudabilia,neque
1829 2078 1906 2105 Vtilia
1925 2081 1991 2106 sunt.
2034 2080 2249 2118 Ἀπεραπολογίαι

1189 2119 1338 2150 damnatur,
1350 2127 1402 2144 cum
1414 2116 1480 2152 finis
1499 2116 1579 2142 nullus
1590 2115 1628 2149 fit
1646 2113 1761 2144 dicendi,
1775 2117 1848 2140 etiam
1855 2113 1881 2147 fi
1894 2119 1978 2141 utaris
1990 2118 2072 2143 verbis
2085 2120 2164 2144 bonis.
2199 2120 2237 2146 Si-

1187 2163 1240 2180 mus
1255 2156 1337 2188 itaque
1349 2155 1459 2178 contenti
1471 2154 1572 2178 interim
1588 2148 1652 2182 Festi
1663 2156 1686 2175 et
1700 2150 1799 2176 Smecoe
1812 2149 1978 2183 auctoritate,
1997 2155 2039 2177 cui
2050 2153 2144 2180 accedit
2158 2154 2238 2189 Vulg.

75 2193 158 2219 altera
176 2201 259 2223 manu,
272 2189 385 2224 nesimul
395 2192 461 2228 cutis
479 2196 504 2216 et
522 2190 635 2226 viscera,
651 2188 740 2224 quibus
758 2188 803 2214 illa
823 2187 981 2218 inhaerebat,
993 2186 1125 2222 dempti-et.
1143 2186 1171 2213 55
1190 2187 1359 2215 Ecclesiastici
1373 2196 1411 2221 ²3,
1423 2189 1439 2212 6
1459 2186 1572 2212 Animae
1584 2185 1743 2212 irreuerenti
1757 2191 1782 2211 et
1796 2185 1943 2212 infrunitae
1957 2195 1990 2212 ne
2004 2188 2089 2214 tradas
2102 2197 2153 2214 me.

1227 2230 1269 2249 IN
1281 2223 1402 2255 esico,
1424 2225 1475 2248 are.
1515 2223 1577 2248 Fut-'0
1596 2224 1701 2257 tingere.
1743 2221 1800 2247 Cic.
1821 2220 1853 2247 de
1866 2221 1949 2247 Orat.
1973 2231 1993 2253 3,
2017 2230 2064 2248 100
2085 2232 2106 2249 c.
2122 2231 2152 2256 ις
2172 2231 2237 2251 extr.

1191 2258 1224 2285 In
1243 2258 1345 2292 scriptis
1366 2263 1391 2284 et
1410 2257 1440 2283 111
1459 2256 1538 2284 dietis
1559 2265 1612 2283 non
1632 2256 1737 2283 aurium
1755 2255 1855 2287 solum,
1872 2256 1914 2282 sed
1933 2255 2018 2282 animi
2037 2258 2139 2285 iudicio
2156 2261 2238 2287 etiam

1190 2294 1274 2328 magis
1289 2294 1403 2320 infucata
1417 2293 1484 2319 vitia
1503 2293 1653 2319 noscuntur.
1683 2307 1687 2309 -
1724 2291 1845 2318 quucare
1859 2291 1980 2325 aliquid,
2002 2294 2094 2329 Tegerc
2108 2298 2144 2320 ita
2156 2296 2238 2331 fallas-

1188 2333 1264 2362 ciam,
1278 2336 1306 2355 vt
1320 2339 1367 2355 non
1383 2329 1593 2363 deprehendatur:
1613 2327 1695 2353 Plaut.
1711 2326 1771 2352 Mil.
1786 2335 1808 2358 2,
1822 2329 1848 2357 6,
1862 2329 1899 2360 46
1925 2327 2004 2354 Nunc
2018 2329 2062 2362 pol
2076 2339 2125 2364 ego
2138 2336 2238 2363 metuo,

1540 2362 1699 2389 Μαι-11111111.
1714 2361 1778 2387 Cist.
1802 2370 1820 2392 1,
1842 2370 1862 2393 1,
1881 2370 1919 2388 21.
1960 2363 2017 2390 Vid.
2036 2363 2189 2393 Taubmann.
2205 2373 2237 2403 p.

1189 2411 1234 2437 435
1247 2408 1270 2426 et
1282 2408 1337 2429 822¹.
1360 2401 1479 2425 Gronouz'i
1490 2398 1526 2424 ed.
1539 2398 1612 2424 babet
1629 2397 1758 2432 utrobique
1775 2397 1913 2424 infuscare.

1226 2443 1268 2461 JN
1282 2441 1478 2464 FchTxo,
1496 2433 1563 2460 onis.
1591 2433 1612 2459 f.
1648 2432 1839 2467 ApudArnob.
1877 2452 1884 2458 .
1922 2451 1930 2459 .
1967 2454 1975 2461 .

1226 2475 1540 2501 INFVDIBVLVM‚
1577 2467 1630 2494 vid.
1668 2474 2004 2495 1NFVND113VLVM.

1226 2512 1235 2532 1
1248 2514 1269 2532 N
1280 2513 1324 2532 Fv
1335 2512 1382 2532 LA
1394 2525 1403 2537 ,
1433 2514 1472 2531 ae.
1501 2505 1522 2530 f.
1562 2505 1675 2538 [ςέμμα
1695 2510 1718 2529 et
1736 2505 1860 2535 ςέμμικτα
1879 2504 1937 2529 Vet.
1953 2504 2055 2540 Glom]
2096 2505 2236 2541 Definiente

671 2540 720 2565 Vbi
732 2540 864 2566 Donatus:
885 2540 919 2565 Vt
940 2538 1053 2564 illudens
1074 2537 1124 2563 hoc
1141 2540 1174 2572 65
1190 2541 1266 2569 Festo
1280 2542 1343 2578 sunt
1362 2541 1496 2567 filamenta
1516 2540 1605 2571 lanea,
1624 2539 1722 2573 quibus
1741 2538 1884 2564 sacerdotes
1902 2544 1928 2565 et
1947 2539 2062 2572 hostiae,
2080 2542 2237 2576 ,templaque

1190 2577 1357 2604 velabantur.
1394 2577 1435 2603 Sic
1447 2578 1510 2601 enlm
1522 2575 1646 2610 legendum
1656 2581 1705 2609 pro
1718 2573 1856 2606 velabant,
1874 2577 1924 2600 iam
1937 2579 2031 2601 monuit
2044 2577 2163 2612 Scaliger.
2178 2580 2238 2612 Egy-

1190 2623 1246 2639 mon
1279 2612 1407 2647 uppeditat
1424 2612 1510 2637 Varro
1522 2610 1554 2636 de
1570 2611 1599 2636 L.
1616 2610 1645 2636 L.
1659 2612 1685 2641 6,
1700 2617 1712 2641 3
1725 2618 1748 2643 p.
1764 2617 1808 2643 70,
1821 2612 1835 2633 6
1855 2618 1922 2644 quem
1941 2612 2018 2636 locum
2037 2621 2067 2638 ex
2085 2616 2237 2647 comparatis

1189 2649 1311 2684 Scaligeri
1325 2648 1472 2681 etScioppii
1496 2645 1644 2672 editionibus
1655 2645 1694 2678 fic
1709 2643 1892 2677 constituimus:
1932 2644 1986 2679 (Et
2005 2649 2042 2672 ita
2063 2648 2141 2683 vistim
2160 2651 2236 2680 etiam

1191 2685 1267 2710 Dion.
1281 2682 1358 2717 Voffio
1371 2682 1404 2708 ad
1411 2682 1518 2708 Caes-B.
1528 2681 1588 2707 Ciu.
1602 2689 1622 2710 2,
1633 2683 1677 2712 12)
1696 2680 1795 2706 Infulas
1803 2680 1883 2706 dicias
1895 2687 2001 2715 apparet
2009 2682 2037 2708 in
2052 2682 2153 2713 hostiis,
2163 2684 2236 2718 quod

81 2721 201 2748 cautibus
221 2728 300 2747 vncas
313 2719 455 2753 Exsuperat
472 2718 533 2751 iuga
552 2716 608 2743 dira
625 2718 736 2748 Manus,
757 2720 776 2742 i.
793 2717 904 2742 manibus
925 2714 1127 2750 comprehendens
1137 2728 1174 2756 70
1192 2719 1325 2746 filamema
1337 2727 1350 2743 e
1365 2718 1436 2749 lana,
1455 2726 1521 2752 quae
1536 2716 1668 2742 adduntur
1681 2716 1750 2742 infra
1764 2719 1824 2750 (pto
1838 2718 1905 2751 nulg-
1919 2717 2006 2749 intra>
2019 2717 2164 2745 hostiarum
2179 2729 2237 2746 cor-

1191 2764 1243 2781 nua
1256 2755 1403 2781 velamenta
1418 2759 1500 2779 erant.
1539 2754 1631 2787 Nempe
1642 2751 1740 2777 infulae
1753 2753 1815 2786 sitne
1830 2752 1897 2787 quast
1908 2752 2056 2786 infenflae,
2075 2754 2236 2789 dependentia

1189 2794 1259 2817 circa
1278 2796 1352 2825 caput
1362 2789 1509 2824 filomenta,
1535 2797 1595 2823 quae
1606 2797 1621 2813 a
1636 2787 1733 2822 vittas.
1756 2787 1829 2813 vittis
1844 2786 2056 2824 cotfiringuntur.
2083 2790 2237 2818 Velamenta

1189 2833 1312 2853 vocamur
1333 2825 1433 2851 infulae
1452 2827 1526 2851 etiam
1543 2833 1557 2849 a
1575 2824 1657 2853 Liuio,
1670 2826 1739 2848 cuius
1757 2824 1809 2848 loca
1826 2822 1912 2848 damus
1934 2833 1989 2849 mox
2003 2833 2028 2850 n.
2043 2833 2064 2857 5.
2082 2832 2106 2851 et
2123 2826 2197 2861 msra
2208 2829 2237 2852 in

1190 2868 1242 2888 νΕι
1255 2867 1442 2888 ΑΜΕΝΤνΜ.
1499 2861 1557 2886 Non
1575 2868 1698 2884 moramur
1711 2857 1840 2884 Isidorum
1857 2867 1892 2890 19,
1905 2867 1945 2891 30,
1959 2863 2002 2894 qui
2020 2860 2079 2886 haec
2095 2868 2236 2895 permutare

259 2898 385 2922 Amolsrl'ss
421 2895 492 2922 Caes·
513 2895 541 2921 ss·
559 2896 589 2921 C·
604 2903 630 2927 Ζ,
647 2903 675 2928 19
689 2897 741 2926 (2¹)
775 2895 868 2921 Caesar
887 2893 977 2920 habita
996 2893 1126 2919 mucione
1145 2905 1177 2935 73
1191 2897 1307 2929 videtur,
1325 2897 1382 2923 dum
1400 2896 1477 2923 vittas
1492 2894 1524 2921 ab
1537 2895 1621 2920 infula
1639 2893 1814 2928 dependentes
1825 2894 1913 2929 facit,
1932 2898 1959 2920 in
1977 2904 2021 2930 quo
2039 2897 2236 2931 consentientem,

1190 2942 1223 2959 an
1233 2934 1409 2967 praeeuntem?
1427 2931 1499 2958 habet
1513 2931 1635 2957 Seruium
1648 2930 1683 2955 ad
1694 2931 1759 2955 Aen.
1775 2938 1812 2960 10,
1827 2935 1868 2962 538
1886 2930 1974 2956 Insula
1986 2930 2031 2957 cui
2045 2932 2114 2957 sacra
2127 2933 2236 2959 redimi-

1191 2967 1236 2995 bat
1255 2973 1373 3001 tempora
1394 2967 1470 2993 vitta.
1519 2968 1571 3000 Qui
1584 2967 1716 2991 contulerit
1730 2968 1796 2992 inter
1808 2965 1837 3001 se
1851 2967 1918 2997 loca,
1932 2975 1991 3001 quae
2005 2966 2046 2992 hic
2058 2966 2197 3000 dabuntur,
2211 2974 2236 2994 et

1190 3007 1218 3029 in
1235 3009 1343 3029 VITTA
1352 3021 1359 3033 ‚
1379 3010 1427 3028 non
1440 3005 1576 3032 metuimus,
1588 3010 1618 3026 ne
1630 3010 1713 3026 verum
1726 3011 1770 3027 nos
1785 3000 1887 3033 dixtſjt’,
1901 3011 1949 3027 non
1960 3001 2052 3027 videat.
2099 3004 2167 3037 Quin
2185 3003 2237 3039 ipse

1192 3039 1315 3070 Ifidorus,
1324 3039 1367 3064 vbi
1377 3037 1550 3069 dixit,Inf111a
1557 3037 1593 3063 est
1607 3037 1715 3063 fasciola
1730 3036 1894 3063 sacerdotalis
1908 3036 1999 3070 capitis
2013 3036 2071 3063 alba
2084 3037 2111 3063 in
2125 3039 2237 3066 modum

1071 3072 1128 3097 Ta·
1139 3085 1171 3110 80
1192 3074 1364 3105 diadematis,
1384 3081 1398 3099 a
1412 3075 1462 3108 qua
1483 3073 1564 3099 vittae
1577 3071 1610 3099 ab
1623 3078 1734 3107 viraque
1752 3078 1824 3106 parte
1838 3071 1997 3105 dependent,
2010 3072 2095 3104 addit,
2109 3082 2176 3107 quae
2195 3074 2234 3100 in.

1190 3111 1274 3137 fulam
1288 3109 1417 3136 vinciunt.
1460 3108 1537 3135 Vnde
1551 3114 1576 3134 et
1594 3108 1676 3134 vittae
1693 3107 1794 3139 dictae,
1809 3107 1880 3140 quod
1901 3107 2026 3133 vinciant.
2067 3109 2161 3134 Vltzma
2175 3117 2235 3136 vera

1184 3146 1264 3182 sunu
1278 3146 1325 3181 sed
1343 3155 1390 3171 non
1404 3144 1473 3180 satis
1485 3144 1672 3180 fitpcrioribus,
1685 3144 1820 3168 cohaerent.
1859 3143 1912 3168 Nec
1931 3143 2052 3177 Scaligeri
2071 3145 2235 3180 etymologica

1190 3180 1299 3214 nfflme,
1315 3181 1340 3207 h.
1355 3190 1374 3206 e.
1400 3182 1586 3212 Varrmzianae‚
1608 3186 1637 3206 vt
1646 3185 1777 3213 putamus,
1793 3177 1976 3213 praeferimus,
1997 3181 2041 3213 qui
2065 3178 2171 3206 Infilare
2195 3180 2238 3206 vel

1192 3217 1310 3243 Infulare
1330 3216 1454 3243 veteribus
1473 3219 1591 3247 amicire,
1616 3217 1696 3240 velare
1707 3212 1732 3247 Ji
1752 3211 1858 3248 nificaſjc
1872 3219 1990 3238 autumat.
2028 3213 2127 3240 Infulas
2146 3214 2234 3250 depen-

1732 3223 1853 3274 {uanass‘a
1865 3248 1884 3274 s.
1900 3248 2030 3284 Iphigenia
2043 3248 2144 3282 dicens,
2160 3249 2236 3284 Qioi

1192 3288 1267 3315 fimu!
1282 3288 1369 3314 Insula
1382 3288 1518 3322 virgineos
1531 3285 1691 3312 circumdata
1703 3284 1787 3310 cultus
1801 3285 1835 3309 Ex
1845 3290 1953 3317 Vtraque
1967 3284 2023 3318 pari
2036 3285 2162 3311 malarum
2178 3295 2235 3320 par-

1191 3330 1219 3350 te
1236 3324 1342 3358 profusa
1360 3323 1405 3350 est.
1462 3323 1534 3356 Virg.
1551 3322 1647 3354 Georg.
1660 3328 1682 3352 3,
1696 3325 1748 3353 487
1779 3320 1864 3345 Lanea
1876 3320 1938 3345 dum
1957 3320 2034 3346 niuea
2055 3320 2234 3348 circumdatur

1192 3359 1277 3386 infula
1286 3359 1364 3386 vitta:
1383 3360 1439 3394 quis
1451 3367 1500 3384 non
1516 3357 1593 3388 videt,
1608 3357 1673 3382 vitta
1687 3353 1846 3387 cotzstriflnm
1859 3361 1882 3381 et
1895 3353 2143 3391 allagistomlnfularn
2152 3360 2236 3383 utrin-

1191 3405 1235 3431 que
1253 3392 1402 3430 dependzffi,
1417 3401 1439 3419 et
1458 3391 1544 3425 velasti*
1564 3394 1657 3426 caput?
1710 3390 1796 3418 Eodem
1807 3391 1880 3426 ftnJie
1900 3390 1981 3416 Ouid.
1994 3399 2024 3416 ex
2038 3391 2109 3418 Pont.
2123 3400 2145 3424 5,
2159 3400 2183 3427 2,
2197 3400 2235 3427 74

76 3432 200 3462 ΪΓῑΙΥΠῑΙδ
215 3435 244 3455 Vt
257 3427 385 3454 inffflfflOS
396 3429 506 3457 aduerso
520 3432 605 3457 Marte
618 3429 725 3457 [ὃῐίῐῐθὲ
743 3429 868 3456 Defeciffe
882 3428 962 3455 Videt·
994 3428 1050 3453 Vsd-
1067 3429 1127 3462 Ery·
1142 3441 1178 3466 90
1192 3430 1300 3458 Ambiat
1312 3437 1341 3457 vt
1355 3430 1441 3456 fuluas
1454 3427 1535 3454 insula
1549 3427 1627 3461 longa
1638 3435 1739 3453 comas:
1765 3426 1880 3460 dumque
1894 3433 1965 3459 parat
1979 3426 2094 3459 sacrum,
2109 3427 2171 3453 dum
2189 3437 2234 3454 ve—

1191 3467 1228 3493 lat
1245 3472 1364 3500 tempora
1383 3465 1471 3491 vittis:
1486 3463 1571 3490 ‘vittis
1590 3461 1799 3498 adstringentibus
1815 3460 1926 3492 infulas,
1944 3471 2004 3496 quas
2021 3463 2098 3495 latius
2117 3463 2234 3498 quiddam

1191 3509 1215 3529 et
1228 3502 1331 3528 velando
1349 3503 1430 3535 capiti
1441 3506 1523 3534 aptum
1535 3497 1630 3533 suiffi·‚
1643 3498 1720 3533 ipsum
1734 3496 1875 3522 velamenti
1895 3505 1979 3522 nomen
1992 3496 2096 3524 indicat.
2137 3499 2235 3534 Semper

1190 3547 1247 3574 ergo
1261 3547 1310 3564 vna
1321 3536 1382 3572 finit
1396 3535 1480 3561 infula
1500 3541 1523 3560 et
1538 3535 1611 3560 vitta.
1666 3533 1735 3560 Satis
1749 3539 1828 3558 autem
1844 3530 1877 3563 cst
1897 3534 2000 3558 alterum
2013 3532 2150 3567 memoroffl
2168 3533 2235 3570 apud

1190 3574 1356 3605 intelltgcntes
1367 3580 1447 3597 rernm
1457 3581 1464 3595 :
1482 3569 1546 3596 vnde
1555 3568 1691 3604 promtscue
1704 3576 1750 3593 non
1764 3576 1886 3602 nunquam
1897 3567 1956 3593 haec
1976 3567 2022 3593 dno
2030 3571 2094 3603 poni
2108 3569 2235 3602 vrdffltur,

1271 3603 1283 3609 ⁹
1675 3603 1681 3607 ”
1917 3602 2041 3630 Adhibita
2057 3611 2135 3631 autem
2150 3606 2234 3640 infida

1229 3652 1245 3670 2
1269 3646 1351 3679 primo
1370 3645 1397 3667 in
1416 3640 1517 3674 hostiis,
1534 3643 1635 3675 capitis,
1646 3641 1765 3665 oculorum
1779 3638 1924 3673 praesertim
1941 3638 2134 3666 obnubendorum
2152 3640 2233 3675 confit,

1191 3688 1220 3705 ne
1232 3678 1266 3705 od
1283 3676 1434 3714 conspeflum
1448 3675 1514 3702 iaus
1532 3675 1744 3709 contrcm1scerent
1751 3673 1975 3709 fugamq11e,quod
1991 3676 2051 3701 mali
2066 3678 2156 3701 ominis
2168 3681 2232 3706 erat,

1192 3714 1347 3740 molirentur.
1384 3715 1421 3739 De
1432 3712 1477 3738 hac
1491 3711 1575 3738 infula
1588 3716 1665 3745 agunt
1678 3710 1739 3738 loci,
1752 3718 1811 3744 quos
1823 3718 1852 3734 ex
1866 3709 2001 3742 Varrone,
2016 3709 2156 3740 Lucretio,
2170 3709 2231 3735 Vir-

1193 3749 1276 3783 gilio,
1289 3749 1391 3776 Ouidio
1409 3748 1456 3774 huc
1474 3756 1548 3782 usqne
1567 3748 1735 3772 excitauimus.
1772 3745 1812 3771 δίε
1825 3744 1944 3778 Caligula
1963 3745 2029 3780 apud
2039 3746 2142 3771 Sueton.
2160 3753 2182 3770 c.
2196 3751 2230 3777 27

830 3786 959 3812 Infraclus
972 3785 1058 3810 Furor
1069 3790 1129 3810 tuus
1138 3796 1185 3815 100
1193 3786 1312 3819 aliquem,
1327 3784 1407 3820 quis?
1419 3790 1469 3819 pro
1481 3783 1563 3818 fiilute
1582 3780 1657 3820 ipsius:
1677 3780 1820 3812 deuouerat,
1837 3780 2001 3807 cunetantem
2022 3779 2107 3819 pueris
2122 3778 2230 3805 tradidit

1194 3819 1365 3846 verbenatum
1380 3819 1589 3851 infulatumque,
1610 3824 1657 3850 qui
1670 3821 1763 3842 votum
1782 3816 1945 3849 reposcentes
1963 3825 2009 3850 per
2023 3823 2095 3840 vicos
2115 3820 2230 3848 agerent,

1195 3855 1284 3889 quoad
1302 3854 1520 3889 praecipitaretur
1532 3861 1563 3878 ex
1575 3860 1677 3886 aggere.
1716 3853 1801 3886 ltaque
1813 3850 1935 3877 trad-‘lauit
1949 3851 2059 3884 miserum
2072 3850 2189 3875 bomznem
2203 3855 2232 3874 vt

1195 3889 1333 3916 victimam.
1372 3892 1439 3916 Hinc
1452 3888 1522 3915 Flor.
1538 3897 1565 3921 4,
1580 3896 1603 3917 2,
1618 3896 1650 3919 92
1680 3887 1757 3920 Qiae
1769 3888 1859 3913 omnia
1880 3887 1951 3913 velut
1971 3884 2070 3910 infulae
2083 3885 2110 3910 in
2124 3884 2233 3909 destina-

1195 3931 1248 3952 tam
1267 3926 1349 3951 morti
1368 3923 1504 3951 victimam
1524 3922 1748 3958 congerebantur,
1769 3922 1796 3948 de
1815 3922 1944 3948 bonoribus
1964 3923 1990 3945 in
2012 3920 2135 3952 Cnejlwm
2152 3918 2232 3952 paullo

1633 3956 1654 3995 fl
1675 3966 1688 3991 3
1724 3958 1903 3993 Teuiplorum
1915 3959 1987 3981 stiam
2001 3954 2079 3989 suist?
2096 3957 2209 3991 injulos,
2222 3963 2233 3979 e

1390 4002 1407 4030 7
1431 3995 1454 4022 A
2159 3989 2233 4015 Festo
