2479 4225
9 163 108 209 1825
302 150 306 162 ’
408 155 446 194 G
535 157 566 195 R
654 158 692 197 A
1509 159 1549 199 G
1635 159 1668 198 R
1748 164 1786 203 A
2090 174 2161 216 826

39 246 132 279 Georg.
145 251 166 276 3,
180 251 218 276 191
253 258 298 264 --
331 243 508 279 gradibusque
529 246 620 272 sonare
656 243 820 280 Compositis.
891 242 991 282 Citatus
1007 243 1065 283 Sen.
1129 248 1202 274 litiae
1216 248 1357 275 Deiicitur.
1460 247 1553 276 Effcrri
1573 257 1618 284 per
1631 246 1763 276 honorum
1781 252 1873 284 gradus
1891 255 1922 282 ad
1937 256 2065 284 summum
2080 258 2161 293 impe.

38 280 105 308 Med.
125 280 141 305 s.
155 287 190 305 12.
263 279 377 305 Infausto
392 281 472 306 Ouid.
487 282 549 315 Met.
563 290 585 313 3,
598 283 637 313 36.
731 282 790 307 Liu.
805 289 831 312 4,
846 287 872 311 32
894 279 1012 305 Pedltkffll
1028 288 1065 304 ¹¹¹-
1130 285 1199 310 rium
1219 285 1274 310 Cic.
1291 293 1317 309 iu
1331 282 1409 309 Catil.
1425 291 1444 314 i,
1458 289 1492 313 28-
1565 286 1683 312 Firmare
1695 286 1819 320 gradum,
1839 290 1965 322 prehensis
1980 294 2092 319 inuicem
2108 303 2160 320 ma-

39 316 158 343 structam
174 313 255 340 aciem
267 316 348 341 Pleno
366 317 445 349 gradu
465 317 491 343 in
504 318 587 343 aciem
604 316 715 343 inducit.
786 316 906 348 Praeceps
920 315 976 339 Sen-
988 315 1064 340 Herc·
1131 321 1207 345 nibus
1222 318 1352 352 Quine'til.
1368 327 1386 350 3,
1406 327 1423 351 4
1446 319 1535 354 atisin.
1605 322 1700 347 Locare
1721 321 1748 347 in
1767 322 1848 356 gradu
1867 326 1922 351 Cic.
1937 336 1984 359 pro
1998 330 2115 355 Muraen.
2130 338 2160 361 30

39 352 96 378 Oet.
116 350 133 376 s.
147 358 173 383 4.
245 350 370 377 Sublimis
392 352 472 378 Ouid.
493 352 558 378 Fast.
575 361 599 383 1,
617 356 670 384 638.
747 350 894 377 Tremulus
912 350 983 375 Ideni
1002 351 1065 375 Met.
1131 364 1151 381 c.
1168 364 1196 387 14
1211 363 1255 390 pr.
1325 355 1454 380 Obtinere
1474 356 1581 387 gradum
1601 357 1673 383 Idem
1688 356 1757 383 Fam.
1773 366 1790 389 1,
1804 364 1829 391 7.
1900 361 2052 390 Promoucri
2068 365 2094 390 in
2108 374 2160 391 am-

41 394 80 420 14‚
93 393 142 420 143.
191 385 304 412 Vesanus
324 387 381 413 Scn.
396 387 464 414 Med.
485 388 502 413 s.
517 397 541 420 9.
594 388 637 414 Ad
654 389 698 414 hoc
710 395 786 423 genur
801 387 909 420 pertinet
921 385 1068 446 illud,sioii
1089 396 1103 422 ς
1131 391 1243 424 pliorem
1257 389 1366 424 gradum
1380 389 1487 415 Sueton.
1501 393 1562 416 oth.
1584 401 1605 417 c.
1622 400 1640 418 ι.
1710 391 1775 418 Poni
1793 401 1821 418 in
1835 393 1953 420 altissimo
1968 398 2046 430 gradu
2061 407 2162 432 praeter

40 419 165 448 Coluniel.
184 428 204 452 3,
224 428 263 452 13,
276 430 304 460 9.
339 426 368 460 it.
389 431 426 457 ii,
444 431 470 455 3,
491 432 519 449 ιο
547 423 647 453 Gradus
667 421 699 455 est
716 421 838 452 altitudo,
853 420 878 455 J:
913 420 995 460 rosun-
1009 429 1067 451 κατ,
1130 427 1199 460 spem
1219 426 1311 451 alienis
1330 425 1424 459 opibus
1445 425 1499 450 Cic.
1514 434 1560 459 pro
1574 428 1641 454 Sext.
1656 435 1698 453 20.
1789 428 1907 456 Reddere
1925 431 1998 457 suum
2010 434 2103 467 cuique
2116 435 2162 461 ho-

57 463 151 483 rtantum
169 464 217 481 vno
237 459 292 492 mJu
306 457 389 492 seffor
404 461 488 493 palam
506 461 628 494 imprimit
641 469 649 483 .’
683 465 706 484 et
719 467 746 490 4,
765 464 785 488 1,
798 464 810 487 3
831 456 883 482 Gra
904 465 932 482 us
949 456 997 482 soll
1011 466 1067 482 tl'u-
1130 470 1222 487 norem
1241 468 1266 487 et
1285 460 1392 495 gradum
1413 459 1484 485 Idem
1502 469 1550 494 pro
1570 463 1644 488 Rosc.
1667 464 1754 489 Amer-
1774 465 1813 495 36.
1915 465 2035 499 Speeiare
2054 468 2162 496 honoris

39 466 67 519 Ξί
84 496 178 517 tamum
195 491 276 522 humi,
295 501 412 528 quantum
430 496 493 520 alias
513 503 560 520 uno
577 493 659 555 kglradu
676 492 752 526 eff'odi
767 490 848 526 possm
1015 491 1034 527 Ἴ
1055 500 1066 517 2
1131 497 1241 531 gradum
1256 498 1312 523 Cic.
1326 505 1374 531 pro
1387 495 1480 521 Milon.
1497 505 1536 528 24.
1631 498 1738 524 ‘renem
1758 499 1867 532 gradum
1880 500 2031 527 Consularis
2052 503 2162 538 dignita.

41 527 162 554 formulae
183 527 315 553 Verborum
329 539 337 553 :
374 529 512 559 Abducere
531 538 575 563 gra
598 538 657 561 uin,
681 526 731 554 vid.
751 531 888 553 ABDVCO.
966 527 1067 552 Accele-
1132 534 1164 559 tis
1182 532 1354 564 1de1110fl23‚
1367 539 1400 563 99
1420 540 1441 556 c.
1457 533 1489 556 26
1508 537 1572 557 extr.
1607 532 1678 568 Conj.
1694 534 1760 567 Nep.
1776 542 1813 567 19,
1827 543 1853 567 2,
1865 543 1886 567 3.

0 587 2 592 ,
38 570 94 591 rare
107 560 231 596 gradum,
252 563 302 589 unl.
322 570 495 592 ACCELERO.
551 565 670 591 Accurrit
684 562 793 589 incitato
807 561 893 596 gradu
904 560 959 587 Sen.
974 562 1067 588 Phoen.
1088 576 1115 594 ,ο
1166 574 1186 593 G
1197 574 1271 594 RAD
1282 576 1290 594 1
1302 574 1321 593 ο
1332 574 1348 593 R
1359 586 1367 598 ‚
1382 567 1476 600 gressus
1491 566 1556 598 sum,
1572 568 1653 600 gradi.
1670 569 1732 602 Dep.
1752 570 1855 603 ffatim,
1870 569 2018 607 πορεύομαι]
2040 571 2163 605 Incedere,

0 626 2 631 .
37 605 96 632 999.
151 598 212 623 Stat.
228 598 319 625 Theb.
331 603 357 632 6,
377 606 419 632 538
454 616 499 621 —
523 606 583 627 tunc
603 600 652 626 rite
671 598 763 623 citatos
799 597 941 637 Exp‘lorant
956 599 1067 624 Acuunt·
1130 606 1183 637 irc,
1203 605 1340 634 dammare,
1357 602 1476 637 progredi
1492 611 1498 625 :
1534 609 1557 627 ct
1579 602 1677 629 uidetur
1690 607 1821 639 proprium
1840 615 1920 632 eorum
1939 605 1996 639 iffi,
2017 617 2077 643 quae
2089 608 2163 643 pedes

0 643 5 664 l.
37 640 86 667 que
100 636 200 666 gradus·
274 635 333 661 Lm·
347 638 389 667 26,
408 644 423 668 9
449 636 604 669 Alsscresqsse
624 633 722 660 milit&
739 633 805 659 ³¹5¹ss
823 633 920 664 2¹¹¹¹¹¹¹⁵
942 639 969 659 vt
984 634 1066 660 Addss-
1130 640 1235 665 alternis
1250 643 1404 674 promouent.
1461 637 1555 671 Virgil.
1571 638 1635 663 Aen.
1653 647 1670 669 ι,
1686 642 1726 670 316
1748 641 1803 674 lpse
1818 649 1870 667 vno
1891 641 2009 676 graditur
2026 644 2165 670 comitatus

35 674 75 694 ret
99 669 229 701 gradum,
259 679 361 697 memor
389 672 420 697 ad
444 670 632 698 defendendam
658 671 697 695 ire
720 669 831 703 patriam
844 685 853 698 ,
886 667 1066 695 hortabantur.
1131 675 1236 700 Achate,
1307 674 1362 699 Cic.
1377 671 1409 697 de
1423 672 1516 698 Natur.
1530 673 1610 700 Deor.
1623 682 1654 705 2,
1676 683 1719 700 122
1745 676 1799 701 Iam
1819 685 1884 702 vero
1903 677 1953 703 alia
1968 678 2091 705 animalia
2110 688 2167 714 gra.

35 703 154 737 Tarpeia
168 713 243 738 rupes
258 713 361 732 centuni
377 706 500 740 gradibus
514 706 626 732 Additur
645 705 735 731 Tacit.
750 704 816 730 Hist.
832 712 860 736 3,
880 711 918 737 71.
988 704 1067 731 Adiu-
1130 710 1243 741 diendo,
1261 708 1312 734 alia
1333 708 1458 741 serpendo
1477 707 1509 733 ad
1531 709 1628 741 pallum
1643 710 1775 736 accedunt.
1871 712 1966 746 virgil.
1981 714 2044 742 Aen.
2066 719 2097 747 8,
2116 716 2166 748 546

35 747 98 765 vare
112 739 219 772 gradum
234 741 327 767 baculo
342 743 398 768 Sen.
413 744 490 769 Herc.
505 742 556 767 fur.
576 741 593 769 s.
608 749 633 773 9.
706 741 826 774 Aequare
843 740 938 773 gradus
957 739 1067 766 alicuius
1087 754 1112 780 ¹5
1132 745 1251 771 Posthinc
1269 744 1300 770 ad
1321 751 1398 769 naues
1417 744 1549 777 graditur,
1569 744 1707 779 sociosque
1726 745 1824 772 reuisit.
1894 749 1949 773 Cic.
1963 749 2073 776 Tuscul.
2087 758 2104 781 i,
2125 758 2166 776 ιιο

35 773 81 800 Sil·
96 776 133 806 ¹62
168 794 174 800 ·
214 795 220 801 ·
292 777 436 804 Aedificare
450 775 542 811 gradus
559 777 614 803 Cic.
629 784 678 810 pro
692 775 796 802 Cluent.
809 783 848 807 93·
925 775 1068 802 Ascendere
1132 789 1152 806 c.
1166 782 1202 814 46
1227 779 1330 806 Fidenti
1343 779 1432 804 animo
1448 779 1483 810 (li
1499 780 1534 805 ita
1548 788 1589 805 res
1602 780 1669 812 fert)
1684 781 1817 814 gradietur
1830 781 1861 808 ad
1876 790 1997 811 mortem.
2049 785 2166 813 Pedatim

35 809 158 844 gradibus
178 811 206 836 in
220 812 321 839 caelum
335 813 406 839 Idem
420 822 467 847 pro
481 814 570 838 Domo
584 813 627 838 sua
644 819 680 844 75.
755 810 899 838 Ascendere
913 811 1001 837 multis
1014 821 1068 846 gra·
1132 816 1219 850 gradi,
1251 814 1303 840 vid.
1324 821 1394 840 PES.
1467 815 1549 841 Gradi
1564 815 1633 841 viam
1651 817 1755 842 Colum.
1769 820 1796 849 6,
1808 825 1848 852 37.

35 844 113 870 dibus
132 846 187 872 Cic.
201 846 233 872 de
248 848 304 874 Fin.
322 856 348 880 3,
363 857 407 880 40.
475 847 631 873 Ascenditur
649 845 743 882 gradus
761 847 866 873 Nitruu.
879 853 909 877 3,
927 854 948 877 3.
1018 848 1067 882 Ap.
1170 856 1189 877 G
1201 856 1387 881 RADIEN8‚
1414 850 1489 875 entis.
1527 851 1617 876 Partic.
1660 852 1703 877 Illi
1722 852 1800 886 longe
1824 852 2003 887 gradientem,
2028 860 2057 881 vt
2075 855 2167 882 videre

0 886 2 891 ⁸
19 911 21 918 y
36 888 176 914 properare
191 883 315 916 gradum,
341 883 394 910 vid.
409 890 430 910 A
440 890 455 909 P
467 889 482 909 Ρ
494 890 513 910 R
523 889 543 909 ο
554 891 568 909 P
578 889 594 908 E
605 890 623 909 R
633 890 661 910 o.
732 882 854 909 Cclerare
869 881 977 914 gradum
992 883 1068 917 Virg.
1131 887 1226 921 Virgil.
1242 887 1305 911 Aen.
1320 894 1358 917 10,
1372 893 1424 918 573.
1495 886 1622 912 Gradienn
1636 885 1760 921 degrauat
1780 888 1860 914 litora
1883 889 1983 923 ingenti
1999 891 2066 924 passu
2085 891 2167 918 Ouid.

36 916 101 942 Aen.
121 926 148 949 4,
168 919 225 950 641.
303 919 434 953 Colligere
452 918 562 952 gradum
583 918 627 945 Sil.
643 926 674 952 7,
709 934 729 944 .»
752 936 759 944 .
812 916 941 942 Conferre
960 919 1067 951 gradum
1088 931 1123 949 20
1132 923 1194 948 Met.
1211 930 1243 953 13,
1256 923 1317 955 776.
1337 921 1364 946 de
1377 920 1529 955 Pabrphemo.
1576 922 1657 947 Lente
1669 923 1787 957 gradiens
1801 924 1891 950 asellus
1906 925 1979 951 Idem
1992 926 2056 952 Met.
2073 934 2169 961 11,179.

35 951 133 986 Virgil.
149 953 243 987 Georg.
259 962 281 986 3,
295 957 348 980 166.
417 954 583 981 Constituere
600 954 706 980 Vitruu.
723 962 743 985 3,
758 961 779 984 3.
849 952 993 979 Continere
1013 963 1068 988 gra·
1167 963 1260 984 GRES
1270 964 1282 983 s
1293 963 1311 981 v
1322 963 1334 982 S
1344 977 1353 989 ,
1373 964 1397 987 a,
1416 965 1469 981 um.
1506 957 1597 983 Partic.
1634 957 1837 993 [πεπορευμένος]
1873 961 1946 994 Virg.
1956 962 2020 987 Aen.
2035 963 2060 992 6,
2074 964 2118 994 633
2136 963 2168 989 Et

35 986 97 1012 dum
113 988 207 1022 Virgil.
221 991 284 1015 Aen.
299 998 322 1022 3,
336 995 388 1022 598.
446 989 589 1024 Corripere
601 990 709 1023 gradum
718 1008 726 1020 ,
743 988 860 1014 Celeriter
875 991 986 1023 arripere
1002 994 1068 1016 uiam
1131 993 1230 1027 pariter
1243 991 1313 1026 greffi
1327 1000 1373 1026 per
1387 1000 1465 1025 opaca
1479 992 1593 1018 viarum.

35 1023 128 1049 Horat.
145 1024 231 1050 Carni.
246 1033 272 1056 1,
287 1033 308 1057 3,
326 1033 361 1057 33.
431 1025 606 1052 Dinuinerare
627 1024 719 1059 gradus
739 1023 841 1058 generis
861 1023 942 1049 Ouid.
962 1025 1024 1051 Fast.
1045 1035 1068 1058 ε,
1169 1034 1217 1054 GR
1230 1034 1288 1054 ESS
1301 1033 1360 1059 vs,
1384 1026 1423 1052 us.
1460 1036 1495 1052 m.
1532 1025 1682 1060 [βάδισμα]
1718 1025 1833 1059 Incaeffus.
1869 1029 1926 1055 Cic.
1943 1030 1996 1056 Off.
2018 1039 2043 1063 1,
2063 1039 2099 1063 131
2120 1033 2169 1060 Ca-

35 1060 94 1084 622.
163 1059 286 1093 Dirigere
303 1061 417 1086 inuitum
438 1061 547 1094 gradum
566 1061 621 1087 sen.
635 1059 725 1086 Theb.
741 1068 759 1085 1.
830 1059 967 1086 Discedere
987 1061 1067 1095 gradu
1130 1063 1245 1089 vendum
1259 1062 1295 1088 est
1309 1068 1413 1092 autem,
1430 1071 1463 1088 ne
1477 1067 1520 1088 aut
1535 1063 1702 1088 tarditatibus
1721 1070 1826 1089 vtaniur
1847 1062 1874 1088 in
1887 1066 1968 1097 gressu
1988 1067 2169 1100 mollioribus,

35 1094 111 1119 verso
132 1095 202 1120 Ouid
232 1096 295 1121 Mer·
315 1105 347 1128 4,
368 1101 418 1128 338·
508 1096 605 1122 Efferre
625 1095 734 1130 gradum
753 1093 858 1120 foribus
879 1095 925 1120 Sil.
941 1104 978 1128 11,
1015 1116 1021 1123 .
1059 1116 1066 1123 .
1084 1106 1115 1132 25
1130 1105 1176 1125 etc.
1248 1097 1345 1132 Virgil.
1361 1099 1456 1131 Georg.
1470 1106 1491 1129 3,
1507 1106 1547 1132 1ι7
1569 1098 1695 1124 Insultare
1716 1097 1788 1127 solo,
1807 1104 1832 1123 et
1852 1099 1946 1132 gressus
1963 1100 2110 1133 glomerare
2129 1103 2170 1129 su-

34 1129 127 1155 Errare
140 1130 219 1156 tardis
238 1130 360 1164 gradibus
374 1131 526 1158 Ouid.Met.
536 1139 629 1165 11,337.
700 1130 816 1156 Euadere
828 1130 938 1164 gramm,
955 1134 974 1157 i.
987 1133 1067 1167 ascen·
1130 1133 1234 1168 perbos.
1329 1134 1411 1160 Press'o
1431 1135 1529 1168 gronii,
1548 1136 1589 1159 cui
1607 1137 1739 1168 opponitur
1753 1133 1832 1159 Pleno
1849 1134 1941 1168 gradu.
1977 1136 2057 1163 Ouid.
2071 1139 2133 1164 Met.
2148 1148 2170 1170 3,

34 1161 90 1190 dere
109 1165 201 1199 Virgil.
217 1167 279 1192 Aen.
296 1175 322 1198 4,
337 1169 391 1200 685.
494 1168 550 1193 Cic.
563 1167 594 1192 de
608 1167 682 1192 Orat.
698 1175 721 1196 2,
735 1174 788 1198 249
812 1174 832 1192 c.
845 1168 871 1191 61
892 1166 931 1200 Sp.
945 1168 1065 1194 Caruilio
1130 1177 1158 1205 17
1179 1168 1368 1203 Subsequitur,
1388 1169 1522 1203 pressoque
1536 1168 1600 1203 legit
1612 1169 1720 1203 vestigia
1734 1169 1824 1203 gressu.
1918 1170 2049 1205 Superbus
2068 1172 2114 1198 Sil.
2132 1176 2171 1205 16,

31 1201 148 1232 grauiter
163 1201 318 1227 claudicanti
336 1211 366 1228 ex
383 1202 489 1229 vulnere
504 1203 539 1228 ob
555 1201 754 1236 Rempublicam
774 1207 894 1235 accepto,
912 1208 936 1228 et
953 1202 988 1228 ob
1008 1212 1066 1230 eam
1132 1224 1138 1231 .
1176 1224 1182 1231 .
1239 1204 1348 1231 Volucri
1369 1204 1431 1230 Stat.
1445 1204 1536 1230 Theb.
1551 1213 1589 1237 10,
1605 1212 1648 1236 131.
1721 1205 1871 1231 Admouere
1883 1207 1978 1239 gressus
1992 1207 2065 1233 Idem
2080 1207 2171 1234 Theb.

31 1235 133 1260 eausam
147 1238 333 1263 verecundanti
347 1238 375 1263 in
387 1238 520 1271 publicum
535 1237 658 1271 prodire,
676 1243 760 1263 mater
774 1236 859 1269 dixit,
881 1238 951 1270 Qiin
966 1239 1066 1272 prodis,
1131 1249 1163 1273 11,
1179 1242 1236 1273 560.
1272 1240 1325 1266 vid.
1347 1246 1515 1266 ADMOVl-IO.
1587 1240 1711 1266 Ardentes
1731 1240 1819 1268 Valer.
1833 1242 1929 1274 Argon.
1943 1249 1976 1276 7,
1992 1250 2040 1268 110.
2067 1269 2071 1270 .
2096 1243 2171 1270 Gres—

0 1278 5 1295 1.
32 1269 77 1297 mi.
85 1270 176 1304 Spuri,
196 1278 223 1298 vt
237 1273 444 1307 quotiescunque
463 1273 573 1307 gradum
587 1273 681 1305 facias,
701 1272 779 1299 toties
795 1272 847 1298 tibi
867 1279 969 1299 tuarum
984 1275 1067 1300 virtu·
1081 1286 1112 1310 30
1131 1277 1240 1310 sumque
1253 1284 1326 1302 canes
1341 1275 1508 1301 Comitantur
1523 1274 1634 1300 herilem
1648 1275 1742 1309 Virgil.
1756 1277 1819 1301 Aen.
1832 1281 1855 1308 8,
1869 1280 1930 1308 462.
1988 1278 2172 1313 Comprimere

0 1307 2 1314 '
33 1311 90 1332 tum
109 1307 199 1332 veniat
218 1307 244 1333 in
265 1315 377 1334 mentem
393 1310 401 1334 3
437 1309 488 1335 vid.
510 1315 641 1335 FAcio.
718 1309 798 1336 Ferre
820 1317 931 1342 corpora
952 1309 1068 1335 femineo
1131 1312 1226 1346 gressus
1241 1311 1313 1337 Idem
1329 1313 1393 1336 Aen.
1408 1312 1434 1342 6,
1447 1315 1502 1342 389.
1575 1310 1744 1344 coniungere
1757 1320 1883 1345 properos
1897 1312 1991 1346 gressus
2005 1314 2062 1340 Val.
2072 1315 2170 1349 Argon.

0 1363 1 1366 ,
33 1338 111 1377 gradu
130 1341 211 1368 Ouid.
231 1342 264 1369 de
277 1343 340 1369 Arte
354 1345 412 1369 Am.
427 1352 446 1375 3,
467 1350 523 1376 298.
595 1345 674 1370 Ferre
693 1344 788 1378 gradus
806 1343 925 1378 ingentes
943 1344 1015 1371 Idem
1036 1345 1068 1371 de
1133 1357 1159 1381 4,
1174 1349 1229 1381 176.
1303 1346 1448 1372 Βειιεᾶῒειε
1461 1346 1569 1379 gressum
1583 1346 1639 1372 Scn.
1652 1345 1763 1378 Thyest.
1778 1354 1799 1378 5.
1868 1347 2001 1374 Exsultans
2015 1349 2059 1375 Sil.
2075 1358 2113 1382 ιο,
2133 1369 2140 1376 .
2162 1369 2170 1376 .

0 1384 1 1389 ’
33 1376 94 1411 Arte
109 1377 167 1402 Am.
180 1385 201 1408 3,
214 1386 272 1410 304.
343 1377 422 1404 Ferre
435 1380 571 1413 virgineos
585 1380 678 1414 gradus
693 1379 774 1406 Ouid.
789 1380 853 1406 Met.
868 1385 891 1411 8,
902 1388 941 1412 39.
1012 1381 1068 1407 Fir·
1132 1383 1211 1408 Ferre
1224 1382 1316 1408 anxios
1330 1383 1424 1416 greli'us
1443 1382 1500 1407 Sen.
1514 1381 1618 1407 Troad.
1640 1381 1657 1407 s.
1671 1384 1696 1407 6.
1769 1382 1844 1408 Ferri
1864 1383 1976 1410 attonito
1997 1386 2078 1418 gressu
2097 1385 2172 1412 Idem

37 1415 102 1445 mare
127 1412 258 1445 gradum,
284 1414 448 1447 apprehensis
467 1415 585 1441 inuicem
607 1414 730 1441 inanibus
755 1415 886 1448 Qiinffil.
907 1424 941 1448 9,
962 1424 996 1448 4,
1016 1425 1069 1448 ¹29·
1132 1417 1228 1444 Oetau.
1247 1417 1264 1443 s.
1279 1426 1303 1451 7.
1375 1418 1492 1443 Firmare
1506 1417 1645 1450 lapsantem
1660 1417 1768 1451 gressum
1781 1417 1826 1443 Sil.
1838 1425 1861 1449 3,
1898 1437 1904 1444 .
1943 1438 1949 1444 .
2005 1421 2094 1446 Gress‘u
2110 1429 2171 1455 gau-

36 1445 147 1473 Flectere
161 1448 269 1482 gradum
289 1456 361 1475 retro
380 1450 439 1476 Scn.
455 1452 534 1477 Herc.
550 1451 601 1478 fur.
622 1452 640 1476 s.
655 1459 679 1482 9.
783 1450 907 1477 incedere
923 1451 1069 1477 marcidum
1086 1459 1113 1485 33
1132 1453 1193 1479 dens
1208 1453 1305 1479 Incedit
1318 1451 1369 1478 Iuli
1391 1452 1483 1486 Virgil.
1498 1453 1561 1478 Aen.
1579 1461 1597 1482 1,
1612 1455 1674 1486 694.
1744 1453 1845 1479 [nferre
1864 1454 1958 1487 gressus
1978 1454 2051 1482 Idem
2072 1456 2170 1490 Georg.

33 1481 105 1508 ebrio
118 1483 199 1517 gradu
213 1483 285 1510 Idem
299 1485 370 1511 Med.
393 1486 410 1511 s.
420 1494 444 1511 2.
516 1486 576 1511 Liu.
590 1493 626 1518 33,
641 1494 650 1511 ι
672 1492 736 1511 extr.
755 1485 880 1512 Tandem
894 1486 1003 1520 gradum
1017 1488 1067 1513 Ro·
1133 1499 1161 1522 4,
1176 1490 1232 1520 36ο.
1304 1489 1415 1522 Iungere
1434 1488 1528 1521 gressus
1549 1488 1641 1514 Claud.
1657 1487 1689 1513 de
1703 1488 1777 1522 Rapt.
1794 1489 1911 1523 proserp.
1926 1498 1949 1521 2,
1967 1498 2004 1516 ιο.
2075 1492 2170 1525 Prope-

31 1518 100 1544 maui
114 1519 200 1545 acrius
213 1520 377 1552 Intulerunt‚
397 1520 515 1555 cessitque
531 1520 681 1552 Lusitanus,
704 1520 756 1547 vid.
772 1527 905 1547 1NFERO.
947 1523 1070 1549 Minuere
1133 1530 1204 1550 ratus
1217 1523 1262 1549 Sil.
1272 1531 1294 1555 3,
1331 1543 1337 1549 .
1376 1543 1383 1549 .
1426 1524 1527 1557 Rapere
1540 1524 1644 1556 gressus,
1662 1525 1773 1549 celeriter
1786 1524 1862 1560 gradi
1876 1525 1972 1551 Lucan.
1986 1527 2068 1557 3‚116.
2123 1527 2173 1553 Re-

29 1552 137 1587 gradum
154 1555 229 1580 suum
243 1555 372 1588 QuinCfil.
388 1564 413 1587 2,
433 1564 453 1587 3.
543 1555 638 1582 Moliri
657 1556 749 1582 seniles
773 1555 867 1589 gradus
887 1557 944 1583 Sen.
959 1558 1068 1592 Hippol.
1130 1560 1195 1593 cipit
1209 1558 1240 1585 ad
1254 1559 1346 1585 limina
1360 1559 1470 1593 gressum
1485 1558 1579 1592 Virgil.
1595 1560 1658 1585 Aen.
1673 1567 1706 1590 ιι,
1720 1567 1762 1590 29.
1834 1560 1940 1586 Referte
1952 1560 2060 1587 domum
2074 1562 2172 1588 celeres

28 1589 48 1619 s.
66 1599 92 1623 4.
164 1589 224 1616 Niti
243 1590 340 1624 gradu,
369 1591 422 1616 vid.
445 1597 589 1617 NlTOR.
661 1592 749 1617 Ouans
762 1591 855 1625 gradus
870 1592 955 1618 Valer.
968 1594 1067 1626 Argon.
1132 1595 1227 1629 gressus
1247 1594 1305 1620 Sen.
1326 1595 1395 1620 Med.
1416 1602 1470 1619 10.'
1543 1594 1698 1628 Reprimere
1724 1594 1833 1628 gressum
1855 1594 1916 1620 Stat.
1936 1595 2029 1621 Theb.
2050 1604 2094 1627 ιο,
2115 1605 2172 1628 392.

27 1632 52 1656 2,
67 1627 126 1658 546.
199 1626 321 1652 Proferrc
334 1626 443 1660 gradum
459 1626 520 1652 Stat.
528 1626 620 1653 Theb.
636 1635 671 1657 12,
686 1635 711 1659 9.
781 1628 942 1653 Promouere
956 1628 1067 1662 gradum
1075 1634 1112 1659 40
1131 1630 1235 1656 Tendit
1249 1630 1359 1663 gressum
1379 1629 1409 1655 ad
1424 1629 1531 1655 moenia
1544 1629 1640 1663 Virgil.
1655 1630 1720 1654 Aen.
1736 1637 1757 1660 1,
1771 1637 1830 1661 414.
1901 1629 2037 1655 Titubant
2055 1631 2174 1656 succidui

1 1684 4 1686 ,
28 1659 100 1686 Idem
114 1659 205 1686 Theb.
221 1669 258 1692 12,
275 1669 329 1693 341.
397 1661 521 1688 Prosiluit
534 1662 627 1696 rapido
641 1661 722 1695 gradu
736 1662 792 1688 Sen.
804 1662 871 1688 Oed.
891 1663 910 1689 s.
924 1671 961 1695 14.
1018 1665 1068 1690 Re·
1130 1666 1224 1699 gressus
1238 1665 1329 1691 Claud.
1343 1665 1374 1690 de
1384 1665 1582 1697 Rapti‘roserp.
1597 1673 1618 1695 3,
1632 1672 1679 1695 133.
1751 1663 1889 1689 Turbatus
1905 1664 1966 1690 Stat.
1973 1663 2064 1691 Theb.
2078 1673 2112 1697 11,
2121 1672 2174 1698 519.

27 1695 132 1721 trahere
145 1695 253 1729 gradum
269 1696 330 1722 Stat.
344 1696 435 1723 Theb.
451 1706 482 1728 ιι,
501 1703 558 1729 343.
630 1698 765 1723 Reuocare
784 1697 894 1731 gradum
913 1698 988 1733 Virg.
1001 1700 1066 1726 Aen.
1131 1700 1219 1726 Vertit
1233 1700 1326 1725 auidos
1342 1700 1436 1732 gressus
1450 1699 1480 1724 ad
1496 1699 1575 1724 litora
1590 1698 1647 1723 Val.
1663 1699 1760 1730 Argon.
1777 1705 1802 1728 1,
1817 1702 1865 1728 183.

28 1732 54 1762 6,
68 1737 116 1759 128.
189 1733 209 1756 A
223 1732 297 1757 cursu
311 1730 342 1757 ad
356 1732 464 1765 gradum
477 1733 608 1759 Reuocari
621 1733 677 1758 Sen.
692 1733 723 1758 de
736 1734 777 1759 Ira
792 1742 816 1764 z,
831 1741 857 1764 33
872 1739 915 1767 pr.
972 1734 1066 1761 Sistere
1166 1740 1284 1760 GREss
1294 1741 1302 1758 1
1312 1740 1346 1764 o,
1368 1734 1434 1758 anis.
1460 1733 1478 1757 f.
1511 1732 1679 1771 i’acuuius‘in
1694 1731 1784 1757 Paullo
1796 1739 1836 1766 ap.
1851 1732 1932 1758 Macr.
1940 1733 1990 1759 Sat.
2003 1735 2030 1767 6,
2042 1741 2055 1767 5
2075 1735 2173 1769 Quame

1 1781 5 1785 -
28 1765 138 1797 gradum
157 1766 231 1799 Virg.
246 1767 309 1793 Aen.
327 1771 341 1792 6
351 1787 358 1798 ,
372 1771 431 1799 465.
521 1768 631 1801 Surgere
649 1768 772 1801 gradibus
794 1768 866 1792 Idem
880 1769 943 1792 Aen.
967 1776 990 1798 1,
1007 1776 1066 1799 452.
1129 1768 1170 1794 vis
1183 1768 1325 1800 caprigeno
1337 1767 1427 1800 pecori
1441 1768 1566 1799 grandior
1584 1767 1674 1805 grellio
1689 1766 1733 1792 cst.

27 1800 167 1830 Suspensus
179 1801 274 1833 gradus
289 1802 377 1834 digitis
396 1802 477 1827 Ouid.
488 1802 551 1827 Fast.
563 1811 582 1832 1,
596 1804 655 1834 426.
725 1801 856 1826 Sustinere
871 1801 979 1833 gradum
993 1802 1066 1826 Idem
1075 1808 1109 1832 45
1166 1807 1187 1826 G
1196 1808 1215 1827 R
1225 1809 1246 1827 Α
1255 1808 1274 1826 D
1284 1803 1337 1827 ᾹΤ
1346 1808 1367 1826 ν
1377 1808 1388 1826 s
1399 1820 1407 1832 ,
1433 1809 1446 1826 a
1455 1820 1461 1832 ‚
1484 1810 1537 1826 um.
1574 1803 1633 1826 Adi.
1671 1800 1850 1836 [κλιμακόιις]
1892 1803 1923 1829 In
1940 1803 2035 1829 madum
2051 1798 2172 1840 graduum

26 1834 91 1860 Fan.
105 1837 131 1867 6,
147 1840 201 1866 398.
295 1836 420 1869 Tangere
435 1837 521 1862 locum
538 1835 635 1868 gradu,
660 1838 677 1860 γ’.
695 1838 825 1869 peruenire
843 1835 876 1859 ad
887 1836 965 1860 Iocum
984 1835 1065 1860 Ouid.
1122 1834 1425 1871 fac‘lus,formatus:luc.
1464 1837 1528 1861 Plin.
1546 1845 1578 1868 13,
1593 1847 1610 1869 4
1630 1837 1734 1867 Densis,
1748 1838 1914 1871 gradatisque
1927 1839 2054 1865 corticum
2068 1840 2172 1874 pollici-

25 1869 90 1895 Met.
106 1878 127 1902 3,
141 1872 178 1900 36.
249 1870 331 1895 Venit
350 1879 425 1903 aegra
440 1870 556 1896 seneclus
571 1870 686 1904 tremulo
699 1870 780 1903 gradu
799 1869 872 1895 Idem
886 1870 949 1895 Met.
964 1878 1001 1903 14,
1014 1878 1065 1902 143.
1130 1871 1187 1897 bus.
1229 1870 1269 1897 Id.
1283 1870 1361 1905 Epist.
1379 1880 1400 1902 3,
1415 1874 1431 1897 6
1451 1872 1548 1897 Omnia
1561 1873 1673 1898 maceria
1688 1880 1863 1898 muniuntur:
1889 1872 1954 1898 hanc
1967 1875 2071 1907 gradata
2086 1875 2171 1903 buxus

25 1905 135 1932 Vertere
152 1903 261 1938 gradum
281 1905 341 1931 Stat.
361 1904 452 1931 Theb.
473 1911 501 1936 8,
523 1910 571 1937 138.
774 1902 794 1942 ff
824 1913 836 1936 3
874 1901 926 1930 Hic
937 1904 1067 1939 formulas
1127 1906 1231 1940 operit,
1249 1912 1274 1932 et
1288 1906 1428 1932 subtrahit.

16 1939 142 1976 *quasdam
161 1942 340 1975 metaphoric-as
353 1941 533 1976 recensebimus.
573 1942 608 1966 Ex
621 1949 648 1967 re
667 1939 822 1976 gladiatoria
840 1946 864 1966 et
881 1941 990 1966 militari
1002 1941 1066 1975 flant
1164 1948 1243 1967 GRA
1253 1947 1271 1966 D
1283 1947 1305 1967 A
1319 1947 1340 1967 Τ
1357 1947 1365 1966 1
1378 1947 1397 1967 o
1408 1961 1416 1972 ‚
1437 1940 1504 1966 onis.
1542 1940 1561 1966 f.
1599 1941 1736 1975 [κλίμαξ]
1771 1941 1848 1977 Apud
1860 1942 1987 1970 Rhetores.
2024 1945 2125 1974 Αιιᾶοι·
2136 1946 2170 1973 ad

26 1975 73 2009 asta
84 1986 91 2000 .-
125 1975 184 2001 Liu.
200 1978 226 2007 6,
239 1985 268 2007 32
294 1976 400 2002 Denioti
416 1976 500 2002 hostes
518 1975 609 2010 gradu.
680 1976 735 2001 Cic.
747 1974 800 2002 Off.
815 1984 835 2006 1,
847 1981 880 2004 80
900 1975 986 2001 Fortis
1001 1985 1065 2001 vero
1074 1983 1105 2008 50
1128 1977 1245 2004 Herenn,
1259 1984 1287 2008 4,
1302 1984 1329 2008 33
1349 1985 1370 2002 c.
1386 1984 1416 2008 25
1437 1975 1563 2001 Gradatio
1576 1976 1627 2009 est,
1649 1977 1676 2003 in
1691 1985 1740 2011 qua
1754 1986 1807 2003 non
1821 1984 1880 2004 ante
1894 1977 1926 2004 ad
1938 1979 2097 2014 consequens
2111 1984 2171 2009 ver-

26 2011 108 2038 animi
120 2017 145 2037 et
158 2011 298 2038 constantis
312 2011 362 2043 est,
382 2021 435 2038 non
457 2011 606 2046 perturbari
625 2010 654 2036 in
673 2010 751 2037 rebus
770 2010 882 2044 asperis,
901 2018 948 2035 nec
968 2010 1065 2036 tumul·
1126 2011 1190 2037 bum
1204 2011 1385 2043 descenditur,
1406 2020 1484 2045 quam
1499 2011 1530 2037 ad
1545 2013 1661 2045 superius
1675 2013 1827 2039 consensum
1843 2013 1891 2038 est:
1918 2012 1967 2040 hoc
1981 2016 2077 2047 modo,
2098 2016 2170 2044 Nam

0 2055 7 2073 1
27 2052 140 2074 mantem
160 2045 192 2071 de
205 2046 286 2081 gradu
306 2047 400 2079 deiici,
418 2053 446 2074 vt
460 2047 574 2078 dicitur,
592 2046 633 2072 sed
649 2046 777 2079 praesenti
793 2046 884 2072 animo
903 2046 942 2071 vti
964 2052 988 2072 et
1004 2055 1063 2072 con·
1127 2056 1195 2081 quae
1214 2048 1319 2081 reliqua
1336 2047 1390 2080 spes
1409 2047 1538 2072 libertatis
1560 2054 1663 2079 manet,
1684 2047 1701 2073 fi
1723 2047 1793 2080 illis,
1815 2053 1841 2074 et
1859 2048 1932 2082 quod
1951 2049 2032 2083 libet,
2048 2051 2123 2083 licet,
2143 2058 2170 2080 et

0 2089 3 2096 ’
16 2081 90 2110 stilio.
125 2082 193 2109 Add.
209 2083 265 2109 Sen.
280 2082 312 2108 de
326 2083 413 2109 Const.
428 2083 482 2117 Sap.
506 2092 528 2108 c.
542 2082 589 2108 vlt.
626 2081 691 2108 Non
703 2081 836 2113 deiediuS,
856 2090 888 2107 ne
902 2087 989 2107 motus
1004 2081 1064 2115 qui·
1127 2082 1198 2116 quod
1212 2082 1287 2114 licet,
1301 2083 1415 2116 possunt.
1432 2087 1458 2107 et
1470 2081 1541 2115 quod
1556 2083 1666 2115 possunt,
1680 2083 1791 2115 audent,
1808 2090 1834 2110 et
1846 2084 1918 2118 quod
1933 2086 2043 2119 audent,
2057 2087 2170 2120 faciunt,

32 2116 85 2145 dem
98 2118 188 2152 gradu.
258 2119 318 2144 Liu.
355 2139 361 2145 .
393 2138 400 2145 .
429 2139 436 2145 .
468 2119 586 2144 Primum
599 2116 681 2151 gradu
693 2121 836 2142 mouerunt
848 2116 957 2142 hostem.
1013 2117 1064 2142 De·
1127 2123 1152 2143 et
1165 2116 1238 2151 quod
1251 2117 1367 2148 faciunt,
1386 2117 1463 2144 vobis
1482 2117 1620 2143 molestum
1634 2127 1686 2143 non
1701 2118 1754 2144 est?
1820 2119 1875 2145 Cic.
1891 2119 1923 2145 de
1936 2120 2008 2147 Orat.
2023 2130 2046 2153 3,
2061 2130 2110 2155 205
2127 2123 2170 2150 Est

32 2149 90 2189 pelli
102 2154 183 2189 gradu
198 2153 266 2188 Nep.
282 2163 306 2185 2,
320 2161 342 2187 5,
357 2163 376 2180 1.
447 2154 547 2181 Gradus
566 2150 616 2185 cst,
635 2152 755 2188 quidquid
766 2152 794 2177 ob
807 2151 877 2177 aliud
888 2154 1012 2186 negotium
1020 2151 1064 2186 fe·
1080 2158 1108 2183 55
1126 2152 1207 2178 etiam
1225 2152 1345 2185 gradatio
1365 2151 1491 2185 quaedam
1511 2157 1536 2178 et
1558 2153 1711 2186 conuerlio,
1731 2160 1756 2180 et
1778 2154 1922 2189 verborum
1940 2156 2067 2183 concinna
2088 2163 2171 2184 trans-

33 2190 100 2216 licius
112 2188 268 2216 inflandum
283 2191 431 2226 flascipitur.
502 2190 558 2216 Cic.
575 2188 608 2214 de
622 2189 652 2214 L.
669 2189 730 2221 Agr.
742 2195 767 2217 2,
780 2191 808 2219 58
828 2187 906 2226 Hunc
921 2186 991 2220 quasi
1007 2194 1064 2220 gra·
1125 2186 1234 2226 grellia·
1261 2187 1334 2222 Conf.
1347 2187 1471 2226 Dioined.
1490 2196 1514 2222 p.
1528 2196 1588 2221 443.
1749 2187 1770 2226 ff
1792 2198 1808 2216 2
1845 2191 1908 2216 Item
1922 2190 2048 2218 Graduum
2062 2195 2090 2220 in
2102 2193 2170 2221 thea-

32 2224 90 2252 dum
108 2224 237 2260 quendam
256 2232 336 2259 atque
353 2225 453 2251 aditum
472 2224 504 2251 ad
519 2229 620 2250 caetera
637 2223 734 2248 iachim
756 2221 918 2255 intelligetis.
989 2222 1064 2262 Idem
1125 2226 1176 2249 tris
1188 2221 1322 2258 diqusitio.
1359 2223 1466 2248 Vitruu.
1481 2231 1504 2255 5,
1518 2231 1540 2255 3.
2000 2241 2002 2243 .

11 2267 13 2273 ·
31 2261 102 2287 Attic.
116 2268 142 2294 7,
157 2269 181 2286 12
201 2261 271 2286 Mihi
286 2261 359 2286 venit
373 2261 400 2286 in
414 2267 544 2290 mentem,
564 2259 678 2284 multum
697 2258 758 2284 fore
778 2258 940 2287 sermonem,
961 2265 1003 2283 me
1024 2266 1064 2283 111-
1163 2264 1242 2284 GRA
1252 2264 1270 2283 D
1280 2264 1374 2284 ARIV
1384 2265 1413 2290 s,
1433 2267 1457 2289 a,
1478 2267 1532 2284 um.
1569 2258 1629 2285 Adi.
1665 2259 1848 2294 [ἱπποφορεῠς]
1885 2259 2008 2288 Gradarii
2023 2262 2100 2297 equi,
2118 2264 2170 2299 Qui

28 2295 120 2323 dicium
134 2296 187 2322 iam
201 2295 232 2321 de
244 2297 318 2322 causa
331 2295 435 2329 publica
448 2295 544 2327 fecisse,
561 2302 613 2329 qua
627 2293 767 2327 desperata.
788 2292 857 2327 quali
873 2292 940 2318 hunc
952 2292 1061 2326 gradum
1118 2291 1173 2327 fine
1185 2292 1365 2329 Jicccuffatione
1385 2294 1490 2320 molliter
1508 2294 1632 2320 incedunt.
1683 2295 1773 2321 Lucil.
1787 2303 1816 2328 14
1840 2295 1906 2330 apud
1919 2296 1990 2323 Non.
2006 2306 2031 2330 1,
2053 2301 2088 2324 60
2111 2300 2168 2334 Ipse

26 2331 76 2358 mei
95 2331 193 2359 reditus
207 2332 270 2363 esse,
290 2332 361 2366 quod
376 2331 499 2358 mulieres
512 2330 685 2357 reuertissent.
738 2328 777 2354 Ad
793 2328 992 2362 Rempnblicam
1007 2337 1062 2362 gra·
1072 2331 1107 2356 60
1126 2337 1208 2363 equus
1222 2337 1276 2355 non
1290 2329 1430 2359 formosus,
1443 2330 1579 2363 gradarius
1593 2330 1717 2363 optimus.
1770 2330 1827 2356 Sen.
1840 2331 1918 2364 Epist.
1932 2340 1968 2364 4ο
1987 2340 2035 2367 per
2047 2335 2169 2370 metapho-

26 2366 70 2393 dus
89 2367 145 2393 Cic.
159 2367 190 2394 de
204 2368 296 2401 Arusp.
311 2368 385 2401 Resp.
399 2375 440 2399 43.
539 2365 639 2392 Gradus
658 2370 716 2390 tuos
740 2370 765 2390 et
783 2363 853 2398 quasi
876 2364 1004 2397 processus
1025 2363 1064 2389 di-
1124 2374 1189 2396 ram,
1206 2365 1364 2391 Ciceronem
1377 2364 1528 2398 gradarium
1541 2367 1652 2396 uocauit,
1672 2368 1741 2390 cuius
1755 2368 1836 2392 oratio
1848 2368 1911 2392 lente
1922 2369 2055 2395 incedebat.

25 2401 96 2429 cendi
114 2402 203 2429 studeo
221 2403 377 2436 cognoscere
397 2403 470 2428 Idem
489 2400 520 2427 de
534 2401 604 2427 Clar.
618 2401 692 2426 Orat.
707 2408 763 2431 232.
857 2399 992 2425 Notitiam
1010 2400 1064 2434 pri·
1165 2405 1303 2426 GRADA
1315 2406 1404 2426 ΤιΜ.
1442 2400 1509 2426 Adu.
1545 2398 1733 2435 [κλιμακηδὸν]
1769 2403 1787 2427 i.
1802 2401 1929 2437 gradihus,
1938 2403 1992 2436 siue
2007 2405 2054 2430 Per
2065 2404 2168 2440 gradut.

24 2447 130 2472 mosque
149 2438 242 2473 gradus
261 2439 360 2464 vicinia
381 2437 444 2463 fecit
463 2436 544 2462 Ouid.
558 2437 622 2461 Met.
636 2444 664 2467 4,
679 2443 718 2467 59.
788 2434 899 2468 Imperii
919 2434 1011 2469 gradus
1031 2444 1063 2461 ex
1126 2435 1194 2461 Plin.
1210 2444 1246 2468 33,
1266 2445 1285 2469 4
1305 2436 1401 2467 Foffae,
1421 2435 1450 2461 in
1470 2445 1532 2470 quas
1549 2437 1679 2470 profluat,
1700 2442 1834 2469 canantur,
1855 2445 1948 2471 agogas
1968 2445 2084 2469 vocant;
2121 2448 2166 2467 eae

12 2473 110 2500 *Sicilia
128 2475 157 2500 in
170 2474 287 2500 Africam
303 2472 428 2499 Romanis
442 2471 526 2498 fabius
544 2472 600 2498 Cic.
614 2472 690 2496 Verr.
704 2479 729 2502 2,
743 2478 765 2502 3.
825 2470 938 2496 Facilem
953 2470 1062 2504 gradum
1124 2471 1275 2497 sternuntur
1295 2471 1432 2505 gradatim.
1526 2472 1612 2497 Varro
1633 2471 1665 2496 de
1685 2472 1715 2497 R.
1729 2472 1760 2497 R.
1774 2480 1801 2502 2,
1822 2481 1828 2497 1
1857 2472 1963 2498 Necesse
1982 2473 2017 2499 cst
2038 2474 2168 2502 humanae

12 2508 182 2544 «adipiscendi
195 2508 350 2535 Consulatus
362 2508 513 2542 relinquere
529 2505 601 2533 Idem
619 2514 668 2541 pro
682 2507 801 2532 Muraen.
818 2513 852 2538 13.
923 2509 956 2531 Et
973 2506 1005 2532 de
1026 2506 1061 2533 N.
1076 2504 1108 2536 65
1126 2507 1196 2533 vitae
1209 2515 1224 2532 a
1237 2508 1336 2532 summa
1349 2507 1478 2533 memoria
1493 2506 1620 2540 gradatim
1634 2506 1787 2532 descendisse
1803 2506 1834 2532 ad
1849 2506 1914 2533 hanc
1927 2514 2045 2535 aetatem.
2098 2510 2166 2537 Rea-

0 2558 4 2570 ι
21 2545 104 2572 Deor.
119 2553 139 2576 ι,
154 2553 188 2576 90
215 2544 285 2570 Nam
297 2552 312 2569 a
325 2543 408 2570 beatis
425 2543 457 2570 ad
475 2542 617 2574 virtutem,
637 2551 650 2567 a
668 2541 768 2568 virtute
785 2540 816 2567 ad
837 2541 968 2568 rationem
982 2541 1063 2568 video
1126 2542 1167 2568 ire
1186 2543 1314 2575 gradatim
1335 2542 1434 2567 sursum
1454 2542 1542 2567 versus
1562 2542 1617 2567 Cic.
1639 2542 1666 2566 in
1680 2542 1754 2567 Orat.
1770 2550 1816 2574 ¹35-
1908 2542 1980 2568 Idem
1999 2545 2070 2570 Fam.
2088 2553 2114 2577 9,
2136 2555 2166 2580 14

21 2586 47 2608 te
61 2581 165 2606 Venisse
181 2579 314 2614 gradibus.
490 2576 510 2615 ff
535 2587 554 2611 4
591 2579 702 2604 Genitiui
717 2578 864 2609 Nominum,
885 2586 984 2612 quorum
998 2578 1063 2604 Gra-
1124 2579 1163 2604 Ita
1179 2577 1341 2603 Pedetentim
1355 2584 1380 2603 et
1393 2577 1520 2611 gradatim
1542 2583 1597 2602 tuni
1610 2577 1717 2601 accessus
1737 2585 1750 2602 a
1764 2583 1790 2604 te
1803 2577 1834 2603 ad
1847 2578 1947 2603 causam
1959 2579 2040 2612 faffi,
2056 2586 2113 2606 tum
2126 2590 2166 2608 re.

0 2610 2 2636 l
22 2615 69 2642 dus
87 2621 259 2641 memorantur.
301 2613 399 2640 Aetatis
419 2613 512 2648 gradus
531 2614 587 2640 Cic.
601 2614 673 2639 Fam.
694 2621 723 2645 3,
744 2620 777 2638 ιι.
832 2613 935 2638 Lucret.
956 2621 988 2644 2,
1005 2621 1062 2638 1122
1125 2613 1212 2638 cessus.
1284 2612 1388 2638 Addere
1407 2619 1451 2638 aut
1465 2612 1570 2637 demere
1582 2612 1735 2652 ⁴minutatim
1749 2618 1774 2638 et
1786 2612 1914 2653 gradatim
1928 2614 2069 2641 CicAcad.
2084 2625 2112 2649 4,
2121 2625 2166 2651 49.

0 2652 9 2682 5⁴
22 2651 213 2685 Paullatimque
227 2649 321 2684 gradus
337 2650 425 2676 aetatis
438 2649 561 2676 scandere
574 2648 686 2675 adultae.
722 2648 778 2687 Cic.
794 2648 934 2687 pro-Corn.
950 2647 1022 2672 Balb.
1038 2653 1062 2676 18
1125 2647 1287 2685 Adscendere
1309 2647 1438 2680 gradatim
1462 2647 1494 2672 ab
1516 2646 1703 2686 humilioribus
1723 2647 1810 2674 verbis
1832 2648 1865 2674 ad
1890 2649 2026 2690 superiora
2045 2651 2117 2678 Idem
2136 2653 2165 2679 in

0 2700 3 2712 ι
21 2687 66 2714 Sin
78 2693 166 2713 autem
180 2687 327 2712 multorum
346 2686 446 2715 virtus,
463 2685 616 2719 ingenium,
633 2683 782 2709 humanitas
801 2691 831 2708 ex
847 2682 1062 2721 infiinogenere,
1071 2687 1105 2712 70
1126 2682 1215 2707 Partit.
1228 2690 1269 2714 34.
1375 2684 1405 2708 Et
1420 2682 1477 2708 Post
1491 2682 1547 2708 red.
1561 2683 1591 2709 ad
1607 2684 1685 2715 Qnr.
1700 2691 1712 2714 5
1732 2692 1753 2709 c.
1764 2692 1780 2709 2
1797 2683 1900 2710 vestros
1914 2685 2029 2720 denique
2042 2686 2167 2721 honores,

22 2729 48 2750 et
61 2723 191 2748 Fortunae
205 2722 302 2755 gradu,
322 2729 376 2746 non
390 2720 474 2746 modo¹
483 2720 612 2746 amicitias
631 2723 656 2745 et
675 2717 716 2744 rei
730 2717 874 2743 *familiaris
895 2725 982 2751 copias
1002 2725 1062 2742 con·
1126 2725 1191 2751 quos
1210 2725 1312 2743 eramus
1331 2717 1459 2751 gradatim
1486 2717 1598 2752 singulos
1617 2718 1735 2744 Assecuti.
1830 2719 1967 2746 Deducere
1986 2721 2114 2755 gradatim
2133 2724 2166 2750 ad

0 2755 106 2785 vlsecuta
120 2757 156 2784 est
181 2757 224 2784 sed
238 2758 365 2783 summani
379 2756 492 2788 laudem,
508 2755 632 2786 honores,
649 2753 771 2788 gloriam,
787 2753 952 2786 dignitatem.
1008 2753 1062 2778 Ne·
1124 2752 1276 2786 pauciores,
1296 2753 1429 2787 postremo
1442 2753 1473 2779 ad
1487 2753 1600 2788 singulos
1613 2753 1809 2780 vniucrlitatem
1821 2755 1923 2788 generis
1942 2755 2050 2783 humani
2065 2758 2121 2784 Cic.
2134 2758 2168 2785 de

7 2777 201 2821 'leeffitudin'um
219 2793 313 2828 gradus
327 2801 380 2817 non
395 2791 476 2818 iidem
489 2796 581 2821 erunt,
600 2789 647 2824 qui
661 2795 687 2815 et
700 2795 849 2823 temporum
865 2787 981 2814 Cic.0ff.
994 2796 1012 2820 1,
1022 2795 1061 2820 59.
1126 2788 1219 2814 Natur.
1235 2789 1315 2814 Deor.
1333 2797 1357 2819 2,
1377 2791 1434 2822 164.
1539 2790 1705 2822 Interrogare
1724 2789 1875 2816 minutatim
1894 2796 1920 2817 et
1940 2791 2084 2825 gradatim,
2104 2794 2169 2829 quod

24 2829 95 2856 Idem
109 2829 161 2856 Off.
176 2838 184 2855 1
212 2831 258 2854 160
284 2830 314 2854 In
329 2828 381 2862 ipsa
399 2833 487 2853 autem
501 2826 690 2853 communitate
710 2825 768 2850 sunt
786 2823 879 2858 gradus
892 2822 1059 2855 Otiicimum,
1123 2823 1223 2859 quidam
1236 2823 1335 2856 dicunt,
1355 2825 1402 2850 Per
1412 2822 1508 2859 punfba
1527 2830 1550 2850 et
1560 2832 1648 2860 partes
1667 2825 1738 2851 Idem
1752 2826 1832 2852 Acad.
1845 2834 1873 2859 4,
1888 2835 1929 2857 92.
2025 2829 2167 2856 Pei-uenire

0 2855 9 2868 ἦ
27 2873 58 2891 ex
71 2865 167 2899 quibus
188 2849 251 2899 buid
272 2865 367 2898 cuique
387 2863 514 2897 praestet,
534 2861 648 2896 intelligi
667 2859 749 2895 poffit.
840 2857 930 2886 Officii
946 2859 1061 2893 primum
1074 2863 1106 2891 75
1124 2859 1252 2893 gradatim
1266 2859 1358 2894 aliquo
1373 2860 1428 2886 Cic.
1444 2860 1475 2885 de
1490 2860 1584 2886 Natur.
1598 2861 1677 2886 Deor.
1692 2869 1711 2892 1,
1731 2869 1776 2893 90.
1870 2862 1943 2888 Idem
1957 2862 2068 2890 Tuscul.
2089 2873 2114 2897 1,
2131 2864 2167 2900 ‘57

0 2918 3 2924 ι
25 2900 132 2934 gradum
146 2901 250 2927 seruare
263 2900 318 2926 Cic.
333 2908 381 2933 pro
396 2898 489 2932 Qiint.
506 2901 543 2924 61.
636 2897 780 2923 Oratorum
799 2900 825 2921 et
843 2895 984 2921 doelorum
1003 2904 1059 2929 gra·
1123 2895 1230 2921 Tamen
1247 2894 1284 2921 ita
1301 2895 1391 2922 faciles
1410 2896 1631 2928 interrogationes
1650 2897 1723 2929 sunt,
1748 2901 1776 2922 vt
1798 2896 1925 2930 gradatim
1943 2898 2110 2932 Respondens
2131 2909 2165 2927 eo

1 2946 4 2951 >
25 2935 71 2964 dus
89 2936 161 2962 Idem
176 2935 207 2962 de
221 2935 291 2962 Clar.
304 2935 377 2961 Orat.
393 2937 444 2964 186.
514 2932 652 2960 Petitionis
669 2932 761 2966 gradus
778 2932 847 2957 inter
864 2930 984 2965 aequales
1005 2931 1061 2957 Cic.
1123 2931 1275 2965 perueniat,
1294 2931 1364 2965 quasi
1383 2931 1541 2965 geometrica
1557 2931 1693 2957 didicisset.
1800 2931 1906 2959 Habere
1920 2933 2018 2960 amicos
2036 2935 2166 2969 gradatim

0 2959 7 2997 Ῑ.
26 2971 136 3006 Philipp.
152 2980 164 3005 5
187 2979 232 3006 47.
304 2970 376 2997 Idem
394 2971 464 2996 Fam.
479 2978 510 3001 11,
521 2974 551 2998 28
576 2969 671 2994 Fateor
691 2976 733 2994 me
753 2967 784 2993 ad
798 2966 875 2993 istum
893 2965 1001 3000 gradum
1019 2967 1061 2993 Sa·
1125 2966 1190 2992 Plin.
1206 2966 1283 3000 Epist.
1297 2975 1322 2998 2,
1336 2968 1360 2994 6.
1386 2969 1404 2992 ι’.
1420 2974 1467 3001 per
1503 2966 1577 2992 radus
1593 2968 1659 2993 velut
1677 2966 1814 3002 dispositos.

31 3005 141 3038 pientiae
151 2992 204 3034 n³on
217 3007 321 3034 venisse.
393 3005 529 3032 Societatis
551 3004 689 3030 hominum
707 3003 794 3037 plures
815 3003 873 3028 sunt
892 3002 985 3036 gradus
1005 3002 1061 3029 Cic.
1160 3008 1266 3028 GRAD
1277 3001 1288 3027 ἴ
1300 3008 1316 3027 L
1327 3009 1374 3034 Is,
1395 3011 1417 3028 e.
1456 3003 1477 3027 A
1498 3002 1515 3027 i.
1559 3003 1608 3033 Vt,
1628 3002 1744 3029 Gradilis
1759 3003 1832 3036 panis
1849 3003 1867 3029 l.
1880 3011 1892 3035 3
1912 3003 1942 3030 C.
1951 3004 2060 3031 Theod.
2075 3005 2107 3031 de
2121 3014 2165 3032 an-

33 3039 85 3065 0ῗῖ-
100 3035 121 3071 ἰ,
131 3050 155 3073 33
172 3053 193 3070 c.
207 3051 243 3077 17.
314 3042 444 3068 Sonorum
459 3040 583 3075 gradibus
598 3039 750 3065 descendere
764 3038 836 3064 Idem
851 3037 882 3063 de
893 3039 967 3064 Orat.
982 3046 1004 3070 3,
1019 3046 1062 3072 79.
1083 3041 1115 3067 80
1123 3046 1186 3064 non.
1201 3038 1252 3063 ciu.
1266 3043 1291 3063 et
1309 3046 1373 3072 pane
1393 3037 1464 3072 grad.
1501 3038 1552 3072 ‚Qui
1569 3038 1712 3073 quibusdam
1730 3041 1757 3063 in
1775 3038 1896 3074 gradibus
1911 3040 1976 3073 plebi
1987 3041 2109 3067 Romanae
2126 3041 2163 3068 di.

34 3074 159 3102 Sonorum
169 3079 260 3111 gradus
273 3077 410 3104 intendere
424 3084 449 3103 et
464 3077 599 3103 remittere
611 3075 667 3101 Cic.
682 3074 713 3101 de
721 3074 791 3100 Clar.
800 3074 874 3100 Orat.
882 3078 941 3106 284.
977 3074 1061 3100 Tem·
1123 3073 1179 3100 vidi
1192 3076 1290 3099 viritim
1299 3073 1402 3109 solebat.
1457 3072 1604 3108 Templum
1625 3074 1756 3099 Ammian.
1768 3081 1808 3113 33,
1822 3082 1846 3099 2.
1858 3108 1863 3113 ¹
1904 3073 2058 3100 Prudentius
2072 3082 2164 3102 contra

14 3105 18 3139 l
32 3102 127 3144 po'rum
142 3113 228 3144 gradus
243 3115 377 3140 seruantur
390 3113 463 3140 Idem
477 3112 506 3138 in
520 3111 608 3139 Partit.
623 3120 657 3137 12.
724 3111 754 3136 In
770 3109 848 3136 caulis
866 3115 916 3136 tres
930 3110 987 3136 sunt
1006 3118 1062 3144 gra·
1125 3107 1308 3141 Symmachum
1323 3117 1343 3144 ι,
1357 3114 1399 3141 383
1420 3109 1450 3134 Et
1464 3117 1542 3142 quem
1556 3109 1629 3143 panis
1641 3109 1687 3135 alit
1700 3108 1824 3142 gradibus
1837 3108 1969 3142 dispensus
1981 3109 2014 3135 ab
2025 3110 2093 3136 altis.
2131 3113 2164 3138 Et

32 3144 79 3171 dus
99 3145 153 3171 Cic.
170 3146 197 3174 in
205 3150 295 3176 partit.
312 3158 361 3181 103.
557 3144 578 3185 ff
602 3154 614 3179 5
651 3145 768 3175 Gradus,
789 3143 960 3178 Existimatio,
979 3152 1001 3171 et
1021 3146 1062 3171 ho·
1126 3154 1149 3177 2,
1162 3149 1213 3178 948
1239 3145 1313 3177 Quae
1330 3145 1405 3178 regio
1423 3144 1548 3178 gradibus
1566 3144 1654 3172 vacuis
1674 3144 1774 3170 ieiunia
1792 3143 1848 3169 dira
1885 3144 2014 3184 Sustinet?
2040 3151 2084 3172 aut
2097 3155 2164 3181 quae

31 3183 100 3207 noris
113 3182 186 3207 I00¹⁰-
223 3185 278 3211 cic.
293 3185 405 3218 Philipp.
419 3191 446 3218 7,
458 3189 472 3214 8
497 3184 537 3209 An
556 3183 583 3209 in
603 3181 648 3208 illa
669 3181 775 3216 querela
794 3181 889 3207 misera
908 3180 1016 3215 quidem
1035 3186 1061 3207 et
1124 3180 1241 3207 ianiculo
1260 3180 1330 3206 mola
1344 3186 1416 3206 mota
1431 3180 1559 3215 quiescit?
1599 3183 1637 3207 De
1655 3188 1719 3214 pane
1737 3182 1800 3205 enim
1819 3179 1861 3206 hic
1880 3179 1976 3213 gradili
1994 3182 2119 3215 loquitur,
2139 3188 2164 3209 et

32 3214 166 3246 luffluosa,
183 3217 223 3244 sed
240 3220 306 3245 mihi
321 3229 368 3254 pro
377 3219 468 3254 gradu,
482 3219 510 3245 in
523 3227 578 3253 quo
597 3227 639 3244 me
658 3218 682 3244 S.
699 3218 724 3244 P.
739 3218 776 3251 Q
792 3217 822 3243 R.
839 3216 997 3246 collocauit,
1017 3226 1062 3242 ne·
1078 3217 1107 3246 85
1123 3218 1194 3242 molis
1203 3214 1377 3250 pfirinorum,
1391 3215 1433 3242 vbi
1444 3216 1597 3251 pinfibarur.
1639 3215 2065 3255 lsid.8pa²1hem.Nupizjsm.Diſj113
2079 3224 2165 3252 p.531.

0 3247 3 3270 ἶ
32 3251 133 3277 cessaria
147 3251 156 3276 ἓ
189 3272 196 3275 .
222 3253 292 3280 Idem
303 3256 414 3281 Tuscul.
427 3264 453 3287 2,
469 3260 494 3285 38
521 3255 584 3281 Non
598 3254 714 3280 sentiunt
727 3253 781 3279 viri
799 3253 880 3279 fortes
897 3252 923 3277 in
937 3252 992 3278 acie
1006 3252 1061 3277 vul·
1161 3258 1181 3278 G
1191 3258 1209 3277 R
1219 3253 1297 3278 ΑΒᾹ
1307 3258 1320 3276 1.
1332 3258 1340 3277 1
1350 3258 1381 3284 s,
1399 3260 1422 3277 e.
1461 3251 1520 3277 Adi.
1557 3250 1670 3285 ‚Qiodfit
1684 3250 1818 3286 gradatim.
1853 3250 1976 3277 Diomed.
1995 3261 2018 3286 p.
2032 3260 2092 3286 473.

0 3306 1 3311 ,
31 3295 114 3312 nera:
151 3285 193 3312 vel
212 3288 337 3322 sentiunt,
362 3290 406 3317 sed
423 3285 494 3317 mo'ri
511 3290 627 3321 malunt,
652 3298 732 3324 quam
755 3288 938 3315 tantummodo
965 3287 996 3313 de
1022 3287 1060 3313 di·
1161 3294 1181 3314 G
1193 3293 1210 3312 R
1223 3288 1387 3317 Avavs,
1423 3284 1539 3325 [”Αρης]
1575 3287 1661 3317 Mars,
1687 3285 1830 3325 appellatus
1848 3285 1899 3326 est,
1917 3289 2000 3321 inquit
2020 3287 2126 3319 Festus)
2147 3297 2164 3315 a

31 3322 138 3355 enitatis
150 3320 230 3355 gradu
244 3321 380 3352 dimoueri.
482 3326 563 3353 Omni
579 3325 659 3360 gradu
673 3324 825 3359 amplissimo
838 3323 1015 3358 dignissimus,
1035 3329 1060 3349 et
1124 3322 1277 3349 Gradiendo
1297 3322 1324 3348 in
1344 3321 1411 3349 bella
1432 3322 1501 3348 vltro
1519 3320 1732 3361 citroque‚nl'iuc
1750 3329 1764 3347 a
1785 3320 1942 3361 Vibratione
1965 3321 2064 3362 hastae,
2089 3323 2163 3357 quod

31 3352 70 3384 sui
85 3357 187 3383 ordinis
201 3355 278 3382 facile
296 3359 409 3395 princeps
425 3361 480 3388 Cic,
496 3363 567 3388 Fam,
582 3364 608 3393 6,
622 3370 659 3387 10.
751 3359 861 3386 Modest.
879 3360 906 3385 in
921 3359 936 3385 l.
953 3367 962 3389 3
983 3359 1013 3384 D.
1028 3359 1060 3385 de
1123 3359 1217 3384 Graeci
1232 3358 1322 3384 dicunt
1341 3356 1477 3391 κραδαίνων.
1515 3357 1572 3389 vel,
1593 3363 1619 3382 vt
1632 3356 1680 3383 alu
1693 3356 1800 3396 dicunt,
1819 3365 1885 3397 quia·
1896 3357 2021 3397 Gramine
2035 3358 2064 3398 sit
2079 3365 2164 3391 ortus,

5 3407 9 3415 ’
30 3395 69 3420 Re
83 3392 210 3424 militari,
232 3392 330 3418 Poenae
342 3395 453 3423 militum
467 3397 649 3424 huiuscemodi
668 3396 725 3422 sunt
739 3405 745 3422 :
769 3395 920 3429 castigatio,
939 3394 1060 3428 pecunia·
1074 3403 1110 3427 90
1123 3393 1195 3428 quod
1209 3395 1405 3428 interpretatur,
1425 3393 1487 3427 quia
1500 3393 1606 3419 Corona
1618 3400 1750 3426 graminea
1766 3401 1794 3417 in
1807 3400 1836 3417 re
1852 3392 1963 3419 militari
1981 3402 2112 3420 maximae
2125 3394 2163 3421 est

0 3424 15 3449 l'
30 3429 70 3456 ria
92 3430 190 3460 multa,
215 3436 354 3453 munerum
372 3429 497 3466 indifflo,
523 3433 637 3459 militiae
654 3431 783 3463 mutatio,
810 3431 902 3465 gradus
922 3429 1059 3462 Deieffio,
1123 3429 1318 3457 honorationis.
1357 3427 1480 3455 Haesimus
1495 3427 1590 3454 Festus.
1648 3428 1874 3467 *Gradiuus—Mars,
1893 3431 1975 3462 inquit
1989 3429 2104 3460 Seruius,
2123 3429 2164 3456 di-

0 3457 5 3491 i
30 3464 209 3499 ignominiosa
228 3461 319 3488 mislio.
395 3465 479 3494 Altior
496 3469 552 3495 Cic.
572 3477 620 3503 pro
638 3468 742 3494 Cluent.
766 3476 788 3492 c.
804 3474 839 3499 33.
920 3465 1060 3491 Altiffimus
1122 3466 1207 3498 citur,
1222 3475 1303 3500 quum
1317 3465 1416 3491 saeuit:
1446 3473 1528 3498 quum
1549 3463 1721 3497 tranquillus,
1737 3464 1876 3495 Qurinus.
1913 3463 2034 3498 Denique
2048 3465 2076 3491 in
2089 3464 2163 3492 Vrbe

0 3496 5 3522 3*
29 3500 162 3535 dignitatis
175 3498 269 3533 gradus
283 3498 354 3523 Idem
367 3498 423 3525 Post
433 3501 486 3529 red.
503 3504 532 3530 in
545 3504 629 3530 Senat.
642 3512 666 3530 2.
738 3502 911 3536 Ampliffimus
925 3500 1060 3535 dignitatis
1124 3500 1178 3527 duo
1191 3502 1247 3527 eius
1263 3501 1359 3535 templa
1374 3501 1445 3526 sunt:
1462 3508 1544 3526 vnum
1566 3499 1675 3532 Quirini
1696 3498 1765 3524 intra
1785 3498 1893 3530 vrbem,
1916 3498 1987 3532 quasi
2006 3500 2118 3527 custodis
2138 3506 2165 3528 et

0 3531 3 3564 ἱ
30 3536 86 3562 Cic.
99 3545 147 3570 pro
164 3536 284 3561 Muraen.
299 3541 330 3565 30
353 3541 374 3558 c·
388 3541 417 3566 14
432 3541 472 3569 pr.
546 3540 663 3566 Inferior
681 3538 784 3573 gradus,
805 3543 849 3564 aut
865 3537 995 3568 interitus,
1015 3541 1058 3562 aut
1121 3537 1269 3571 tranquilli.
1322 3536 1441 3562 Alterum
1454 3535 1481 3561 in
1495 3535 1578 3569 Appia
1591 3535 1650 3566 via,
1669 3541 1741 3560 extra
1755 3533 1848 3559 vrbem
1863 3542 1944 3568 prope
1958 3542 2076 3568 portam,
2089 3536 2161 3571 quasi

0 3565 4 3606 j
29 3571 162 3598 seruitutis
182 3570 254 3596 Idem
276 3569 308 3595 de
322 3569 413 3602 Arusp.
425 3570 495 3605 Resp.
513 3576 550 3600 61.
652 3573 782 3601 Secundus
804 3573 911 3608 imperii
933 3573 1001 3606 Nep.
1023 3580 1059 3604 19,
1075 3576 1105 3602 95
1122 3571 1275 3604 bellatoris,
1294 3571 1336 3598 vel
1353 3571 1472 3597 Gradiui.
1515 3570 1571 3596 Vsa.
1587 3570 1658 3596 Seru.
1672 3570 1706 3596 ad
1720 3571 1783 3609 Aen.
1798 3577 1820 3603 3,
1833 3576 1869 3601 33.
1923 3571 2059 3598 Burmann.
2072 3572 2107 3598 ad
2118 3573 2163 3598 Pe-

0 3622 4 3632 .
31 3615 54 3639 3,
67 3616 90 3634 α..
160 3605 310 3632 Senatorius
326 3603 380 3630 Cic.
395 3613 442 3638 pro
455 3606 483 3632 L.
497 3608 587 3637 Manil.
600 3611 638 3636 61.
732 3608 838 3636 Stabilis
858 3615 883 3635 et
902 3617 955 3634 non
969 3616 1060 3641 expers
1123 3612 1193 3633 tron.
1214 3617 1235 3634 c.
1248 3614 1276 3636 82
1296 3617 1319 3641 p.
1334 3610 1396 3640 406.
1451 3608 1536 3633 Prima
1557 3612 1644 3640 anceps
1656 3604 1703 3637 est,
1717 3607 1818 3640 saepius
1831 3612 1911 3630 tamen
1926 3604 2052 3641 produd‘la
2066 3617 2074 3632 :
2107 3607 2162 3634 vid.

0 3648 3 3663 1
31 3642 164 3674 dignitatis
181 3641 254 3668 Idem
269 3641 295 3666 in
309 3640 383 3666 Orat.
400 3641 452 3665 216.
506 3643 636 3672 summus
651 3645 761 3672 honoris
779 3645 835 3672 Cic,
855 3645 964 3678 Philipp.
981 3651 1017 3674 ιο,
1032 3652 1058 3675 4.
1122 3642 1210 3669 Cellar.
1225 3643 1258 3669 ad
1269 3643 1313 3669 Sil.
1329 3651 1363 3675 13,
1379 3650 1412 3675 13.
1466 3641 1581 3675 Belliger
1592 3640 1722 3667 Gradiuus
1738 3640 1795 3665 Sen.
1809 3639 1918 3674 Hippol.
1938 3641 1955 3667 s.
1973 3649 1998 3668 2.
2051 3642 2162 3677 Magnu-

0 3685 3 3698 ³
30 3674 191 3704 Adscendere
205 3677 329 3703 altiOFem
344 3674 451 3709 gradum
465 3674 535 3702 Idem
546 3680 597 3706 Off.
611 3689 637 3713 2,
650 3683 686 3707 61.
758 3680 919 3707 Adscendere
939 3678 971 3705 ad
984 3678 1060 3704 altio·
1121 3677 1254 3704 Gradiuus
1274 3678 1355 3705 Ouid.
1371 3679 1434 3704 Met.
1448 3680 1474 3709 6,
1487 3684 1549 3711 427.

7 3730 9 3732 -
29 3722 85 3740 rem
99 3713 216 3747 gradum,
234 3712 288 3739 vtd-
304 3719 322 3736 Α
333 3717 422 3737 DSCE
433 3716 515 3736 NJDO-
583 3715 743 3742 Adscendere
755 3725 837 3742 vnum
851 3715 960 3750 gradum
974 3713 1060 3747 digni·
1156 3719 1204 3739 GR
1214 3720 1235 3740 A
1245 3720 1312 3740 mv
1322 3721 1331 3739 1
1341 3711 1386 3740 εό
1396 3720 1441 3739 LA
1451 3733 1459 3744 ‚
1477 3722 1514 3738 ae.
1550 3720 1572 3737 e.
1608 3708 1769 3745 [ἄριοσεέἡς]
1805 3710 1852 3737 Sil.
1866 3719 1900 3745 4,
1915 3719 1966 3738 222
1992 3712 2023 3739 Et
2037 3710 2159 3738 Gradime

28 3742 87 3775 taiis
101 3749 157 3776 Cic.
173 3757 220 3783 pro
235 3749 353 3774 Muraen.
368 3754 403 3779 55.
476 3745 634 3775 Adri-endere
651 3752 830 3785 magistratum
844 3751 967 3786 gradibus
987 3750 1058 3776 Idem
1067 3757 1114 3775 100
1121 3748 1207 3774 colam
1220 3749 1289 3775 celso
1302 3748 1334 3775 de
1348 3749 1418 3775 colle
1432 3747 1589 3774 Tudertem.
1625 3779 1630 3789 1

0 3793 10 3805 ³
29 3784 60 3810 de
73 3785 142 3811 Chr·
156 3785 230 3811 Osa(-
245 3789 299 3813 ²80·
335 3782 401 3808 Add·
418 3781 486 3815 NCP·
501 3789 538 3813 19,
551 3790 577 3813 2,
589 3791 610 3814 3-
680 3787 782 3822 Affequi
796 3787 931 3822 dignitatis
945 3786 1059 3819 aliquem
1160 3790 1181 3810 G
1198 3790 1216 3809 R
1231 3791 1253 3810 A
1266 3791 1283 3810 E
1297 3791 1314 3811 c
1327 3792 1337 3810 ι
1351 3792 1371 3810 Α
1382 3803 1390 3816 ,
1414 3792 1452 3810 ae.
1478 3783 1497 3807 f.
1531 3780 1659 3815 [Ἕλλας]
1695 3782 1772 3822 Regio
1785 3778 1871 3815 dista,
1889 3788 1919 3809 vt
1933 3780 2031 3818 quidam
2043 3780 2129 3806 volunt
2143 3788 2159 3806 a

29 3820 136 3854 gradum
150 3819 317 3846 Pseudo-Cic-
331 3824 416 3852 anteq.
425 3818 475 3843 iret
489 3817 515 3842 in
524 3817 591 3843 ΠΗ.
604 3825 636 3849 13.
687 3818 818 3858 Consequi
831 3823 887 3849 Cic.
897 3831 944 3858 pro
952 3822 1058 3848 Cluent.
1122 3819 1234 3851 Graeco,
1243 3822 1326 3854 primo
1341 3823 1392 3845 eius
1408 3820 1553 3845 Prouinciae
1566 3825 1629 3857 rege.
1682 3817 1737 3843 Cic.
1757 3826 1805 3852 pro
1818 3817 1899 3844 Flacc.
1914 3820 1950 3850 64
1976 3817 2050 3854 Haec.
2065 3814 2158 3855 cuncta

30 3863 71 3887 150
96 3865 117 3882 c.
139 3863 175 3888 33.
253 3853 393 3880 Collocare
411 3853 438 3878 in
460 3852 557 3886 gradu,
590 3852 642 3878 vid.
662 3859 849 3885 corsoco.
947 3856 1057 3884 Modest.
1122 3854 1248 3886 Graecia,
1268 3863 1334 3888 quae
1347 3855 1432 3884 fama,
1452 3861 1517 3892 quae
1536 3852 1637 3886 gloria,
1655 3861 1722 3887 quae
1741 3852 1878 3885 dodhina,
1899 3859 1963 3885 quae
1981 3850 2102 3884 plurimis
2117 3858 2147 3876 ar

27 3890 56 3916 5¹¹
68 3891 86 3917 l·
102 3900 113 3923 3
138 3891 169 3917 D·
188 3890 219 3916 de
232 3890 270 3916 Re
288 3889 398 3915 militari
409 3909 415 3920 a
442 3889 496 3921 in
509 3887 627 3914 stationis
640 3897 733 3915 munus
747 3892 888 3928 relinquit,
908 3893 964 3928 plus
979 3901 1057 3928 quarn
1121 3890 1207 3921 tibus,
1227 3898 1294 3924 quae
1307 3890 1386 3916 etiam
1404 3891 1517 3922 imperio
1534 3893 1559 3914 et
1573 3887 1665 3914 bellica
1684 3887 1760 3915 laude
1777 3889 1884 3919 floruit,
1902 3894 2010 3920 paruum
2025 3885 2156 3918 quendam

16 3922 144 3954 'emansor
156 3926 224 3989 diso
231 3926 324 3989 ἶιεῗιιιε
339 3933 389 3960 pro
402 3924 482 3951 modo
495 3923 604 3956 delicti,
618 3928 663 3950 aut
681 3924 830 3960 castigatur,
844 3934 889 3957 aut
905 3928 987 3964 gradu
1007 3928 1104 3958 nii-105
1120 3926 1210 3953 locum
1222 3926 1341 3961 Europae
1352 3925 1610 3986 tenent,Msemperque
1621 3924 1722 3956 tenuit,
1739 3924 1813 3952 Asiae
1825 3922 1983 3952 maritimam
1995 3927 2070 3947 oram
2083 3919 2155 3988 ίἱξιῗιΙὶΙὲ

251 3981 257 3988 -
311 3981 317 3988 ·
1405 3977 1418 3992 ²
